PokerStars Hand #231870045171:  Hold'em No Limit ($0.01/$0.02 USD) - 2021/12/01 22:28:28 PT [2021/12/02 1:28:28 ET]
Table 'Chort IV' 9-max Seat #2 is the button
Seat 1: Dorex2007 ($2 in chips) 
Seat 2: calidad1986 ($3.49 in chips) 
Seat 3: SlavikPuha ($3.22 in chips) 
Seat 4: gutterpuncharms ($3.65 in chips) 
Seat 5: R.Sergei.rus ($2.60 in chips) 
Seat 6: bojnice21 ($2.29 in chips) 
Seat 7: bogaaach ($0.96 in chips) 
Seat 8: blakeraiser ($2.12 in chips) 
Seat 9: Azoma3 ($5.75 in chips) 
SlavikPuha: posts small blind $0.01
gutterpuncharms: posts big blind $0.02
Dorex2007: posts big blind $0.02
*** HOLE CARDS ***
Dealt to Dorex2007 [4s Ks]
R.Sergei.rus: folds 
bojnice21: folds 
bogaaach: folds 
blakeraiser: folds 
Azoma3: calls $0.02
Dorex2007: checks 
calidad1986: folds 
SlavikPuha: folds 
gutterpuncharms: checks 
*** FLOP *** [7s 9h 6c]
gutterpuncharms: checks 
Azoma3: bets $0.02
Dorex2007: folds 
gutterpuncharms: calls $0.02
*** TURN *** [7s 9h 6c] [Tc]
gutterpuncharms: checks 
Azoma3: bets $0.04
gutterpuncharms: calls $0.04
*** RIVER *** [7s 9h 6c Tc] [5h]
gutterpuncharms: checks 
Azoma3: checks 
*** SHOW DOWN ***
gutterpuncharms: shows [Qs 5d] (a pair of Fives)
Azoma3: shows [7c 4c] (a pair of Sevens)
Azoma3 collected $0.18 from pot
*** SUMMARY ***
Total pot $0.19 | Rake $0.01 
Board [7s 9h 6c Tc 5h]
Seat 1: Dorex2007 folded on the Flop (didn't bet)
Seat 2: calidad1986 (button) folded before Flop (didn't bet)
Seat 3: SlavikPuha (small blind) folded before Flop
Seat 4: gutterpuncharms (big blind) showed [Qs 5d] and lost with a pair of Fives
Seat 5: R.Sergei.rus folded before Flop (didn't bet)
Seat 6: bojnice21 folded before Flop (didn't bet)
Seat 7: bogaaach folded before Flop (didn't bet)
Seat 8: blakeraiser folded before Flop (didn't bet)
Seat 9: Azoma3 showed [7c 4c] and won ($0.18) with a pair of Sevens



PokerStars Hand #231870052761:  Hold'em No Limit ($0.01/$0.02 USD) - 2021/12/01 22:29:23 PT [2021/12/02 1:29:23 ET]
Table 'Chort IV' 9-max Seat #3 is the button
Seat 1: Dorex2007 ($2 in chips) 
Seat 2: calidad1986 ($3.49 in chips) 
Seat 3: SlavikPuha ($3.21 in chips) 
Seat 4: gutterpuncharms ($3.57 in chips) 
Seat 5: R.Sergei.rus ($2.60 in chips) 
Seat 6: bojnice21 ($2.29 in chips) 
Seat 7: bogaaach ($0.96 in chips) 
Seat 8: blakeraiser ($2.12 in chips) 
Seat 9: Azoma3 ($5.85 in chips) 
gutterpuncharms: posts small blind $0.01
R.Sergei.rus: posts big blind $0.02
*** HOLE CARDS ***
Dealt to Dorex2007 [Th 5d]
bojnice21: calls $0.02
bogaaach: folds 
blakeraiser: raises $0.02 to $0.04
Azoma3: calls $0.04
Dorex2007: folds 
calidad1986: folds 
SlavikPuha: calls $0.04
gutterpuncharms: folds 
R.Sergei.rus: raises $0.10 to $0.14
bojnice21: folds 
blakeraiser: calls $0.10
Azoma3: calls $0.10
SlavikPuha: calls $0.10
*** FLOP *** [8h As Ac]
R.Sergei.rus: bets $0.29
blakeraiser: folds 
Azoma3: folds 
SlavikPuha: folds 
Uncalled bet ($0.29) returned to R.Sergei.rus
R.Sergei.rus collected $0.57 from pot
R.Sergei.rus: doesn't show hand 
*** SUMMARY ***
Total pot $0.59 | Rake $0.02 
Board [8h As Ac]
Seat 1: Dorex2007 folded before Flop (didn't bet)
Seat 2: calidad1986 folded before Flop (didn't bet)
Seat 3: SlavikPuha (button) folded on the Flop
Seat 4: gutterpuncharms (small blind) folded before Flop
Seat 5: R.Sergei.rus (big blind) collected ($0.57)
Seat 6: bojnice21 folded before Flop
Seat 7: bogaaach folded before Flop (didn't bet)
Seat 8: blakeraiser folded on the Flop
Seat 9: Azoma3 folded on the Flop



PokerStars Hand #231870060725:  Hold'em No Limit ($0.01/$0.02 USD) - 2021/12/01 22:30:20 PT [2021/12/02 1:30:20 ET]
Table 'Chort IV' 9-max Seat #4 is the button
Seat 1: Dorex2007 ($2 in chips) 
Seat 2: calidad1986 ($3.49 in chips) 
Seat 3: SlavikPuha ($3.07 in chips) 
Seat 4: gutterpuncharms ($3.56 in chips) 
Seat 5: R.Sergei.rus ($3.03 in chips) 
Seat 6: bojnice21 ($2.27 in chips) 
Seat 7: bogaaach ($0.96 in chips) 
Seat 8: blakeraiser ($1.98 in chips) 
Seat 9: Azoma3 ($5.71 in chips) 
R.Sergei.rus: posts small blind $0.01
bojnice21: posts big blind $0.02
*** HOLE CARDS ***
Dealt to Dorex2007 [2h Qs]
bogaaach: folds 
blakeraiser: folds 
Azoma3: folds 
Dorex2007: folds 
calidad1986: folds 
SlavikPuha: folds 
gutterpuncharms: folds 
R.Sergei.rus: folds 
Uncalled bet ($0.01) returned to bojnice21
bojnice21 collected $0.02 from pot
bojnice21: doesn't show hand 
*** SUMMARY ***
Total pot $0.02 | Rake $0 
Seat 1: Dorex2007 folded before Flop (didn't bet)
Seat 2: calidad1986 folded before Flop (didn't bet)
Seat 3: SlavikPuha folded before Flop (didn't bet)
Seat 4: gutterpuncharms (button) folded before Flop (didn't bet)
Seat 5: R.Sergei.rus (small blind) folded before Flop
Seat 6: bojnice21 (big blind) collected ($0.02)
Seat 7: bogaaach folded before Flop (didn't bet)
Seat 8: blakeraiser folded before Flop (didn't bet)
Seat 9: Azoma3 folded before Flop (didn't bet)



PokerStars Hand #231870063027:  Hold'em No Limit ($0.01/$0.02 USD) - 2021/12/01 22:30:36 PT [2021/12/02 1:30:36 ET]
Table 'Chort IV' 9-max Seat #5 is the button
Seat 1: Dorex2007 ($2 in chips) 
Seat 2: calidad1986 ($3.49 in chips) 
Seat 3: SlavikPuha ($3.07 in chips) 
Seat 4: gutterpuncharms ($3.56 in chips) 
Seat 5: R.Sergei.rus ($3.02 in chips) 
Seat 6: bojnice21 ($2.28 in chips) 
Seat 7: bogaaach ($0.96 in chips) 
Seat 8: blakeraiser ($1.98 in chips) 
Seat 9: Azoma3 ($5.71 in chips) 
bojnice21: posts small blind $0.01
bogaaach: posts big blind $0.02
*** HOLE CARDS ***
Dealt to Dorex2007 [2d Ks]
blakeraiser: folds 
Azoma3: raises $0.06 to $0.08
Dorex2007: folds 
calidad1986: folds 
SlavikPuha: raises $0.19 to $0.27
gutterpuncharms: folds 
R.Sergei.rus: folds 
bojnice21: folds 
bogaaach: folds 
Azoma3: calls $0.19
*** FLOP *** [As 7d 3d]
Azoma3: checks 
SlavikPuha: bets $0.55
Azoma3: folds 
Uncalled bet ($0.55) returned to SlavikPuha
SlavikPuha collected $0.55 from pot
SlavikPuha: doesn't show hand 
*** SUMMARY ***
Total pot $0.57 | Rake $0.02 
Board [As 7d 3d]
Seat 1: Dorex2007 folded before Flop (didn't bet)
Seat 2: calidad1986 folded before Flop (didn't bet)
Seat 3: SlavikPuha collected ($0.55)
Seat 4: gutterpuncharms folded before Flop (didn't bet)
Seat 5: R.Sergei.rus (button) folded before Flop (didn't bet)
Seat 6: bojnice21 (small blind) folded before Flop
Seat 7: bogaaach (big blind) folded before Flop
Seat 8: blakeraiser folded before Flop (didn't bet)
Seat 9: Azoma3 folded on the Flop



PokerStars Hand #231870067655:  Hold'em No Limit ($0.01/$0.02 USD) - 2021/12/01 22:31:09 PT [2021/12/02 1:31:09 ET]
Table 'Chort IV' 9-max Seat #6 is the button
Seat 1: Dorex2007 ($2 in chips) 
Seat 2: calidad1986 ($3.49 in chips) 
Seat 3: SlavikPuha ($3.35 in chips) 
Seat 4: gutterpuncharms ($3.56 in chips) 
Seat 5: R.Sergei.rus ($3.02 in chips) 
Seat 6: bojnice21 ($2.27 in chips) 
Seat 7: bogaaach ($0.94 in chips) 
Seat 8: blakeraiser ($1.98 in chips) 
Seat 9: Azoma3 ($5.44 in chips) 
bogaaach: posts small blind $0.01
blakeraiser: posts big blind $0.02
*** HOLE CARDS ***
Dealt to Dorex2007 [Qs Qh]
Azoma3: calls $0.02
Dorex2007: raises $0.04 to $0.06
calidad1986: calls $0.06
SlavikPuha: raises $0.23 to $0.29
gutterpuncharms: folds 
R.Sergei.rus: folds 
bojnice21: folds 
bogaaach: folds 
blakeraiser: folds 
Azoma3: folds 
Dorex2007: raises $1.71 to $2 and is all-in
calidad1986: folds 
SlavikPuha: folds 
Uncalled bet ($1.71) returned to Dorex2007
Dorex2007 collected $0.69 from pot
Dorex2007: doesn't show hand 
*** SUMMARY ***
Total pot $0.69 | Rake $0 
Seat 1: Dorex2007 collected ($0.69)
Seat 2: calidad1986 folded before Flop
Seat 3: SlavikPuha folded before Flop
Seat 4: gutterpuncharms folded before Flop (didn't bet)
Seat 5: R.Sergei.rus folded before Flop (didn't bet)
Seat 6: bojnice21 (button) folded before Flop (didn't bet)
Seat 7: bogaaach (small blind) folded before Flop
Seat 8: blakeraiser (big blind) folded before Flop
Seat 9: Azoma3 folded before Flop



PokerStars Hand #231870073772:  Hold'em No Limit ($0.01/$0.02 USD) - 2021/12/01 22:31:53 PT [2021/12/02 1:31:53 ET]
Table 'Chort IV' 9-max Seat #7 is the button
Seat 1: Dorex2007 ($2.40 in chips) 
Seat 2: calidad1986 ($3.43 in chips) 
Seat 3: SlavikPuha ($3.06 in chips) 
Seat 4: gutterpuncharms ($3.56 in chips) 
Seat 5: R.Sergei.rus ($3.02 in chips) 
Seat 6: bojnice21 ($2.27 in chips) 
Seat 7: bogaaach ($0.93 in chips) 
Seat 8: blakeraiser ($1.96 in chips) 
blakeraiser: posts small blind $0.01
Azoma3: is sitting out 
Dorex2007: posts big blind $0.02
*** HOLE CARDS ***
Dealt to Dorex2007 [Ts 7s]
calidad1986: folds 
Azoma3 leaves the table
SlavikPuha: folds 
gutterpuncharms: folds 
R.Sergei.rus has timed out
R.Sergei.rus: folds 
bojnice21: folds 
bogaaach: folds 
blakeraiser: raises $0.02 to $0.04
Dorex2007: folds 
Uncalled bet ($0.02) returned to blakeraiser
blakeraiser collected $0.04 from pot
blakeraiser: doesn't show hand 
*** SUMMARY ***
Total pot $0.04 | Rake $0 
Seat 1: Dorex2007 (big blind) folded before Flop
Seat 2: calidad1986 folded before Flop (didn't bet)
Seat 3: SlavikPuha folded before Flop (didn't bet)
Seat 4: gutterpuncharms folded before Flop (didn't bet)
Seat 5: R.Sergei.rus folded before Flop (didn't bet)
Seat 6: bojnice21 folded before Flop (didn't bet)
Seat 7: bogaaach (button) folded before Flop (didn't bet)
Seat 8: blakeraiser (small blind) collected ($0.04)



PokerStars Hand #231870078092:  Hold'em No Limit ($0.01/$0.02 USD) - 2021/12/01 22:32:23 PT [2021/12/02 1:32:23 ET]
Table 'Chort IV' 9-max Seat #8 is the button
Seat 1: Dorex2007 ($2.38 in chips) 
Seat 2: calidad1986 ($3.43 in chips) 
Seat 3: SlavikPuha ($3.06 in chips) 
Seat 4: gutterpuncharms ($3.56 in chips) 
Seat 5: R.Sergei.rus ($3.02 in chips) 
Seat 6: bojnice21 ($2.27 in chips) 
Seat 7: bogaaach ($0.93 in chips) 
Seat 8: blakeraiser ($1.98 in chips) 
Dorex2007: posts small blind $0.01
calidad1986: posts big blind $0.02
*** HOLE CARDS ***
Dealt to Dorex2007 [9c 4d]
SlavikPuha: folds 
gutterpuncharms: folds 
Olejka228822 joins the table at seat #9 
R.Sergei.rus: folds 
bojnice21: folds 
bogaaach: folds 
blakeraiser: folds 
Dorex2007: folds 
Uncalled bet ($0.01) returned to calidad1986
calidad1986 collected $0.02 from pot
calidad1986: doesn't show hand 
*** SUMMARY ***
Total pot $0.02 | Rake $0 
Seat 1: Dorex2007 (small blind) folded before Flop
Seat 2: calidad1986 (big blind) collected ($0.02)
Seat 3: SlavikPuha folded before Flop (didn't bet)
Seat 4: gutterpuncharms folded before Flop (didn't bet)
Seat 5: R.Sergei.rus folded before Flop (didn't bet)
Seat 6: bojnice21 folded before Flop (didn't bet)
Seat 7: bogaaach folded before Flop (didn't bet)
Seat 8: blakeraiser (button) folded before Flop (didn't bet)



PokerStars Hand #231870080330:  Hold'em No Limit ($0.01/$0.02 USD) - 2021/12/01 22:32:40 PT [2021/12/02 1:32:40 ET]
Table 'Chort IV' 9-max Seat #1 is the button
Seat 1: Dorex2007 ($2.37 in chips) 
Seat 2: calidad1986 ($3.44 in chips) 
Seat 3: SlavikPuha ($3.06 in chips) 
Seat 4: gutterpuncharms ($3.56 in chips) 
Seat 5: R.Sergei.rus ($3.02 in chips) 
Seat 6: bojnice21 ($2.27 in chips) 
Seat 7: bogaaach ($0.93 in chips) 
Seat 8: blakeraiser ($1.98 in chips) 
calidad1986: posts small blind $0.01
SlavikPuha: posts big blind $0.02
Olejka228822: sits out 
*** HOLE CARDS ***
Dealt to Dorex2007 [9h 4s]
gutterpuncharms: raises $0.04 to $0.06
R.Sergei.rus: folds 
bojnice21: folds 
bogaaach: calls $0.06
blakeraiser: folds 
Dorex2007: folds 
calidad1986: folds 
SlavikPuha: folds 
*** FLOP *** [8s 4c 2s]
gutterpuncharms: checks 
bogaaach: checks 
*** TURN *** [8s 4c 2s] [Ks]
gutterpuncharms: checks 
bogaaach: checks 
*** RIVER *** [8s 4c 2s Ks] [8h]
gutterpuncharms: checks 
bogaaach: bets $0.14
gutterpuncharms: folds 
Uncalled bet ($0.14) returned to bogaaach
bogaaach collected $0.14 from pot
bogaaach: doesn't show hand 
*** SUMMARY ***
Total pot $0.15 | Rake $0.01 
Board [8s 4c 2s Ks 8h]
Seat 1: Dorex2007 (button) folded before Flop (didn't bet)
Seat 2: calidad1986 (small blind) folded before Flop
Seat 3: SlavikPuha (big blind) folded before Flop
Seat 4: gutterpuncharms folded on the River
Seat 5: R.Sergei.rus folded before Flop (didn't bet)
Seat 6: bojnice21 folded before Flop (didn't bet)
Seat 7: bogaaach collected ($0.14)
Seat 8: blakeraiser folded before Flop (didn't bet)



PokerStars Hand #231870086625:  Hold'em No Limit ($0.01/$0.02 USD) - 2021/12/01 22:33:25 PT [2021/12/02 1:33:25 ET]
Table 'Chort IV' 9-max Seat #2 is the button
Seat 1: Dorex2007 ($2.37 in chips) 
Seat 2: calidad1986 ($3.43 in chips) 
Seat 3: SlavikPuha ($3.04 in chips) 
Seat 4: gutterpuncharms ($3.50 in chips) 
Seat 5: R.Sergei.rus ($3.02 in chips) 
Seat 6: bojnice21 ($2.27 in chips) 
Seat 7: bogaaach ($1.01 in chips) 
Seat 8: blakeraiser ($1.98 in chips) 
SlavikPuha: posts small blind $0.01
gutterpuncharms: posts big blind $0.02
Olejka228822: sits out 
*** HOLE CARDS ***
Dealt to Dorex2007 [2d Td]
R.Sergei.rus: folds 
bojnice21: folds 
bogaaach: calls $0.02
blakeraiser: raises $0.02 to $0.04
Dorex2007: folds 
calidad1986: folds 
SlavikPuha: folds 
gutterpuncharms: folds 
bogaaach: calls $0.02
*** FLOP *** [Qh 2c 7c]
bogaaach: checks 
blakeraiser: checks 
*** TURN *** [Qh 2c 7c] [7d]
bogaaach: bets $0.05
blakeraiser: calls $0.05
*** RIVER *** [Qh 2c 7c 7d] [Ah]
bogaaach: bets $0.04
blakeraiser: calls $0.04
*** SHOW DOWN ***
bogaaach: shows [6h 5h] (a pair of Sevens)
blakeraiser: shows [9d Ad] (two pair, Aces and Sevens)
blakeraiser collected $0.28 from pot
*** SUMMARY ***
Total pot $0.29 | Rake $0.01 
Board [Qh 2c 7c 7d Ah]
Seat 1: Dorex2007 folded before Flop (didn't bet)
Seat 2: calidad1986 (button) folded before Flop (didn't bet)
Seat 3: SlavikPuha (small blind) folded before Flop
Seat 4: gutterpuncharms (big blind) folded before Flop
Seat 5: R.Sergei.rus folded before Flop (didn't bet)
Seat 6: bojnice21 folded before Flop (didn't bet)
Seat 7: bogaaach showed [6h 5h] and lost with a pair of Sevens
Seat 8: blakeraiser showed [9d Ad] and won ($0.28) with two pair, Aces and Sevens



PokerStars Hand #231870092513:  Hold'em No Limit ($0.01/$0.02 USD) - 2021/12/01 22:34:06 PT [2021/12/02 1:34:06 ET]
Table 'Chort IV' 9-max Seat #3 is the button
Seat 1: Dorex2007 ($2.37 in chips) 
Seat 2: calidad1986 ($3.43 in chips) 
Seat 3: SlavikPuha ($3.03 in chips) 
Seat 4: gutterpuncharms ($3.48 in chips) 
Seat 5: R.Sergei.rus ($3.02 in chips) 
Seat 6: bojnice21 ($2.27 in chips) 
Seat 7: bogaaach ($0.88 in chips) 
Seat 8: blakeraiser ($2.13 in chips) 
gutterpuncharms: posts small blind $0.01
R.Sergei.rus: posts big blind $0.02
Olejka228822: sits out 
*** HOLE CARDS ***
Dealt to Dorex2007 [7d 2d]
bojnice21: folds 
bogaaach: folds 
blakeraiser: folds 
Dorex2007: calls $0.02
calidad1986: folds 
SlavikPuha: folds 
gutterpuncharms: folds 
R.Sergei.rus: checks 
*** FLOP *** [Kc 6c 8h]
R.Sergei.rus: checks 
Dorex2007: checks 
*** TURN *** [Kc 6c 8h] [Ks]
R.Sergei.rus: checks 
Dorex2007: bets $0.05
R.Sergei.rus: folds 
Uncalled bet ($0.05) returned to Dorex2007
Dorex2007 collected $0.05 from pot
Dorex2007: doesn't show hand 
*** SUMMARY ***
Total pot $0.05 | Rake $0 
Board [Kc 6c 8h Ks]
Seat 1: Dorex2007 collected ($0.05)
Seat 2: calidad1986 folded before Flop (didn't bet)
Seat 3: SlavikPuha (button) folded before Flop (didn't bet)
Seat 4: gutterpuncharms (small blind) folded before Flop
Seat 5: R.Sergei.rus (big blind) folded on the Turn
Seat 6: bojnice21 folded before Flop (didn't bet)
Seat 7: bogaaach folded before Flop (didn't bet)
Seat 8: blakeraiser folded before Flop (didn't bet)



PokerStars Hand #231870096281:  Hold'em No Limit ($0.01/$0.02 USD) - 2021/12/01 22:34:33 PT [2021/12/02 1:34:33 ET]
Table 'Chort IV' 9-max Seat #4 is the button
Seat 1: Dorex2007 ($2.40 in chips) 
Seat 2: calidad1986 ($3.43 in chips) 
Seat 3: SlavikPuha ($3.03 in chips) 
Seat 4: gutterpuncharms ($3.47 in chips) 
Seat 5: R.Sergei.rus ($3 in chips) 
Seat 6: bojnice21 ($2.27 in chips) 
Seat 7: bogaaach ($0.88 in chips) 
Seat 8: blakeraiser ($2.13 in chips) 
R.Sergei.rus: posts small blind $0.01
bojnice21: posts big blind $0.02
Olejka228822: sits out 
*** HOLE CARDS ***
Dealt to Dorex2007 [3d 6h]
bogaaach: folds 
blakeraiser: raises $0.02 to $0.04
Dorex2007: folds 
calidad1986: calls $0.04
SlavikPuha: calls $0.04
gutterpuncharms: raises $0.08 to $0.12
R.Sergei.rus: folds 
bojnice21: folds 
blakeraiser: calls $0.08
calidad1986: calls $0.08
SlavikPuha: calls $0.08
*** FLOP *** [5s Qd 4s]
blakeraiser: checks 
calidad1986: checks 
SlavikPuha: checks 
gutterpuncharms: checks 
*** TURN *** [5s Qd 4s] [Qs]
blakeraiser: bets $0.24
calidad1986: folds 
SlavikPuha: folds 
gutterpuncharms: folds 
Uncalled bet ($0.24) returned to blakeraiser
blakeraiser collected $0.49 from pot
blakeraiser: doesn't show hand 
*** SUMMARY ***
Total pot $0.51 | Rake $0.02 
Board [5s Qd 4s Qs]
Seat 1: Dorex2007 folded before Flop (didn't bet)
Seat 2: calidad1986 folded on the Turn
Seat 3: SlavikPuha folded on the Turn
Seat 4: gutterpuncharms (button) folded on the Turn
Seat 5: R.Sergei.rus (small blind) folded before Flop
Seat 6: bojnice21 (big blind) folded before Flop
Seat 7: bogaaach folded before Flop (didn't bet)
Seat 8: blakeraiser collected ($0.49)



PokerStars Hand #231870105669:  Hold'em No Limit ($0.01/$0.02 USD) - 2021/12/01 22:35:40 PT [2021/12/02 1:35:40 ET]
Table 'Chort IV' 9-max Seat #5 is the button
Seat 1: Dorex2007 ($2.40 in chips) 
Seat 2: calidad1986 ($3.31 in chips) 
Seat 3: SlavikPuha ($2.91 in chips) 
Seat 4: gutterpuncharms ($3.35 in chips) 
Seat 5: R.Sergei.rus ($2.99 in chips) 
Seat 6: bojnice21 ($2.25 in chips) 
Seat 7: bogaaach ($0.88 in chips) 
Seat 8: blakeraiser ($2.50 in chips) 
bojnice21: posts small blind $0.01
bogaaach: posts big blind $0.02
Olejka228822: sits out 
*** HOLE CARDS ***
Dealt to Dorex2007 [Jc Qh]
blakeraiser: folds 
Dorex2007: folds 
calidad1986: folds 
SlavikPuha: folds 
gutterpuncharms: folds 
R.Sergei.rus: raises $0.04 to $0.06
bojnice21: folds 
bogaaach: folds 
Uncalled bet ($0.04) returned to R.Sergei.rus
R.Sergei.rus collected $0.05 from pot
R.Sergei.rus: doesn't show hand 
*** SUMMARY ***
Total pot $0.05 | Rake $0 
Seat 1: Dorex2007 folded before Flop (didn't bet)
Seat 2: calidad1986 folded before Flop (didn't bet)
Seat 3: SlavikPuha folded before Flop (didn't bet)
Seat 4: gutterpuncharms folded before Flop (didn't bet)
Seat 5: R.Sergei.rus (button) collected ($0.05)
Seat 6: bojnice21 (small blind) folded before Flop
Seat 7: bogaaach (big blind) folded before Flop
Seat 8: blakeraiser folded before Flop (didn't bet)



PokerStars Hand #231870108544:  Hold'em No Limit ($0.01/$0.02 USD) - 2021/12/01 22:36:00 PT [2021/12/02 1:36:00 ET]
Table 'Chort IV' 9-max Seat #6 is the button
Seat 1: Dorex2007 ($2.40 in chips) 
Seat 2: calidad1986 ($3.31 in chips) 
Seat 3: SlavikPuha ($2.91 in chips) 
Seat 4: gutterpuncharms ($3.35 in chips) 
Seat 5: R.Sergei.rus ($3.02 in chips) 
Seat 6: bojnice21 ($2.24 in chips) 
Seat 7: bogaaach ($0.86 in chips) 
Seat 8: blakeraiser ($2.50 in chips) 
bogaaach: posts small blind $0.01
blakeraiser: posts big blind $0.02
Olejka228822: sits out 
*** HOLE CARDS ***
Dealt to Dorex2007 [5s Td]
Dorex2007: folds 
calidad1986: folds 
SlavikPuha: folds 
gutterpuncharms: folds 
R.Sergei.rus: folds 
bojnice21: folds 
bogaaach: calls $0.01
blakeraiser: checks 
*** FLOP *** [Ac As Ad]
bogaaach: bets $0.02
blakeraiser: folds 
Uncalled bet ($0.02) returned to bogaaach
bogaaach collected $0.04 from pot
bogaaach: doesn't show hand 
*** SUMMARY ***
Total pot $0.04 | Rake $0 
Board [Ac As Ad]
Seat 1: Dorex2007 folded before Flop (didn't bet)
Seat 2: calidad1986 folded before Flop (didn't bet)
Seat 3: SlavikPuha folded before Flop (didn't bet)
Seat 4: gutterpuncharms folded before Flop (didn't bet)
Seat 5: R.Sergei.rus folded before Flop (didn't bet)
Seat 6: bojnice21 (button) folded before Flop (didn't bet)
Seat 7: bogaaach (small blind) collected ($0.04)
Seat 8: blakeraiser (big blind) folded on the Flop



PokerStars Hand #231870111516:  Hold'em No Limit ($0.01/$0.02 USD) - 2021/12/01 22:36:21 PT [2021/12/02 1:36:21 ET]
Table 'Chort IV' 9-max Seat #7 is the button
Seat 1: Dorex2007 ($2.40 in chips) 
Seat 2: calidad1986 ($3.31 in chips) 
Seat 3: SlavikPuha ($2.91 in chips) 
Seat 4: gutterpuncharms ($3.35 in chips) 
Seat 5: R.Sergei.rus ($3.02 in chips) 
Seat 6: bojnice21 ($2.24 in chips) 
Seat 7: bogaaach ($0.88 in chips) 
Seat 8: blakeraiser ($2.48 in chips) 
Seat 9: Olejka228822 ($2 in chips) 
blakeraiser: posts small blind $0.01
Olejka228822: posts big blind $0.02
*** HOLE CARDS ***
Dealt to Dorex2007 [6d 3c]
Dorex2007: folds 
calidad1986: folds 
SlavikPuha: folds 
gutterpuncharms: folds 
R.Sergei.rus: raises $0.04 to $0.06
bojnice21: folds 
bogaaach: calls $0.06
blakeraiser: folds 
Olejka228822: folds 
*** FLOP *** [Ad 3d 2c]
R.Sergei.rus: bets $0.07
bogaaach: raises $0.28 to $0.35
R.Sergei.rus: folds 
Uncalled bet ($0.28) returned to bogaaach
bogaaach collected $0.28 from pot
bogaaach: doesn't show hand 
*** SUMMARY ***
Total pot $0.29 | Rake $0.01 
Board [Ad 3d 2c]
Seat 1: Dorex2007 folded before Flop (didn't bet)
Seat 2: calidad1986 folded before Flop (didn't bet)
Seat 3: SlavikPuha folded before Flop (didn't bet)
Seat 4: gutterpuncharms folded before Flop (didn't bet)
Seat 5: R.Sergei.rus folded on the Flop
Seat 6: bojnice21 folded before Flop (didn't bet)
Seat 7: bogaaach (button) collected ($0.28)
Seat 8: blakeraiser (small blind) folded before Flop
Seat 9: Olejka228822 (big blind) folded before Flop



PokerStars Hand #231870117633:  Hold'em No Limit ($0.01/$0.02 USD) - 2021/12/01 22:37:05 PT [2021/12/02 1:37:05 ET]
Table 'Chort IV' 9-max Seat #8 is the button
Seat 1: Dorex2007 ($2.40 in chips) 
Seat 2: calidad1986 ($3.31 in chips) 
Seat 3: SlavikPuha ($2.91 in chips) 
Seat 4: gutterpuncharms ($3.35 in chips) 
Seat 5: R.Sergei.rus ($2.89 in chips) 
Seat 6: bojnice21 ($2.24 in chips) 
Seat 7: bogaaach ($1.03 in chips) 
Seat 8: blakeraiser ($2.47 in chips) 
Seat 9: Olejka228822 ($2 in chips) 
Olejka228822: posts small blind $0.01
Dorex2007: posts big blind $0.02
*** HOLE CARDS ***
Dealt to Dorex2007 [3d Kc]
calidad1986: folds 
SlavikPuha: folds 
gutterpuncharms: folds 
R.Sergei.rus: folds 
bojnice21: folds 
bogaaach: folds 
blakeraiser: folds 
Olejka228822 has timed out
Olejka228822: folds 
Uncalled bet ($0.01) returned to Dorex2007
Dorex2007 collected $0.02 from pot
Dorex2007: doesn't show hand 
*** SUMMARY ***
Total pot $0.02 | Rake $0 
Seat 1: Dorex2007 (big blind) collected ($0.02)
Seat 2: calidad1986 folded before Flop (didn't bet)
Seat 3: SlavikPuha folded before Flop (didn't bet)
Seat 4: gutterpuncharms folded before Flop (didn't bet)
Seat 5: R.Sergei.rus folded before Flop (didn't bet)
Seat 6: bojnice21 folded before Flop (didn't bet)
Seat 7: bogaaach folded before Flop (didn't bet)
Seat 8: blakeraiser (button) folded before Flop (didn't bet)
Seat 9: Olejka228822 (small blind) folded before Flop



PokerStars Hand #231870124550:  Hold'em No Limit ($0.01/$0.02 USD) - 2021/12/01 22:37:54 PT [2021/12/02 1:37:54 ET]
Table 'Chort IV' 9-max Seat #1 is the button
Seat 1: Dorex2007 ($2.41 in chips) 
Seat 2: calidad1986 ($3.31 in chips) 
Seat 3: SlavikPuha ($2.91 in chips) 
Seat 4: gutterpuncharms ($3.35 in chips) 
Seat 5: R.Sergei.rus ($2.89 in chips) 
Seat 6: bojnice21 ($2.24 in chips) 
Seat 7: bogaaach ($1.03 in chips) 
Seat 8: blakeraiser ($2.47 in chips) 
calidad1986: posts small blind $0.01
SlavikPuha: posts big blind $0.02
*** HOLE CARDS ***
Dealt to Dorex2007 [5s 2c]
gutterpuncharms: folds 
gutterpuncharms leaves the table
R.Sergei.rus: folds 
bojnice21: folds 
bogaaach: folds 
blakeraiser: folds 
Dorex2007: folds 
calidad1986: folds 
Uncalled bet ($0.01) returned to SlavikPuha
SlavikPuha collected $0.02 from pot
SlavikPuha: doesn't show hand 
*** SUMMARY ***
Total pot $0.02 | Rake $0 
Seat 1: Dorex2007 (button) folded before Flop (didn't bet)
Seat 2: calidad1986 (small blind) folded before Flop
Seat 3: SlavikPuha (big blind) collected ($0.02)
Seat 4: gutterpuncharms folded before Flop (didn't bet)
Seat 5: R.Sergei.rus folded before Flop (didn't bet)
Seat 6: bojnice21 folded before Flop (didn't bet)
Seat 7: bogaaach folded before Flop (didn't bet)
Seat 8: blakeraiser folded before Flop (didn't bet)



PokerStars Hand #231870127995:  Hold'em No Limit ($0.01/$0.02 USD) - 2021/12/01 22:38:18 PT [2021/12/02 1:38:18 ET]
Table 'Chort IV' 9-max Seat #2 is the button
Seat 1: Dorex2007 ($2.41 in chips) 
Seat 2: calidad1986 ($3.30 in chips) 
Seat 3: SlavikPuha ($2.92 in chips) 
Seat 5: R.Sergei.rus ($2.89 in chips) 
Seat 6: bojnice21 ($2.24 in chips) 
Seat 7: bogaaach ($1.03 in chips) 
Seat 8: blakeraiser ($2.47 in chips) 
SlavikPuha: posts small blind $0.01
R.Sergei.rus: posts big blind $0.02
*** HOLE CARDS ***
Dealt to Dorex2007 [Td 5d]
MatveiMax joins the table at seat #4 
bojnice21: calls $0.02
bogaaach: folds 
blakeraiser: folds 
Dorex2007: folds 
MatveiMax leaves the table
calidad1986: raises $0.08 to $0.10
SlavikPuha: calls $0.09
R.Sergei.rus: calls $0.08
bojnice21: calls $0.08
*** FLOP *** [Ac Ah Qc]
SlavikPuha: checks 
R.Sergei.rus: checks 
bojnice21: checks 
calidad1986: bets $0.21
skathai68 joins the table at seat #4 
SlavikPuha: calls $0.21
R.Sergei.rus: folds 
bojnice21: folds 
*** TURN *** [Ac Ah Qc] [6h]
SlavikPuha: checks 
calidad1986: checks 
*** RIVER *** [Ac Ah Qc 6h] [7d]
SlavikPuha: bets $0.40
calidad1986: folds 
Uncalled bet ($0.40) returned to SlavikPuha
SlavikPuha collected $0.79 from pot
SlavikPuha: doesn't show hand 
*** SUMMARY ***
Total pot $0.82 | Rake $0.03 
Board [Ac Ah Qc 6h 7d]
Seat 1: Dorex2007 folded before Flop (didn't bet)
Seat 2: calidad1986 (button) folded on the River
Seat 3: SlavikPuha (small blind) collected ($0.79)
Seat 5: R.Sergei.rus (big blind) folded on the Flop
Seat 6: bojnice21 folded on the Flop
Seat 7: bogaaach folded before Flop (didn't bet)
Seat 8: blakeraiser folded before Flop (didn't bet)



PokerStars Hand #231870137729:  Hold'em No Limit ($0.01/$0.02 USD) - 2021/12/01 22:39:28 PT [2021/12/02 1:39:28 ET]
Table 'Chort IV' 9-max Seat #3 is the button
Seat 1: Dorex2007 ($2.41 in chips) 
Seat 2: calidad1986 ($2.99 in chips) 
Seat 3: SlavikPuha ($3.40 in chips) 
Seat 5: R.Sergei.rus ($2.79 in chips) 
Seat 6: bojnice21 ($2.14 in chips) 
Seat 7: bogaaach ($1.03 in chips) 
Seat 8: blakeraiser ($2.47 in chips) 
R.Sergei.rus: posts small blind $0.01
bojnice21: posts big blind $0.02
*** HOLE CARDS ***
Dealt to Dorex2007 [6c 9d]
bogaaach: folds 
blakeraiser: raises $0.04 to $0.06
Dorex2007: folds 
calidad1986: folds 
SlavikPuha: calls $0.06
R.Sergei.rus: calls $0.05
bojnice21: folds 
*** FLOP *** [Jd 9s Kd]
R.Sergei.rus: bets $0.13
blakeraiser: folds 
SlavikPuha: raises $0.17 to $0.30
R.Sergei.rus: folds 
Uncalled bet ($0.17) returned to SlavikPuha
SlavikPuha collected $0.44 from pot
SlavikPuha: doesn't show hand 
*** SUMMARY ***
Total pot $0.46 | Rake $0.02 
Board [Jd 9s Kd]
Seat 1: Dorex2007 folded before Flop (didn't bet)
Seat 2: calidad1986 folded before Flop (didn't bet)
Seat 3: SlavikPuha (button) collected ($0.44)
Seat 5: R.Sergei.rus (small blind) folded on the Flop
Seat 6: bojnice21 (big blind) folded before Flop
Seat 7: bogaaach folded before Flop (didn't bet)
Seat 8: blakeraiser folded on the Flop



PokerStars Hand #231870144880:  Hold'em No Limit ($0.01/$0.02 USD) - 2021/12/01 22:40:19 PT [2021/12/02 1:40:19 ET]
Table 'Chort IV' 9-max Seat #5 is the button
Seat 1: Dorex2007 ($2.41 in chips) 
Seat 2: calidad1986 ($2.99 in chips) 
Seat 3: SlavikPuha ($3.65 in chips) 
Seat 5: R.Sergei.rus ($2.60 in chips) 
Seat 6: bojnice21 ($2.12 in chips) 
Seat 7: bogaaach ($1.03 in chips) 
Seat 8: blakeraiser ($2.41 in chips) 
bojnice21: posts small blind $0.01
bogaaach: posts big blind $0.02
skathai68: sits out 
*** HOLE CARDS ***
Dealt to Dorex2007 [9d Jc]
blakeraiser: raises $0.04 to $0.06
Dorex2007: folds 
calidad1986: folds 
SlavikPuha: folds 
R.Sergei.rus: calls $0.06
bojnice21: folds 
bogaaach: folds 
*** FLOP *** [4c Kh Td]
blakeraiser: bets $0.10
R.Sergei.rus: calls $0.10
*** TURN *** [4c Kh Td] [4d]
blakeraiser: bets $0.24
R.Sergei.rus: calls $0.24
*** RIVER *** [4c Kh Td 4d] [8h]
blakeraiser: bets $0.62
R.Sergei.rus: raises $1.58 to $2.20 and is all-in
blakeraiser: calls $1.39 and is all-in
Uncalled bet ($0.19) returned to R.Sergei.rus
*** SHOW DOWN ***
R.Sergei.rus: shows [Ks 8s] (two pair, Kings and Eights)
blakeraiser: shows [Ac Ad] (two pair, Aces and Fours)
blakeraiser collected $4.64 from pot
*** SUMMARY ***
Total pot $4.85 | Rake $0.21 
Board [4c Kh Td 4d 8h]
Seat 1: Dorex2007 folded before Flop (didn't bet)
Seat 2: calidad1986 folded before Flop (didn't bet)
Seat 3: SlavikPuha folded before Flop (didn't bet)
Seat 5: R.Sergei.rus (button) showed [Ks 8s] and lost with two pair, Kings and Eights
Seat 6: bojnice21 (small blind) folded before Flop
Seat 7: bogaaach (big blind) folded before Flop
Seat 8: blakeraiser showed [Ac Ad] and won ($4.64) with two pair, Aces and Fours



PokerStars Hand #231870152812:  Hold'em No Limit ($0.01/$0.02 USD) - 2021/12/01 22:41:16 PT [2021/12/02 1:41:16 ET]
Table 'Chort IV' 9-max Seat #6 is the button
Seat 1: Dorex2007 ($2.41 in chips) 
Seat 2: calidad1986 ($2.99 in chips) 
Seat 3: SlavikPuha ($3.65 in chips) 
Seat 5: R.Sergei.rus ($0.19 in chips) 
Seat 6: bojnice21 ($2.11 in chips) 
Seat 7: bogaaach ($1.01 in chips) 
Seat 8: blakeraiser ($4.64 in chips) 
bogaaach: posts small blind $0.01
blakeraiser: posts big blind $0.02
skathai68: sits out 
*** HOLE CARDS ***
Dealt to Dorex2007 [4d 2d]
Dorex2007: folds 
calidad1986: folds 
SlavikPuha: folds 
R.Sergei.rus: raises $0.04 to $0.06
bojnice21: folds 
bogaaach: calls $0.05
blakeraiser: calls $0.04
*** FLOP *** [2h 7h 3h]
bogaaach: checks 
blakeraiser: checks 
R.Sergei.rus: bets $0.09
bogaaach: calls $0.09
blakeraiser: folds 
*** TURN *** [2h 7h 3h] [Ks]
bogaaach: bets $0.04
R.Sergei.rus: folds 
Uncalled bet ($0.04) returned to bogaaach
bogaaach collected $0.35 from pot
bogaaach: doesn't show hand 
*** SUMMARY ***
Total pot $0.36 | Rake $0.01 
Board [2h 7h 3h Ks]
Seat 1: Dorex2007 folded before Flop (didn't bet)
Seat 2: calidad1986 folded before Flop (didn't bet)
Seat 3: SlavikPuha folded before Flop (didn't bet)
Seat 5: R.Sergei.rus folded on the Turn
Seat 6: bojnice21 (button) folded before Flop (didn't bet)
Seat 7: bogaaach (small blind) collected ($0.35)
Seat 8: blakeraiser (big blind) folded on the Flop



PokerStars Hand #231870160453:  Hold'em No Limit ($0.01/$0.02 USD) - 2021/12/01 22:42:01 PT [2021/12/02 1:42:01 ET]
Table 'Chort IV' 9-max Seat #7 is the button
Seat 1: Dorex2007 ($2.41 in chips) 
Seat 2: calidad1986 ($2.99 in chips) 
Seat 3: SlavikPuha ($3.65 in chips) 
Seat 5: R.Sergei.rus ($1.85 in chips) 
Seat 6: bojnice21 ($2.11 in chips) 
Seat 7: bogaaach ($1.21 in chips) 
Seat 8: blakeraiser ($4.58 in chips) 
blakeraiser: posts small blind $0.01
Dorex2007: posts big blind $0.02
skathai68: sits out 
*** HOLE CARDS ***
Dealt to Dorex2007 [3s Jh]
calidad1986: folds 
SlavikPuha: folds 
R.Sergei.rus: folds 
R.Sergei.rus leaves the table
bojnice21: folds 
bogaaach: folds 
blakeraiser: folds 
Uncalled bet ($0.01) returned to Dorex2007
Dorex2007 collected $0.02 from pot
Dorex2007: doesn't show hand 
*** SUMMARY ***
Total pot $0.02 | Rake $0 
Seat 1: Dorex2007 (big blind) collected ($0.02)
Seat 2: calidad1986 folded before Flop (didn't bet)
Seat 3: SlavikPuha folded before Flop (didn't bet)
Seat 5: R.Sergei.rus folded before Flop (didn't bet)
Seat 6: bojnice21 folded before Flop (didn't bet)
Seat 7: bogaaach (button) folded before Flop (didn't bet)
Seat 8: blakeraiser (small blind) folded before Flop



PokerStars Hand #231870162289:  Hold'em No Limit ($0.01/$0.02 USD) - 2021/12/01 22:42:14 PT [2021/12/02 1:42:14 ET]
Table 'Chort IV' 9-max Seat #8 is the button
Seat 1: Dorex2007 ($2.42 in chips) 
Seat 2: calidad1986 ($2.99 in chips) 
Seat 3: SlavikPuha ($3.65 in chips) 
Seat 6: bojnice21 ($2.11 in chips) 
Seat 7: bogaaach ($1.21 in chips) 
Seat 8: blakeraiser ($4.57 in chips) 
Dorex2007: posts small blind $0.01
calidad1986: posts big blind $0.02
skathai68: sits out 
*** HOLE CARDS ***
Dealt to Dorex2007 [3h 4c]
SlavikPuha: folds 
bojnice21: folds 
bogaaach: calls $0.02
blakeraiser: folds 
Dorex2007: calls $0.01
calidad1986: checks 
*** FLOP *** [Tc Qs 8s]
Dorex2007: checks 
calidad1986: checks 
bogaaach: bets $0.02
Dorex2007: folds 
calidad1986: folds 
Uncalled bet ($0.02) returned to bogaaach
bogaaach collected $0.06 from pot
bogaaach: doesn't show hand 
*** SUMMARY ***
Total pot $0.06 | Rake $0 
Board [Tc Qs 8s]
Seat 1: Dorex2007 (small blind) folded on the Flop
Seat 2: calidad1986 (big blind) folded on the Flop
Seat 3: SlavikPuha folded before Flop (didn't bet)
Seat 6: bojnice21 folded before Flop (didn't bet)
Seat 7: bogaaach collected ($0.06)
Seat 8: blakeraiser (button) folded before Flop (didn't bet)



PokerStars Hand #231870166502:  Hold'em No Limit ($0.01/$0.02 USD) - 2021/12/01 22:42:44 PT [2021/12/02 1:42:44 ET]
Table 'Chort IV' 9-max Seat #1 is the button
Seat 1: Dorex2007 ($2.40 in chips) 
Seat 2: calidad1986 ($2.97 in chips) 
Seat 3: SlavikPuha ($3.65 in chips) 
Seat 6: bojnice21 ($2.11 in chips) 
Seat 7: bogaaach ($1.25 in chips) 
Seat 8: blakeraiser ($4.57 in chips) 
calidad1986: posts small blind $0.01
SlavikPuha: posts big blind $0.02
skathai68: sits out 
Olejka228822: sits out 
*** HOLE CARDS ***
Dealt to Dorex2007 [Tc 2s]
bojnice21: folds 
bogaaach: folds 
blakeraiser: folds 
Dorex2007: folds 
calidad1986: folds 
Uncalled bet ($0.01) returned to SlavikPuha
SlavikPuha collected $0.02 from pot
SlavikPuha: doesn't show hand 
*** SUMMARY ***
Total pot $0.02 | Rake $0 
Seat 1: Dorex2007 (button) folded before Flop (didn't bet)
Seat 2: calidad1986 (small blind) folded before Flop
Seat 3: SlavikPuha (big blind) collected ($0.02)
Seat 6: bojnice21 folded before Flop (didn't bet)
Seat 7: bogaaach folded before Flop (didn't bet)
Seat 8: blakeraiser folded before Flop (didn't bet)



PokerStars Hand #231870168146:  Hold'em No Limit ($0.01/$0.02 USD) - 2021/12/01 22:42:56 PT [2021/12/02 1:42:56 ET]
Table 'Chort IV' 9-max Seat #2 is the button
Seat 1: Dorex2007 ($2.40 in chips) 
Seat 2: calidad1986 ($2.96 in chips) 
Seat 3: SlavikPuha ($3.66 in chips) 
Seat 4: skathai68 ($0.80 in chips) 
Seat 6: bojnice21 ($2.11 in chips) 
Seat 7: bogaaach ($1.25 in chips) 
Seat 8: blakeraiser ($4.57 in chips) 
SlavikPuha: posts small blind $0.01
skathai68: posts big blind $0.02
Olejka228822: sits out 
*** HOLE CARDS ***
Dealt to Dorex2007 [Td 3c]
bojnice21: folds 
bogaaach: folds 
blakeraiser: folds 
Dorex2007: folds 
calidad1986: raises $0.04 to $0.06
SlavikPuha: folds 
skathai68: folds 
Uncalled bet ($0.04) returned to calidad1986
calidad1986 collected $0.05 from pot
calidad1986: doesn't show hand 
*** SUMMARY ***
Total pot $0.05 | Rake $0 
Seat 1: Dorex2007 folded before Flop (didn't bet)
Seat 2: calidad1986 (button) collected ($0.05)
Seat 3: SlavikPuha (small blind) folded before Flop
Seat 4: skathai68 (big blind) folded before Flop
Seat 6: bojnice21 folded before Flop (didn't bet)
Seat 7: bogaaach folded before Flop (didn't bet)
Seat 8: blakeraiser folded before Flop (didn't bet)



PokerStars Hand #231870170229:  Hold'em No Limit ($0.01/$0.02 USD) - 2021/12/01 22:43:11 PT [2021/12/02 1:43:11 ET]
Table 'Chort IV' 9-max Seat #3 is the button
Seat 1: Dorex2007 ($2.40 in chips) 
Seat 2: calidad1986 ($2.99 in chips) 
Seat 3: SlavikPuha ($3.65 in chips) 
Seat 4: skathai68 ($0.78 in chips) 
Seat 6: bojnice21 ($2.11 in chips) 
Seat 7: bogaaach ($1.25 in chips) 
Seat 8: blakeraiser ($4.57 in chips) 
skathai68: posts small blind $0.01
bojnice21: posts big blind $0.02
Olejka228822: sits out 
*** HOLE CARDS ***
Dealt to Dorex2007 [4c 6c]
bogaaach: calls $0.02
blakeraiser: folds 
Dorex2007: folds 
calidad1986: folds 
SlavikPuha: folds 
skathai68: folds 
bojnice21: checks 
*** FLOP *** [9d 3c 7d]
bojnice21: checks 
bogaaach: checks 
*** TURN *** [9d 3c 7d] [2c]
bojnice21: checks 
FCAOL joins the table at seat #5 
bogaaach: checks 
*** RIVER *** [9d 3c 7d 2c] [7c]
bojnice21: checks 
bogaaach: checks 
*** SHOW DOWN ***
bojnice21: shows [Kd 2s] (two pair, Sevens and Deuces)
bogaaach: mucks hand 
bojnice21 collected $0.05 from pot
*** SUMMARY ***
Total pot $0.05 | Rake $0 
Board [9d 3c 7d 2c 7c]
Seat 1: Dorex2007 folded before Flop (didn't bet)
Seat 2: calidad1986 folded before Flop (didn't bet)
Seat 3: SlavikPuha (button) folded before Flop (didn't bet)
Seat 4: skathai68 (small blind) folded before Flop
Seat 6: bojnice21 (big blind) showed [Kd 2s] and won ($0.05) with two pair, Sevens and Deuces
Seat 7: bogaaach mucked [Jd Ah]
Seat 8: blakeraiser folded before Flop (didn't bet)



PokerStars Hand #231870173556:  Hold'em No Limit ($0.01/$0.02 USD) - 2021/12/01 22:43:36 PT [2021/12/02 1:43:36 ET]
Table 'Chort IV' 9-max Seat #4 is the button
Seat 1: Dorex2007 ($2.40 in chips) 
Seat 2: calidad1986 ($2.99 in chips) 
Seat 3: SlavikPuha ($3.65 in chips) 
Seat 4: skathai68 ($0.77 in chips) 
Seat 6: bojnice21 ($2.14 in chips) 
Seat 8: blakeraiser ($4.57 in chips) 
bojnice21: posts small blind $0.01
bogaaach: is sitting out 
blakeraiser: posts big blind $0.02
Olejka228822: sits out 
*** HOLE CARDS ***
Dealt to Dorex2007 [4c 5d]
Dorex2007: folds 
calidad1986: folds 
SlavikPuha: raises $0.04 to $0.06
skathai68: folds 
bojnice21: folds 
blakeraiser: calls $0.04
*** FLOP *** [As Tc Kh]
blakeraiser: checks 
SlavikPuha: bets $0.08
blakeraiser: calls $0.08
*** TURN *** [As Tc Kh] [6d]
blakeraiser: checks 
SlavikPuha: bets $0.14
blakeraiser: folds 
Uncalled bet ($0.14) returned to SlavikPuha
SlavikPuha collected $0.28 from pot
SlavikPuha: doesn't show hand 
*** SUMMARY ***
Total pot $0.29 | Rake $0.01 
Board [As Tc Kh 6d]
Seat 1: Dorex2007 folded before Flop (didn't bet)
Seat 2: calidad1986 folded before Flop (didn't bet)
Seat 3: SlavikPuha collected ($0.28)
Seat 4: skathai68 (button) folded before Flop (didn't bet)
Seat 6: bojnice21 (small blind) folded before Flop
Seat 8: blakeraiser (big blind) folded on the Turn



PokerStars Hand #231870179836:  Hold'em No Limit ($0.01/$0.02 USD) - 2021/12/01 22:44:22 PT [2021/12/02 1:44:22 ET]
Table 'Chort IV' 9-max Seat #6 is the button
Seat 1: Dorex2007 ($2.40 in chips) 
Seat 2: calidad1986 ($2.99 in chips) 
Seat 3: SlavikPuha ($3.79 in chips) 
Seat 4: skathai68 ($0.77 in chips) 
Seat 5: FCAOL ($0.80 in chips) 
Seat 6: bojnice21 ($2.13 in chips) 
Seat 8: blakeraiser ($4.43 in chips) 
Seat 9: Olejka228822 ($2 in chips) 
blakeraiser: posts small blind $0.01
Olejka228822: posts big blind $0.02
FCAOL: posts big blind $0.02
*** HOLE CARDS ***
Dealt to Dorex2007 [Kc 8d]
Dorex2007: folds 
calidad1986: calls $0.02
SlavikPuha: folds 
skathai68: folds 
FCAOL: checks 
bojnice21: folds 
blakeraiser: folds 
Olejka228822: checks 
*** FLOP *** [Qd 6h Ts]
Olejka228822: checks 
calidad1986: bets $0.04
FCAOL: raises $0.16 to $0.20
Olejka228822: folds 
bogaaach leaves the table
calidad1986: calls $0.16
*** TURN *** [Qd 6h Ts] [Qc]
calidad1986: checks 
FCAOL: bets $0.23
calidad1986: folds 
Uncalled bet ($0.23) returned to FCAOL
FCAOL collected $0.45 from pot
FCAOL: doesn't show hand 
*** SUMMARY ***
Total pot $0.47 | Rake $0.02 
Board [Qd 6h Ts Qc]
Seat 1: Dorex2007 folded before Flop (didn't bet)
Seat 2: calidad1986 folded on the Turn
Seat 3: SlavikPuha folded before Flop (didn't bet)
Seat 4: skathai68 folded before Flop (didn't bet)
Seat 5: FCAOL collected ($0.45)
Seat 6: bojnice21 (button) folded before Flop (didn't bet)
Seat 8: blakeraiser (small blind) folded before Flop
Seat 9: Olejka228822 (big blind) folded on the Flop



PokerStars Hand #231870188815:  Hold'em No Limit ($0.01/$0.02 USD) - 2021/12/01 22:45:27 PT [2021/12/02 1:45:27 ET]
Table 'Chort IV' 9-max Seat #8 is the button
Seat 1: Dorex2007 ($2.40 in chips) 
Seat 2: calidad1986 ($2.77 in chips) 
Seat 3: SlavikPuha ($3.79 in chips) 
Seat 4: skathai68 ($0.77 in chips) 
Seat 5: FCAOL ($1.03 in chips) 
Seat 6: bojnice21 ($2.13 in chips) 
Seat 8: blakeraiser ($4.42 in chips) 
Seat 9: Olejka228822 ($2 in chips) 
Olejka228822: posts small blind $0.01
Dorex2007: posts big blind $0.02
*** HOLE CARDS ***
Dealt to Dorex2007 [Js Td]
BUTAW701 joins the table at seat #7 
calidad1986: folds 
SlavikPuha: raises $0.04 to $0.06
skathai68: folds 
FCAOL: calls $0.06
bojnice21: folds 
blakeraiser: folds 
Olejka228822: folds 
Dorex2007: folds 
*** FLOP *** [4s Kd 8s]
SlavikPuha: bets $0.07
FCAOL: folds 
Uncalled bet ($0.07) returned to SlavikPuha
SlavikPuha collected $0.14 from pot
SlavikPuha: doesn't show hand 
*** SUMMARY ***
Total pot $0.15 | Rake $0.01 
Board [4s Kd 8s]
Seat 1: Dorex2007 (big blind) folded before Flop
Seat 2: calidad1986 folded before Flop (didn't bet)
Seat 3: SlavikPuha collected ($0.14)
Seat 4: skathai68 folded before Flop (didn't bet)
Seat 5: FCAOL folded on the Flop
Seat 6: bojnice21 folded before Flop (didn't bet)
Seat 8: blakeraiser (button) folded before Flop (didn't bet)
Seat 9: Olejka228822 (small blind) folded before Flop



PokerStars Hand #231870192568:  Hold'em No Limit ($0.01/$0.02 USD) - 2021/12/01 22:45:54 PT [2021/12/02 1:45:54 ET]
Table 'Chort IV' 9-max Seat #9 is the button
Seat 1: Dorex2007 ($2.38 in chips) 
Seat 2: calidad1986 ($2.77 in chips) 
Seat 3: SlavikPuha ($3.87 in chips) 
Seat 4: skathai68 ($0.77 in chips) 
Seat 5: FCAOL ($0.97 in chips) 
Seat 6: bojnice21 ($2.13 in chips) 
Seat 8: blakeraiser ($4.42 in chips) 
Seat 9: Olejka228822 ($2 in chips) 
Dorex2007: posts small blind $0.01
calidad1986: posts big blind $0.02
BUTAW701: sits out 
*** HOLE CARDS ***
Dealt to Dorex2007 [7c Ks]
SlavikPuha: folds 
skathai68: folds 
FCAOL: raises $0.04 to $0.06
bojnice21: folds 
blakeraiser: folds 
Olejka228822: folds 
Dorex2007: folds 
calidad1986: calls $0.04
*** FLOP *** [Ad Qc Th]
calidad1986: checks 
FCAOL: bets $0.13
calidad1986: calls $0.13
*** TURN *** [Ad Qc Th] [8d]
calidad1986: checks 
FCAOL: checks 
*** RIVER *** [Ad Qc Th 8d] [6d]
calidad1986: checks 
FCAOL: checks 
*** SHOW DOWN ***
calidad1986: shows [5h 5d] (a pair of Fives)
FCAOL: mucks hand 
calidad1986 collected $0.38 from pot
*** SUMMARY ***
Total pot $0.39 | Rake $0.01 
Board [Ad Qc Th 8d 6d]
Seat 1: Dorex2007 (small blind) folded before Flop
Seat 2: calidad1986 (big blind) showed [5h 5d] and won ($0.38) with a pair of Fives
Seat 3: SlavikPuha folded before Flop (didn't bet)
Seat 4: skathai68 folded before Flop (didn't bet)
Seat 5: FCAOL mucked [4s 5s]
Seat 6: bojnice21 folded before Flop (didn't bet)
Seat 8: blakeraiser folded before Flop (didn't bet)
Seat 9: Olejka228822 (button) folded before Flop (didn't bet)



PokerStars Hand #231870199944:  Hold'em No Limit ($0.01/$0.02 USD) - 2021/12/01 22:46:46 PT [2021/12/02 1:46:46 ET]
Table 'Chort IV' 9-max Seat #1 is the button
Seat 1: Dorex2007 ($2.37 in chips) 
Seat 2: calidad1986 ($2.96 in chips) 
Seat 3: SlavikPuha ($3.87 in chips) 
Seat 4: skathai68 ($0.77 in chips) 
Seat 5: FCAOL ($0.78 in chips) 
Seat 6: bojnice21 ($2.13 in chips) 
Seat 8: blakeraiser ($4.42 in chips) 
Seat 9: Olejka228822 ($2 in chips) 
calidad1986: posts small blind $0.01
SlavikPuha: posts big blind $0.02
BUTAW701: sits out 
*** HOLE CARDS ***
Dealt to Dorex2007 [Ts Kh]
skathai68: folds 
FCAOL: folds 
bojnice21: folds 
blakeraiser: raises $0.02 to $0.04
Olejka228822: folds 
Dorex2007: calls $0.04
calidad1986: folds 
SlavikPuha: calls $0.02
*** FLOP *** [8c Qs 2c]
SlavikPuha: checks 
blakeraiser: bets $0.06
Dorex2007: folds 
SlavikPuha: folds 
Uncalled bet ($0.06) returned to blakeraiser
blakeraiser collected $0.13 from pot
blakeraiser: doesn't show hand 
*** SUMMARY ***
Total pot $0.13 | Rake $0 
Board [8c Qs 2c]
Seat 1: Dorex2007 (button) folded on the Flop
Seat 2: calidad1986 (small blind) folded before Flop
Seat 3: SlavikPuha (big blind) folded on the Flop
Seat 4: skathai68 folded before Flop (didn't bet)
Seat 5: FCAOL folded before Flop (didn't bet)
Seat 6: bojnice21 folded before Flop (didn't bet)
Seat 8: blakeraiser collected ($0.13)
Seat 9: Olejka228822 folded before Flop (didn't bet)



PokerStars Hand #231870204904:  Hold'em No Limit ($0.01/$0.02 USD) - 2021/12/01 22:47:21 PT [2021/12/02 1:47:21 ET]
Table 'Chort IV' 9-max Seat #2 is the button
Seat 1: Dorex2007 ($2.33 in chips) 
Seat 2: calidad1986 ($2.95 in chips) 
Seat 3: SlavikPuha ($3.83 in chips) 
Seat 4: skathai68 ($0.77 in chips) 
Seat 5: FCAOL ($0.78 in chips) 
Seat 6: bojnice21 ($2.13 in chips) 
Seat 8: blakeraiser ($4.51 in chips) 
Seat 9: Olejka228822 ($2 in chips) 
SlavikPuha: posts small blind $0.01
skathai68: posts big blind $0.02
BUTAW701: sits out 
*** HOLE CARDS ***
Dealt to Dorex2007 [3c Ts]
FCAOL: folds 
bojnice21: folds 
blakeraiser: folds 
Olejka228822: folds 
Dorex2007: calls $0.02
calidad1986: folds 
SlavikPuha: calls $0.01
skathai68: checks 
*** FLOP *** [Td 7c 9d]
SlavikPuha: checks 
skathai68: bets $0.02
Dorex2007: calls $0.02
SlavikPuha: raises $0.10 to $0.12
skathai68: folds 
Dorex2007: folds 
Uncalled bet ($0.10) returned to SlavikPuha
SlavikPuha collected $0.12 from pot
SlavikPuha: doesn't show hand 
*** SUMMARY ***
Total pot $0.12 | Rake $0 
Board [Td 7c 9d]
Seat 1: Dorex2007 folded on the Flop
Seat 2: calidad1986 (button) folded before Flop (didn't bet)
Seat 3: SlavikPuha (small blind) collected ($0.12)
Seat 4: skathai68 (big blind) folded on the Flop
Seat 5: FCAOL folded before Flop (didn't bet)
Seat 6: bojnice21 folded before Flop (didn't bet)
Seat 8: blakeraiser folded before Flop (didn't bet)
Seat 9: Olejka228822 folded before Flop (didn't bet)



PokerStars Hand #231870210617:  Hold'em No Limit ($0.01/$0.02 USD) - 2021/12/01 22:48:01 PT [2021/12/02 1:48:01 ET]
Table 'Chort IV' 9-max Seat #3 is the button
Seat 1: Dorex2007 ($2.29 in chips) 
Seat 2: calidad1986 ($2.95 in chips) 
Seat 3: SlavikPuha ($3.91 in chips) 
Seat 4: skathai68 ($0.73 in chips) 
Seat 5: FCAOL ($0.78 in chips) 
Seat 6: bojnice21 ($2.13 in chips) 
Seat 8: blakeraiser ($4.51 in chips) 
Seat 9: Olejka228822 ($2 in chips) 
skathai68: posts small blind $0.01
FCAOL: posts big blind $0.02
BUTAW701: sits out 
*** HOLE CARDS ***
Dealt to Dorex2007 [Ks 6c]
bojnice21: folds 
blakeraiser: folds 
Olejka228822: folds 
Dorex2007: folds 
calidad1986: folds 
SlavikPuha: raises $0.04 to $0.06
skathai68: folds 
FCAOL: calls $0.04
*** FLOP *** [7c 9s Ts]
FCAOL: bets $0.72 and is all-in
SlavikPuha: calls $0.72
*** TURN *** [7c 9s Ts] [Js]
*** RIVER *** [7c 9s Ts Js] [7h]
*** SHOW DOWN ***
FCAOL: shows [7d 5d] (three of a kind, Sevens)
SlavikPuha: shows [7s Tc] (a full house, Sevens full of Tens)
SlavikPuha cashed out the hand for $1.48 | Cash Out Fee $0.01
*** SUMMARY ***
Total pot $1.57 | Rake $0.05 
Board [7c 9s Ts Js 7h]
Seat 1: Dorex2007 folded before Flop (didn't bet)
Seat 2: calidad1986 folded before Flop (didn't bet)
Seat 3: SlavikPuha (button) showed [7s Tc] and won ($1.52) with a full house, Sevens full of Tens (pot not awarded as player cashed out)
Seat 4: skathai68 (small blind) folded before Flop
Seat 5: FCAOL (big blind) showed [7d 5d] and lost with three of a kind, Sevens
Seat 6: bojnice21 folded before Flop (didn't bet)
Seat 8: blakeraiser folded before Flop (didn't bet)
Seat 9: Olejka228822 folded before Flop (didn't bet)



PokerStars Hand #231870215741:  Hold'em No Limit ($0.01/$0.02 USD) - 2021/12/01 22:48:38 PT [2021/12/02 1:48:38 ET]
Table 'Chort IV' 9-max Seat #4 is the button
Seat 1: Dorex2007 ($2.29 in chips) 
Seat 2: calidad1986 ($2.95 in chips) 
Seat 3: SlavikPuha ($4.61 in chips) 
Seat 4: skathai68 ($0.72 in chips) 
Seat 6: bojnice21 ($2.13 in chips) 
Seat 7: BUTAW701 ($1.60 in chips) 
Seat 8: blakeraiser ($4.51 in chips) 
Seat 9: Olejka228822 ($2 in chips) 
bojnice21: posts small blind $0.01
BUTAW701: posts big blind $0.02
*** HOLE CARDS ***
Dealt to Dorex2007 [7s Jh]
blakeraiser: raises $0.04 to $0.06
Olejka228822: folds 
Dorex2007: folds 
calidad1986: folds 
SlavikPuha: folds 
skathai68: folds 
FCAOL leaves the table
Sverd1583 joins the table at seat #5 
bojnice21: folds 
BUTAW701: calls $0.04
*** FLOP *** [2c 5c 6c]
BUTAW701: checks 
blakeraiser: bets $0.04
BUTAW701: calls $0.04
*** TURN *** [2c 5c 6c] [7h]
BUTAW701: checks 
blakeraiser: bets $0.10
BUTAW701: raises $0.38 to $0.48
blakeraiser: raises $0.81 to $1.29
BUTAW701: raises $0.21 to $1.50 and is all-in
blakeraiser: calls $0.21
*** RIVER *** [2c 5c 6c 7h] [5h]
*** SHOW DOWN ***
BUTAW701: shows [Tc 9c] (a flush, Ten high)
blakeraiser: shows [Jc Ac] (a flush, Ace high)
blakeraiser collected $3.07 from pot
*** SUMMARY ***
Total pot $3.21 | Rake $0.14 
Board [2c 5c 6c 7h 5h]
Seat 1: Dorex2007 folded before Flop (didn't bet)
Seat 2: calidad1986 folded before Flop (didn't bet)
Seat 3: SlavikPuha folded before Flop (didn't bet)
Seat 4: skathai68 (button) folded before Flop (didn't bet)
Seat 6: bojnice21 (small blind) folded before Flop
Seat 7: BUTAW701 (big blind) showed [Tc 9c] and lost with a flush, Ten high
Seat 8: blakeraiser showed [Jc Ac] and won ($3.07) with a flush, Ace high
Seat 9: Olejka228822 folded before Flop (didn't bet)



PokerStars Hand #231870223538:  Hold'em No Limit ($0.01/$0.02 USD) - 2021/12/01 22:49:33 PT [2021/12/02 1:49:33 ET]
Table 'Chort IV' 9-max Seat #6 is the button
Seat 1: Dorex2007 ($2.29 in chips) 
Seat 2: calidad1986 ($2.95 in chips) 
Seat 3: SlavikPuha ($4.61 in chips) 
Seat 4: skathai68 ($0.72 in chips) 
Seat 6: bojnice21 ($2.12 in chips) 
Seat 8: blakeraiser ($5.98 in chips) 
Seat 9: Olejka228822 ($2 in chips) 
blakeraiser: posts small blind $0.01
Olejka228822: posts big blind $0.02
Sverd1583: sits out 
*** HOLE CARDS ***
Dealt to Dorex2007 [3s 4c]
Dorex2007: folds 
calidad1986: folds 
SlavikPuha: folds 
skathai68: folds 
bojnice21: raises $0.04 to $0.06
BUTAW701 leaves the table
blakeraiser: calls $0.05
Olejka228822: calls $0.04
*** FLOP *** [Js 5s 8s]
seferreyra joins the table at seat #7 
blakeraiser: checks 
Olejka228822: checks 
bojnice21: checks 
*** TURN *** [Js 5s 8s] [Jc]
blakeraiser: checks 
Olejka228822: checks 
bojnice21: checks 
*** RIVER *** [Js 5s 8s Jc] [9d]
blakeraiser: checks 
Olejka228822: checks 
bojnice21: checks 
*** SHOW DOWN ***
blakeraiser: shows [7d 8d] (two pair, Jacks and Eights)
Olejka228822: shows [Ac 9c] (two pair, Jacks and Nines)
bojnice21: shows [Qs Ks] (a flush, King high)
bojnice21 collected $0.17 from pot
*** SUMMARY ***
Total pot $0.18 | Rake $0.01 
Board [Js 5s 8s Jc 9d]
Seat 1: Dorex2007 folded before Flop (didn't bet)
Seat 2: calidad1986 folded before Flop (didn't bet)
Seat 3: SlavikPuha folded before Flop (didn't bet)
Seat 4: skathai68 folded before Flop (didn't bet)
Seat 6: bojnice21 (button) showed [Qs Ks] and won ($0.17) with a flush, King high
Seat 8: blakeraiser (small blind) showed [7d 8d] and lost with two pair, Jacks and Eights
Seat 9: Olejka228822 (big blind) showed [Ac 9c] and lost with two pair, Jacks and Nines



PokerStars Hand #231870230623:  Hold'em No Limit ($0.01/$0.02 USD) - 2021/12/01 22:50:23 PT [2021/12/02 1:50:23 ET]
Table 'Chort IV' 9-max Seat #8 is the button
Seat 1: Dorex2007 ($2.29 in chips) 
Seat 2: calidad1986 ($2.95 in chips) 
Seat 3: SlavikPuha ($4.61 in chips) 
Seat 4: skathai68 ($0.72 in chips) 
Seat 6: bojnice21 ($2.23 in chips) 
Seat 8: blakeraiser ($5.92 in chips) 
Seat 9: Olejka228822 ($2 in chips) 
Olejka228822: posts small blind $0.01
Dorex2007: posts big blind $0.02
Sverd1583: sits out 
seferreyra: sits out 
*** HOLE CARDS ***
Dealt to Dorex2007 [9h 3d]
calidad1986: calls $0.02
SlavikPuha: folds 
skathai68: folds 
bojnice21: folds 
blakeraiser: raises $0.02 to $0.04
Olejka228822: folds 
Dorex2007: folds 
calidad1986: calls $0.02
*** FLOP *** [2h Tc Th]
calidad1986: checks 
blakeraiser: bets $0.05
calidad1986: calls $0.05
*** TURN *** [2h Tc Th] [6s]
calidad1986: checks 
blakeraiser: bets $0.06
calidad1986: calls $0.06
*** RIVER *** [2h Tc Th 6s] [Kh]
calidad1986: checks 
blakeraiser: checks 
*** SHOW DOWN ***
calidad1986: shows [6h 8h] (a flush, King high)
blakeraiser: mucks hand 
calidad1986 collected $0.32 from pot
*** SUMMARY ***
Total pot $0.33 | Rake $0.01 
Board [2h Tc Th 6s Kh]
Seat 1: Dorex2007 (big blind) folded before Flop
Seat 2: calidad1986 showed [6h 8h] and won ($0.32) with a flush, King high
Seat 3: SlavikPuha folded before Flop (didn't bet)
Seat 4: skathai68 folded before Flop (didn't bet)
Seat 6: bojnice21 folded before Flop (didn't bet)
Seat 8: blakeraiser (button) mucked [Ks Jh]
Seat 9: Olejka228822 (small blind) folded before Flop



PokerStars Hand #231870238026:  Hold'em No Limit ($0.01/$0.02 USD) - 2021/12/01 22:51:16 PT [2021/12/02 1:51:16 ET]
Table 'Chort IV' 9-max Seat #9 is the button
Seat 1: Dorex2007 ($2.27 in chips) 
Seat 2: calidad1986 ($3.12 in chips) 
Seat 3: SlavikPuha ($4.61 in chips) 
Seat 4: skathai68 ($0.72 in chips) 
Seat 6: bojnice21 ($2.23 in chips) 
Seat 8: blakeraiser ($5.77 in chips) 
Seat 9: Olejka228822 ($2 in chips) 
Dorex2007: posts small blind $0.01
calidad1986: posts big blind $0.02
Sverd1583: sits out 
seferreyra: sits out 
*** HOLE CARDS ***
Dealt to Dorex2007 [Qs 5c]
SlavikPuha: folds 
skathai68: folds 
bojnice21: folds 
blakeraiser: folds 
Olejka228822: folds 
Dorex2007: folds 
Uncalled bet ($0.01) returned to calidad1986
calidad1986 collected $0.02 from pot
calidad1986: doesn't show hand 
*** SUMMARY ***
Total pot $0.02 | Rake $0 
Seat 1: Dorex2007 (small blind) folded before Flop
Seat 2: calidad1986 (big blind) collected ($0.02)
Seat 3: SlavikPuha folded before Flop (didn't bet)
Seat 4: skathai68 folded before Flop (didn't bet)
Seat 6: bojnice21 folded before Flop (didn't bet)
Seat 8: blakeraiser folded before Flop (didn't bet)
Seat 9: Olejka228822 (button) folded before Flop (didn't bet)



PokerStars Hand #231870240619:  Hold'em No Limit ($0.01/$0.02 USD) - 2021/12/01 22:51:34 PT [2021/12/02 1:51:34 ET]
Table 'Chort IV' 9-max Seat #1 is the button
Seat 1: Dorex2007 ($2.26 in chips) 
Seat 2: calidad1986 ($3.13 in chips) 
Seat 3: SlavikPuha ($4.61 in chips) 
Seat 4: skathai68 ($0.72 in chips) 
Seat 6: bojnice21 ($2.23 in chips) 
Seat 9: Olejka228822 ($2 in chips) 
calidad1986: posts small blind $0.01
SlavikPuha: posts big blind $0.02
Sverd1583: sits out 
seferreyra: sits out 
*** HOLE CARDS ***
Dealt to Dorex2007 [3s 8s]
skathai68: calls $0.02
bojnice21: folds 
blakeraiser leaves the table
Olejka228822: folds 
Dorex2007: folds 
calidad1986: calls $0.01
SlavikPuha: raises $0.04 to $0.06
skathai68: calls $0.04
calidad1986: calls $0.04
*** FLOP *** [Jc 9d Ac]
calidad1986: checks 
winagain9 joins the table at seat #8 
SlavikPuha: bets $0.09
skathai68: raises $0.57 to $0.66 and is all-in
calidad1986: folds 
SlavikPuha: calls $0.57
*** TURN *** [Jc 9d Ac] [4h]
*** RIVER *** [Jc 9d Ac 4h] [3d]
*** SHOW DOWN ***
SlavikPuha: shows [Jh 9h] (two pair, Jacks and Nines)
skathai68: shows [Ad Qc] (a pair of Aces)
SlavikPuha cashed out the hand for $0.98 | Cash Out Fee $0.01
skathai68 cashed out the hand for $0.46
*** SUMMARY ***
Total pot $1.50 | Rake $0.05 
Board [Jc 9d Ac 4h 3d]
Seat 1: Dorex2007 (button) folded before Flop (didn't bet)
Seat 2: calidad1986 (small blind) folded on the Flop
Seat 3: SlavikPuha (big blind) showed [Jh 9h] and won ($1.45) with two pair, Jacks and Nines (pot not awarded as player cashed out)
Seat 4: skathai68 showed [Ad Qc] and lost with a pair of Aces (cashed out).
Seat 6: bojnice21 folded before Flop (didn't bet)
Seat 9: Olejka228822 folded before Flop (didn't bet)



PokerStars Hand #231870249064:  Hold'em No Limit ($0.01/$0.02 USD) - 2021/12/01 22:52:35 PT [2021/12/02 1:52:35 ET]
Table 'Chort IV' 9-max Seat #2 is the button
Seat 1: Dorex2007 ($2.26 in chips) 
Seat 2: calidad1986 ($3.07 in chips) 
Seat 3: SlavikPuha ($4.87 in chips) 
Seat 4: skathai68 ($0.46 in chips) 
Seat 6: bojnice21 ($2.23 in chips) 
Seat 9: Olejka228822 ($2 in chips) 
SlavikPuha: posts small blind $0.01
skathai68: posts big blind $0.02
Sverd1583: sits out 
seferreyra: sits out 
winagain9: sits out 
*** HOLE CARDS ***
Dealt to Dorex2007 [6h 2c]
bojnice21: folds 
Olejka228822: folds 
Dorex2007: folds 
calidad1986: folds 
SlavikPuha: raises $0.04 to $0.06
skathai68: folds 
Uncalled bet ($0.04) returned to SlavikPuha
SlavikPuha collected $0.04 from pot
SlavikPuha: doesn't show hand 
*** SUMMARY ***
Total pot $0.04 | Rake $0 
Seat 1: Dorex2007 folded before Flop (didn't bet)
Seat 2: calidad1986 (button) folded before Flop (didn't bet)
Seat 3: SlavikPuha (small blind) collected ($0.04)
Seat 4: skathai68 (big blind) folded before Flop
Seat 6: bojnice21 folded before Flop (didn't bet)
Seat 9: Olejka228822 folded before Flop (didn't bet)



PokerStars Hand #231870251365:  Hold'em No Limit ($0.01/$0.02 USD) - 2021/12/01 22:52:51 PT [2021/12/02 1:52:51 ET]
Table 'Chort IV' 9-max Seat #3 is the button
Seat 1: Dorex2007 ($2.26 in chips) 
Seat 2: calidad1986 ($3.07 in chips) 
Seat 3: SlavikPuha ($4.89 in chips) 
Seat 4: skathai68 ($0.44 in chips) 
Seat 5: Sverd1583 ($0.80 in chips) 
Seat 6: bojnice21 ($2.23 in chips) 
Seat 9: Olejka228822 ($2 in chips) 
skathai68: posts small blind $0.01
Sverd1583: posts big blind $0.02
seferreyra: sits out 
winagain9: sits out 
*** HOLE CARDS ***
Dealt to Dorex2007 [Kd 9c]
bojnice21: folds 
Olejka228822: raises $0.06 to $0.08
Dorex2007: folds 
calidad1986: calls $0.08
SlavikPuha: folds 
skathai68: folds 
Sverd1583: folds 
*** FLOP *** [2d Ah 6c]
Olejka228822: bets $0.04
calidad1986: folds 
Uncalled bet ($0.04) returned to Olejka228822
Olejka228822 collected $0.18 from pot
Olejka228822: doesn't show hand 
*** SUMMARY ***
Total pot $0.19 | Rake $0.01 
Board [2d Ah 6c]
Seat 1: Dorex2007 folded before Flop (didn't bet)
Seat 2: calidad1986 folded on the Flop
Seat 3: SlavikPuha (button) folded before Flop (didn't bet)
Seat 4: skathai68 (small blind) folded before Flop
Seat 5: Sverd1583 (big blind) folded before Flop
Seat 6: bojnice21 folded before Flop (didn't bet)
Seat 9: Olejka228822 collected ($0.18)



PokerStars Hand #231870255180:  Hold'em No Limit ($0.01/$0.02 USD) - 2021/12/01 22:53:18 PT [2021/12/02 1:53:18 ET]
Table 'Chort IV' 9-max Seat #4 is the button
Seat 1: Dorex2007 ($2.26 in chips) 
Seat 2: calidad1986 ($2.99 in chips) 
Seat 3: SlavikPuha ($4.89 in chips) 
Seat 4: skathai68 ($0.43 in chips) 
Seat 5: Sverd1583 ($0.78 in chips) 
Seat 6: bojnice21 ($2.23 in chips) 
Seat 9: Olejka228822 ($2.10 in chips) 
Sverd1583: posts small blind $0.01
bojnice21: posts big blind $0.02
seferreyra: sits out 
winagain9: sits out 
*** HOLE CARDS ***
Dealt to Dorex2007 [4h 8h]
Olejka228822: folds 
Dorex2007: folds 
calidad1986: raises $0.06 to $0.08
SlavikPuha: folds 
skathai68: folds 
Sverd1583: folds 
bojnice21: folds 
Uncalled bet ($0.06) returned to calidad1986
calidad1986 collected $0.05 from pot
calidad1986: doesn't show hand 
*** SUMMARY ***
Total pot $0.05 | Rake $0 
Seat 1: Dorex2007 folded before Flop (didn't bet)
Seat 2: calidad1986 collected ($0.05)
Seat 3: SlavikPuha folded before Flop (didn't bet)
Seat 4: skathai68 (button) folded before Flop (didn't bet)
Seat 5: Sverd1583 (small blind) folded before Flop
Seat 6: bojnice21 (big blind) folded before Flop
Seat 9: Olejka228822 folded before Flop (didn't bet)



PokerStars Hand #231870263757:  Hold'em No Limit ($0.01/$0.02 USD) - 2021/12/01 22:53:45 PT [2021/12/02 1:53:45 ET]
Table 'Chort IV' 9-max Seat #5 is the button
Seat 1: Dorex2007 ($2.26 in chips) 
Seat 2: calidad1986 ($3.02 in chips) 
Seat 3: SlavikPuha ($4.89 in chips) 
Seat 4: skathai68 ($0.43 in chips) 
Seat 5: Sverd1583 ($0.77 in chips) 
Seat 6: bojnice21 ($2.21 in chips) 
Seat 7: seferreyra ($2 in chips) 
Seat 9: Olejka228822 ($2.10 in chips) 
bojnice21: posts small blind $0.01
seferreyra: posts big blind $0.02
winagain9: sits out 
*** HOLE CARDS ***
Dealt to Dorex2007 [9s As]
Olejka228822: folds 
Dorex2007: raises $0.02 to $0.04
calidad1986: folds 
SlavikPuha: raises $0.18 to $0.22
skathai68: folds 
Sverd1583: folds 
bojnice21: folds 
seferreyra: folds 
Dorex2007: folds 
Uncalled bet ($0.18) returned to SlavikPuha
SlavikPuha collected $0.11 from pot
*** SUMMARY ***
Total pot $0.11 | Rake $0 
Seat 1: Dorex2007 folded before Flop
Seat 2: calidad1986 folded before Flop (didn't bet)
Seat 3: SlavikPuha collected ($0.11)
Seat 4: skathai68 folded before Flop (didn't bet)
Seat 5: Sverd1583 (button) folded before Flop (didn't bet)
Seat 6: bojnice21 (small blind) folded before Flop
Seat 7: seferreyra (big blind) folded before Flop
Seat 9: Olejka228822 folded before Flop (didn't bet)



PokerStars Hand #231870267383:  Hold'em No Limit ($0.01/$0.02 USD) - 2021/12/01 22:54:10 PT [2021/12/02 1:54:10 ET]
Table 'Chort IV' 9-max Seat #6 is the button
Seat 1: Dorex2007 ($2.22 in chips) 
Seat 2: calidad1986 ($3.02 in chips) 
Seat 3: SlavikPuha ($4.96 in chips) 
Seat 4: skathai68 ($0.43 in chips) 
Seat 5: Sverd1583 ($0.77 in chips) 
Seat 6: bojnice21 ($2.20 in chips) 
Seat 7: seferreyra ($1.98 in chips) 
Seat 8: winagain9 ($1.60 in chips) 
Seat 9: Olejka228822 ($2.10 in chips) 
seferreyra: posts small blind $0.01
winagain9: posts big blind $0.02
*** HOLE CARDS ***
Dealt to Dorex2007 [5s 5h]
Olejka228822 has timed out
Olejka228822: folds 
Dorex2007: calls $0.02
calidad1986: folds 
SlavikPuha: folds 
skathai68: folds 
Sverd1583: folds 
bojnice21: folds 
seferreyra: folds 
winagain9: checks 
*** FLOP *** [6s Qs 9c]
winagain9: bets $0.04
Dorex2007: raises $0.06 to $0.10
winagain9: folds 
Uncalled bet ($0.06) returned to Dorex2007
Dorex2007 collected $0.13 from pot
Dorex2007: doesn't show hand 
*** SUMMARY ***
Total pot $0.13 | Rake $0 
Board [6s Qs 9c]
Seat 1: Dorex2007 collected ($0.13)
Seat 2: calidad1986 folded before Flop (didn't bet)
Seat 3: SlavikPuha folded before Flop (didn't bet)
Seat 4: skathai68 folded before Flop (didn't bet)
Seat 5: Sverd1583 folded before Flop (didn't bet)
Seat 6: bojnice21 (button) folded before Flop (didn't bet)
Seat 7: seferreyra (small blind) folded before Flop
Seat 8: winagain9 (big blind) folded on the Flop
Seat 9: Olejka228822 folded before Flop (didn't bet)



PokerStars Hand #231870272572:  Hold'em No Limit ($0.01/$0.02 USD) - 2021/12/01 22:54:47 PT [2021/12/02 1:54:47 ET]
Table 'Chort IV' 9-max Seat #7 is the button
Seat 1: Dorex2007 ($2.29 in chips) 
Seat 2: calidad1986 ($3.02 in chips) 
Seat 3: SlavikPuha ($4.96 in chips) 
Seat 4: skathai68 ($0.43 in chips) 
Seat 5: Sverd1583 ($0.77 in chips) 
Seat 6: bojnice21 ($2.20 in chips) 
Seat 7: seferreyra ($1.97 in chips) 
Seat 8: winagain9 ($1.54 in chips) 
Seat 9: Olejka228822 ($2.10 in chips) 
winagain9: posts small blind $0.01
Olejka228822: posts big blind $0.02
*** HOLE CARDS ***
Dealt to Dorex2007 [5h 9h]
Dorex2007: folds 
calidad1986: folds 
SlavikPuha: raises $0.04 to $0.06
skathai68: folds 
Sverd1583: folds 
bojnice21: folds 
seferreyra: folds 
winagain9: folds 
Olejka228822: calls $0.04
*** FLOP *** [8d 2h 5c]
Olejka228822: checks 
SlavikPuha: bets $0.07
Olejka228822: raises $0.15 to $0.22
SlavikPuha: folds 
Uncalled bet ($0.15) returned to Olejka228822
Olejka228822 collected $0.26 from pot
Olejka228822: doesn't show hand 
*** SUMMARY ***
Total pot $0.27 | Rake $0.01 
Board [8d 2h 5c]
Seat 1: Dorex2007 folded before Flop (didn't bet)
Seat 2: calidad1986 folded before Flop (didn't bet)
Seat 3: SlavikPuha folded on the Flop
Seat 4: skathai68 folded before Flop (didn't bet)
Seat 5: Sverd1583 folded before Flop (didn't bet)
Seat 6: bojnice21 folded before Flop (didn't bet)
Seat 7: seferreyra (button) folded before Flop (didn't bet)
Seat 8: winagain9 (small blind) folded before Flop
Seat 9: Olejka228822 (big blind) collected ($0.26)



PokerStars Hand #231870277792:  Hold'em No Limit ($0.01/$0.02 USD) - 2021/12/01 22:55:27 PT [2021/12/02 1:55:27 ET]
Table 'Chort IV' 9-max Seat #8 is the button
Seat 1: Dorex2007 ($2.29 in chips) 
Seat 2: calidad1986 ($3.02 in chips) 
Seat 3: SlavikPuha ($4.83 in chips) 
Seat 4: skathai68 ($0.43 in chips) 
Seat 5: Sverd1583 ($0.77 in chips) 
Seat 6: bojnice21 ($2.20 in chips) 
Seat 7: seferreyra ($1.97 in chips) 
Seat 8: winagain9 ($1.53 in chips) 
Seat 9: Olejka228822 ($2.23 in chips) 
Olejka228822: posts small blind $0.01
Dorex2007: posts big blind $0.02
*** HOLE CARDS ***
Dealt to Dorex2007 [Kh Qs]
calidad1986: calls $0.02
SlavikPuha: folds 
skathai68: folds 
Sverd1583: folds 
bojnice21: folds 
seferreyra: raises $0.04 to $0.06
winagain9: folds 
Olejka228822: folds 
Dorex2007: calls $0.04
calidad1986: calls $0.04
*** FLOP *** [3s 8c 9c]
Dorex2007: checks 
calidad1986: checks 
seferreyra: checks 
*** TURN *** [3s 8c 9c] [Qh]
Dorex2007: bets $0.12
calidad1986: folds 
seferreyra: folds 
Uncalled bet ($0.12) returned to Dorex2007
Dorex2007 collected $0.18 from pot
Dorex2007: doesn't show hand 
*** SUMMARY ***
Total pot $0.19 | Rake $0.01 
Board [3s 8c 9c Qh]
Seat 1: Dorex2007 (big blind) collected ($0.18)
Seat 2: calidad1986 folded on the Turn
Seat 3: SlavikPuha folded before Flop (didn't bet)
Seat 4: skathai68 folded before Flop (didn't bet)
Seat 5: Sverd1583 folded before Flop (didn't bet)
Seat 6: bojnice21 folded before Flop (didn't bet)
Seat 7: seferreyra folded on the Turn
Seat 8: winagain9 (button) folded before Flop (didn't bet)
Seat 9: Olejka228822 (small blind) folded before Flop



PokerStars Hand #231870292471:  Hold'em No Limit ($0.01/$0.02 USD) - 2021/12/01 22:56:32 PT [2021/12/02 1:56:32 ET]
Table 'Chort IV' 9-max Seat #9 is the button
Seat 1: Dorex2007 ($2.41 in chips) 
Seat 2: calidad1986 ($2.96 in chips) 
Seat 3: SlavikPuha ($4.83 in chips) 
Seat 4: skathai68 ($0.43 in chips) 
Seat 5: Sverd1583 ($0.77 in chips) 
Seat 6: bojnice21 ($2.20 in chips) 
Seat 7: seferreyra ($1.91 in chips) 
Seat 8: winagain9 ($1.53 in chips) 
Seat 9: Olejka228822 ($2.22 in chips) 
Dorex2007: posts small blind $0.01
calidad1986: posts big blind $0.02
*** HOLE CARDS ***
Dealt to Dorex2007 [5s 5h]
SlavikPuha: folds 
skathai68: folds 
Sverd1583: folds 
bojnice21: raises $0.04 to $0.06
seferreyra: folds 
winagain9: calls $0.06
Olejka228822: calls $0.06
Dorex2007: calls $0.05
calidad1986: folds 
*** FLOP *** [9s 8d 6h]
Dorex2007: checks 
bojnice21: checks 
winagain9: bets $0.06
Olejka228822: calls $0.06
Dorex2007: folds 
bojnice21: folds 
*** TURN *** [9s 8d 6h] [4s]
seferreyra leaves the table
winagain9: checks 
Olejka228822: bets $0.28
winagain9: calls $0.28
*** RIVER *** [9s 8d 6h 4s] [3d]
winagain9: checks 
Olejka228822: checks 
*** SHOW DOWN ***
winagain9: shows [Td Qd] (high card Queen)
Olejka228822: shows [Ad Jc] (high card Ace)
Olejka228822 collected $0.91 from pot
*** SUMMARY ***
Total pot $0.94 | Rake $0.03 
Board [9s 8d 6h 4s 3d]
Seat 1: Dorex2007 (small blind) folded on the Flop
Seat 2: calidad1986 (big blind) folded before Flop
Seat 3: SlavikPuha folded before Flop (didn't bet)
Seat 4: skathai68 folded before Flop (didn't bet)
Seat 5: Sverd1583 folded before Flop (didn't bet)
Seat 6: bojnice21 folded on the Flop
Seat 7: seferreyra folded before Flop (didn't bet)
Seat 8: winagain9 showed [Td Qd] and lost with high card Queen
Seat 9: Olejka228822 (button) showed [Ad Jc] and won ($0.91) with high card Ace



PokerStars Hand #231870300406:  Hold'em No Limit ($0.01/$0.02 USD) - 2021/12/01 22:57:37 PT [2021/12/02 1:57:37 ET]
Table 'Chort IV' 9-max Seat #1 is the button
Seat 1: Dorex2007 ($2.35 in chips) 
Seat 2: calidad1986 ($2.94 in chips) 
Seat 3: SlavikPuha ($4.83 in chips) 
Seat 4: skathai68 ($0.43 in chips) 
Seat 5: Sverd1583 ($0.77 in chips) 
Seat 6: bojnice21 ($2.14 in chips) 
Seat 8: winagain9 ($1.13 in chips) 
Seat 9: Olejka228822 ($2.73 in chips) 
calidad1986: posts small blind $0.01
SlavikPuha: posts big blind $0.02
*** HOLE CARDS ***
Dealt to Dorex2007 [2s 8c]
skathai68: folds 
Sverd1583: folds 
bojnice21: folds 
winagain9: folds 
Olejka228822: folds 
Dorex2007: folds 
calidad1986: folds 
Uncalled bet ($0.01) returned to SlavikPuha
SlavikPuha collected $0.02 from pot
*** SUMMARY ***
Total pot $0.02 | Rake $0 
Seat 1: Dorex2007 (button) folded before Flop (didn't bet)
Seat 2: calidad1986 (small blind) folded before Flop
Seat 3: SlavikPuha (big blind) collected ($0.02)
Seat 4: skathai68 folded before Flop (didn't bet)
Seat 5: Sverd1583 folded before Flop (didn't bet)
Seat 6: bojnice21 folded before Flop (didn't bet)
Seat 8: winagain9 folded before Flop (didn't bet)
Seat 9: Olejka228822 folded before Flop (didn't bet)



PokerStars Hand #231870301697:  Hold'em No Limit ($0.01/$0.02 USD) - 2021/12/01 22:57:47 PT [2021/12/02 1:57:47 ET]
Table 'Chort IV' 9-max Seat #2 is the button
Seat 1: Dorex2007 ($2.35 in chips) 
Seat 2: calidad1986 ($2.93 in chips) 
Seat 3: SlavikPuha ($4.84 in chips) 
Seat 4: skathai68 ($0.43 in chips) 
Seat 5: Sverd1583 ($0.77 in chips) 
Seat 8: winagain9 ($1.13 in chips) 
Seat 9: Olejka228822 ($2.73 in chips) 
bojnice21 leaves the table
SlavikPuha: posts small blind $0.01
skathai68: posts big blind $0.02
*** HOLE CARDS ***
Dealt to Dorex2007 [Qh 4c]
Sverd1583: folds 
winagain9: calls $0.02
Olejka228822: folds 
Dorex2007: folds 
calidad1986: folds 
SlavikPuha: raises $0.04 to $0.06
skathai68: folds 
winagain9: calls $0.04
*** FLOP *** [9h 3d 9d]
SlavikPuha: checks 
winagain9: bets $0.12
SlavikPuha: folds 
Uncalled bet ($0.12) returned to winagain9
winagain9 collected $0.14 from pot
winagain9: doesn't show hand 
*** SUMMARY ***
Total pot $0.14 | Rake $0 
Board [9h 3d 9d]
Seat 1: Dorex2007 folded before Flop (didn't bet)
Seat 2: calidad1986 (button) folded before Flop (didn't bet)
Seat 3: SlavikPuha (small blind) folded on the Flop
Seat 4: skathai68 (big blind) folded before Flop
Seat 5: Sverd1583 folded before Flop (didn't bet)
Seat 8: winagain9 collected ($0.14)
Seat 9: Olejka228822 folded before Flop (didn't bet)



PokerStars Hand #231870306120:  Hold'em No Limit ($0.01/$0.02 USD) - 2021/12/01 22:58:24 PT [2021/12/02 1:58:24 ET]
Table 'Chort IV' 9-max Seat #3 is the button
Seat 1: Dorex2007 ($2.35 in chips) 
Seat 2: calidad1986 ($2.93 in chips) 
Seat 3: SlavikPuha ($4.78 in chips) 
Seat 4: skathai68 ($0.41 in chips) 
Seat 5: Sverd1583 ($0.77 in chips) 
Seat 8: winagain9 ($1.21 in chips) 
Seat 9: Olejka228822 ($2.73 in chips) 
skathai68: posts small blind $0.01
Sverd1583: posts big blind $0.02
*** HOLE CARDS ***
Dealt to Dorex2007 [Qd 8c]
winagain9: folds 
Olejka228822: folds 
Dorex2007: folds 
calidad1986: raises $0.04 to $0.06
SlavikPuha: calls $0.06
skathai68: folds 
BUTAW701 joins the table at seat #6 
Sverd1583: folds 
*** FLOP *** [Qc 5c 6h]
calidad1986: bets $0.08
SlavikPuha: folds 
Uncalled bet ($0.08) returned to calidad1986
calidad1986 collected $0.14 from pot
calidad1986: doesn't show hand 
*** SUMMARY ***
Total pot $0.15 | Rake $0.01 
Board [Qc 5c 6h]
Seat 1: Dorex2007 folded before Flop (didn't bet)
Seat 2: calidad1986 collected ($0.14)
Seat 3: SlavikPuha (button) folded on the Flop
Seat 4: skathai68 (small blind) folded before Flop
Seat 5: Sverd1583 (big blind) folded before Flop
Seat 8: winagain9 folded before Flop (didn't bet)
Seat 9: Olejka228822 folded before Flop (didn't bet)



PokerStars Hand #231870308929:  Hold'em No Limit ($0.01/$0.02 USD) - 2021/12/01 22:58:47 PT [2021/12/02 1:58:47 ET]
Table 'Chort IV' 9-max Seat #4 is the button
Seat 1: Dorex2007 ($2.35 in chips) 
Seat 2: calidad1986 ($3.01 in chips) 
Seat 3: SlavikPuha ($4.72 in chips) 
Seat 4: skathai68 ($0.40 in chips) 
Seat 5: Sverd1583 ($0.75 in chips) 
Seat 6: BUTAW701 ($2 in chips) 
Seat 8: winagain9 ($1.21 in chips) 
Seat 9: Olejka228822 ($2.73 in chips) 
Sverd1583: posts small blind $0.01
BUTAW701: posts big blind $0.02
*** HOLE CARDS ***
Dealt to Dorex2007 [Js 6s]
winagain9: calls $0.02
Olejka228822: raises $0.04 to $0.06
Dorex2007: folds 
calidad1986: folds 
SlavikPuha: folds 
skathai68: folds 
Sverd1583: raises $0.69 to $0.75 and is all-in
BUTAW701: folds 
winagain9: folds 
Olejka228822: folds 
Uncalled bet ($0.69) returned to Sverd1583
Sverd1583 collected $0.16 from pot
Sverd1583: doesn't show hand 
*** SUMMARY ***
Total pot $0.16 | Rake $0 
Seat 1: Dorex2007 folded before Flop (didn't bet)
Seat 2: calidad1986 folded before Flop (didn't bet)
Seat 3: SlavikPuha folded before Flop (didn't bet)
Seat 4: skathai68 (button) folded before Flop (didn't bet)
Seat 5: Sverd1583 (small blind) collected ($0.16)
Seat 6: BUTAW701 (big blind) folded before Flop
Seat 8: winagain9 folded before Flop
Seat 9: Olejka228822 folded before Flop



PokerStars Hand #231870311658:  Hold'em No Limit ($0.01/$0.02 USD) - 2021/12/01 22:59:10 PT [2021/12/02 1:59:10 ET]
Table 'Chort IV' 9-max Seat #5 is the button
Seat 1: Dorex2007 ($2.35 in chips) 
Seat 2: calidad1986 ($3.01 in chips) 
Seat 3: SlavikPuha ($4.72 in chips) 
Seat 4: skathai68 ($0.40 in chips) 
Seat 5: Sverd1583 ($0.85 in chips) 
Seat 6: BUTAW701 ($1.98 in chips) 
Seat 8: winagain9 ($1.19 in chips) 
Seat 9: Olejka228822 ($2.67 in chips) 
BUTAW701: posts small blind $0.01
winagain9: posts big blind $0.02
*** HOLE CARDS ***
Dealt to Dorex2007 [6h 7h]
Olejka228822: folds 
Dorex2007: folds 
calidad1986: folds 
SlavikPuha: folds 
skathai68: folds 
skathai68 leaves the table
Sverd1583: folds 
BUTAW701: raises $0.04 to $0.06
winagain9: calls $0.04
*** FLOP *** [As 8h 5s]
BUTAW701: bets $0.06
winagain9: folds 
Uncalled bet ($0.06) returned to BUTAW701
BUTAW701 collected $0.12 from pot
BUTAW701: doesn't show hand 
*** SUMMARY ***
Total pot $0.12 | Rake $0 
Board [As 8h 5s]
Seat 1: Dorex2007 folded before Flop (didn't bet)
Seat 2: calidad1986 folded before Flop (didn't bet)
Seat 3: SlavikPuha folded before Flop (didn't bet)
Seat 4: skathai68 folded before Flop (didn't bet)
Seat 5: Sverd1583 (button) folded before Flop (didn't bet)
Seat 6: BUTAW701 (small blind) collected ($0.12)
Seat 8: winagain9 (big blind) folded on the Flop
Seat 9: Olejka228822 folded before Flop (didn't bet)



PokerStars Hand #231870315002:  Hold'em No Limit ($0.01/$0.02 USD) - 2021/12/01 22:59:39 PT [2021/12/02 1:59:39 ET]
Table 'Chort IV' 9-max Seat #6 is the button
Seat 1: Dorex2007 ($2.35 in chips) 
Seat 2: calidad1986 ($3.01 in chips) 
Seat 3: SlavikPuha ($4.72 in chips) 
Seat 5: Sverd1583 ($0.85 in chips) 
Seat 6: BUTAW701 ($2.04 in chips) 
Seat 8: winagain9 ($1.13 in chips) 
Seat 9: Olejka228822 ($2.67 in chips) 
winagain9: posts small blind $0.01
Olejka228822: posts big blind $0.02
*** HOLE CARDS ***
Dealt to Dorex2007 [6d 5d]
Dorex2007: folds 
calidad1986: folds 
SlavikPuha: folds 
Sverd1583: raises $0.04 to $0.06
BUTAW701: calls $0.06
winagain9: folds 
Olejka228822: folds 
*** FLOP *** [Ks 7s 2s]
Sverd1583: bets $0.06
BUTAW701: calls $0.06
*** TURN *** [Ks 7s 2s] [9s]
Sverd1583: checks 
BUTAW701: bets $0.06
Sverd1583: calls $0.06
*** RIVER *** [Ks 7s 2s 9s] [4s]
Sverd1583: checks 
BUTAW701: bets $0.38
Sverd1583: folds 
Uncalled bet ($0.38) returned to BUTAW701
BUTAW701 collected $0.38 from pot
BUTAW701: doesn't show hand 
*** SUMMARY ***
Total pot $0.39 | Rake $0.01 
Board [Ks 7s 2s 9s 4s]
Seat 1: Dorex2007 folded before Flop (didn't bet)
Seat 2: calidad1986 folded before Flop (didn't bet)
Seat 3: SlavikPuha folded before Flop (didn't bet)
Seat 5: Sverd1583 folded on the River
Seat 6: BUTAW701 (button) collected ($0.38)
Seat 8: winagain9 (small blind) folded before Flop
Seat 9: Olejka228822 (big blind) folded before Flop



PokerStars Hand #231870319841:  Hold'em No Limit ($0.01/$0.02 USD) - 2021/12/01 23:00:17 PT [2021/12/02 2:00:17 ET]
Table 'Chort IV' 9-max Seat #8 is the button
Seat 1: Dorex2007 ($2.35 in chips) 
Seat 2: calidad1986 ($3.01 in chips) 
Seat 3: SlavikPuha ($4.72 in chips) 
Seat 5: Sverd1583 ($0.67 in chips) 
Seat 6: BUTAW701 ($2.24 in chips) 
Seat 8: winagain9 ($1.12 in chips) 
Seat 9: Olejka228822 ($2.65 in chips) 
Olejka228822: posts small blind $0.01
Dorex2007: posts big blind $0.02
*** HOLE CARDS ***
Dealt to Dorex2007 [6d 3h]
calidad1986: folds 
SlavikPuha: raises $0.04 to $0.06
Sverd1583: calls $0.06
BUTAW701: folds 
winagain9: folds 
Olejka228822: folds 
Dorex2007: folds 
*** FLOP *** [Kc Qh 9c]
SlavikPuha: bets $0.10
Sverd1583: folds 
Uncalled bet ($0.10) returned to SlavikPuha
SlavikPuha collected $0.14 from pot
SlavikPuha: doesn't show hand 
*** SUMMARY ***
Total pot $0.15 | Rake $0.01 
Board [Kc Qh 9c]
Seat 1: Dorex2007 (big blind) folded before Flop
Seat 2: calidad1986 folded before Flop (didn't bet)
Seat 3: SlavikPuha collected ($0.14)
Seat 5: Sverd1583 folded on the Flop
Seat 6: BUTAW701 folded before Flop (didn't bet)
Seat 8: winagain9 (button) folded before Flop (didn't bet)
Seat 9: Olejka228822 (small blind) folded before Flop



PokerStars Hand #231870322413:  Hold'em No Limit ($0.01/$0.02 USD) - 2021/12/01 23:00:37 PT [2021/12/02 2:00:37 ET]
Table 'Chort IV' 9-max Seat #9 is the button
Seat 1: Dorex2007 ($2.33 in chips) 
Seat 2: calidad1986 ($3.01 in chips) 
Seat 3: SlavikPuha ($4.80 in chips) 
Seat 5: Sverd1583 ($0.61 in chips) 
Seat 6: BUTAW701 ($2.24 in chips) 
Seat 8: winagain9 ($1.12 in chips) 
Seat 9: Olejka228822 ($2.64 in chips) 
Dorex2007: posts small blind $0.01
calidad1986: posts big blind $0.02
*** HOLE CARDS ***
Dealt to Dorex2007 [7s 9c]
SlavikPuha: folds 
Sverd1583: raises $0.04 to $0.06
BUTAW701: folds 
winagain9: folds 
Olejka228822: folds 
Dorex2007: folds 
calidad1986: calls $0.04
*** FLOP *** [Ad 8d 7h]
calidad1986: checks 
Sverd1583: bets $0.13
calidad1986: folds 
Uncalled bet ($0.13) returned to Sverd1583
Sverd1583 collected $0.13 from pot
Sverd1583: doesn't show hand 
*** SUMMARY ***
Total pot $0.13 | Rake $0 
Board [Ad 8d 7h]
Seat 1: Dorex2007 (small blind) folded before Flop
Seat 2: calidad1986 (big blind) folded on the Flop
Seat 3: SlavikPuha folded before Flop (didn't bet)
Seat 5: Sverd1583 collected ($0.13)
Seat 6: BUTAW701 folded before Flop (didn't bet)
Seat 8: winagain9 folded before Flop (didn't bet)
Seat 9: Olejka228822 (button) folded before Flop (didn't bet)



PokerStars Hand #231870325659:  Hold'em No Limit ($0.01/$0.02 USD) - 2021/12/01 23:01:01 PT [2021/12/02 2:01:01 ET]
Table 'Chort IV' 9-max Seat #1 is the button
Seat 1: Dorex2007 ($2.32 in chips) 
Seat 2: calidad1986 ($2.95 in chips) 
Seat 3: SlavikPuha ($4.80 in chips) 
Seat 5: Sverd1583 ($0.68 in chips) 
Seat 6: BUTAW701 ($2.24 in chips) 
Seat 8: winagain9 ($1.12 in chips) 
Seat 9: Olejka228822 ($2.64 in chips) 
calidad1986: posts small blind $0.01
SlavikPuha: posts big blind $0.02
*** HOLE CARDS ***
Dealt to Dorex2007 [7s As]
Sverd1583: folds 
BUTAW701: folds 
winagain9: folds 
Olejka228822: folds 
Dorex2007: raises $0.04 to $0.06
UltiOgs joins the table at seat #4 
calidad1986: folds 
SlavikPuha: folds 
Uncalled bet ($0.04) returned to Dorex2007
Dorex2007 collected $0.05 from pot
Dorex2007: doesn't show hand 
*** SUMMARY ***
Total pot $0.05 | Rake $0 
Seat 1: Dorex2007 (button) collected ($0.05)
Seat 2: calidad1986 (small blind) folded before Flop
Seat 3: SlavikPuha (big blind) folded before Flop
Seat 5: Sverd1583 folded before Flop (didn't bet)
Seat 6: BUTAW701 folded before Flop (didn't bet)
Seat 8: winagain9 folded before Flop (didn't bet)
Seat 9: Olejka228822 folded before Flop (didn't bet)



PokerStars Hand #231870330596:  Hold'em No Limit ($0.01/$0.02 USD) - 2021/12/01 23:01:18 PT [2021/12/02 2:01:18 ET]
Table 'Chort IV' 9-max Seat #2 is the button
Seat 1: Dorex2007 ($2.35 in chips) 
Seat 2: calidad1986 ($2.94 in chips) 
Seat 3: SlavikPuha ($4.78 in chips) 
Seat 4: UltiOgs ($2 in chips) 
Seat 5: Sverd1583 ($0.68 in chips) 
Seat 6: BUTAW701 ($2.24 in chips) 
Seat 8: winagain9 ($1.12 in chips) 
Seat 9: Olejka228822 ($2.64 in chips) 
SlavikPuha: posts small blind $0.01
UltiOgs: posts big blind $0.02
*** HOLE CARDS ***
Dealt to Dorex2007 [4s 5c]
Sverd1583: folds 
BUTAW701: raises $0.04 to $0.06
winagain9: folds 
Olejka228822: folds 
Dorex2007: folds 
calidad1986: folds 
SlavikPuha: folds 
UltiOgs: folds 
Uncalled bet ($0.04) returned to BUTAW701
BUTAW701 collected $0.05 from pot
BUTAW701: doesn't show hand 
*** SUMMARY ***
Total pot $0.05 | Rake $0 
Seat 1: Dorex2007 folded before Flop (didn't bet)
Seat 2: calidad1986 (button) folded before Flop (didn't bet)
Seat 3: SlavikPuha (small blind) folded before Flop
Seat 4: UltiOgs (big blind) folded before Flop
Seat 5: Sverd1583 folded before Flop (didn't bet)
Seat 6: BUTAW701 collected ($0.05)
Seat 8: winagain9 folded before Flop (didn't bet)
Seat 9: Olejka228822 folded before Flop (didn't bet)



PokerStars Hand #231870332246:  Hold'em No Limit ($0.01/$0.02 USD) - 2021/12/01 23:01:30 PT [2021/12/02 2:01:30 ET]
Table 'Chort IV' 9-max Seat #3 is the button
Seat 1: Dorex2007 ($2.35 in chips) 
Seat 2: calidad1986 ($2.94 in chips) 
Seat 3: SlavikPuha ($4.77 in chips) 
Seat 4: UltiOgs ($2 in chips) 
Seat 5: Sverd1583 ($0.68 in chips) 
Seat 6: BUTAW701 ($2.27 in chips) 
Seat 8: winagain9 ($1.12 in chips) 
Seat 9: Olejka228822 ($2.64 in chips) 
UltiOgs: posts small blind $0.01
Sverd1583: posts big blind $0.02
*** HOLE CARDS ***
Dealt to Dorex2007 [9s 5h]
BUTAW701: folds 
winagain9: folds 
Olejka228822: folds 
Dorex2007: folds 
calidad1986: raises $0.04 to $0.06
SlavikPuha: calls $0.06
UltiOgs: folds 
Sverd1583: folds 
*** FLOP *** [5d Ah Jd]
calidad1986: bets $0.08
SlavikPuha: folds 
Uncalled bet ($0.08) returned to calidad1986
calidad1986 collected $0.14 from pot
calidad1986: doesn't show hand 
*** SUMMARY ***
Total pot $0.15 | Rake $0.01 
Board [5d Ah Jd]
Seat 1: Dorex2007 folded before Flop (didn't bet)
Seat 2: calidad1986 collected ($0.14)
Seat 3: SlavikPuha (button) folded on the Flop
Seat 4: UltiOgs (small blind) folded before Flop
Seat 5: Sverd1583 (big blind) folded before Flop
Seat 6: BUTAW701 folded before Flop (didn't bet)
Seat 8: winagain9 folded before Flop (didn't bet)
Seat 9: Olejka228822 folded before Flop (didn't bet)



PokerStars Hand #231870335070:  Hold'em No Limit ($0.01/$0.02 USD) - 2021/12/01 23:01:51 PT [2021/12/02 2:01:51 ET]
Table 'Chort IV' 9-max Seat #4 is the button
Seat 1: Dorex2007 ($2.35 in chips) 
Seat 2: calidad1986 ($3.02 in chips) 
Seat 3: SlavikPuha ($4.71 in chips) 
Seat 4: UltiOgs ($2 in chips) 
Seat 5: Sverd1583 ($0.66 in chips) 
Seat 6: BUTAW701 ($2.27 in chips) 
Seat 8: winagain9 ($1.12 in chips) 
Seat 9: Olejka228822 ($2.64 in chips) 
Sverd1583: posts small blind $0.01
BUTAW701: posts big blind $0.02
*** HOLE CARDS ***
Dealt to Dorex2007 [3d 4c]
winagain9: folds 
Olejka228822: folds 
Dorex2007: folds 
calidad1986: folds 
SlavikPuha: folds 
UltiOgs: raises $0.04 to $0.06
Sverd1583: folds 
BUTAW701: folds 
Uncalled bet ($0.04) returned to UltiOgs
UltiOgs collected $0.05 from pot
UltiOgs: doesn't show hand 
*** SUMMARY ***
Total pot $0.05 | Rake $0 
Seat 1: Dorex2007 folded before Flop (didn't bet)
Seat 2: calidad1986 folded before Flop (didn't bet)
Seat 3: SlavikPuha folded before Flop (didn't bet)
Seat 4: UltiOgs (button) collected ($0.05)
Seat 5: Sverd1583 (small blind) folded before Flop
Seat 6: BUTAW701 (big blind) folded before Flop
Seat 8: winagain9 folded before Flop (didn't bet)
Seat 9: Olejka228822 folded before Flop (didn't bet)



PokerStars Hand #231870337749:  Hold'em No Limit ($0.01/$0.02 USD) - 2021/12/01 23:02:10 PT [2021/12/02 2:02:10 ET]
Table 'Chort IV' 9-max Seat #5 is the button
Seat 1: Dorex2007 ($2.35 in chips) 
Seat 2: calidad1986 ($3.02 in chips) 
Seat 3: SlavikPuha ($4.71 in chips) 
Seat 4: UltiOgs ($2.03 in chips) 
Seat 5: Sverd1583 ($0.65 in chips) 
Seat 6: BUTAW701 ($2.25 in chips) 
Seat 8: winagain9 ($1.12 in chips) 
Seat 9: Olejka228822 ($2.64 in chips) 
BUTAW701: posts small blind $0.01
winagain9: posts big blind $0.02
*** HOLE CARDS ***
Dealt to Dorex2007 [Ac 5h]
Olejka228822: folds 
Dorex2007: folds 
calidad1986: folds 
goho97 joins the table at seat #7 
SlavikPuha: folds 
UltiOgs: folds 
Sverd1583: folds 
BUTAW701: folds 
Uncalled bet ($0.01) returned to winagain9
winagain9 collected $0.02 from pot
winagain9: doesn't show hand 
*** SUMMARY ***
Total pot $0.02 | Rake $0 
Seat 1: Dorex2007 folded before Flop (didn't bet)
Seat 2: calidad1986 folded before Flop (didn't bet)
Seat 3: SlavikPuha folded before Flop (didn't bet)
Seat 4: UltiOgs folded before Flop (didn't bet)
Seat 5: Sverd1583 (button) folded before Flop (didn't bet)
Seat 6: BUTAW701 (small blind) folded before Flop
Seat 8: winagain9 (big blind) collected ($0.02)
Seat 9: Olejka228822 folded before Flop (didn't bet)



PokerStars Hand #231870339926:  Hold'em No Limit ($0.01/$0.02 USD) - 2021/12/01 23:02:25 PT [2021/12/02 2:02:25 ET]
Table 'Chort IV' 9-max Seat #6 is the button
Seat 1: Dorex2007 ($2.35 in chips) 
Seat 2: calidad1986 ($3.02 in chips) 
Seat 3: SlavikPuha ($4.71 in chips) 
Seat 4: UltiOgs ($2.03 in chips) 
Seat 5: Sverd1583 ($0.65 in chips) 
Seat 6: BUTAW701 ($2.24 in chips) 
Seat 8: winagain9 ($1.13 in chips) 
Seat 9: Olejka228822 ($2.64 in chips) 
winagain9: posts small blind $0.01
Olejka228822: posts big blind $0.02
*** HOLE CARDS ***
Dealt to Dorex2007 [5s Jc]
Dorex2007: folds 
calidad1986: folds 
SlavikPuha: folds 
UltiOgs: folds 
Sverd1583: folds 
BUTAW701: raises $0.04 to $0.06
winagain9: folds 
Olejka228822: folds 
Uncalled bet ($0.04) returned to BUTAW701
BUTAW701 collected $0.05 from pot
BUTAW701: doesn't show hand 
*** SUMMARY ***
Total pot $0.05 | Rake $0 
Seat 1: Dorex2007 folded before Flop (didn't bet)
Seat 2: calidad1986 folded before Flop (didn't bet)
Seat 3: SlavikPuha folded before Flop (didn't bet)
Seat 4: UltiOgs folded before Flop (didn't bet)
Seat 5: Sverd1583 folded before Flop (didn't bet)
Seat 6: BUTAW701 (button) collected ($0.05)
Seat 8: winagain9 (small blind) folded before Flop
Seat 9: Olejka228822 (big blind) folded before Flop



PokerStars Hand #231870341800:  Hold'em No Limit ($0.01/$0.02 USD) - 2021/12/01 23:02:38 PT [2021/12/02 2:02:38 ET]
Table 'Chort IV' 9-max Seat #8 is the button
Seat 1: Dorex2007 ($2.35 in chips) 
Seat 2: calidad1986 ($3.02 in chips) 
Seat 3: SlavikPuha ($4.71 in chips) 
Seat 4: UltiOgs ($2.03 in chips) 
Seat 5: Sverd1583 ($0.65 in chips) 
Seat 6: BUTAW701 ($2.27 in chips) 
Seat 7: goho97 ($0.80 in chips) 
Seat 8: winagain9 ($1.12 in chips) 
Seat 9: Olejka228822 ($2.62 in chips) 
Olejka228822: posts small blind $0.01
Dorex2007: posts big blind $0.02
goho97: posts big blind $0.02
*** HOLE CARDS ***
Dealt to Dorex2007 [6d 4s]
calidad1986: folds 
SlavikPuha: folds 
UltiOgs: raises $2.01 to $2.03 and is all-in
Sverd1583: folds 
BUTAW701: folds 
goho97: folds 
winagain9: folds 
Olejka228822: folds 
Dorex2007: folds 
Uncalled bet ($2.01) returned to UltiOgs
UltiOgs collected $0.07 from pot
UltiOgs: doesn't show hand 
*** SUMMARY ***
Total pot $0.07 | Rake $0 
Seat 1: Dorex2007 (big blind) folded before Flop
Seat 2: calidad1986 folded before Flop (didn't bet)
Seat 3: SlavikPuha folded before Flop (didn't bet)
Seat 4: UltiOgs collected ($0.07)
Seat 5: Sverd1583 folded before Flop (didn't bet)
Seat 6: BUTAW701 folded before Flop (didn't bet)
Seat 7: goho97 folded before Flop (didn't bet)
Seat 8: winagain9 (button) folded before Flop (didn't bet)
Seat 9: Olejka228822 (small blind) folded before Flop



PokerStars Hand #231870344184:  Hold'em No Limit ($0.01/$0.02 USD) - 2021/12/01 23:02:55 PT [2021/12/02 2:02:55 ET]
Table 'Chort IV' 9-max Seat #9 is the button
Seat 1: Dorex2007 ($2.33 in chips) 
Seat 2: calidad1986 ($3.02 in chips) 
Seat 3: SlavikPuha ($4.71 in chips) 
Seat 4: UltiOgs ($2.08 in chips) 
Seat 5: Sverd1583 ($0.65 in chips) 
Seat 6: BUTAW701 ($2.27 in chips) 
Seat 7: goho97 ($0.78 in chips) 
Seat 8: winagain9 ($1.12 in chips) 
Seat 9: Olejka228822 ($2.61 in chips) 
Dorex2007: posts small blind $0.01
calidad1986: posts big blind $0.02
*** HOLE CARDS ***
Dealt to Dorex2007 [4d Ah]
SlavikPuha: folds 
UltiOgs: folds 
Sverd1583: folds 
BUTAW701: folds 
goho97: folds 
winagain9: folds 
Olejka228822: folds 
Dorex2007: folds 
Uncalled bet ($0.01) returned to calidad1986
calidad1986 collected $0.02 from pot
calidad1986: doesn't show hand 
*** SUMMARY ***
Total pot $0.02 | Rake $0 
Seat 1: Dorex2007 (small blind) folded before Flop
Seat 2: calidad1986 (big blind) collected ($0.02)
Seat 3: SlavikPuha folded before Flop (didn't bet)
Seat 4: UltiOgs folded before Flop (didn't bet)
Seat 5: Sverd1583 folded before Flop (didn't bet)
Seat 6: BUTAW701 folded before Flop (didn't bet)
Seat 7: goho97 folded before Flop (didn't bet)
Seat 8: winagain9 folded before Flop (didn't bet)
Seat 9: Olejka228822 (button) folded before Flop (didn't bet)



PokerStars Hand #231870345263:  Hold'em No Limit ($0.01/$0.02 USD) - 2021/12/01 23:03:03 PT [2021/12/02 2:03:03 ET]
Table 'Chort IV' 9-max Seat #1 is the button
Seat 1: Dorex2007 ($2.32 in chips) 
Seat 2: calidad1986 ($3.03 in chips) 
Seat 5: Sverd1583 ($0.65 in chips) 
Seat 6: BUTAW701 ($2.27 in chips) 
Seat 7: goho97 ($0.78 in chips) 
Seat 8: winagain9 ($1.12 in chips) 
Seat 9: Olejka228822 ($2.61 in chips) 
calidad1986: posts small blind $0.01
SlavikPuha: is sitting out 
UltiOgs: is sitting out 
Sverd1583: posts big blind $0.02
*** HOLE CARDS ***
Dealt to Dorex2007 [Qs Ks]
BUTAW701: folds 
goho97: calls $0.02
winagain9: folds 
Olejka228822: folds 
Dorex2007: raises $0.02 to $0.04
UltiOgs leaves the table
SlavikPuha leaves the table
calidad1986: folds 
Sverd1583: calls $0.02
goho97: calls $0.02
*** FLOP *** [6d 4c Jc]
Sverd1583: checks 
goho97: checks 
Dorex2007: checks 
*** TURN *** [6d 4c Jc] [9s]
Sverd1583: checks 
goho97: checks 
Dorex2007: checks 
*** RIVER *** [6d 4c Jc 9s] [5c]
Sverd1583: checks 
goho97: checks 
Dorex2007: bets $0.09
Sverd1583: calls $0.09
goho97: folds 
*** SHOW DOWN ***
Dorex2007: shows [Qs Ks] (high card King)
Sverd1583: shows [Ah 8s] (high card Ace)
Sverd1583 collected $0.30 from pot
*** SUMMARY ***
Total pot $0.31 | Rake $0.01 
Board [6d 4c Jc 9s 5c]
Seat 1: Dorex2007 (button) showed [Qs Ks] and lost with high card King
Seat 2: calidad1986 (small blind) folded before Flop
Seat 5: Sverd1583 (big blind) showed [Ah 8s] and won ($0.30) with high card Ace
Seat 6: BUTAW701 folded before Flop (didn't bet)
Seat 7: goho97 folded on the River
Seat 8: winagain9 folded before Flop (didn't bet)
Seat 9: Olejka228822 folded before Flop (didn't bet)



PokerStars Hand #231870352798:  Hold'em No Limit ($0.01/$0.02 USD) - 2021/12/01 23:03:57 PT [2021/12/02 2:03:57 ET]
Table 'Chort IV' 9-max Seat #2 is the button
Seat 1: Dorex2007 ($2.19 in chips) 
Seat 2: calidad1986 ($3.02 in chips) 
Seat 5: Sverd1583 ($0.82 in chips) 
Seat 6: BUTAW701 ($2.27 in chips) 
Seat 7: goho97 ($0.74 in chips) 
Seat 8: winagain9 ($1.12 in chips) 
Seat 9: Olejka228822 ($2.61 in chips) 
Sverd1583: posts small blind $0.01
BUTAW701: posts big blind $0.02
*** HOLE CARDS ***
Dealt to Dorex2007 [3c Th]
goho97: calls $0.02
distykan joins the table at seat #3 
winagain9 has timed out
winagain9: folds 
Olejka228822: folds 
Dorex2007: folds 
calidad1986: folds 
Sverd1583: folds 
BUTAW701: checks 
*** FLOP *** [Qs 5s 7c]
BUTAW701: checks 
goho97: checks 
*** TURN *** [Qs 5s 7c] [4h]
BUTAW701: checks 
goho97: checks 
*** RIVER *** [Qs 5s 7c 4h] [Ks]
BUTAW701: checks 
goho97: checks 
*** SHOW DOWN ***
BUTAW701: shows [5d 9c] (a pair of Fives)
goho97: mucks hand 
BUTAW701 collected $0.05 from pot
*** SUMMARY ***
Total pot $0.05 | Rake $0 
Board [Qs 5s 7c 4h Ks]
Seat 1: Dorex2007 folded before Flop (didn't bet)
Seat 2: calidad1986 (button) folded before Flop (didn't bet)
Seat 5: Sverd1583 (small blind) folded before Flop
Seat 6: BUTAW701 (big blind) showed [5d 9c] and won ($0.05) with a pair of Fives
Seat 7: goho97 mucked [Ts Jh]
Seat 8: winagain9 folded before Flop (didn't bet)
Seat 9: Olejka228822 folded before Flop (didn't bet)



PokerStars Hand #231870357835:  Hold'em No Limit ($0.01/$0.02 USD) - 2021/12/01 23:04:32 PT [2021/12/02 2:04:32 ET]
Table 'Chort IV' 9-max Seat #5 is the button
Seat 1: Dorex2007 ($2.19 in chips) 
Seat 2: calidad1986 ($3.02 in chips) 
Seat 3: distykan ($2 in chips) 
Seat 5: Sverd1583 ($0.81 in chips) 
Seat 6: BUTAW701 ($2.30 in chips) 
Seat 7: goho97 ($0.72 in chips) 
Seat 8: winagain9 ($1.12 in chips) 
Seat 9: Olejka228822 ($2.61 in chips) 
BUTAW701: posts small blind $0.01
goho97: posts big blind $0.02
distykan: posts big blind $0.02
*** HOLE CARDS ***
Dealt to Dorex2007 [Td Th]
winagain9: folds 
Olejka228822: folds 
Dorex2007: raises $0.04 to $0.06
calidad1986: folds 
distykan: folds 
Sverd1583: folds 
BUTAW701: folds 
goho97: calls $0.04
*** FLOP *** [6d 7d 8d]
goho97: checks 
Dorex2007: bets $0.09
goho97: calls $0.09
*** TURN *** [6d 7d 8d] [Qs]
goho97: checks 
Dorex2007: checks 
*** RIVER *** [6d 7d 8d Qs] [3c]
goho97: bets $0.57 and is all-in
Dorex2007: folds 
Uncalled bet ($0.57) returned to goho97
goho97 collected $0.32 from pot
goho97: doesn't show hand 
*** SUMMARY ***
Total pot $0.33 | Rake $0.01 
Board [6d 7d 8d Qs 3c]
Seat 1: Dorex2007 folded on the River
Seat 2: calidad1986 folded before Flop (didn't bet)
Seat 3: distykan folded before Flop (didn't bet)
Seat 5: Sverd1583 (button) folded before Flop (didn't bet)
Seat 6: BUTAW701 (small blind) folded before Flop
Seat 7: goho97 (big blind) collected ($0.32)
Seat 8: winagain9 folded before Flop (didn't bet)
Seat 9: Olejka228822 folded before Flop (didn't bet)



PokerStars Hand #231870367767:  Hold'em No Limit ($0.01/$0.02 USD) - 2021/12/01 23:05:43 PT [2021/12/02 2:05:43 ET]
Table 'Chort IV' 9-max Seat #6 is the button
Seat 1: Dorex2007 ($2.04 in chips) 
Seat 2: calidad1986 ($3.02 in chips) 
Seat 3: distykan ($1.98 in chips) 
Seat 5: Sverd1583 ($0.81 in chips) 
Seat 6: BUTAW701 ($2.29 in chips) 
Seat 7: goho97 ($0.89 in chips) 
Seat 8: winagain9 ($1.12 in chips) 
Seat 9: Olejka228822 ($2.61 in chips) 
goho97: posts small blind $0.01
winagain9: posts big blind $0.02
*** HOLE CARDS ***
Dealt to Dorex2007 [3s 8s]
vadim14725 joins the table at seat #4 
Olejka228822 has timed out
Olejka228822: folds 
Dorex2007: folds 
calidad1986: raises $0.06 to $0.08
distykan: folds 
Sverd1583: folds 
BUTAW701: folds 
goho97: calls $0.07
winagain9: folds 
*** FLOP *** [Jd 3h 6h]
goho97: checks 
calidad1986: bets $0.10
goho97: calls $0.10
*** TURN *** [Jd 3h 6h] [2c]
goho97: checks 
calidad1986: checks 
*** RIVER *** [Jd 3h 6h 2c] [Tc]
goho97: checks 
calidad1986: checks 
*** SHOW DOWN ***
goho97: shows [6c Qs] (a pair of Sixes)
calidad1986: mucks hand 
goho97 collected $0.37 from pot
*** SUMMARY ***
Total pot $0.38 | Rake $0.01 
Board [Jd 3h 6h 2c Tc]
Seat 1: Dorex2007 folded before Flop (didn't bet)
Seat 2: calidad1986 mucked [Ah Qh]
Seat 3: distykan folded before Flop (didn't bet)
Seat 5: Sverd1583 folded before Flop (didn't bet)
Seat 6: BUTAW701 (button) folded before Flop (didn't bet)
Seat 7: goho97 (small blind) showed [6c Qs] and won ($0.37) with a pair of Sixes
Seat 8: winagain9 (big blind) folded before Flop
Seat 9: Olejka228822 folded before Flop (didn't bet)



PokerStars Hand #231870376330:  Hold'em No Limit ($0.01/$0.02 USD) - 2021/12/01 23:06:44 PT [2021/12/02 2:06:44 ET]
Table 'Chort IV' 9-max Seat #7 is the button
Seat 1: Dorex2007 ($2.04 in chips) 
Seat 2: calidad1986 ($2.84 in chips) 
Seat 3: distykan ($1.98 in chips) 
Seat 5: Sverd1583 ($0.81 in chips) 
Seat 6: BUTAW701 ($2.29 in chips) 
Seat 7: goho97 ($1.08 in chips) 
Seat 8: winagain9 ($1.10 in chips) 
Seat 9: Olejka228822 ($2.61 in chips) 
winagain9: posts small blind $0.01
Olejka228822: posts big blind $0.02
vadim14725: sits out 
*** HOLE CARDS ***
Dealt to Dorex2007 [5s 7h]
Dorex2007: folds 
calidad1986: folds 
distykan: folds 
Sverd1583: folds 
BUTAW701: folds 
goho97: calls $0.02
winagain9: calls $0.01
Olejka228822: checks 
*** FLOP *** [Qh 6s 8d]
winagain9: checks 
Olejka228822: checks 
goho97: checks 
*** TURN *** [Qh 6s 8d] [Qd]
winagain9: checks 
Olejka228822: checks 
goho97: checks 
*** RIVER *** [Qh 6s 8d Qd] [7c]
winagain9: checks 
Olejka228822: checks 
goho97: checks 
*** SHOW DOWN ***
winagain9: shows [3h 4h] (a pair of Queens)
Olejka228822: shows [Jd 7s] (two pair, Queens and Sevens)
goho97: mucks hand 
Olejka228822 collected $0.06 from pot
*** SUMMARY ***
Total pot $0.06 | Rake $0 
Board [Qh 6s 8d Qd 7c]
Seat 1: Dorex2007 folded before Flop (didn't bet)
Seat 2: calidad1986 folded before Flop (didn't bet)
Seat 3: distykan folded before Flop (didn't bet)
Seat 5: Sverd1583 folded before Flop (didn't bet)
Seat 6: BUTAW701 folded before Flop (didn't bet)
Seat 7: goho97 (button) mucked [5d 3c]
Seat 8: winagain9 (small blind) showed [3h 4h] and lost with a pair of Queens
Seat 9: Olejka228822 (big blind) showed [Jd 7s] and won ($0.06) with two pair, Queens and Sevens



PokerStars Hand #231870381429:  Hold'em No Limit ($0.01/$0.02 USD) - 2021/12/01 23:07:20 PT [2021/12/02 2:07:20 ET]
Table 'Chort IV' 9-max Seat #8 is the button
Seat 1: Dorex2007 ($2.04 in chips) 
Seat 2: calidad1986 ($2.84 in chips) 
Seat 3: distykan ($1.98 in chips) 
Seat 5: Sverd1583 ($0.81 in chips) 
Seat 6: BUTAW701 ($2.29 in chips) 
Seat 7: goho97 ($1.06 in chips) 
Seat 8: winagain9 ($1.08 in chips) 
Seat 9: Olejka228822 ($2.65 in chips) 
Olejka228822: posts small blind $0.01
Dorex2007: posts big blind $0.02
vadim14725: sits out 
*** HOLE CARDS ***
Dealt to Dorex2007 [Tc Jh]
calidad1986: folds 
distykan: folds 
Sverd1583: folds 
BUTAW701: raises $0.04 to $0.06
goho97: calls $0.06
winagain9: folds 
Olejka228822: folds 
Dorex2007: folds 
*** FLOP *** [8c 2d 4h]
BUTAW701: checks 
goho97: checks 
*** TURN *** [8c 2d 4h] [4c]
BUTAW701: checks 
goho97: checks 
*** RIVER *** [8c 2d 4h 4c] [3s]
BUTAW701: bets $0.07
goho97: folds 
Uncalled bet ($0.07) returned to BUTAW701
BUTAW701 collected $0.14 from pot
BUTAW701: doesn't show hand 
*** SUMMARY ***
Total pot $0.15 | Rake $0.01 
Board [8c 2d 4h 4c 3s]
Seat 1: Dorex2007 (big blind) folded before Flop
Seat 2: calidad1986 folded before Flop (didn't bet)
Seat 3: distykan folded before Flop (didn't bet)
Seat 5: Sverd1583 folded before Flop (didn't bet)
Seat 6: BUTAW701 collected ($0.14)
Seat 7: goho97 folded on the River
Seat 8: winagain9 (button) folded before Flop (didn't bet)
Seat 9: Olejka228822 (small blind) folded before Flop



PokerStars Hand #231870386612:  Hold'em No Limit ($0.01/$0.02 USD) - 2021/12/01 23:07:57 PT [2021/12/02 2:07:57 ET]
Table 'Chort IV' 9-max Seat #9 is the button
Seat 1: Dorex2007 ($2.02 in chips) 
Seat 2: calidad1986 ($2.84 in chips) 
Seat 3: distykan ($1.98 in chips) 
Seat 5: Sverd1583 ($0.81 in chips) 
Seat 6: BUTAW701 ($2.37 in chips) 
Seat 7: goho97 ($1 in chips) 
Seat 8: winagain9 ($1.08 in chips) 
Seat 9: Olejka228822 ($2.64 in chips) 
Dorex2007: posts small blind $0.01
calidad1986: posts big blind $0.02
vadim14725: sits out 
*** HOLE CARDS ***
Dealt to Dorex2007 [8c 7d]
distykan: folds 
Sverd1583: folds 
BUTAW701: folds 
goho97: folds 
goho97 leaves the table
winagain9: folds 
Olejka228822: raises $0.02 to $0.04
Dorex2007: folds 
calidad1986: calls $0.02
*** FLOP *** [9d Ad 5h]
calidad1986: checks 
Olejka228822: bets $0.05
calidad1986: calls $0.05
*** TURN *** [9d Ad 5h] [Tc]
calidad1986: checks 
Olejka228822: checks 
*** RIVER *** [9d Ad 5h Tc] [6c]
calidad1986: bets $0.10
Olejka228822: raises $2.45 to $2.55 and is all-in
calidad1986: folds 
Uncalled bet ($2.45) returned to Olejka228822
Olejka228822 collected $0.38 from pot
Olejka228822: doesn't show hand 
*** SUMMARY ***
Total pot $0.39 | Rake $0.01 
Board [9d Ad 5h Tc 6c]
Seat 1: Dorex2007 (small blind) folded before Flop
Seat 2: calidad1986 (big blind) folded on the River
Seat 3: distykan folded before Flop (didn't bet)
Seat 5: Sverd1583 folded before Flop (didn't bet)
Seat 6: BUTAW701 folded before Flop (didn't bet)
Seat 7: goho97 folded before Flop (didn't bet)
Seat 8: winagain9 folded before Flop (didn't bet)
Seat 9: Olejka228822 (button) collected ($0.38)



PokerStars Hand #231870394102:  Hold'em No Limit ($0.01/$0.02 USD) - 2021/12/01 23:08:49 PT [2021/12/02 2:08:49 ET]
Table 'Chort IV' 9-max Seat #1 is the button
Seat 1: Dorex2007 ($2.01 in chips) 
Seat 2: calidad1986 ($2.65 in chips) 
Seat 3: distykan ($1.98 in chips) 
Seat 5: Sverd1583 ($0.81 in chips) 
Seat 6: BUTAW701 ($2.37 in chips) 
Seat 8: winagain9 ($1.08 in chips) 
Seat 9: Olejka228822 ($2.83 in chips) 
calidad1986: posts small blind $0.01
distykan: posts big blind $0.02
vadim14725: sits out 
*** HOLE CARDS ***
Dealt to Dorex2007 [8s Ts]
Sverd1583: folds 
BUTAW701: raises $0.04 to $0.06
winagain9: calls $0.06
Olejka228822: folds 
Dorex2007: folds 
calidad1986: calls $0.05
distykan: raises $0.10 to $0.16
BUTAW701: calls $0.10
winagain9: calls $0.10
calidad1986: calls $0.10
*** FLOP *** [Qh 3c Qs]
calidad1986: checks 
distykan: bets $0.06
BUTAW701: folds 
winagain9: folds 
calidad1986: calls $0.06
*** TURN *** [Qh 3c Qs] [Jc]
calidad1986: checks 
distykan: bets $0.06
calidad1986: calls $0.06
*** RIVER *** [Qh 3c Qs Jc] [Kc]
calidad1986: checks 
distykan: bets $0.06
calidad1986: calls $0.06
*** SHOW DOWN ***
distykan: shows [Qc Ac] (a flush, Ace high)
calidad1986: mucks hand 
distykan collected $0.96 from pot
*** SUMMARY ***
Total pot $1 | Rake $0.04 
Board [Qh 3c Qs Jc Kc]
Seat 1: Dorex2007 (button) folded before Flop (didn't bet)
Seat 2: calidad1986 (small blind) mucked [Jd Kd]
Seat 3: distykan (big blind) showed [Qc Ac] and won ($0.96) with a flush, Ace high
Seat 5: Sverd1583 folded before Flop (didn't bet)
Seat 6: BUTAW701 folded on the Flop
Seat 8: winagain9 folded on the Flop
Seat 9: Olejka228822 folded before Flop (didn't bet)



PokerStars Hand #231870406573:  Hold'em No Limit ($0.01/$0.02 USD) - 2021/12/01 23:10:17 PT [2021/12/02 2:10:17 ET]
Table 'Chort IV' 9-max Seat #2 is the button
Seat 1: Dorex2007 ($2.01 in chips) 
Seat 2: calidad1986 ($2.31 in chips) 
Seat 3: distykan ($2.60 in chips) 
Seat 4: vadim14725 ($2 in chips) 
Seat 5: Sverd1583 ($0.81 in chips) 
Seat 6: BUTAW701 ($2.21 in chips) 
Seat 8: winagain9 ($0.92 in chips) 
Seat 9: Olejka228822 ($2.83 in chips) 
distykan: posts small blind $0.01
vadim14725: posts big blind $0.02
*** HOLE CARDS ***
Dealt to Dorex2007 [Jc 9h]
Sverd1583: raises $0.04 to $0.06
BUTAW701: folds 
winagain9: folds 
Olejka228822: folds 
Dorex2007: folds 
calidad1986: calls $0.06
distykan: folds 
vadim14725: folds 
*** FLOP *** [As Qs 6h]
Sverd1583: bets $0.14
calidad1986: calls $0.14
*** TURN *** [As Qs 6h] [3s]
Sverd1583: bets $0.61 and is all-in
calidad1986: calls $0.61
*** RIVER *** [As Qs 6h 3s] [6s]
*** SHOW DOWN ***
Sverd1583: shows [Ac Td] (two pair, Aces and Sixes)
calidad1986: shows [Jh Ks] (a flush, Ace high)
calidad1986 collected $1.59 from pot
Sverd1583 cashed out the hand for $1.19 | Cash Out Fee $0.01
*** SUMMARY ***
Total pot $1.65 | Rake $0.06 
Board [As Qs 6h 3s 6s]
Seat 1: Dorex2007 folded before Flop (didn't bet)
Seat 2: calidad1986 (button) showed [Jh Ks] and won ($1.59) with a flush, Ace high
Seat 3: distykan (small blind) folded before Flop
Seat 4: vadim14725 (big blind) folded before Flop
Seat 5: Sverd1583 showed [Ac Td] and lost with two pair, Aces and Sixes (cashed out).
Seat 6: BUTAW701 folded before Flop (didn't bet)
Seat 8: winagain9 folded before Flop (didn't bet)
Seat 9: Olejka228822 folded before Flop (didn't bet)



PokerStars Hand #231870411491:  Hold'em No Limit ($0.01/$0.02 USD) - 2021/12/01 23:10:52 PT [2021/12/02 2:10:52 ET]
Table 'Chort IV' 9-max Seat #3 is the button
Seat 1: Dorex2007 ($2.01 in chips) 
Seat 2: calidad1986 ($3.09 in chips) 
Seat 3: distykan ($2.59 in chips) 
Seat 4: vadim14725 ($1.98 in chips) 
Seat 5: Sverd1583 ($1.19 in chips) 
Seat 6: BUTAW701 ($2.21 in chips) 
Seat 8: winagain9 ($0.92 in chips) 
Seat 9: Olejka228822 ($2.83 in chips) 
vadim14725: posts small blind $0.01
Sverd1583: posts big blind $0.02
*** HOLE CARDS ***
Dealt to Dorex2007 [7s Jd]
BUTAW701: folds 
winagain9: folds 
Olejka228822: folds 
Dorex2007: folds 
calidad1986: folds 
1Mihey2prok joins the table at seat #7 
distykan: raises $0.04 to $0.06
vadim14725: calls $0.05
Sverd1583: calls $0.04
*** FLOP *** [4d 9s 9c]
vadim14725: checks 
Sverd1583: checks 
distykan: checks 
*** TURN *** [4d 9s 9c] [7d]
vadim14725: bets $0.09
Sverd1583: folds 
distykan: raises $0.09 to $0.18
vadim14725: folds 
Uncalled bet ($0.09) returned to distykan
distykan collected $0.35 from pot
distykan: doesn't show hand 
*** SUMMARY ***
Total pot $0.36 | Rake $0.01 
Board [4d 9s 9c 7d]
Seat 1: Dorex2007 folded before Flop (didn't bet)
Seat 2: calidad1986 folded before Flop (didn't bet)
Seat 3: distykan (button) collected ($0.35)
Seat 4: vadim14725 (small blind) folded on the Turn
Seat 5: Sverd1583 (big blind) folded on the Turn
Seat 6: BUTAW701 folded before Flop (didn't bet)
Seat 8: winagain9 folded before Flop (didn't bet)
Seat 9: Olejka228822 folded before Flop (didn't bet)



PokerStars Hand #231870418630:  Hold'em No Limit ($0.01/$0.02 USD) - 2021/12/01 23:11:42 PT [2021/12/02 2:11:42 ET]
Table 'Chort IV' 9-max Seat #4 is the button
Seat 1: Dorex2007 ($2.01 in chips) 
Seat 2: calidad1986 ($3.09 in chips) 
Seat 3: distykan ($2.79 in chips) 
Seat 4: vadim14725 ($1.83 in chips) 
Seat 5: Sverd1583 ($1.13 in chips) 
Seat 6: BUTAW701 ($2.21 in chips) 
Seat 8: winagain9 ($0.92 in chips) 
Seat 9: Olejka228822 ($2.83 in chips) 
Sverd1583: posts small blind $0.01
BUTAW701: posts big blind $0.02
1Mihey2prok: sits out 
*** HOLE CARDS ***
Dealt to Dorex2007 [Ts Td]
winagain9: folds 
Olejka228822 is disconnected 
Olejka228822 has timed out while being disconnected
Olejka228822: folds 
Dorex2007: raises $0.04 to $0.06
calidad1986: folds 
distykan: calls $0.06
vadim14725: folds 
Sverd1583: folds 
BUTAW701: calls $0.04
*** FLOP *** [4s Ah 3d]
BUTAW701: bets $0.09
Dorex2007: folds 
distykan: folds 
Uncalled bet ($0.09) returned to BUTAW701
BUTAW701 collected $0.18 from pot
BUTAW701: doesn't show hand 
*** SUMMARY ***
Total pot $0.19 | Rake $0.01 
Board [4s Ah 3d]
Seat 1: Dorex2007 folded on the Flop
Seat 2: calidad1986 folded before Flop (didn't bet)
Seat 3: distykan folded on the Flop
Seat 4: vadim14725 (button) folded before Flop (didn't bet)
Seat 5: Sverd1583 (small blind) folded before Flop
Seat 6: BUTAW701 (big blind) collected ($0.18)
Seat 8: winagain9 folded before Flop (didn't bet)
Seat 9: Olejka228822 folded before Flop (didn't bet)



PokerStars Hand #231870425567:  Hold'em No Limit ($0.01/$0.02 USD) - 2021/12/01 23:12:30 PT [2021/12/02 2:12:30 ET]
Table 'Chort IV' 9-max Seat #5 is the button
Seat 1: Dorex2007 ($2 in chips) 
Seat 2: calidad1986 ($3.09 in chips) 
Seat 3: distykan ($2.73 in chips) 
Seat 4: vadim14725 ($1.83 in chips) 
Seat 5: Sverd1583 ($1.12 in chips) 
Seat 6: BUTAW701 ($2.33 in chips) 
Seat 7: 1Mihey2prok ($1.60 in chips) 
Seat 8: winagain9 ($0.92 in chips) 
BUTAW701: posts small blind $0.01
1Mihey2prok: posts big blind $0.02
*** HOLE CARDS ***
Dealt to Dorex2007 [6h Jd]
winagain9: folds 
Dorex2007: folds 
calidad1986: raises $0.06 to $0.08
distykan: folds 
vadim14725: folds 
Sverd1583: folds 
BUTAW701: folds 
1Mihey2prok: folds 
Uncalled bet ($0.06) returned to calidad1986
calidad1986 collected $0.05 from pot
calidad1986: doesn't show hand 
*** SUMMARY ***
Total pot $0.05 | Rake $0 
Seat 1: Dorex2007 folded before Flop (didn't bet)
Seat 2: calidad1986 collected ($0.05)
Seat 3: distykan folded before Flop (didn't bet)
Seat 4: vadim14725 folded before Flop (didn't bet)
Seat 5: Sverd1583 (button) folded before Flop (didn't bet)
Seat 6: BUTAW701 (small blind) folded before Flop
Seat 7: 1Mihey2prok (big blind) folded before Flop
Seat 8: winagain9 folded before Flop (didn't bet)



PokerStars Hand #231870428237:  Hold'em No Limit ($0.01/$0.02 USD) - 2021/12/01 23:12:49 PT [2021/12/02 2:12:49 ET]
Table 'Chort IV' 9-max Seat #6 is the button
Seat 1: Dorex2007 ($2 in chips) 
Seat 2: calidad1986 ($3.12 in chips) 
Seat 3: distykan ($2.73 in chips) 
Seat 4: vadim14725 ($1.83 in chips) 
Seat 5: Sverd1583 ($1.12 in chips) 
Seat 6: BUTAW701 ($2.32 in chips) 
Seat 7: 1Mihey2prok ($1.58 in chips) 
Seat 8: winagain9 ($0.92 in chips) 
1Mihey2prok: posts small blind $0.01
winagain9: posts big blind $0.02
*** HOLE CARDS ***
Dealt to Dorex2007 [2d 5d]
Dorex2007: folds 
calidad1986: folds 
distykan: folds 
vadim14725: folds 
Sverd1583: raises $0.04 to $0.06
BUTAW701: calls $0.06
1Mihey2prok: folds 
winagain9: folds 
*** FLOP *** [5h Ad 6c]
Sverd1583: bets $0.14
BUTAW701: folds 
Uncalled bet ($0.14) returned to Sverd1583
Sverd1583 collected $0.14 from pot
Sverd1583: doesn't show hand 
*** SUMMARY ***
Total pot $0.15 | Rake $0.01 
Board [5h Ad 6c]
Seat 1: Dorex2007 folded before Flop (didn't bet)
Seat 2: calidad1986 folded before Flop (didn't bet)
Seat 3: distykan folded before Flop (didn't bet)
Seat 4: vadim14725 folded before Flop (didn't bet)
Seat 5: Sverd1583 collected ($0.14)
Seat 6: BUTAW701 (button) folded on the Flop
Seat 7: 1Mihey2prok (small blind) folded before Flop
Seat 8: winagain9 (big blind) folded before Flop



PokerStars Hand #231870431449:  Hold'em No Limit ($0.01/$0.02 USD) - 2021/12/01 23:13:12 PT [2021/12/02 2:13:12 ET]
Table 'Chort IV' 9-max Seat #7 is the button
Seat 1: Dorex2007 ($2 in chips) 
Seat 2: calidad1986 ($3.12 in chips) 
Seat 3: distykan ($2.73 in chips) 
Seat 4: vadim14725 ($1.83 in chips) 
Seat 5: Sverd1583 ($1.20 in chips) 
Seat 6: BUTAW701 ($2.26 in chips) 
Seat 7: 1Mihey2prok ($1.57 in chips) 
Seat 8: winagain9 ($0.90 in chips) 
winagain9: posts small blind $0.01
Dorex2007: posts big blind $0.02
*** HOLE CARDS ***
Dealt to Dorex2007 [7d 7h]
calidad1986: folds 
distykan: folds 
vadim14725: folds 
Sverd1583: raises $0.04 to $0.06
BUTAW701: folds 
1Mihey2prok: folds 
winagain9: calls $0.05
Dorex2007: calls $0.04
*** FLOP *** [Ac 9h Jd]
winagain9: checks 
Dorex2007: bets $0.09
Sverd1583: folds 
winagain9: calls $0.09
*** TURN *** [Ac 9h Jd] [4c]
winagain9: checks 
Dorex2007: checks 
*** RIVER *** [Ac 9h Jd 4c] [Ts]
winagain9: checks 
Dorex2007: bets $0.18
winagain9: calls $0.18
*** SHOW DOWN ***
Dorex2007: shows [7d 7h] (a pair of Sevens)
winagain9: shows [5s As] (a pair of Aces)
winagain9 collected $0.69 from pot
*** SUMMARY ***
Total pot $0.72 | Rake $0.03 
Board [Ac 9h Jd 4c Ts]
Seat 1: Dorex2007 (big blind) showed [7d 7h] and lost with a pair of Sevens
Seat 2: calidad1986 folded before Flop (didn't bet)
Seat 3: distykan folded before Flop (didn't bet)
Seat 4: vadim14725 folded before Flop (didn't bet)
Seat 5: Sverd1583 folded on the Flop
Seat 6: BUTAW701 folded before Flop (didn't bet)
Seat 7: 1Mihey2prok (button) folded before Flop (didn't bet)
Seat 8: winagain9 (small blind) showed [5s As] and won ($0.69) with a pair of Aces



PokerStars Hand #231870440108:  Hold'em No Limit ($0.01/$0.02 USD) - 2021/12/01 23:14:13 PT [2021/12/02 2:14:13 ET]
Table 'Chort IV' 9-max Seat #8 is the button
Seat 1: Dorex2007 ($2 in chips) 
Seat 2: calidad1986 ($3.12 in chips) 
Seat 3: distykan ($2.73 in chips) 
Seat 4: vadim14725 ($1.83 in chips) 
Seat 5: Sverd1583 ($1.14 in chips) 
Seat 6: BUTAW701 ($2.26 in chips) 
Seat 7: 1Mihey2prok ($1.57 in chips) 
Seat 8: winagain9 ($1.26 in chips) 
Dorex2007: posts small blind $0.01
calidad1986: posts big blind $0.02
*** HOLE CARDS ***
Dealt to Dorex2007 [Tc 4h]
distykan has timed out
distykan: folds 
vadim14725: raises $0.04 to $0.06
Sverd1583: folds 
BUTAW701: calls $0.06
1Mihey2prok: folds 
winagain9: calls $0.06
Dorex2007: folds 
calidad1986: calls $0.04
*** FLOP *** [Kh 4s 3c]
calidad1986: checks 
vadim14725: checks 
BUTAW701: checks 
winagain9: checks 
*** TURN *** [Kh 4s 3c] [Jc]
calidad1986: checks 
vadim14725: bets $0.12
BUTAW701: folds 
winagain9: folds 
calidad1986: folds 
Uncalled bet ($0.12) returned to vadim14725
vadim14725 collected $0.24 from pot
vadim14725: doesn't show hand 
*** SUMMARY ***
Total pot $0.25 | Rake $0.01 
Board [Kh 4s 3c Jc]
Seat 1: Dorex2007 (small blind) folded before Flop
Seat 2: calidad1986 (big blind) folded on the Turn
Seat 3: distykan folded before Flop (didn't bet)
Seat 4: vadim14725 collected ($0.24)
Seat 5: Sverd1583 folded before Flop (didn't bet)
Seat 6: BUTAW701 folded on the Turn
Seat 7: 1Mihey2prok folded before Flop (didn't bet)
Seat 8: winagain9 (button) folded on the Turn



PokerStars Hand #231870448271:  Hold'em No Limit ($0.01/$0.02 USD) - 2021/12/01 23:15:11 PT [2021/12/02 2:15:11 ET]
Table 'Chort IV' 9-max Seat #1 is the button
Seat 1: Dorex2007 ($2 in chips) 
Seat 2: calidad1986 ($3.06 in chips) 
Seat 3: distykan ($2.73 in chips) 
Seat 4: vadim14725 ($2.01 in chips) 
Seat 5: Sverd1583 ($1.14 in chips) 
Seat 6: BUTAW701 ($2.20 in chips) 
Seat 7: 1Mihey2prok ($1.57 in chips) 
Seat 8: winagain9 ($1.20 in chips) 
calidad1986: posts small blind $0.01
distykan: posts big blind $0.02
*** HOLE CARDS ***
Dealt to Dorex2007 [8c 9d]
vadim14725: folds 
Sverd1583: folds 
BUTAW701: raises $0.04 to $0.06
1Mihey2prok: folds 
winagain9: raises $0.10 to $0.16
Dorex2007: folds 
calidad1986: folds 
distykan: raises $2.57 to $2.73 and is all-in
BUTAW701: folds 
winagain9: calls $1.04 and is all-in
Uncalled bet ($1.53) returned to distykan
*** FLOP *** [Tc Kh 6s]
*** TURN *** [Tc Kh 6s] [Jh]
*** RIVER *** [Tc Kh 6s Jh] [Td]
*** SHOW DOWN ***
distykan: shows [5s 5c] (two pair, Tens and Fives)
winagain9: shows [Ks Ac] (two pair, Kings and Tens)
winagain9 collected $2.38 from pot
*** SUMMARY ***
Total pot $2.47 | Rake $0.09 
Board [Tc Kh 6s Jh Td]
Seat 1: Dorex2007 (button) folded before Flop (didn't bet)
Seat 2: calidad1986 (small blind) folded before Flop
Seat 3: distykan (big blind) showed [5s 5c] and lost with two pair, Tens and Fives
Seat 4: vadim14725 folded before Flop (didn't bet)
Seat 5: Sverd1583 folded before Flop (didn't bet)
Seat 6: BUTAW701 folded before Flop
Seat 7: 1Mihey2prok folded before Flop (didn't bet)
Seat 8: winagain9 showed [Ks Ac] and won ($2.38) with two pair, Kings and Tens



