PokerStars Hand #225746433911:  Hold'em No Limit ($0.01/$0.02 USD) - 2021/04/11 13:58:14 PT [2021/04/11 16:58:14 ET]
Table 'Itha II' 9-max Seat #9 is the button
Seat 1: oldguyreacts ($1.98 in chips) 
Seat 2: Dorex2007 ($2 in chips) 
Seat 3: lolilolka ($3.05 in chips) 
Seat 4: solicin666 ($2.94 in chips) 
Seat 5: shoguinho14 ($1.93 in chips) 
Seat 7: Biki1412 ($1.27 in chips) 
Seat 8: A_Karlos322 ($0.79 in chips) 
Seat 9: pleasenono ($2.25 in chips) 
oldguyreacts: posts small blind $0.01
Dorex2007: posts big blind $0.02
igrok735: sits out 
*** HOLE CARDS ***
Dealt to Dorex2007 [6s Ac]
lolilolka: folds 
solicin666: folds 
shoguinho14: folds 
Biki1412: raises $0.02 to $0.04
A_Karlos322: folds 
pleasenono: calls $0.04
oldguyreacts: folds 
Dorex2007: calls $0.02
*** FLOP *** [9h Qd Kh]
Dorex2007: checks 
Biki1412: checks 
pleasenono: bets $0.07
Dorex2007: folds 
Biki1412: calls $0.07
*** TURN *** [9h Qd Kh] [8c]
Biki1412: bets $0.10
pleasenono: calls $0.10
*** RIVER *** [9h Qd Kh 8c] [7s]
Biki1412: bets $0.10
pleasenono: calls $0.10
*** SHOW DOWN ***
Biki1412: shows [Ah Kc] (a pair of Kings)
pleasenono: mucks hand 
Biki1412 collected $0.65 from pot
*** SUMMARY ***
Total pot $0.67 | Rake $0.02 
Board [9h Qd Kh 8c 7s]
Seat 1: oldguyreacts (small blind) folded before Flop
Seat 2: Dorex2007 (big blind) folded on the Flop
Seat 3: lolilolka folded before Flop (didn't bet)
Seat 4: solicin666 folded before Flop (didn't bet)
Seat 5: shoguinho14 folded before Flop (didn't bet)
Seat 7: Biki1412 showed [Ah Kc] and won ($0.65) with a pair of Kings
Seat 8: A_Karlos322 folded before Flop (didn't bet)
Seat 9: pleasenono (button) mucked [Ks Jd]



PokerStars Hand #225746463125:  Hold'em No Limit ($0.01/$0.02 USD) - 2021/04/11 13:59:18 PT [2021/04/11 16:59:18 ET]
Table 'Itha II' 9-max Seat #1 is the button
Seat 1: oldguyreacts ($1.97 in chips) 
Seat 2: Dorex2007 ($2 in chips) 
Seat 3: lolilolka ($3.05 in chips) 
Seat 4: solicin666 ($2.94 in chips) 
Seat 7: Biki1412 ($1.61 in chips) 
Seat 8: A_Karlos322 ($0.79 in chips) 
Seat 9: pleasenono ($1.94 in chips) 
Dorex2007: posts small blind $0.01
lolilolka: posts big blind $0.02
igrok735: sits out 
*** HOLE CARDS ***
Dealt to Dorex2007 [4h Js]
solicin666: calls $0.02
Biki1412: folds 
A_Karlos322: folds 
pleasenono: folds 
oldguyreacts: raises $0.06 to $0.08
Dorex2007: folds 
lolilolka: folds 
solicin666: folds 
Uncalled bet ($0.06) returned to oldguyreacts
oldguyreacts collected $0.07 from pot
oldguyreacts: doesn't show hand 
*** SUMMARY ***
Total pot $0.07 | Rake $0 
Seat 1: oldguyreacts (button) collected ($0.07)
Seat 2: Dorex2007 (small blind) folded before Flop
Seat 3: lolilolka (big blind) folded before Flop
Seat 4: solicin666 folded before Flop
Seat 7: Biki1412 folded before Flop (didn't bet)
Seat 8: A_Karlos322 folded before Flop (didn't bet)
Seat 9: pleasenono folded before Flop (didn't bet)



PokerStars Hand #225746480123:  Hold'em No Limit ($0.01/$0.02 USD) - 2021/04/11 13:59:54 PT [2021/04/11 16:59:54 ET]
Table 'Itha II' 9-max Seat #2 is the button
Seat 1: oldguyreacts ($2.02 in chips) 
Seat 2: Dorex2007 ($2 in chips) 
Seat 3: lolilolka ($3.03 in chips) 
Seat 4: solicin666 ($2.92 in chips) 
Seat 7: Biki1412 ($1.61 in chips) 
Seat 8: A_Karlos322 ($0.79 in chips) 
Seat 9: pleasenono ($1.94 in chips) 
lolilolka: posts small blind $0.01
solicin666: posts big blind $0.02
igrok735: sits out 
*** HOLE CARDS ***
Dealt to Dorex2007 [3d 4h]
Biki1412: folds 
A_Karlos322: raises $0.02 to $0.04
pleasenono: folds 
oldguyreacts: folds 
Dorex2007: folds 
lolilolka: folds 
solicin666: calls $0.02
*** FLOP *** [Kh 6h Qc]
solicin666: checks 
A_Karlos322: bets $0.04
solicin666: folds 
Uncalled bet ($0.04) returned to A_Karlos322
A_Karlos322 collected $0.09 from pot
A_Karlos322: doesn't show hand 
*** SUMMARY ***
Total pot $0.09 | Rake $0 
Board [Kh 6h Qc]
Seat 1: oldguyreacts folded before Flop (didn't bet)
Seat 2: Dorex2007 (button) folded before Flop (didn't bet)
Seat 3: lolilolka (small blind) folded before Flop
Seat 4: solicin666 (big blind) folded on the Flop
Seat 7: Biki1412 folded before Flop (didn't bet)
Seat 8: A_Karlos322 collected ($0.09)
Seat 9: pleasenono folded before Flop (didn't bet)



PokerStars Hand #225746499747:  Hold'em No Limit ($0.01/$0.02 USD) - 2021/04/11 14:00:34 PT [2021/04/11 17:00:34 ET]
Table 'Itha II' 9-max Seat #3 is the button
Seat 1: oldguyreacts ($2.02 in chips) 
Seat 2: Dorex2007 ($2 in chips) 
Seat 3: lolilolka ($3.02 in chips) 
Seat 4: solicin666 ($2.88 in chips) 
Seat 6: igrok735 ($2 in chips) 
Seat 7: Biki1412 ($1.61 in chips) 
Seat 8: A_Karlos322 ($0.84 in chips) 
Seat 9: pleasenono ($1.94 in chips) 
solicin666: posts small blind $0.01
igrok735: posts big blind $0.02
*** HOLE CARDS ***
Dealt to Dorex2007 [Qd As]
Biki1412: calls $0.02
A_Karlos322: folds 
pleasenono has timed out
pleasenono: folds 
oldguyreacts: folds 
Dorex2007: raises $0.04 to $0.06
lolilolka: folds 
A_Karlos322 leaves the table
solicin666: calls $0.05
igrok735: folds 
Biki1412: calls $0.04
*** FLOP *** [5d Td 8s]
solicin666: checks 
Biki1412: bets $0.02
Dorex2007: folds 
solicin666: folds 
Uncalled bet ($0.02) returned to Biki1412
Biki1412 collected $0.19 from pot
Biki1412: doesn't show hand 
*** SUMMARY ***
Total pot $0.20 | Rake $0.01 
Board [5d Td 8s]
Seat 1: oldguyreacts folded before Flop (didn't bet)
Seat 2: Dorex2007 folded on the Flop
Seat 3: lolilolka (button) folded before Flop (didn't bet)
Seat 4: solicin666 (small blind) folded on the Flop
Seat 6: igrok735 (big blind) folded before Flop
Seat 7: Biki1412 collected ($0.19)
Seat 8: A_Karlos322 folded before Flop (didn't bet)
Seat 9: pleasenono folded before Flop (didn't bet)



PokerStars Hand #225746542969:  Hold'em No Limit ($0.01/$0.02 USD) - 2021/04/11 14:01:49 PT [2021/04/11 17:01:49 ET]
Table 'Itha II' 9-max Seat #4 is the button
Seat 1: oldguyreacts ($2.02 in chips) 
Seat 2: Dorex2007 ($2 in chips) 
Seat 3: lolilolka ($3.02 in chips) 
Seat 4: solicin666 ($2.82 in chips) 
Seat 6: igrok735 ($1.98 in chips) 
Seat 7: Biki1412 ($1.74 in chips) 
igrok735: posts small blind $0.01
Biki1412: posts big blind $0.02
*** HOLE CARDS ***
Dealt to Dorex2007 [8s 6h]
oldguyreacts: folds 
Dorex2007: folds 
lolilolka: folds 
solicin666: folds 
igrok735: folds 
Uncalled bet ($0.01) returned to Biki1412
Biki1412 collected $0.02 from pot
Biki1412: doesn't show hand 
*** SUMMARY ***
Total pot $0.02 | Rake $0 
Seat 1: oldguyreacts folded before Flop (didn't bet)
Seat 2: Dorex2007 folded before Flop (didn't bet)
Seat 3: lolilolka folded before Flop (didn't bet)
Seat 4: solicin666 (button) folded before Flop (didn't bet)
Seat 6: igrok735 (small blind) folded before Flop
Seat 7: Biki1412 (big blind) collected ($0.02)



PokerStars Hand #225746547721:  Hold'em No Limit ($0.01/$0.02 USD) - 2021/04/11 14:01:56 PT [2021/04/11 17:01:56 ET]
Table 'Itha II' 9-max Seat #6 is the button
Seat 1: oldguyreacts ($2.02 in chips) 
Seat 2: Dorex2007 ($2 in chips) 
Seat 3: lolilolka ($3.02 in chips) 
Seat 4: solicin666 ($2.82 in chips) 
Seat 6: igrok735 ($1.97 in chips) 
Seat 7: Biki1412 ($1.75 in chips) 
Biki1412: posts small blind $0.01
oldguyreacts: posts big blind $0.02
*** HOLE CARDS ***
Dealt to Dorex2007 [7c 6d]
Dorex2007: folds 
lolilolka: folds 
solicin666: calls $0.02
igrok735: folds 
Biki1412: calls $0.01
oldguyreacts: checks 
*** FLOP *** [8c Kh Ac]
Biki1412: checks 
oldguyreacts: checks 
solicin666: checks 
*** TURN *** [8c Kh Ac] [Qc]
Biki1412: checks 
oldguyreacts: checks 
solicin666: checks 
*** RIVER *** [8c Kh Ac Qc] [6h]
Biki1412: checks 
oldguyreacts: checks 
solicin666: checks 
*** SHOW DOWN ***
Biki1412: shows [Tc 7h] (high card Ace)
oldguyreacts: shows [8s 9h] (a pair of Eights)
solicin666: shows [Jh Qs] (a pair of Queens)
solicin666 collected $0.06 from pot
*** SUMMARY ***
Total pot $0.06 | Rake $0 
Board [8c Kh Ac Qc 6h]
Seat 1: oldguyreacts (big blind) showed [8s 9h] and lost with a pair of Eights
Seat 2: Dorex2007 folded before Flop (didn't bet)
Seat 3: lolilolka folded before Flop (didn't bet)
Seat 4: solicin666 showed [Jh Qs] and won ($0.06) with a pair of Queens
Seat 6: igrok735 (button) folded before Flop (didn't bet)
Seat 7: Biki1412 (small blind) showed [Tc 7h] and lost with high card Ace



PokerStars Hand #225746592128:  Hold'em No Limit ($0.01/$0.02 USD) - 2021/04/11 14:02:57 PT [2021/04/11 17:02:57 ET]
Table 'Itha II' 9-max Seat #7 is the button
Seat 1: oldguyreacts ($2 in chips) 
Seat 2: Dorex2007 ($2 in chips) 
Seat 3: lolilolka ($3.02 in chips) 
Seat 4: solicin666 ($2.86 in chips) 
Seat 6: igrok735 ($1.97 in chips) 
Seat 7: Biki1412 ($1.73 in chips) 
oldguyreacts: posts small blind $0.01
Dorex2007: posts big blind $0.02
*** HOLE CARDS ***
Dealt to Dorex2007 [4d 7s]
lolilolka: folds 
solicin666: folds 
igrok735: folds 
Biki1412: calls $0.02
oldguyreacts: raises $0.04 to $0.06
Dorex2007: folds 
Biki1412: calls $0.04
*** FLOP *** [Td Kd Jh]
oldguyreacts: bets $0.07
Biki1412: folds 
Uncalled bet ($0.07) returned to oldguyreacts
oldguyreacts collected $0.14 from pot
oldguyreacts: doesn't show hand 
*** SUMMARY ***
Total pot $0.14 | Rake $0 
Board [Td Kd Jh]
Seat 1: oldguyreacts (small blind) collected ($0.14)
Seat 2: Dorex2007 (big blind) folded before Flop
Seat 3: lolilolka folded before Flop (didn't bet)
Seat 4: solicin666 folded before Flop (didn't bet)
Seat 6: igrok735 folded before Flop (didn't bet)
Seat 7: Biki1412 (button) folded on the Flop



PokerStars Hand #225746634755:  Hold'em No Limit ($0.01/$0.02 USD) - 2021/04/11 14:03:34 PT [2021/04/11 17:03:34 ET]
Table 'Itha II' 9-max Seat #1 is the button
Seat 1: oldguyreacts ($2.08 in chips) 
Seat 2: Dorex2007 ($2 in chips) 
Seat 3: lolilolka ($3.02 in chips) 
Seat 4: solicin666 ($2.86 in chips) 
Seat 6: igrok735 ($1.97 in chips) 
Seat 7: Biki1412 ($1.67 in chips) 
Dorex2007: posts small blind $0.01
lolilolka: posts big blind $0.02
pleasenono: sits out 
*** HOLE CARDS ***
Dealt to Dorex2007 [4d 7d]
solicin666: calls $0.02
igrok735: calls $0.02
Biki1412: folds 
oldguyreacts: folds 
Dorex2007: folds 
lolilolka: checks 
*** FLOP *** [4h 6d Jc]
lolilolka: checks 
solicin666: checks 
igrok735: checks 
*** TURN *** [4h 6d Jc] [3s]
lolilolka: checks 
solicin666: checks 
igrok735: checks 
*** RIVER *** [4h 6d Jc 3s] [Ac]
larry.c420 joins the table at seat #8 
lolilolka: checks 
solicin666: bets $0.04
igrok735: folds 
lolilolka: folds 
Uncalled bet ($0.04) returned to solicin666
solicin666 collected $0.07 from pot
solicin666: doesn't show hand 
*** SUMMARY ***
Total pot $0.07 | Rake $0 
Board [4h 6d Jc 3s Ac]
Seat 1: oldguyreacts (button) folded before Flop (didn't bet)
Seat 2: Dorex2007 (small blind) folded before Flop
Seat 3: lolilolka (big blind) folded on the River
Seat 4: solicin666 collected ($0.07)
Seat 6: igrok735 folded on the River
Seat 7: Biki1412 folded before Flop (didn't bet)



PokerStars Hand #225746678311:  Hold'em No Limit ($0.01/$0.02 USD) - 2021/04/11 14:04:30 PT [2021/04/11 17:04:30 ET]
Table 'Itha II' 9-max Seat #2 is the button
Seat 1: oldguyreacts ($2.08 in chips) 
Seat 2: Dorex2007 ($2 in chips) 
Seat 3: lolilolka ($3 in chips) 
Seat 4: solicin666 ($2.91 in chips) 
Seat 6: igrok735 ($1.95 in chips) 
Seat 7: Biki1412 ($1.67 in chips) 
lolilolka: posts small blind $0.01
solicin666: posts big blind $0.02
larry.c420: sits out 
pleasenono: sits out 
*** HOLE CARDS ***
Dealt to Dorex2007 [7h Td]
igrok735: folds 
Biki1412: calls $0.02
oldguyreacts: folds 
Dorex2007: folds 
lolilolka: folds 
solicin666: checks 
*** FLOP *** [Ks Ah 3d]
solicin666: checks 
Biki1412: checks 
*** TURN *** [Ks Ah 3d] [Kh]
solicin666: checks 
Biki1412: checks 
*** RIVER *** [Ks Ah 3d Kh] [8d]
solicin666: checks 
Biki1412: checks 
*** SHOW DOWN ***
solicin666: shows [2s 5c] (a pair of Kings)
Biki1412: shows [9d 7d] (a pair of Kings - Ace+Nine kicker)
Biki1412 collected $0.05 from pot
*** SUMMARY ***
Total pot $0.05 | Rake $0 
Board [Ks Ah 3d Kh 8d]
Seat 1: oldguyreacts folded before Flop (didn't bet)
Seat 2: Dorex2007 (button) folded before Flop (didn't bet)
Seat 3: lolilolka (small blind) folded before Flop
Seat 4: solicin666 (big blind) showed [2s 5c] and lost with a pair of Kings
Seat 6: igrok735 folded before Flop (didn't bet)
Seat 7: Biki1412 showed [9d 7d] and won ($0.05) with a pair of Kings



PokerStars Hand #225746707389:  Hold'em No Limit ($0.01/$0.02 USD) - 2021/04/11 14:05:07 PT [2021/04/11 17:05:07 ET]
Table 'Itha II' 9-max Seat #3 is the button
Seat 1: oldguyreacts ($2.08 in chips) 
Seat 2: Dorex2007 ($2 in chips) 
Seat 3: lolilolka ($2.99 in chips) 
Seat 4: solicin666 ($2.89 in chips) 
Seat 6: igrok735 ($1.95 in chips) 
Seat 7: Biki1412 ($1.70 in chips) 
Seat 8: larry.c420 ($2 in chips) 
solicin666: posts small blind $0.01
igrok735: posts big blind $0.02
larry.c420: posts big blind $0.02
pleasenono: sits out 
*** HOLE CARDS ***
Dealt to Dorex2007 [Ts 9s]
Biki1412: calls $0.02
larry.c420: checks 
oldguyreacts: folds 
Dorex2007: raises $0.04 to $0.06
lolilolka: folds 
solicin666: folds 
igrok735: calls $0.04
Biki1412: calls $0.04
larry.c420: calls $0.04
*** FLOP *** [3d 2d 9c]
igrok735: checks 
Biki1412: checks 
larry.c420: checks 
Dorex2007: bets $0.24
igrok735: folds 
Biki1412: folds 
larry.c420: folds 
Uncalled bet ($0.24) returned to Dorex2007
Dorex2007 collected $0.24 from pot
Dorex2007: doesn't show hand 
*** SUMMARY ***
Total pot $0.25 | Rake $0.01 
Board [3d 2d 9c]
Seat 1: oldguyreacts folded before Flop (didn't bet)
Seat 2: Dorex2007 collected ($0.24)
Seat 3: lolilolka (button) folded before Flop (didn't bet)
Seat 4: solicin666 (small blind) folded before Flop
Seat 6: igrok735 (big blind) folded on the Flop
Seat 7: Biki1412 folded on the Flop
Seat 8: larry.c420 folded on the Flop



PokerStars Hand #225746755870:  Hold'em No Limit ($0.01/$0.02 USD) - 2021/04/11 14:06:08 PT [2021/04/11 17:06:08 ET]
Table 'Itha II' 9-max Seat #4 is the button
Seat 1: oldguyreacts ($2.08 in chips) 
Seat 2: Dorex2007 ($2.18 in chips) 
Seat 3: lolilolka ($2.99 in chips) 
Seat 4: solicin666 ($2.88 in chips) 
Seat 6: igrok735 ($1.89 in chips) 
Seat 8: larry.c420 ($1.94 in chips) 
igrok735: posts small blind $0.01
larry.c420: posts big blind $0.02
pleasenono: sits out 
*** HOLE CARDS ***
Dealt to Dorex2007 [7c Qh]
oldguyreacts: raises $0.04 to $0.06
Dorex2007: folds 
lolilolka: folds 
solicin666: folds 
igrok735: folds 
larry.c420: raises $0.04 to $0.10
oldguyreacts: calls $0.04
*** FLOP *** [4d 8d 8s]
larry.c420: bets $0.18
oldguyreacts: folds 
Uncalled bet ($0.18) returned to larry.c420
larry.c420 collected $0.20 from pot
larry.c420: doesn't show hand 
*** SUMMARY ***
Total pot $0.21 | Rake $0.01 
Board [4d 8d 8s]
Seat 1: oldguyreacts folded on the Flop
Seat 2: Dorex2007 folded before Flop (didn't bet)
Seat 3: lolilolka folded before Flop (didn't bet)
Seat 4: solicin666 (button) folded before Flop (didn't bet)
Seat 6: igrok735 (small blind) folded before Flop
Seat 8: larry.c420 (big blind) collected ($0.20)



PokerStars Hand #225746784176:  Hold'em No Limit ($0.01/$0.02 USD) - 2021/04/11 14:06:44 PT [2021/04/11 17:06:44 ET]
Table 'Itha II' 9-max Seat #6 is the button
Seat 1: oldguyreacts ($1.98 in chips) 
Seat 2: Dorex2007 ($2.18 in chips) 
Seat 3: lolilolka ($2.99 in chips) 
Seat 4: solicin666 ($2.88 in chips) 
Seat 6: igrok735 ($1.88 in chips) 
Seat 8: larry.c420 ($2.04 in chips) 
Seat 9: pleasenono ($1.94 in chips) 
larry.c420: posts small blind $0.01
pleasenono: posts big blind $0.02
shoguinho14: sits out 
*** HOLE CARDS ***
Dealt to Dorex2007 [2s Qd]
oldguyreacts: folds 
Dorex2007: folds 
lolilolka: folds 
solicin666: folds 
igrok735: folds 
larry.c420: calls $0.01
pleasenono: checks 
*** FLOP *** [7s 3c Td]
larry.c420: checks 
pleasenono: checks 
*** TURN *** [7s 3c Td] [Ac]
larry.c420: checks 
pleasenono: checks 
*** RIVER *** [7s 3c Td Ac] [Jc]
larry.c420: bets $0.06
pleasenono: folds 
Uncalled bet ($0.06) returned to larry.c420
larry.c420 collected $0.04 from pot
larry.c420: doesn't show hand 
*** SUMMARY ***
Total pot $0.04 | Rake $0 
Board [7s 3c Td Ac Jc]
Seat 1: oldguyreacts folded before Flop (didn't bet)
Seat 2: Dorex2007 folded before Flop (didn't bet)
Seat 3: lolilolka folded before Flop (didn't bet)
Seat 4: solicin666 folded before Flop (didn't bet)
Seat 6: igrok735 (button) folded before Flop (didn't bet)
Seat 8: larry.c420 (small blind) collected ($0.04)
Seat 9: pleasenono (big blind) folded on the River



PokerStars Hand #225746814829:  Hold'em No Limit ($0.01/$0.02 USD) - 2021/04/11 14:07:17 PT [2021/04/11 17:07:17 ET]
Table 'Itha II' 9-max Seat #8 is the button
Seat 1: oldguyreacts ($1.98 in chips) 
Seat 2: Dorex2007 ($2.18 in chips) 
Seat 3: lolilolka ($2.99 in chips) 
Seat 4: solicin666 ($2.88 in chips) 
Seat 6: igrok735 ($1.88 in chips) 
Seat 8: larry.c420 ($2.06 in chips) 
Seat 9: pleasenono ($1.92 in chips) 
pleasenono: posts small blind $0.01
oldguyreacts: posts big blind $0.02
shoguinho14: sits out 
*** HOLE CARDS ***
Dealt to Dorex2007 [Qh Kd]
Dorex2007: raises $0.04 to $0.06
lolilolka: folds 
solicin666: calls $0.06
igrok735: folds 
larry.c420: calls $0.06
pleasenono: folds 
oldguyreacts: folds 
*** FLOP *** [3d 8c Jd]
Dorex2007: checks 
solicin666: checks 
larry.c420: checks 
*** TURN *** [3d 8c Jd] [9c]
Dorex2007: bets $0.13
solicin666: folds 
larry.c420 has timed out
larry.c420: folds 
Uncalled bet ($0.13) returned to Dorex2007
Dorex2007 collected $0.20 from pot
Dorex2007: doesn't show hand 
*** SUMMARY ***
Total pot $0.21 | Rake $0.01 
Board [3d 8c Jd 9c]
Seat 1: oldguyreacts (big blind) folded before Flop
Seat 2: Dorex2007 collected ($0.20)
Seat 3: lolilolka folded before Flop (didn't bet)
Seat 4: solicin666 folded on the Turn
Seat 6: igrok735 folded before Flop (didn't bet)
Seat 8: larry.c420 (button) folded on the Turn
Seat 9: pleasenono (small blind) folded before Flop



PokerStars Hand #225746887016:  Hold'em No Limit ($0.01/$0.02 USD) - 2021/04/11 14:08:49 PT [2021/04/11 17:08:49 ET]
Table 'Itha II' 9-max Seat #9 is the button
Seat 1: oldguyreacts ($1.96 in chips) 
Seat 2: Dorex2007 ($2.32 in chips) 
Seat 3: lolilolka ($2.99 in chips) 
Seat 4: solicin666 ($2.82 in chips) 
Seat 6: igrok735 ($1.88 in chips) 
Seat 8: larry.c420 ($2 in chips) 
Seat 9: pleasenono ($1.91 in chips) 
oldguyreacts: posts small blind $0.01
Dorex2007: posts big blind $0.02
shoguinho14: sits out 
*** HOLE CARDS ***
Dealt to Dorex2007 [9d 7h]
lolilolka: folds 
solicin666: folds 
igrok735 has timed out
igrok735: folds 
larry.c420 has timed out
larry.c420: folds 
pleasenono: folds 
oldguyreacts: folds 
Uncalled bet ($0.01) returned to Dorex2007
Dorex2007 collected $0.02 from pot
Dorex2007: doesn't show hand 
*** SUMMARY ***
Total pot $0.02 | Rake $0 
Seat 1: oldguyreacts (small blind) folded before Flop
Seat 2: Dorex2007 (big blind) collected ($0.02)
Seat 3: lolilolka folded before Flop (didn't bet)
Seat 4: solicin666 folded before Flop (didn't bet)
Seat 6: igrok735 folded before Flop (didn't bet)
Seat 8: larry.c420 folded before Flop (didn't bet)
Seat 9: pleasenono (button) folded before Flop (didn't bet)



PokerStars Hand #225746910639:  Hold'em No Limit ($0.01/$0.02 USD) - 2021/04/11 14:09:19 PT [2021/04/11 17:09:19 ET]
Table 'Itha II' 9-max Seat #1 is the button
Seat 1: oldguyreacts ($1.95 in chips) 
Seat 2: Dorex2007 ($2.33 in chips) 
Seat 3: lolilolka ($2.99 in chips) 
Seat 4: solicin666 ($2.82 in chips) 
Seat 9: pleasenono ($1.91 in chips) 
Dorex2007: posts small blind $0.01
lolilolka: posts big blind $0.02
shoguinho14: sits out 
*** HOLE CARDS ***
Dealt to Dorex2007 [Qh 2s]
solicin666: folds 
pleasenono: folds 
oldguyreacts: folds 
Dorex2007: calls $0.01
lolilolka: checks 
*** FLOP *** [Th 7c As]
Dorex2007: checks 
lolilolka: checks 
*** TURN *** [Th 7c As] [Ad]
Dorex2007: checks 
lolilolka: checks 
*** RIVER *** [Th 7c As Ad] [4d]
Dorex2007: checks 
lolilolka: bets $0.04
Dorex2007: folds 
Uncalled bet ($0.04) returned to lolilolka
lolilolka collected $0.04 from pot
lolilolka: doesn't show hand 
*** SUMMARY ***
Total pot $0.04 | Rake $0 
Board [Th 7c As Ad 4d]
Seat 1: oldguyreacts (button) folded before Flop (didn't bet)
Seat 2: Dorex2007 (small blind) folded on the River
Seat 3: lolilolka (big blind) collected ($0.04)
Seat 4: solicin666 folded before Flop (didn't bet)
Seat 9: pleasenono folded before Flop (didn't bet)



PokerStars Hand #225746949000:  Hold'em No Limit ($0.01/$0.02 USD) - 2021/04/11 14:10:07 PT [2021/04/11 17:10:07 ET]
Table 'Itha II' 9-max Seat #2 is the button
Seat 1: oldguyreacts ($1.95 in chips) 
Seat 2: Dorex2007 ($2.31 in chips) 
Seat 3: lolilolka ($3.01 in chips) 
Seat 4: solicin666 ($2.82 in chips) 
Seat 6: igrok735 ($1.88 in chips) 
Seat 9: pleasenono ($1.91 in chips) 
lolilolka: posts small blind $0.01
solicin666: posts big blind $0.02
shoguinho14: sits out 
*** HOLE CARDS ***
Dealt to Dorex2007 [Qd 9d]
igrok735: folds 
pleasenono: folds 
oldguyreacts: raises $0.04 to $0.06
Dorex2007: calls $0.06
lolilolka: folds 
solicin666: folds 
*** FLOP *** [6d Td 7h]
oldguyreacts: bets $0.07
Dorex2007: raises $0.13 to $0.20
oldguyreacts: folds 
Uncalled bet ($0.13) returned to Dorex2007
Dorex2007 collected $0.28 from pot
Dorex2007: doesn't show hand 
*** SUMMARY ***
Total pot $0.29 | Rake $0.01 
Board [6d Td 7h]
Seat 1: oldguyreacts folded on the Flop
Seat 2: Dorex2007 (button) collected ($0.28)
Seat 3: lolilolka (small blind) folded before Flop
Seat 4: solicin666 (big blind) folded before Flop
Seat 6: igrok735 folded before Flop (didn't bet)
Seat 9: pleasenono folded before Flop (didn't bet)



PokerStars Hand #225746986549:  Hold'em No Limit ($0.01/$0.02 USD) - 2021/04/11 14:10:54 PT [2021/04/11 17:10:54 ET]
Table 'Itha II' 9-max Seat #3 is the button
Seat 1: oldguyreacts ($1.82 in chips) 
Seat 2: Dorex2007 ($2.46 in chips) 
Seat 3: lolilolka ($3 in chips) 
Seat 4: solicin666 ($2.80 in chips) 
Seat 5: shoguinho14 ($1.93 in chips) 
Seat 6: igrok735 ($1.88 in chips) 
Seat 9: pleasenono ($1.91 in chips) 
solicin666: posts small blind $0.01
shoguinho14: posts big blind $0.02
*** HOLE CARDS ***
Dealt to Dorex2007 [Jh 3s]
igrok735: folds 
pleasenono: folds 
oldguyreacts: raises $0.02 to $0.04
Dorex2007: folds 
lolilolka: folds 
solicin666: folds 
shoguinho14: folds 
Uncalled bet ($0.02) returned to oldguyreacts
oldguyreacts collected $0.05 from pot
oldguyreacts: doesn't show hand 
*** SUMMARY ***
Total pot $0.05 | Rake $0 
Seat 1: oldguyreacts collected ($0.05)
Seat 2: Dorex2007 folded before Flop (didn't bet)
Seat 3: lolilolka (button) folded before Flop (didn't bet)
Seat 4: solicin666 (small blind) folded before Flop
Seat 5: shoguinho14 (big blind) folded before Flop
Seat 6: igrok735 folded before Flop (didn't bet)
Seat 9: pleasenono folded before Flop (didn't bet)



PokerStars Hand #225747013749:  Hold'em No Limit ($0.01/$0.02 USD) - 2021/04/11 14:11:29 PT [2021/04/11 17:11:29 ET]
Table 'Itha II' 9-max Seat #4 is the button
Seat 1: oldguyreacts ($1.85 in chips) 
Seat 2: Dorex2007 ($2.46 in chips) 
Seat 3: lolilolka ($3 in chips) 
Seat 4: solicin666 ($2.79 in chips) 
Seat 5: shoguinho14 ($1.91 in chips) 
Seat 6: igrok735 ($1.88 in chips) 
Seat 8: larry.c420 ($2 in chips) 
Seat 9: pleasenono ($1.91 in chips) 
shoguinho14: posts small blind $0.01
igrok735: posts big blind $0.02
*** HOLE CARDS ***
Dealt to Dorex2007 [Ts 7c]
larry.c420 has timed out
larry.c420: folds 
pleasenono: folds 
oldguyreacts: folds 
Dorex2007: folds 
lolilolka: folds 
solicin666: folds 
shoguinho14: folds 
Uncalled bet ($0.01) returned to igrok735
igrok735 collected $0.02 from pot
*** SUMMARY ***
Total pot $0.02 | Rake $0 
Seat 1: oldguyreacts folded before Flop (didn't bet)
Seat 2: Dorex2007 folded before Flop (didn't bet)
Seat 3: lolilolka folded before Flop (didn't bet)
Seat 4: solicin666 (button) folded before Flop (didn't bet)
Seat 5: shoguinho14 (small blind) folded before Flop
Seat 6: igrok735 (big blind) collected ($0.02)
Seat 8: larry.c420 folded before Flop (didn't bet)
Seat 9: pleasenono folded before Flop (didn't bet)



PokerStars Hand #225747032158:  Hold'em No Limit ($0.01/$0.02 USD) - 2021/04/11 14:11:52 PT [2021/04/11 17:11:52 ET]
Table 'Itha II' 9-max Seat #5 is the button
Seat 1: oldguyreacts ($1.85 in chips) 
Seat 2: Dorex2007 ($2.46 in chips) 
Seat 3: lolilolka ($3 in chips) 
Seat 4: solicin666 ($2.79 in chips) 
Seat 5: shoguinho14 ($1.90 in chips) 
Seat 6: igrok735 ($1.89 in chips) 
Seat 9: pleasenono ($1.91 in chips) 
igrok735: posts small blind $0.01
pleasenono: posts big blind $0.02
*** HOLE CARDS ***
Dealt to Dorex2007 [Qs 6c]
oldguyreacts: folds 
Dorex2007: folds 
lolilolka: folds 
solicin666: folds 
shoguinho14: raises $0.04 to $0.06
igrok735: folds 
pleasenono: calls $0.04
*** FLOP *** [3d 5h As]
pleasenono: checks 
shoguinho14: bets $0.07
pleasenono: calls $0.07
*** TURN *** [3d 5h As] [Tc]
pleasenono: checks 
shoguinho14: checks 
*** RIVER *** [3d 5h As Tc] [Jd]
pleasenono: bets $0.12
shoguinho14: folds 
Uncalled bet ($0.12) returned to pleasenono
pleasenono collected $0.26 from pot
*** SUMMARY ***
Total pot $0.27 | Rake $0.01 
Board [3d 5h As Tc Jd]
Seat 1: oldguyreacts folded before Flop (didn't bet)
Seat 2: Dorex2007 folded before Flop (didn't bet)
Seat 3: lolilolka folded before Flop (didn't bet)
Seat 4: solicin666 folded before Flop (didn't bet)
Seat 5: shoguinho14 (button) folded on the River
Seat 6: igrok735 (small blind) folded before Flop
Seat 9: pleasenono (big blind) collected ($0.26)



PokerStars Hand #225747086915:  Hold'em No Limit ($0.01/$0.02 USD) - 2021/04/11 14:13:00 PT [2021/04/11 17:13:00 ET]
Table 'Itha II' 9-max Seat #6 is the button
Seat 1: oldguyreacts ($1.85 in chips) 
Seat 2: Dorex2007 ($2.46 in chips) 
Seat 3: lolilolka ($3 in chips) 
Seat 4: solicin666 ($2.79 in chips) 
Seat 5: shoguinho14 ($1.77 in chips) 
Seat 6: igrok735 ($1.88 in chips) 
Seat 9: pleasenono ($2.04 in chips) 
pleasenono: posts small blind $0.01
oldguyreacts: posts big blind $0.02
*** HOLE CARDS ***
Dealt to Dorex2007 [9h Qh]
Dorex2007: raises $0.04 to $0.06
lolilolka: folds 
solicin666: folds 
shoguinho14: folds 
igrok735: folds 
pleasenono: folds 
oldguyreacts: folds 
Uncalled bet ($0.04) returned to Dorex2007
solicin666 leaves the table
Dorex2007 collected $0.05 from pot
Dorex2007: doesn't show hand 
*** SUMMARY ***
Total pot $0.05 | Rake $0 
Seat 1: oldguyreacts (big blind) folded before Flop
Seat 2: Dorex2007 collected ($0.05)
Seat 3: lolilolka folded before Flop (didn't bet)
Seat 4: solicin666 folded before Flop (didn't bet)
Seat 5: shoguinho14 folded before Flop (didn't bet)
Seat 6: igrok735 (button) folded before Flop (didn't bet)
Seat 9: pleasenono (small blind) folded before Flop



PokerStars Hand #225747098629:  Hold'em No Limit ($0.01/$0.02 USD) - 2021/04/11 14:13:15 PT [2021/04/11 17:13:15 ET]
Table 'Itha II' 9-max Seat #9 is the button
Seat 1: oldguyreacts ($1.83 in chips) 
Seat 2: Dorex2007 ($2.49 in chips) 
Seat 3: lolilolka ($3 in chips) 
Seat 5: shoguinho14 ($1.77 in chips) 
Seat 6: igrok735 ($1.88 in chips) 
Seat 9: pleasenono ($2.03 in chips) 
oldguyreacts: posts small blind $0.01
Dorex2007: posts big blind $0.02
larry.c420: sits out 
*** HOLE CARDS ***
Dealt to Dorex2007 [5d 2d]
lolilolka: folds 
shoguinho14: folds 
igrok735: folds 
pleasenono: folds 
oldguyreacts: folds 
Uncalled bet ($0.01) returned to Dorex2007
Dorex2007 collected $0.02 from pot
chipdestoyer joins the table at seat #4 
Dorex2007: doesn't show hand 
*** SUMMARY ***
Total pot $0.02 | Rake $0 
Seat 1: oldguyreacts (small blind) folded before Flop
Seat 2: Dorex2007 (big blind) collected ($0.02)
Seat 3: lolilolka folded before Flop (didn't bet)
Seat 5: shoguinho14 folded before Flop (didn't bet)
Seat 6: igrok735 folded before Flop (didn't bet)
Seat 9: pleasenono (button) folded before Flop (didn't bet)



PokerStars Hand #225747107392:  Hold'em No Limit ($0.01/$0.02 USD) - 2021/04/11 14:13:26 PT [2021/04/11 17:13:26 ET]
Table 'Itha II' 9-max Seat #1 is the button
Seat 1: oldguyreacts ($1.82 in chips) 
Seat 2: Dorex2007 ($2.50 in chips) 
Seat 3: lolilolka ($3 in chips) 
Seat 5: shoguinho14 ($1.77 in chips) 
Seat 6: igrok735 ($1.88 in chips) 
Seat 9: pleasenono ($2.03 in chips) 
Dorex2007: posts small blind $0.01
lolilolka: posts big blind $0.02
chipdestoyer: sits out 
larry.c420: sits out 
*** HOLE CARDS ***
Dealt to Dorex2007 [Kc 3d]
shoguinho14: folds 
igrok735: folds 
pleasenono: raises $0.02 to $0.04
oldguyreacts: folds 
Dorex2007: folds 
lolilolka: folds 
Uncalled bet ($0.02) returned to pleasenono
pleasenono collected $0.05 from pot
*** SUMMARY ***
Total pot $0.05 | Rake $0 
Seat 1: oldguyreacts (button) folded before Flop (didn't bet)
Seat 2: Dorex2007 (small blind) folded before Flop
Seat 3: lolilolka (big blind) folded before Flop
Seat 5: shoguinho14 folded before Flop (didn't bet)
Seat 6: igrok735 folded before Flop (didn't bet)
Seat 9: pleasenono collected ($0.05)



PokerStars Hand #225747125568:  Hold'em No Limit ($0.01/$0.02 USD) - 2021/04/11 14:13:49 PT [2021/04/11 17:13:49 ET]
Table 'Itha II' 9-max Seat #2 is the button
Seat 1: oldguyreacts ($1.82 in chips) 
Seat 2: Dorex2007 ($2.49 in chips) 
Seat 3: lolilolka ($2.98 in chips) 
Seat 4: chipdestoyer ($0.80 in chips) 
Seat 5: shoguinho14 ($1.77 in chips) 
Seat 6: igrok735 ($1.88 in chips) 
Seat 9: pleasenono ($2.06 in chips) 
lolilolka: posts small blind $0.01
chipdestoyer: posts big blind $0.02
larry.c420: sits out 
*** HOLE CARDS ***
Dealt to Dorex2007 [2h Js]
shoguinho14: raises $0.04 to $0.06
igrok735: folds 
pleasenono: folds 
oldguyreacts: folds 
Dorex2007: folds 
lolilolka: folds 
chipdestoyer: folds 
Uncalled bet ($0.04) returned to shoguinho14
shoguinho14 collected $0.05 from pot
shoguinho14: doesn't show hand 
*** SUMMARY ***
Total pot $0.05 | Rake $0 
Seat 1: oldguyreacts folded before Flop (didn't bet)
Seat 2: Dorex2007 (button) folded before Flop (didn't bet)
Seat 3: lolilolka (small blind) folded before Flop
Seat 4: chipdestoyer (big blind) folded before Flop
Seat 5: shoguinho14 collected ($0.05)
Seat 6: igrok735 folded before Flop (didn't bet)
Seat 9: pleasenono folded before Flop (didn't bet)



PokerStars Hand #225747142972:  Hold'em No Limit ($0.01/$0.02 USD) - 2021/04/11 14:14:11 PT [2021/04/11 17:14:11 ET]
Table 'Itha II' 9-max Seat #3 is the button
Seat 1: oldguyreacts ($1.82 in chips) 
Seat 2: Dorex2007 ($2.49 in chips) 
Seat 3: lolilolka ($2.97 in chips) 
Seat 4: chipdestoyer ($0.78 in chips) 
Seat 5: shoguinho14 ($1.80 in chips) 
Seat 6: igrok735 ($1.88 in chips) 
Seat 9: pleasenono ($2.06 in chips) 
chipdestoyer: posts small blind $0.01
shoguinho14: posts big blind $0.02
larry.c420: sits out 
*** HOLE CARDS ***
Dealt to Dorex2007 [Th 6s]
igrok735: folds 
pleasenono: folds 
oldguyreacts: folds 
Dorex2007: folds 
lolilolka: folds 
chipdestoyer: raises $0.02 to $0.04
shoguinho14: raises $0.02 to $0.06
chipdestoyer: calls $0.02
*** FLOP *** [3d Td 6c]
chipdestoyer: checks 
shoguinho14: checks 
*** TURN *** [3d Td 6c] [Qs]
chipdestoyer: bets $0.04
shoguinho14: calls $0.04
*** RIVER *** [3d Td 6c Qs] [3s]
chipdestoyer: checks 
shoguinho14: checks 
*** SHOW DOWN ***
chipdestoyer: shows [Ac 4s] (a pair of Threes)
shoguinho14: mucks hand 
chipdestoyer collected $0.19 from pot
*** SUMMARY ***
Total pot $0.20 | Rake $0.01 
Board [3d Td 6c Qs 3s]
Seat 1: oldguyreacts folded before Flop (didn't bet)
Seat 2: Dorex2007 folded before Flop (didn't bet)
Seat 3: lolilolka (button) folded before Flop (didn't bet)
Seat 4: chipdestoyer (small blind) showed [Ac 4s] and won ($0.19) with a pair of Threes
Seat 5: shoguinho14 (big blind) mucked [Ks Jh]
Seat 6: igrok735 folded before Flop (didn't bet)
Seat 9: pleasenono folded before Flop (didn't bet)



PokerStars Hand #225747191451:  Hold'em No Limit ($0.01/$0.02 USD) - 2021/04/11 14:15:13 PT [2021/04/11 17:15:13 ET]
Table 'Itha II' 9-max Seat #4 is the button
Seat 1: oldguyreacts ($1.82 in chips) 
Seat 2: Dorex2007 ($2.49 in chips) 
Seat 3: lolilolka ($2.97 in chips) 
Seat 4: chipdestoyer ($0.87 in chips) 
Seat 5: shoguinho14 ($1.70 in chips) 
Seat 6: igrok735 ($1.88 in chips) 
Seat 8: larry.c420 ($2 in chips) 
Seat 9: pleasenono ($2.06 in chips) 
shoguinho14: posts small blind $0.01
igrok735: posts big blind $0.02
larry.c420: posts small & big blinds $0.03
*** HOLE CARDS ***
Dealt to Dorex2007 [Qh Qc]
larry.c420: checks 
pleasenono: folds 
oldguyreacts: folds 
Dorex2007: raises $0.04 to $0.06
lolilolka: folds 
chipdestoyer: folds 
shoguinho14: folds 
igrok735: folds 
larry.c420: calls $0.04
*** FLOP *** [8c Ac 5d]
larry.c420: bets $0.08
Dorex2007: calls $0.08
*** TURN *** [8c Ac 5d] [Ah]
larry.c420: bets $0.08
Dorex2007: calls $0.08
*** RIVER *** [8c Ac 5d Ah] [9h]
larry.c420: bets $0.18
Dorex2007: calls $0.18
*** SHOW DOWN ***
larry.c420: shows [7d 5c] (two pair, Aces and Fives)
Dorex2007: shows [Qh Qc] (two pair, Aces and Queens)
Dorex2007 collected $0.81 from pot
*** SUMMARY ***
Total pot $0.84 | Rake $0.03 
Board [8c Ac 5d Ah 9h]
Seat 1: oldguyreacts folded before Flop (didn't bet)
Seat 2: Dorex2007 showed [Qh Qc] and won ($0.81) with two pair, Aces and Queens
Seat 3: lolilolka folded before Flop (didn't bet)
Seat 4: chipdestoyer (button) folded before Flop (didn't bet)
Seat 5: shoguinho14 (small blind) folded before Flop
Seat 6: igrok735 (big blind) folded before Flop
Seat 8: larry.c420 showed [7d 5c] and lost with two pair, Aces and Fives
Seat 9: pleasenono folded before Flop (didn't bet)



PokerStars Hand #225747241146:  Hold'em No Limit ($0.01/$0.02 USD) - 2021/04/11 14:16:05 PT [2021/04/11 17:16:05 ET]
Table 'Itha II' 9-max Seat #5 is the button
Seat 1: oldguyreacts ($1.82 in chips) 
Seat 2: Dorex2007 ($2.90 in chips) 
Seat 3: lolilolka ($2.97 in chips) 
Seat 4: chipdestoyer ($0.87 in chips) 
Seat 5: shoguinho14 ($1.69 in chips) 
Seat 6: igrok735 ($1.86 in chips) 
Seat 8: larry.c420 ($1.59 in chips) 
Seat 9: pleasenono ($2.06 in chips) 
igrok735: posts small blind $0.01
larry.c420: posts big blind $0.02
*** HOLE CARDS ***
Dealt to Dorex2007 [3d 4s]
pleasenono: folds 
oldguyreacts: folds 
Dorex2007: folds 
lolilolka: folds 
chipdestoyer: calls $0.02
shoguinho14: folds 
igrok735: folds 
larry.c420: checks 
*** FLOP *** [5d 5s 7s]
larry.c420: checks 
chipdestoyer: checks 
*** TURN *** [5d 5s 7s] [Qs]
larry.c420: checks 
chipdestoyer: bets $0.02
larry.c420: calls $0.02
*** RIVER *** [5d 5s 7s Qs] [Ts]
larry.c420: checks 
chipdestoyer: bets $0.04
larry.c420: folds 
Uncalled bet ($0.04) returned to chipdestoyer
chipdestoyer collected $0.09 from pot
chipdestoyer: doesn't show hand 
*** SUMMARY ***
Total pot $0.09 | Rake $0 
Board [5d 5s 7s Qs Ts]
Seat 1: oldguyreacts folded before Flop (didn't bet)
Seat 2: Dorex2007 folded before Flop (didn't bet)
Seat 3: lolilolka folded before Flop (didn't bet)
Seat 4: chipdestoyer collected ($0.09)
Seat 5: shoguinho14 (button) folded before Flop (didn't bet)
Seat 6: igrok735 (small blind) folded before Flop
Seat 8: larry.c420 (big blind) folded on the River
Seat 9: pleasenono folded before Flop (didn't bet)



PokerStars Hand #225747267124:  Hold'em No Limit ($0.01/$0.02 USD) - 2021/04/11 14:16:39 PT [2021/04/11 17:16:39 ET]
Table 'Itha II' 9-max Seat #6 is the button
Seat 1: oldguyreacts ($1.82 in chips) 
Seat 2: Dorex2007 ($2.90 in chips) 
Seat 3: lolilolka ($2.97 in chips) 
Seat 4: chipdestoyer ($0.92 in chips) 
Seat 5: shoguinho14 ($1.69 in chips) 
Seat 6: igrok735 ($1.85 in chips) 
Seat 8: larry.c420 ($1.55 in chips) 
Seat 9: pleasenono ($2.06 in chips) 
larry.c420: posts small blind $0.01
pleasenono: posts big blind $0.02
*** HOLE CARDS ***
Dealt to Dorex2007 [6c 9d]
oldguyreacts: folds 
Dorex2007: folds 
lolilolka: folds 
chipdestoyer: folds 
shoguinho14: folds 
igrok735: folds 
larry.c420: calls $0.01
pleasenono: checks 
*** FLOP *** [6h Ah 3s]
larry.c420: checks 
pleasenono: checks 
*** TURN *** [6h Ah 3s] [Qh]
larry.c420: bets $0.06
pleasenono: calls $0.06
*** RIVER *** [6h Ah 3s Qh] [Td]
larry.c420: bets $0.12
pleasenono: calls $0.12
*** SHOW DOWN ***
larry.c420: shows [Ad Th] (two pair, Aces and Tens)
pleasenono: shows [Js Kh] (a straight, Ten to Ace)
pleasenono collected $0.39 from pot
*** SUMMARY ***
Total pot $0.40 | Rake $0.01 
Board [6h Ah 3s Qh Td]
Seat 1: oldguyreacts folded before Flop (didn't bet)
Seat 2: Dorex2007 folded before Flop (didn't bet)
Seat 3: lolilolka folded before Flop (didn't bet)
Seat 4: chipdestoyer folded before Flop (didn't bet)
Seat 5: shoguinho14 folded before Flop (didn't bet)
Seat 6: igrok735 (button) folded before Flop (didn't bet)
Seat 8: larry.c420 (small blind) showed [Ad Th] and lost with two pair, Aces and Tens
Seat 9: pleasenono (big blind) showed [Js Kh] and won ($0.39) with a straight, Ten to Ace



PokerStars Hand #225747298772:  Hold'em No Limit ($0.01/$0.02 USD) - 2021/04/11 14:17:20 PT [2021/04/11 17:17:20 ET]
Table 'Itha II' 9-max Seat #8 is the button
Seat 1: oldguyreacts ($1.82 in chips) 
Seat 2: Dorex2007 ($2.90 in chips) 
Seat 3: lolilolka ($2.97 in chips) 
Seat 4: chipdestoyer ($0.92 in chips) 
Seat 5: shoguinho14 ($1.69 in chips) 
Seat 6: igrok735 ($1.85 in chips) 
Seat 8: larry.c420 ($1.35 in chips) 
Seat 9: pleasenono ($2.25 in chips) 
pleasenono: posts small blind $0.01
oldguyreacts: posts big blind $0.02
*** HOLE CARDS ***
Dealt to Dorex2007 [4s 6h]
Dorex2007: folds 
lolilolka: folds 
chipdestoyer: calls $0.02
shoguinho14: folds 
igrok735: folds 
larry.c420: calls $0.02
pleasenono: folds 
oldguyreacts: raises $0.08 to $0.10
chipdestoyer: folds 
larry.c420: calls $0.08
*** FLOP *** [3d 5s 7h]
oldguyreacts: bets $0.11
larry.c420: calls $0.11
*** TURN *** [3d 5s 7h] [7c]
oldguyreacts: bets $0.13
larry.c420: calls $0.13
*** RIVER *** [3d 5s 7h 7c] [3s]
oldguyreacts: checks 
larry.c420: checks 
*** SHOW DOWN ***
oldguyreacts: shows [Qh Qc] (two pair, Queens and Sevens)
larry.c420: mucks hand 
oldguyreacts collected $0.69 from pot
*** SUMMARY ***
Total pot $0.71 | Rake $0.02 
Board [3d 5s 7h 7c 3s]
Seat 1: oldguyreacts (big blind) showed [Qh Qc] and won ($0.69) with two pair, Queens and Sevens
Seat 2: Dorex2007 folded before Flop (didn't bet)
Seat 3: lolilolka folded before Flop (didn't bet)
Seat 4: chipdestoyer folded before Flop
Seat 5: shoguinho14 folded before Flop (didn't bet)
Seat 6: igrok735 folded before Flop (didn't bet)
Seat 8: larry.c420 (button) mucked [2s 8s]
Seat 9: pleasenono (small blind) folded before Flop



