PokerStars Hand #231845834092:  Hold'em No Limit ($0.01/$0.02 USD) - 2021/11/30 21:13:14 PT [2021/12/01 0:13:14 ET]
Table 'Thessalia IV' 9-max Seat #4 is the button
Seat 2: frosa9397 ($2 in chips) 
Seat 3: Dorex2007 ($2 in chips) 
Seat 4: rytikov1987 ($0.74 in chips) 
Seat 5: cristopua ($1.48 in chips) 
Seat 6: fanky376 ($0.83 in chips) 
Seat 7: kent330330 ($1.44 in chips) 
Seat 8: serg966577 ($1.10 in chips) 
Seat 9: Directive4 ($0.92 in chips) 
cristopua: posts small blind $0.01
fanky376: posts big blind $0.02
frosa9397: posts big blind $0.02
Dorex2007: posts big blind $0.02
*** HOLE CARDS ***
Dealt to Dorex2007 [Js 3h]
kent330330: folds 
serg966577: calls $0.02
Directive4: folds 
frosa9397: checks 
Dorex2007: checks 
rytikov1987: raises $0.11 to $0.13
cristopua: folds 
fanky376: folds 
serg966577: calls $0.11
frosa9397: folds 
Dorex2007: folds 
*** FLOP *** [Ah 5c Jd]
serg966577: checks 
rytikov1987: bets $0.16
serg966577: folds 
Uncalled bet ($0.16) returned to rytikov1987
rytikov1987 collected $0.32 from pot
rytikov1987: doesn't show hand 
*** SUMMARY ***
Total pot $0.33 | Rake $0.01 
Board [Ah 5c Jd]
Seat 2: frosa9397 folded before Flop (didn't bet)
Seat 3: Dorex2007 folded before Flop (didn't bet)
Seat 4: rytikov1987 (button) collected ($0.32)
Seat 5: cristopua (small blind) folded before Flop
Seat 6: fanky376 (big blind) folded before Flop
Seat 7: kent330330 folded before Flop (didn't bet)
Seat 8: serg966577 folded on the Flop
Seat 9: Directive4 folded before Flop (didn't bet)



PokerStars Hand #231845840570:  Hold'em No Limit ($0.01/$0.02 USD) - 2021/11/30 21:14:01 PT [2021/12/01 0:14:01 ET]
Table 'Thessalia IV' 9-max Seat #5 is the button
Seat 2: frosa9397 ($1.98 in chips) 
Seat 3: Dorex2007 ($2 in chips) 
Seat 4: rytikov1987 ($0.93 in chips) 
Seat 5: cristopua ($1.99 in chips) 
Seat 6: fanky376 ($0.81 in chips) 
Seat 7: kent330330 ($1.44 in chips) 
Seat 8: serg966577 ($0.97 in chips) 
Seat 9: Directive4 ($0.92 in chips) 
fanky376: posts small blind $0.01
kent330330: posts big blind $0.02
*** HOLE CARDS ***
Dealt to Dorex2007 [6d 6s]
serg966577: folds 
Directive4: folds 
frosa9397 has timed out
frosa9397: folds 
Dorex2007: raises $0.10 to $0.12
rytikov1987: folds 
cristopua: calls $0.12
fanky376: calls $0.11
kent330330: folds 
*** FLOP *** [6h Jc 3c]
fanky376: checks 
Dorex2007: bets $0.19
cristopua: folds 
fanky376: calls $0.19
*** TURN *** [6h Jc 3c] [Js]
aleksDtm joins the table at seat #1 
fanky376: checks 
Dorex2007: checks 
*** RIVER *** [6h Jc 3c Js] [5h]
fanky376: checks 
Dorex2007: bets $0.26
fanky376: folds 
Uncalled bet ($0.26) returned to Dorex2007
Dorex2007 collected $0.73 from pot
Dorex2007: doesn't show hand 
*** SUMMARY ***
Total pot $0.76 | Rake $0.03 
Board [6h Jc 3c Js 5h]
Seat 2: frosa9397 folded before Flop (didn't bet)
Seat 3: Dorex2007 collected ($0.73)
Seat 4: rytikov1987 folded before Flop (didn't bet)
Seat 5: cristopua (button) folded on the Flop
Seat 6: fanky376 (small blind) folded on the River
Seat 7: kent330330 (big blind) folded before Flop
Seat 8: serg966577 folded before Flop (didn't bet)
Seat 9: Directive4 folded before Flop (didn't bet)



PokerStars Hand #231845853066:  Hold'em No Limit ($0.01/$0.02 USD) - 2021/11/30 21:15:34 PT [2021/12/01 0:15:34 ET]
Table 'Thessalia IV' 9-max Seat #6 is the button
Seat 2: frosa9397 ($1.98 in chips) 
Seat 3: Dorex2007 ($2.42 in chips) 
Seat 4: rytikov1987 ($0.93 in chips) 
Seat 5: cristopua ($1.87 in chips) 
Seat 6: fanky376 ($0.50 in chips) 
Seat 7: kent330330 ($1.42 in chips) 
Seat 8: serg966577 ($0.97 in chips) 
Seat 9: Directive4 ($0.92 in chips) 
kent330330: posts small blind $0.01
serg966577: posts big blind $0.02
aleksDtm: sits out 
*** HOLE CARDS ***
Dealt to Dorex2007 [2h 9s]
Directive4: folds 
frosa9397: calls $0.02
Dorex2007: folds 
rytikov1987: folds 
cristopua: raises $0.06 to $0.08
fanky376: folds 
kent330330: folds 
serg966577: folds 
frosa9397: calls $0.06
*** FLOP *** [3s 7c Jd]
frosa9397: checks 
cristopua: bets $0.06
frosa9397: folds 
Uncalled bet ($0.06) returned to cristopua
cristopua collected $0.18 from pot
cristopua: doesn't show hand 
*** SUMMARY ***
Total pot $0.19 | Rake $0.01 
Board [3s 7c Jd]
Seat 2: frosa9397 folded on the Flop
Seat 3: Dorex2007 folded before Flop (didn't bet)
Seat 4: rytikov1987 folded before Flop (didn't bet)
Seat 5: cristopua collected ($0.18)
Seat 6: fanky376 (button) folded before Flop (didn't bet)
Seat 7: kent330330 (small blind) folded before Flop
Seat 8: serg966577 (big blind) folded before Flop
Seat 9: Directive4 folded before Flop (didn't bet)



PokerStars Hand #231845861105:  Hold'em No Limit ($0.01/$0.02 USD) - 2021/11/30 21:16:32 PT [2021/12/01 0:16:32 ET]
Table 'Thessalia IV' 9-max Seat #7 is the button
Seat 1: aleksDtm ($0.80 in chips) 
Seat 2: frosa9397 ($1.90 in chips) 
Seat 3: Dorex2007 ($2.42 in chips) 
Seat 4: rytikov1987 ($0.93 in chips) 
Seat 5: cristopua ($1.97 in chips) 
Seat 6: fanky376 ($0.50 in chips) 
Seat 7: kent330330 ($1.41 in chips) 
Seat 8: serg966577 ($0.95 in chips) 
Seat 9: Directive4 ($0.92 in chips) 
serg966577: posts small blind $0.01
Directive4: posts big blind $0.02
aleksDtm: posts big blind $0.02
*** HOLE CARDS ***
Dealt to Dorex2007 [9d 3s]
aleksDtm: checks 
frosa9397: folds 
Dorex2007: folds 
rytikov1987: folds 
cristopua: folds 
fanky376: folds 
kent330330: folds 
serg966577: calls $0.01
Directive4: checks 
*** FLOP *** [Ac 8h 8s]
serg966577: checks 
Directive4: checks 
aleksDtm: checks 
*** TURN *** [Ac 8h 8s] [Js]
serg966577: checks 
Directive4: checks 
aleksDtm: checks 
*** RIVER *** [Ac 8h 8s Js] [5s]
serg966577: bets $0.06
Directive4: calls $0.06
aleksDtm: calls $0.06
*** SHOW DOWN ***
serg966577: shows [4s 9s] (a flush, Jack high)
Directive4: mucks hand 
aleksDtm: shows [5d 5h] (a full house, Fives full of Eights)
aleksDtm collected $0.23 from pot
*** SUMMARY ***
Total pot $0.24 | Rake $0.01 
Board [Ac 8h 8s Js 5s]
Seat 1: aleksDtm showed [5d 5h] and won ($0.23) with a full house, Fives full of Eights
Seat 2: frosa9397 folded before Flop (didn't bet)
Seat 3: Dorex2007 folded before Flop (didn't bet)
Seat 4: rytikov1987 folded before Flop (didn't bet)
Seat 5: cristopua folded before Flop (didn't bet)
Seat 6: fanky376 folded before Flop (didn't bet)
Seat 7: kent330330 (button) folded before Flop (didn't bet)
Seat 8: serg966577 (small blind) showed [4s 9s] and lost with a flush, Jack high
Seat 9: Directive4 (big blind) mucked [4h 8d]



PokerStars Hand #231845871284:  Hold'em No Limit ($0.01/$0.02 USD) - 2021/11/30 21:17:05 PT [2021/12/01 0:17:05 ET]
Table 'Thessalia IV' 9-max Seat #8 is the button
Seat 1: aleksDtm ($0.95 in chips) 
Seat 2: frosa9397 ($1.90 in chips) 
Seat 3: Dorex2007 ($2.42 in chips) 
Seat 4: rytikov1987 ($0.93 in chips) 
Seat 5: cristopua ($1.97 in chips) 
Seat 6: fanky376 ($0.50 in chips) 
Seat 7: kent330330 ($1.41 in chips) 
Seat 8: serg966577 ($0.87 in chips) 
Seat 9: Directive4 ($0.84 in chips) 
Directive4: posts small blind $0.01
aleksDtm: posts big blind $0.02
*** HOLE CARDS ***
Dealt to Dorex2007 [9h 6d]
frosa9397: folds 
Dorex2007: folds 
rytikov1987: folds 
cristopua: folds 
fanky376: folds 
kent330330: folds 
serg966577: folds 
Directive4: raises $0.04 to $0.06
aleksDtm: calls $0.04
*** FLOP *** [Js Kc 8d]
Directive4: checks 
aleksDtm: checks 
*** TURN *** [Js Kc 8d] [Jc]
Directive4: bets $0.02
aleksDtm: calls $0.02
*** RIVER *** [Js Kc 8d Jc] [2s]
Directive4: checks 
aleksDtm: bets $0.08
Directive4: calls $0.08
*** SHOW DOWN ***
aleksDtm: shows [9c 7c] (a pair of Jacks)
Directive4: shows [2h Qd] (two pair, Jacks and Deuces)
Directive4 collected $0.31 from pot
*** SUMMARY ***
Total pot $0.32 | Rake $0.01 
Board [Js Kc 8d Jc 2s]
Seat 1: aleksDtm (big blind) showed [9c 7c] and lost with a pair of Jacks
Seat 2: frosa9397 folded before Flop (didn't bet)
Seat 3: Dorex2007 folded before Flop (didn't bet)
Seat 4: rytikov1987 folded before Flop (didn't bet)
Seat 5: cristopua folded before Flop (didn't bet)
Seat 6: fanky376 folded before Flop (didn't bet)
Seat 7: kent330330 folded before Flop (didn't bet)
Seat 8: serg966577 (button) folded before Flop (didn't bet)
Seat 9: Directive4 (small blind) showed [2h Qd] and won ($0.31) with two pair, Jacks and Deuces



PokerStars Hand #231845876593:  Hold'em No Limit ($0.01/$0.02 USD) - 2021/11/30 21:17:43 PT [2021/12/01 0:17:43 ET]
Table 'Thessalia IV' 9-max Seat #9 is the button
Seat 1: aleksDtm ($0.79 in chips) 
Seat 2: frosa9397 ($1.90 in chips) 
Seat 3: Dorex2007 ($2.42 in chips) 
Seat 4: rytikov1987 ($0.93 in chips) 
Seat 5: cristopua ($1.97 in chips) 
Seat 6: fanky376 ($0.50 in chips) 
Seat 7: kent330330 ($1.41 in chips) 
Seat 8: serg966577 ($0.87 in chips) 
Seat 9: Directive4 ($0.99 in chips) 
aleksDtm: posts small blind $0.01
frosa9397: posts big blind $0.02
*** HOLE CARDS ***
Dealt to Dorex2007 [Qs 2s]
Dorex2007: folds 
rytikov1987: raises $0.02 to $0.04
cristopua: folds 
fanky376: folds 
kent330330: folds 
serg966577: calls $0.04
Directive4: folds 
aleksDtm: calls $0.03
frosa9397: folds 
*** FLOP *** [7c 9d 9s]
aleksDtm: checks 
rytikov1987: checks 
serg966577: bets $0.04
aleksDtm: calls $0.04
rytikov1987: folds 
*** TURN *** [7c 9d 9s] [7d]
aleksDtm: checks 
serg966577: checks 
*** RIVER *** [7c 9d 9s 7d] [Qd]
aleksDtm: checks 
serg966577: bets $0.11
aleksDtm: folds 
Uncalled bet ($0.11) returned to serg966577
serg966577 collected $0.21 from pot
serg966577: doesn't show hand 
*** SUMMARY ***
Total pot $0.22 | Rake $0.01 
Board [7c 9d 9s 7d Qd]
Seat 1: aleksDtm (small blind) folded on the River
Seat 2: frosa9397 (big blind) folded before Flop
Seat 3: Dorex2007 folded before Flop (didn't bet)
Seat 4: rytikov1987 folded on the Flop
Seat 5: cristopua folded before Flop (didn't bet)
Seat 6: fanky376 folded before Flop (didn't bet)
Seat 7: kent330330 folded before Flop (didn't bet)
Seat 8: serg966577 collected ($0.21)
Seat 9: Directive4 (button) folded before Flop (didn't bet)



PokerStars Hand #231845883586:  Hold'em No Limit ($0.01/$0.02 USD) - 2021/11/30 21:18:35 PT [2021/12/01 0:18:35 ET]
Table 'Thessalia IV' 9-max Seat #1 is the button
Seat 1: aleksDtm ($0.71 in chips) 
Seat 2: frosa9397 ($1.88 in chips) 
Seat 3: Dorex2007 ($2.42 in chips) 
Seat 4: rytikov1987 ($0.89 in chips) 
Seat 5: cristopua ($1.97 in chips) 
Seat 6: fanky376 ($0.50 in chips) 
Seat 7: kent330330 ($1.41 in chips) 
Seat 8: serg966577 ($1 in chips) 
Seat 9: Directive4 ($0.99 in chips) 
frosa9397: posts small blind $0.01
Dorex2007: posts big blind $0.02
*** HOLE CARDS ***
Dealt to Dorex2007 [7d 6d]
rytikov1987: folds 
cristopua has timed out
cristopua: folds 
fanky376: folds 
kent330330: folds 
serg966577: calls $0.02
Directive4: folds 
aleksDtm: calls $0.02
frosa9397: calls $0.01
Dorex2007: checks 
*** FLOP *** [Jd Qd 5s]
cristopua leaves the table
frosa9397: checks 
Dorex2007: checks 
serg966577: checks 
aleksDtm: checks 
*** TURN *** [Jd Qd 5s] [Td]
shawmoney joins the table at seat #5 
frosa9397: bets $0.04
Dorex2007: calls $0.04
serg966577: folds 
aleksDtm: folds 
*** RIVER *** [Jd Qd 5s Td] [3s]
frosa9397: checks 
Dorex2007: bets $0.08
frosa9397: folds 
Uncalled bet ($0.08) returned to Dorex2007
Dorex2007 collected $0.15 from pot
Dorex2007: doesn't show hand 
*** SUMMARY ***
Total pot $0.16 | Rake $0.01 
Board [Jd Qd 5s Td 3s]
Seat 1: aleksDtm (button) folded on the Turn
Seat 2: frosa9397 (small blind) folded on the River
Seat 3: Dorex2007 (big blind) collected ($0.15)
Seat 4: rytikov1987 folded before Flop (didn't bet)
Seat 5: cristopua folded before Flop (didn't bet)
Seat 6: fanky376 folded before Flop (didn't bet)
Seat 7: kent330330 folded before Flop (didn't bet)
Seat 8: serg966577 folded on the Turn
Seat 9: Directive4 folded before Flop (didn't bet)



PokerStars Hand #231845891264:  Hold'em No Limit ($0.01/$0.02 USD) - 2021/11/30 21:19:32 PT [2021/12/01 0:19:32 ET]
Table 'Thessalia IV' 9-max Seat #2 is the button
Seat 1: aleksDtm ($0.69 in chips) 
Seat 2: frosa9397 ($1.82 in chips) 
Seat 3: Dorex2007 ($2.51 in chips) 
Seat 4: rytikov1987 ($0.89 in chips) 
Seat 6: fanky376 ($0.50 in chips) 
Seat 7: kent330330 ($1.41 in chips) 
Seat 8: serg966577 ($0.98 in chips) 
Seat 9: Directive4 ($0.99 in chips) 
Dorex2007: posts small blind $0.01
rytikov1987: posts big blind $0.02
shawmoney: sits out 
*** HOLE CARDS ***
Dealt to Dorex2007 [6c 2h]
fanky376 has timed out
fanky376: folds 
kent330330: folds 
serg966577: folds 
Directive4: raises $0.04 to $0.06
aleksDtm: folds 
frosa9397: folds 
Dorex2007: folds 
rytikov1987: folds 
Uncalled bet ($0.04) returned to Directive4
Directive4 collected $0.05 from pot
Directive4: doesn't show hand 
*** SUMMARY ***
Total pot $0.05 | Rake $0 
Seat 1: aleksDtm folded before Flop (didn't bet)
Seat 2: frosa9397 (button) folded before Flop (didn't bet)
Seat 3: Dorex2007 (small blind) folded before Flop
Seat 4: rytikov1987 (big blind) folded before Flop
Seat 6: fanky376 folded before Flop (didn't bet)
Seat 7: kent330330 folded before Flop (didn't bet)
Seat 8: serg966577 folded before Flop (didn't bet)
Seat 9: Directive4 collected ($0.05)



PokerStars Hand #231845895215:  Hold'em No Limit ($0.01/$0.02 USD) - 2021/11/30 21:20:01 PT [2021/12/01 0:20:01 ET]
Table 'Thessalia IV' 9-max Seat #3 is the button
Seat 1: aleksDtm ($0.69 in chips) 
Seat 2: frosa9397 ($1.82 in chips) 
Seat 3: Dorex2007 ($2.50 in chips) 
Seat 4: rytikov1987 ($0.87 in chips) 
Seat 5: shawmoney ($1.60 in chips) 
Seat 6: fanky376 ($0.50 in chips) 
Seat 7: kent330330 ($1.41 in chips) 
Seat 8: serg966577 ($0.98 in chips) 
Seat 9: Directive4 ($1.02 in chips) 
rytikov1987: posts small blind $0.01
shawmoney: posts big blind $0.02
*** HOLE CARDS ***
Dealt to Dorex2007 [3h 9h]
fanky376: folds 
kent330330: folds 
serg966577: calls $0.02
Directive4: folds 
aleksDtm: folds 
frosa9397: folds 
Dorex2007: folds 
rytikov1987: folds 
shawmoney: checks 
*** FLOP *** [6d 2d 7h]
shawmoney: checks 
serg966577: bets $0.02
shawmoney: folds 
Uncalled bet ($0.02) returned to serg966577
serg966577 collected $0.05 from pot
serg966577: doesn't show hand 
*** SUMMARY ***
Total pot $0.05 | Rake $0 
Board [6d 2d 7h]
Seat 1: aleksDtm folded before Flop (didn't bet)
Seat 2: frosa9397 folded before Flop (didn't bet)
Seat 3: Dorex2007 (button) folded before Flop (didn't bet)
Seat 4: rytikov1987 (small blind) folded before Flop
Seat 5: shawmoney (big blind) folded on the Flop
Seat 6: fanky376 folded before Flop (didn't bet)
Seat 7: kent330330 folded before Flop (didn't bet)
Seat 8: serg966577 collected ($0.05)
Seat 9: Directive4 folded before Flop (didn't bet)



PokerStars Hand #231845899800:  Hold'em No Limit ($0.01/$0.02 USD) - 2021/11/30 21:20:35 PT [2021/12/01 0:20:35 ET]
Table 'Thessalia IV' 9-max Seat #4 is the button
Seat 1: aleksDtm ($0.69 in chips) 
Seat 2: frosa9397 ($1.82 in chips) 
Seat 3: Dorex2007 ($2.50 in chips) 
Seat 4: rytikov1987 ($0.86 in chips) 
Seat 5: shawmoney ($1.58 in chips) 
Seat 6: fanky376 ($0.50 in chips) 
Seat 7: kent330330 ($1.41 in chips) 
Seat 8: serg966577 ($1.01 in chips) 
Seat 9: Directive4 ($1.02 in chips) 
shawmoney: posts small blind $0.01
fanky376: posts big blind $0.02
*** HOLE CARDS ***
Dealt to Dorex2007 [Qs 9c]
kent330330: folds 
serg966577: folds 
Directive4: folds 
aleksDtm: calls $0.02
frosa9397: folds 
Dorex2007: folds 
rytikov1987: calls $0.02
shawmoney: folds 
fanky376: checks 
*** FLOP *** [Kc 4s 9d]
fanky376: checks 
aleksDtm: checks 
rytikov1987: bets $0.04
fanky376: folds 
aleksDtm: folds 
Uncalled bet ($0.04) returned to rytikov1987
rytikov1987 collected $0.07 from pot
rytikov1987: doesn't show hand 
*** SUMMARY ***
Total pot $0.07 | Rake $0 
Board [Kc 4s 9d]
Seat 1: aleksDtm folded on the Flop
Seat 2: frosa9397 folded before Flop (didn't bet)
Seat 3: Dorex2007 folded before Flop (didn't bet)
Seat 4: rytikov1987 (button) collected ($0.07)
Seat 5: shawmoney (small blind) folded before Flop
Seat 6: fanky376 (big blind) folded on the Flop
Seat 7: kent330330 folded before Flop (didn't bet)
Seat 8: serg966577 folded before Flop (didn't bet)
Seat 9: Directive4 folded before Flop (didn't bet)



PokerStars Hand #231845905904:  Hold'em No Limit ($0.01/$0.02 USD) - 2021/11/30 21:21:20 PT [2021/12/01 0:21:20 ET]
Table 'Thessalia IV' 9-max Seat #5 is the button
Seat 1: aleksDtm ($0.67 in chips) 
Seat 2: frosa9397 ($1.82 in chips) 
Seat 3: Dorex2007 ($2.50 in chips) 
Seat 4: rytikov1987 ($0.91 in chips) 
Seat 5: shawmoney ($1.57 in chips) 
Seat 6: fanky376 ($0.48 in chips) 
Seat 7: kent330330 ($1.41 in chips) 
Seat 8: serg966577 ($1.01 in chips) 
Seat 9: Directive4 ($1.02 in chips) 
fanky376: posts small blind $0.01
kent330330: posts big blind $0.02
*** HOLE CARDS ***
Dealt to Dorex2007 [8h Ah]
serg966577: folds 
Directive4: raises $0.04 to $0.06
aleksDtm: folds 
frosa9397: folds 
Dorex2007: calls $0.06
rytikov1987: folds 
shawmoney: raises $0.04 to $0.10
fanky376: folds 
kent330330: folds 
Directive4: raises $0.14 to $0.24
Dorex2007: folds 
shawmoney: raises $1.33 to $1.57 and is all-in
Directive4: calls $0.78 and is all-in
Uncalled bet ($0.55) returned to shawmoney
*** FLOP *** [Js 2c 9d]
*** TURN *** [Js 2c 9d] [Ks]
*** RIVER *** [Js 2c 9d Ks] [6h]
*** SHOW DOWN ***
Directive4: shows [Jc Jd] (three of a kind, Jacks)
shawmoney: shows [Ad As] (a pair of Aces)
Directive4 collected $2.06 from pot
*** SUMMARY ***
Total pot $2.13 | Rake $0.07 
Board [Js 2c 9d Ks 6h]
Seat 1: aleksDtm folded before Flop (didn't bet)
Seat 2: frosa9397 folded before Flop (didn't bet)
Seat 3: Dorex2007 folded before Flop
Seat 4: rytikov1987 folded before Flop (didn't bet)
Seat 5: shawmoney (button) showed [Ad As] and lost with a pair of Aces
Seat 6: fanky376 (small blind) folded before Flop
Seat 7: kent330330 (big blind) folded before Flop
Seat 8: serg966577 folded before Flop (didn't bet)
Seat 9: Directive4 showed [Jc Jd] and won ($2.06) with three of a kind, Jacks



PokerStars Hand #231845914015:  Hold'em No Limit ($0.01/$0.02 USD) - 2021/11/30 21:22:19 PT [2021/12/01 0:22:19 ET]
Table 'Thessalia IV' 9-max Seat #6 is the button
Seat 1: aleksDtm ($0.67 in chips) 
Seat 2: frosa9397 ($1.82 in chips) 
Seat 3: Dorex2007 ($2.44 in chips) 
Seat 4: rytikov1987 ($0.91 in chips) 
Seat 5: shawmoney ($0.55 in chips) 
Seat 6: fanky376 ($0.47 in chips) 
Seat 7: kent330330 ($1.39 in chips) 
Seat 8: serg966577 ($1.01 in chips) 
Seat 9: Directive4 ($2.06 in chips) 
kent330330: posts small blind $0.01
serg966577: posts big blind $0.02
*** HOLE CARDS ***
Dealt to Dorex2007 [9c 2c]
Directive4: folds 
aleksDtm: folds 
frosa9397: folds 
Dorex2007: folds 
rytikov1987: folds 
shawmoney: folds 
shawmoney leaves the table
fanky376: folds 
kent330330: folds 
Uncalled bet ($0.01) returned to serg966577
serg966577 collected $0.02 from pot
serg966577: doesn't show hand 
*** SUMMARY ***
Total pot $0.02 | Rake $0 
Seat 1: aleksDtm folded before Flop (didn't bet)
Seat 2: frosa9397 folded before Flop (didn't bet)
Seat 3: Dorex2007 folded before Flop (didn't bet)
Seat 4: rytikov1987 folded before Flop (didn't bet)
Seat 5: shawmoney folded before Flop (didn't bet)
Seat 6: fanky376 (button) folded before Flop (didn't bet)
Seat 7: kent330330 (small blind) folded before Flop
Seat 8: serg966577 (big blind) collected ($0.02)
Seat 9: Directive4 folded before Flop (didn't bet)



PokerStars Hand #231845916056:  Hold'em No Limit ($0.01/$0.02 USD) - 2021/11/30 21:22:34 PT [2021/12/01 0:22:34 ET]
Table 'Thessalia IV' 9-max Seat #7 is the button
Seat 1: aleksDtm ($0.67 in chips) 
Seat 2: frosa9397 ($1.82 in chips) 
Seat 3: Dorex2007 ($2.44 in chips) 
Seat 4: rytikov1987 ($0.91 in chips) 
Seat 6: fanky376 ($0.47 in chips) 
Seat 7: kent330330 ($1.38 in chips) 
Seat 8: serg966577 ($1.02 in chips) 
Seat 9: Directive4 ($2.06 in chips) 
serg966577: posts small blind $0.01
Directive4: posts big blind $0.02
*** HOLE CARDS ***
Dealt to Dorex2007 [8d Qd]
aleksDtm has timed out
aleksDtm: folds 
frosa9397: calls $0.02
Dorex2007: folds 
rytikov1987: folds 
fanky376: calls $0.02
kent330330: folds 
serg966577: calls $0.01
Directive4: checks 
*** FLOP *** [8h 9s 7s]
serg966577: checks 
Directive4: checks 
frosa9397: checks 
fanky376: checks 
*** TURN *** [8h 9s 7s] [7c]
serg966577: bets $0.04
DEdPo0L joins the table at seat #5 
Directive4: calls $0.04
frosa9397: folds 
fanky376: calls $0.04
*** RIVER *** [8h 9s 7s 7c] [Ad]
serg966577: bets $0.19
Directive4: folds 
fanky376: folds 
Uncalled bet ($0.19) returned to serg966577
serg966577 collected $0.19 from pot
serg966577: doesn't show hand 
*** SUMMARY ***
Total pot $0.20 | Rake $0.01 
Board [8h 9s 7s 7c Ad]
Seat 1: aleksDtm folded before Flop (didn't bet)
Seat 2: frosa9397 folded on the Turn
Seat 3: Dorex2007 folded before Flop (didn't bet)
Seat 4: rytikov1987 folded before Flop (didn't bet)
Seat 6: fanky376 folded on the River
Seat 7: kent330330 (button) folded before Flop (didn't bet)
Seat 8: serg966577 (small blind) collected ($0.19)
Seat 9: Directive4 (big blind) folded on the River



PokerStars Hand #231845925415:  Hold'em No Limit ($0.01/$0.02 USD) - 2021/11/30 21:23:43 PT [2021/12/01 0:23:43 ET]
Table 'Thessalia IV' 9-max Seat #8 is the button
Seat 2: frosa9397 ($1.80 in chips) 
Seat 3: Dorex2007 ($2.44 in chips) 
Seat 4: rytikov1987 ($0.91 in chips) 
Seat 5: DEdPo0L ($2 in chips) 
Seat 6: fanky376 ($0.41 in chips) 
Seat 7: kent330330 ($1.38 in chips) 
Seat 8: serg966577 ($1.15 in chips) 
Seat 9: Directive4 ($2 in chips) 
Directive4: posts small blind $0.01
frosa9397: posts big blind $0.02
DEdPo0L: posts big blind $0.02
*** HOLE CARDS ***
Dealt to Dorex2007 [2h 3c]
Dorex2007: folds 
rytikov1987: folds 
DEdPo0L: checks 
fanky376: calls $0.02
kent330330: folds 
serg966577: raises $0.04 to $0.06
Directive4: folds 
frosa9397: folds 
DEdPo0L: folds 
fanky376: calls $0.04
*** FLOP *** [9h Jd Qc]
fanky376: checks 
serg966577: checks 
*** TURN *** [9h Jd Qc] [Td]
fanky376: bets $0.16
serg966577: raises $0.16 to $0.32
fanky376: raises $0.03 to $0.35 and is all-in
serg966577: calls $0.03
*** RIVER *** [9h Jd Qc Td] [Qd]
*** SHOW DOWN ***
fanky376: shows [Kd 8s] (a straight, Nine to King)
serg966577: shows [As Kh] (a straight, Ten to Ace)
serg966577 collected $0.84 from pot
fanky376 cashed out the hand for $0.03
*** SUMMARY ***
Total pot $0.87 | Rake $0.03 
Board [9h Jd Qc Td Qd]
Seat 2: frosa9397 (big blind) folded before Flop
Seat 3: Dorex2007 folded before Flop (didn't bet)
Seat 4: rytikov1987 folded before Flop (didn't bet)
Seat 5: DEdPo0L folded before Flop (didn't bet)
Seat 6: fanky376 showed [Kd 8s] and lost with a straight, Nine to King (cashed out).
Seat 7: kent330330 folded before Flop (didn't bet)
Seat 8: serg966577 (button) showed [As Kh] and won ($0.84) with a straight, Ten to Ace
Seat 9: Directive4 (small blind) folded before Flop



PokerStars Hand #231845934076:  Hold'em No Limit ($0.01/$0.02 USD) - 2021/11/30 21:24:47 PT [2021/12/01 0:24:47 ET]
Table 'Thessalia IV' 9-max Seat #9 is the button
Seat 2: frosa9397 ($1.78 in chips) 
Seat 3: Dorex2007 ($2.44 in chips) 
Seat 4: rytikov1987 ($0.91 in chips) 
Seat 5: DEdPo0L ($2 in chips) 
Seat 6: fanky376 ($0.03 in chips) 
Seat 7: kent330330 ($1.38 in chips) 
Seat 8: serg966577 ($1.58 in chips) 
Seat 9: Directive4 ($1.99 in chips) 
frosa9397: posts small blind $0.01
Dorex2007: posts big blind $0.02
*** HOLE CARDS ***
Dealt to Dorex2007 [3d 5s]
rytikov1987: folds 
DEdPo0L: folds 
fanky376: raises $0.01 to $0.03 and is all-in
kent330330: folds 
serg966577: folds 
Directive4: folds 
frosa9397: raises $0.10 to $0.13
Dorex2007: folds 
Uncalled bet ($0.10) returned to frosa9397
*** FLOP *** [3h 5h Th]
*** TURN *** [3h 5h Th] [3s]
*** RIVER *** [3h 5h Th 3s] [7c]
*** SHOW DOWN ***
frosa9397: shows [Ad Ac] (two pair, Aces and Threes)
fanky376: shows [8s Qd] (a pair of Threes)
frosa9397 collected $0.08 from pot
*** SUMMARY ***
Total pot $0.08 | Rake $0 
Board [3h 5h Th 3s 7c]
Seat 2: frosa9397 (small blind) showed [Ad Ac] and won ($0.08) with two pair, Aces and Threes
Seat 3: Dorex2007 (big blind) folded before Flop
Seat 4: rytikov1987 folded before Flop (didn't bet)
Seat 5: DEdPo0L folded before Flop (didn't bet)
Seat 6: fanky376 showed [8s Qd] and lost with a pair of Threes
Seat 7: kent330330 folded before Flop (didn't bet)
Seat 8: serg966577 folded before Flop (didn't bet)
Seat 9: Directive4 (button) folded before Flop (didn't bet)



PokerStars Hand #231845938780:  Hold'em No Limit ($0.01/$0.02 USD) - 2021/11/30 21:25:21 PT [2021/12/01 0:25:21 ET]
Table 'Thessalia IV' 9-max Seat #2 is the button
Seat 1: aleksDtm ($0.67 in chips) 
Seat 2: frosa9397 ($1.83 in chips) 
Seat 3: Dorex2007 ($2.42 in chips) 
Seat 4: rytikov1987 ($0.91 in chips) 
Seat 5: DEdPo0L ($2 in chips) 
Seat 7: kent330330 ($1.38 in chips) 
Seat 8: serg966577 ($1.58 in chips) 
Seat 9: Directive4 ($1.99 in chips) 
Dorex2007: posts small blind $0.01
rytikov1987: posts big blind $0.02
aleksDtm: posts small & big blinds $0.03
*** HOLE CARDS ***
Dealt to Dorex2007 [2h Ad]
DEdPo0L: folds 
kent330330: raises $0.04 to $0.06
serg966577: folds 
fanky376 leaves the table
Directive4: folds 
aleksDtm: folds 
frosa9397: folds 
Dorex2007: folds 
rytikov1987: folds 
Uncalled bet ($0.04) returned to kent330330
kent330330 collected $0.08 from pot
kent330330: doesn't show hand 
*** SUMMARY ***
Total pot $0.08 | Rake $0 
Seat 1: aleksDtm folded before Flop (didn't bet)
Seat 2: frosa9397 (button) folded before Flop (didn't bet)
Seat 3: Dorex2007 (small blind) folded before Flop
Seat 4: rytikov1987 (big blind) folded before Flop
Seat 5: DEdPo0L folded before Flop (didn't bet)
Seat 7: kent330330 collected ($0.08)
Seat 8: serg966577 folded before Flop (didn't bet)
Seat 9: Directive4 folded before Flop (didn't bet)



PokerStars Hand #231845942505:  Hold'em No Limit ($0.01/$0.02 USD) - 2021/11/30 21:25:49 PT [2021/12/01 0:25:49 ET]
Table 'Thessalia IV' 9-max Seat #3 is the button
Seat 1: aleksDtm ($0.64 in chips) 
Seat 2: frosa9397 ($1.83 in chips) 
Seat 3: Dorex2007 ($2.41 in chips) 
Seat 4: rytikov1987 ($0.89 in chips) 
Seat 5: DEdPo0L ($2 in chips) 
Seat 7: kent330330 ($1.44 in chips) 
Seat 8: serg966577 ($1.58 in chips) 
Seat 9: Directive4 ($1.99 in chips) 
rytikov1987: posts small blind $0.01
DEdPo0L: posts big blind $0.02
*** HOLE CARDS ***
Dealt to Dorex2007 [Qh Qs]
ConVoid joins the table at seat #6 
kent330330: folds 
serg966577: calls $0.02
Directive4: raises $0.08 to $0.10
aleksDtm: folds 
frosa9397: folds 
Dorex2007: raises $0.10 to $0.20
rytikov1987: folds 
DEdPo0L: calls $0.18
serg966577: folds 
Directive4: calls $0.10
*** FLOP *** [2h 2s 8c]
DEdPo0L: checks 
Directive4: checks 
Dorex2007: bets $0.31
DEdPo0L: folds 
Directive4: folds 
Uncalled bet ($0.31) returned to Dorex2007
Dorex2007 collected $0.61 from pot
Dorex2007: doesn't show hand 
*** SUMMARY ***
Total pot $0.63 | Rake $0.02 
Board [2h 2s 8c]
Seat 1: aleksDtm folded before Flop (didn't bet)
Seat 2: frosa9397 folded before Flop (didn't bet)
Seat 3: Dorex2007 (button) collected ($0.61)
Seat 4: rytikov1987 (small blind) folded before Flop
Seat 5: DEdPo0L (big blind) folded on the Flop
Seat 7: kent330330 folded before Flop (didn't bet)
Seat 8: serg966577 folded before Flop
Seat 9: Directive4 folded on the Flop



PokerStars Hand #231845948155:  Hold'em No Limit ($0.01/$0.02 USD) - 2021/11/30 21:26:31 PT [2021/12/01 0:26:31 ET]
Table 'Thessalia IV' 9-max Seat #4 is the button
Seat 1: aleksDtm ($0.64 in chips) 
Seat 2: frosa9397 ($1.83 in chips) 
Seat 3: Dorex2007 ($2.82 in chips) 
Seat 4: rytikov1987 ($0.88 in chips) 
Seat 5: DEdPo0L ($2 in chips) 
Seat 6: ConVoid ($2 in chips) 
Seat 7: kent330330 ($1.44 in chips) 
Seat 8: serg966577 ($1.56 in chips) 
Seat 9: Directive4 ($1.79 in chips) 
DEdPo0L: posts small blind $0.01
ConVoid: posts big blind $0.02
*** HOLE CARDS ***
Dealt to Dorex2007 [Jh As]
kent330330: folds 
serg966577: folds 
Directive4: folds 
aleksDtm: folds 
frosa9397: folds 
Dorex2007: raises $0.02 to $0.04
rytikov1987: folds 
DEdPo0L: folds 
ConVoid: folds 
Uncalled bet ($0.02) returned to Dorex2007
Dorex2007 collected $0.05 from pot
Dorex2007: doesn't show hand 
*** SUMMARY ***
Total pot $0.05 | Rake $0 
Seat 1: aleksDtm folded before Flop (didn't bet)
Seat 2: frosa9397 folded before Flop (didn't bet)
Seat 3: Dorex2007 collected ($0.05)
Seat 4: rytikov1987 (button) folded before Flop (didn't bet)
Seat 5: DEdPo0L (small blind) folded before Flop
Seat 6: ConVoid (big blind) folded before Flop
Seat 7: kent330330 folded before Flop (didn't bet)
Seat 8: serg966577 folded before Flop (didn't bet)
Seat 9: Directive4 folded before Flop (didn't bet)



PokerStars Hand #231845951206:  Hold'em No Limit ($0.01/$0.02 USD) - 2021/11/30 21:26:53 PT [2021/12/01 0:26:53 ET]
Table 'Thessalia IV' 9-max Seat #5 is the button
Seat 1: aleksDtm ($0.64 in chips) 
Seat 2: frosa9397 ($1.83 in chips) 
Seat 3: Dorex2007 ($2.85 in chips) 
Seat 4: rytikov1987 ($0.88 in chips) 
Seat 5: DEdPo0L ($2 in chips) 
Seat 6: ConVoid ($1.98 in chips) 
Seat 7: kent330330 ($1.44 in chips) 
Seat 8: serg966577 ($1.56 in chips) 
Seat 9: Directive4 ($1.79 in chips) 
ConVoid: posts small blind $0.01
kent330330: posts big blind $0.02
*** HOLE CARDS ***
Dealt to Dorex2007 [Td 7c]
serg966577: folds 
Directive4: folds 
aleksDtm: raises $0.02 to $0.04
frosa9397: folds 
Dorex2007: folds 
rytikov1987: folds 
DEdPo0L: calls $0.04
ConVoid: folds 
kent330330: folds 
*** FLOP *** [8d 3c 5h]
aleksDtm: checks 
DEdPo0L: checks 
*** TURN *** [8d 3c 5h] [2s]
aleksDtm: checks 
DEdPo0L: bets $0.08
aleksDtm: calls $0.08
*** RIVER *** [8d 3c 5h 2s] [9h]
aleksDtm: checks 
DEdPo0L: bets $0.20
aleksDtm: folds 
Uncalled bet ($0.20) returned to DEdPo0L
DEdPo0L collected $0.26 from pot
DEdPo0L: doesn't show hand 
*** SUMMARY ***
Total pot $0.27 | Rake $0.01 
Board [8d 3c 5h 2s 9h]
Seat 1: aleksDtm folded on the River
Seat 2: frosa9397 folded before Flop (didn't bet)
Seat 3: Dorex2007 folded before Flop (didn't bet)
Seat 4: rytikov1987 folded before Flop (didn't bet)
Seat 5: DEdPo0L (button) collected ($0.26)
Seat 6: ConVoid (small blind) folded before Flop
Seat 7: kent330330 (big blind) folded before Flop
Seat 8: serg966577 folded before Flop (didn't bet)
Seat 9: Directive4 folded before Flop (didn't bet)



PokerStars Hand #231845956785:  Hold'em No Limit ($0.01/$0.02 USD) - 2021/11/30 21:27:36 PT [2021/12/01 0:27:36 ET]
Table 'Thessalia IV' 9-max Seat #6 is the button
Seat 1: aleksDtm ($0.52 in chips) 
Seat 2: frosa9397 ($1.83 in chips) 
Seat 3: Dorex2007 ($2.85 in chips) 
Seat 4: rytikov1987 ($0.88 in chips) 
Seat 5: DEdPo0L ($2.14 in chips) 
Seat 6: ConVoid ($1.97 in chips) 
Seat 7: kent330330 ($1.42 in chips) 
Seat 8: serg966577 ($1.56 in chips) 
Seat 9: Directive4 ($1.79 in chips) 
kent330330: posts small blind $0.01
serg966577: posts big blind $0.02
*** HOLE CARDS ***
Dealt to Dorex2007 [4s 5c]
Directive4: raises $0.04 to $0.06
aleksDtm: folds 
frosa9397: calls $0.06
Dorex2007: folds 
rytikov1987: folds 
DEdPo0L: folds 
ConVoid: raises $0.12 to $0.18
kent330330: folds 
serg966577: folds 
Directive4: calls $0.12
frosa9397: folds 
*** FLOP *** [3s 3h 4h]
Directive4: checks 
ConVoid: bets $0.36
Directive4: calls $0.36
*** TURN *** [3s 3h 4h] [Jc]
Directive4: checks 
ConVoid: bets $1.43 and is all-in
Directive4: calls $1.25 and is all-in
Uncalled bet ($0.18) returned to ConVoid
*** RIVER *** [3s 3h 4h Jc] [Kh]
*** SHOW DOWN ***
Directive4: shows [3c 4c] (a full house, Threes full of Fours)
ConVoid: shows [Qh Qc] (two pair, Queens and Threes)
Directive4 collected $3.54 from pot
ConVoid cashed out the hand for $0.16
*** SUMMARY ***
Total pot $3.67 | Rake $0.13 
Board [3s 3h 4h Jc Kh]
Seat 1: aleksDtm folded before Flop (didn't bet)
Seat 2: frosa9397 folded before Flop
Seat 3: Dorex2007 folded before Flop (didn't bet)
Seat 4: rytikov1987 folded before Flop (didn't bet)
Seat 5: DEdPo0L folded before Flop (didn't bet)
Seat 6: ConVoid (button) showed [Qh Qc] and lost with two pair, Queens and Threes (cashed out).
Seat 7: kent330330 (small blind) folded before Flop
Seat 8: serg966577 (big blind) folded before Flop
Seat 9: Directive4 showed [3c 4c] and won ($3.54) with a full house, Threes full of Fours



PokerStars Hand #231845965563:  Hold'em No Limit ($0.01/$0.02 USD) - 2021/11/30 21:28:42 PT [2021/12/01 0:28:42 ET]
Table 'Thessalia IV' 9-max Seat #7 is the button
Seat 2: frosa9397 ($1.77 in chips) 
Seat 3: Dorex2007 ($2.85 in chips) 
Seat 4: rytikov1987 ($0.88 in chips) 
Seat 5: DEdPo0L ($2.14 in chips) 
Seat 6: ConVoid ($0.34 in chips) 
Seat 7: kent330330 ($1.41 in chips) 
Seat 8: serg966577 ($1.54 in chips) 
Seat 9: Directive4 ($3.54 in chips) 
serg966577: posts small blind $0.01
Directive4: posts big blind $0.02
*** HOLE CARDS ***
Dealt to Dorex2007 [7c 2c]
frosa9397: folds 
Dorex2007: folds 
rytikov1987: folds 
DEdPo0L: folds 
ConVoid: raises $0.04 to $0.06
kent330330: folds 
serg966577: folds 
Directive4: raises $0.26 to $0.32
ConVoid: raises $0.02 to $0.34 and is all-in
Directive4: calls $0.02
*** FLOP *** [2s 8d Tc]
*** TURN *** [2s 8d Tc] [4c]
*** RIVER *** [2s 8d Tc 4c] [5d]
*** SHOW DOWN ***
Directive4: shows [8c Ah] (a pair of Eights)
ConVoid: shows [Qd Kd] (high card King)
Directive4 collected $0.67 from pot
*** SUMMARY ***
Total pot $0.69 | Rake $0.02 
Board [2s 8d Tc 4c 5d]
Seat 2: frosa9397 folded before Flop (didn't bet)
Seat 3: Dorex2007 folded before Flop (didn't bet)
Seat 4: rytikov1987 folded before Flop (didn't bet)
Seat 5: DEdPo0L folded before Flop (didn't bet)
Seat 6: ConVoid showed [Qd Kd] and lost with high card King
Seat 7: kent330330 (button) folded before Flop (didn't bet)
Seat 8: serg966577 (small blind) folded before Flop
Seat 9: Directive4 (big blind) showed [8c Ah] and won ($0.67) with a pair of Eights



PokerStars Hand #231845969877:  Hold'em No Limit ($0.01/$0.02 USD) - 2021/11/30 21:29:15 PT [2021/12/01 0:29:15 ET]
Table 'Thessalia IV' 9-max Seat #8 is the button
Seat 1: aleksDtm ($0.52 in chips) 
Seat 2: frosa9397 ($1.77 in chips) 
Seat 3: Dorex2007 ($2.85 in chips) 
Seat 4: rytikov1987 ($0.88 in chips) 
Seat 5: DEdPo0L ($2.14 in chips) 
Seat 7: kent330330 ($1.41 in chips) 
Seat 8: serg966577 ($1.53 in chips) 
Seat 9: Directive4 ($3.87 in chips) 
Directive4: posts small blind $0.01
aleksDtm: posts big blind $0.02
*** HOLE CARDS ***
Dealt to Dorex2007 [Qd 4c]
frosa9397: calls $0.02
Dorex2007: folds 
rytikov1987: raises $0.02 to $0.04
DEdPo0L: folds 
kent330330: folds 
serg966577: calls $0.04
Directive4: folds 
aleksDtm: folds 
frosa9397: calls $0.02
*** FLOP *** [8s 2d Td]
frosa9397: checks 
rytikov1987: checks 
serg966577: bets $0.07
frosa9397: folds 
rytikov1987: folds 
Uncalled bet ($0.07) returned to serg966577
serg966577 collected $0.14 from pot
serg966577: doesn't show hand 
*** SUMMARY ***
Total pot $0.15 | Rake $0.01 
Board [8s 2d Td]
Seat 1: aleksDtm (big blind) folded before Flop
Seat 2: frosa9397 folded on the Flop
Seat 3: Dorex2007 folded before Flop (didn't bet)
Seat 4: rytikov1987 folded on the Flop
Seat 5: DEdPo0L folded before Flop (didn't bet)
Seat 7: kent330330 folded before Flop (didn't bet)
Seat 8: serg966577 (button) collected ($0.14)
Seat 9: Directive4 (small blind) folded before Flop



PokerStars Hand #231845980125:  Hold'em No Limit ($0.01/$0.02 USD) - 2021/11/30 21:29:49 PT [2021/12/01 0:29:49 ET]
Table 'Thessalia IV' 9-max Seat #9 is the button
Seat 1: aleksDtm ($0.50 in chips) 
Seat 2: frosa9397 ($1.73 in chips) 
Seat 3: Dorex2007 ($2.85 in chips) 
Seat 4: rytikov1987 ($0.84 in chips) 
Seat 5: DEdPo0L ($2.14 in chips) 
Seat 6: ConVoid ($2 in chips) 
Seat 7: kent330330 ($1.41 in chips) 
Seat 8: serg966577 ($1.63 in chips) 
Seat 9: Directive4 ($3.86 in chips) 
aleksDtm: posts small blind $0.01
frosa9397: posts big blind $0.02
*** HOLE CARDS ***
Dealt to Dorex2007 [Td Js]
Dorex2007: folds 
rytikov1987: folds 
DEdPo0L: folds 
ConVoid: folds 
kent330330: folds 
serg966577: folds 
Directive4: raises $0.04 to $0.06
aleksDtm: folds 
frosa9397: folds 
Uncalled bet ($0.04) returned to Directive4
Directive4 collected $0.05 from pot
Directive4: doesn't show hand 
*** SUMMARY ***
Total pot $0.05 | Rake $0 
Seat 1: aleksDtm (small blind) folded before Flop
Seat 2: frosa9397 (big blind) folded before Flop
Seat 3: Dorex2007 folded before Flop (didn't bet)
Seat 4: rytikov1987 folded before Flop (didn't bet)
Seat 5: DEdPo0L folded before Flop (didn't bet)
Seat 6: ConVoid folded before Flop (didn't bet)
Seat 7: kent330330 folded before Flop (didn't bet)
Seat 8: serg966577 folded before Flop (didn't bet)
Seat 9: Directive4 (button) collected ($0.05)



PokerStars Hand #231845982776:  Hold'em No Limit ($0.01/$0.02 USD) - 2021/11/30 21:30:08 PT [2021/12/01 0:30:08 ET]
Table 'Thessalia IV' 9-max Seat #1 is the button
Seat 1: aleksDtm ($0.49 in chips) 
Seat 2: frosa9397 ($1.71 in chips) 
Seat 3: Dorex2007 ($2.85 in chips) 
Seat 4: rytikov1987 ($0.84 in chips) 
Seat 5: DEdPo0L ($2.14 in chips) 
Seat 6: ConVoid ($2 in chips) 
Seat 7: kent330330 ($1.41 in chips) 
Seat 8: serg966577 ($1.63 in chips) 
Seat 9: Directive4 ($3.89 in chips) 
frosa9397: posts small blind $0.01
Dorex2007: posts big blind $0.02
*** HOLE CARDS ***
Dealt to Dorex2007 [6s Tc]
rytikov1987: folds 
DEdPo0L: raises $0.08 to $0.10
ConVoid: folds 
kent330330: folds 
serg966577: folds 
Directive4: calls $0.10
aleksDtm: folds 
frosa9397: folds 
Dorex2007: folds 
*** FLOP *** [7d 8d 4d]
DEdPo0L: checks 
Directive4: checks 
*** TURN *** [7d 8d 4d] [Ac]
DEdPo0L: bets $0.16
serg966577 leaves the table
Directive4: folds 
Uncalled bet ($0.16) returned to DEdPo0L
DEdPo0L collected $0.22 from pot
DEdPo0L: doesn't show hand 
*** SUMMARY ***
Total pot $0.23 | Rake $0.01 
Board [7d 8d 4d Ac]
Seat 1: aleksDtm (button) folded before Flop (didn't bet)
Seat 2: frosa9397 (small blind) folded before Flop
Seat 3: Dorex2007 (big blind) folded before Flop
Seat 4: rytikov1987 folded before Flop (didn't bet)
Seat 5: DEdPo0L collected ($0.22)
Seat 6: ConVoid folded before Flop (didn't bet)
Seat 7: kent330330 folded before Flop (didn't bet)
Seat 8: serg966577 folded before Flop (didn't bet)
Seat 9: Directive4 folded on the Turn



PokerStars Hand #231845989039:  Hold'em No Limit ($0.01/$0.02 USD) - 2021/11/30 21:30:56 PT [2021/12/01 0:30:56 ET]
Table 'Thessalia IV' 9-max Seat #2 is the button
Seat 1: aleksDtm ($0.49 in chips) 
Seat 2: frosa9397 ($1.70 in chips) 
Seat 3: Dorex2007 ($2.83 in chips) 
Seat 4: rytikov1987 ($0.84 in chips) 
Seat 5: DEdPo0L ($2.26 in chips) 
Seat 6: ConVoid ($2 in chips) 
Seat 7: kent330330 ($1.41 in chips) 
Seat 9: Directive4 ($3.79 in chips) 
Dorex2007: posts small blind $0.01
rytikov1987: posts big blind $0.02
*** HOLE CARDS ***
Dealt to Dorex2007 [4h 5d]
DEdPo0L: raises $0.08 to $0.10
Directive4 said, "3/4 real?"
edoschenko joins the table at seat #8 
ConVoid: calls $0.10
kent330330: folds 
Directive4: folds 
aleksDtm: folds 
frosa9397: folds 
Dorex2007: folds 
rytikov1987: folds 
*** FLOP *** [9d As 3h]
DEdPo0L: bets $0.18
ConVoid: calls $0.18
*** TURN *** [9d As 3h] [5c]
DEdPo0L: bets $0.46
ConVoid: raises $0.74 to $1.20
DEdPo0L: folds [Ah]
Uncalled bet ($0.74) returned to ConVoid
ConVoid collected $1.46 from pot
*** SUMMARY ***
Total pot $1.51 | Rake $0.05 
Board [9d As 3h 5c]
Seat 1: aleksDtm folded before Flop (didn't bet)
Seat 2: frosa9397 (button) folded before Flop (didn't bet)
Seat 3: Dorex2007 (small blind) folded before Flop
Seat 4: rytikov1987 (big blind) folded before Flop
Seat 5: DEdPo0L folded on the Turn
Seat 6: ConVoid collected ($1.46)
Seat 7: kent330330 folded before Flop (didn't bet)
Seat 9: Directive4 folded before Flop (didn't bet)



PokerStars Hand #231845997775:  Hold'em No Limit ($0.01/$0.02 USD) - 2021/11/30 21:32:03 PT [2021/12/01 0:32:03 ET]
Table 'Thessalia IV' 9-max Seat #3 is the button
Seat 1: aleksDtm ($0.49 in chips) 
Seat 2: frosa9397 ($1.70 in chips) 
Seat 3: Dorex2007 ($2.82 in chips) 
Seat 4: rytikov1987 ($0.82 in chips) 
Seat 5: DEdPo0L ($2 in chips) 
Seat 6: ConVoid ($2.72 in chips) 
Seat 7: kent330330 ($1.41 in chips) 
Seat 9: Directive4 ($3.79 in chips) 
rytikov1987: posts small blind $0.01
DEdPo0L: posts big blind $0.02
edoschenko: sits out 
*** HOLE CARDS ***
Dealt to Dorex2007 [7s Ts]
ConVoid: calls $0.02
kent330330: folds 
Directive4: raises $0.04 to $0.06
aleksDtm: calls $0.06
frosa9397: folds 
Dorex2007: folds 
rytikov1987: folds 
DEdPo0L: folds 
ConVoid: calls $0.04
*** FLOP *** [Qh Td 7c]
ConVoid: checks 
Directive4: bets $0.10
aleksDtm: folds 
ConVoid: folds 
Uncalled bet ($0.10) returned to Directive4
Directive4 collected $0.20 from pot
Directive4: doesn't show hand 
*** SUMMARY ***
Total pot $0.21 | Rake $0.01 
Board [Qh Td 7c]
Seat 1: aleksDtm folded on the Flop
Seat 2: frosa9397 folded before Flop (didn't bet)
Seat 3: Dorex2007 (button) folded before Flop (didn't bet)
Seat 4: rytikov1987 (small blind) folded before Flop
Seat 5: DEdPo0L (big blind) folded before Flop
Seat 6: ConVoid folded on the Flop
Seat 7: kent330330 folded before Flop (didn't bet)
Seat 9: Directive4 collected ($0.20)



PokerStars Hand #231846002276:  Hold'em No Limit ($0.01/$0.02 USD) - 2021/11/30 21:32:37 PT [2021/12/01 0:32:37 ET]
Table 'Thessalia IV' 9-max Seat #4 is the button
Seat 1: aleksDtm ($0.43 in chips) 
Seat 2: frosa9397 ($1.70 in chips) 
Seat 3: Dorex2007 ($2.82 in chips) 
Seat 4: rytikov1987 ($0.81 in chips) 
Seat 5: DEdPo0L ($2 in chips) 
Seat 6: ConVoid ($2.66 in chips) 
Seat 7: kent330330 ($1.41 in chips) 
Seat 9: Directive4 ($3.93 in chips) 
DEdPo0L: posts small blind $0.01
ConVoid: posts big blind $0.02
edoschenko: sits out 
*** HOLE CARDS ***
Dealt to Dorex2007 [9s 8s]
kent330330: folds 
Directive4: folds 
aleksDtm: folds 
frosa9397: folds 
Dorex2007: raises $0.02 to $0.04
rytikov1987: calls $0.04
DEdPo0L: folds 
ConVoid: calls $0.02
*** FLOP *** [8d 5c 6d]
ConVoid: checks 
Dorex2007: bets $0.13
rytikov1987: folds 
ConVoid: calls $0.13
*** TURN *** [8d 5c 6d] [3c]
ConVoid: checks 
Dorex2007: bets $0.25
ConVoid: calls $0.25
*** RIVER *** [8d 5c 6d 3c] [6s]
ConVoid: bets $0.50
Dorex2007: calls $0.50
*** SHOW DOWN ***
ConVoid: shows [7d Ac] (a pair of Sixes)
Dorex2007: shows [9s 8s] (two pair, Eights and Sixes)
Dorex2007 collected $1.82 from pot
*** SUMMARY ***
Total pot $1.89 | Rake $0.07 
Board [8d 5c 6d 3c 6s]
Seat 1: aleksDtm folded before Flop (didn't bet)
Seat 2: frosa9397 folded before Flop (didn't bet)
Seat 3: Dorex2007 showed [9s 8s] and won ($1.82) with two pair, Eights and Sixes
Seat 4: rytikov1987 (button) folded on the Flop
Seat 5: DEdPo0L (small blind) folded before Flop
Seat 6: ConVoid (big blind) showed [7d Ac] and lost with a pair of Sixes
Seat 7: kent330330 folded before Flop (didn't bet)
Seat 9: Directive4 folded before Flop (didn't bet)



PokerStars Hand #231846011886:  Hold'em No Limit ($0.01/$0.02 USD) - 2021/11/30 21:33:51 PT [2021/12/01 0:33:51 ET]
Table 'Thessalia IV' 9-max Seat #5 is the button
Seat 1: aleksDtm ($0.43 in chips) 
Seat 2: frosa9397 ($1.70 in chips) 
Seat 3: Dorex2007 ($3.72 in chips) 
Seat 4: rytikov1987 ($0.77 in chips) 
Seat 5: DEdPo0L ($2 in chips) 
Seat 6: ConVoid ($1.74 in chips) 
Seat 7: kent330330 ($1.41 in chips) 
Seat 9: Directive4 ($3.93 in chips) 
ConVoid: posts small blind $0.01
kent330330: posts big blind $0.02
edoschenko: sits out 
*** HOLE CARDS ***
Dealt to Dorex2007 [2c 4s]
Directive4: folds 
aleksDtm: calls $0.02
frosa9397: folds 
Dorex2007: folds 
rytikov1987: folds 
DEdPo0L: raises $0.10 to $0.12
ConVoid: folds 
kent330330: folds 
aleksDtm: calls $0.10
*** FLOP *** [3s 3d 2h]
aleksDtm: bets $0.30
DEdPo0L: calls $0.30
*** TURN *** [3s 3d 2h] [9h]
aleksDtm: bets $0.01 and is all-in
DEdPo0L: calls $0.01
*** RIVER *** [3s 3d 2h 9h] [Qd]
*** SHOW DOWN ***
aleksDtm: shows [Ah 7s] (a pair of Threes)
DEdPo0L: shows [Th Td] (two pair, Tens and Threes)
DEdPo0L collected $0.86 from pot
*** SUMMARY ***
Total pot $0.89 | Rake $0.03 
Board [3s 3d 2h 9h Qd]
Seat 1: aleksDtm showed [Ah 7s] and lost with a pair of Threes
Seat 2: frosa9397 folded before Flop (didn't bet)
Seat 3: Dorex2007 folded before Flop (didn't bet)
Seat 4: rytikov1987 folded before Flop (didn't bet)
Seat 5: DEdPo0L (button) showed [Th Td] and won ($0.86) with two pair, Tens and Threes
Seat 6: ConVoid (small blind) folded before Flop
Seat 7: kent330330 (big blind) folded before Flop
Seat 9: Directive4 folded before Flop (didn't bet)



PokerStars Hand #231846018682:  Hold'em No Limit ($0.01/$0.02 USD) - 2021/11/30 21:34:43 PT [2021/12/01 0:34:43 ET]
Table 'Thessalia IV' 9-max Seat #6 is the button
Seat 2: frosa9397 ($1.70 in chips) 
Seat 3: Dorex2007 ($3.72 in chips) 
Seat 4: rytikov1987 ($0.77 in chips) 
Seat 5: DEdPo0L ($2.43 in chips) 
Seat 6: ConVoid ($1.73 in chips) 
Seat 7: kent330330 ($1.39 in chips) 
Seat 8: edoschenko ($2 in chips) 
Seat 9: Directive4 ($3.93 in chips) 
kent330330: posts small blind $0.01
edoschenko: posts big blind $0.02
*** HOLE CARDS ***
Dealt to Dorex2007 [Jd Th]
Directive4: folds 
frosa9397: folds 
Dorex2007: folds 
rytikov1987: folds 
DEdPo0L: folds 
ConVoid: folds 
kent330330: folds 
Uncalled bet ($0.01) returned to edoschenko
edoschenko collected $0.02 from pot
*** SUMMARY ***
Total pot $0.02 | Rake $0 
Seat 2: frosa9397 folded before Flop (didn't bet)
Seat 3: Dorex2007 folded before Flop (didn't bet)
Seat 4: rytikov1987 folded before Flop (didn't bet)
Seat 5: DEdPo0L folded before Flop (didn't bet)
Seat 6: ConVoid (button) folded before Flop (didn't bet)
Seat 7: kent330330 (small blind) folded before Flop
Seat 8: edoschenko (big blind) collected ($0.02)
Seat 9: Directive4 folded before Flop (didn't bet)



PokerStars Hand #231846020392:  Hold'em No Limit ($0.01/$0.02 USD) - 2021/11/30 21:34:55 PT [2021/12/01 0:34:55 ET]
Table 'Thessalia IV' 9-max Seat #7 is the button
Seat 2: frosa9397 ($1.70 in chips) 
Seat 3: Dorex2007 ($3.72 in chips) 
Seat 4: rytikov1987 ($0.77 in chips) 
Seat 5: DEdPo0L ($2.43 in chips) 
Seat 6: ConVoid ($1.73 in chips) 
Seat 7: kent330330 ($1.38 in chips) 
Seat 8: edoschenko ($2.01 in chips) 
edoschenko: posts small blind $0.01
Directive4: is sitting out 
frosa9397: posts big blind $0.02
*** HOLE CARDS ***
Dealt to Dorex2007 [Ts 2c]
Dorex2007: folds 
rytikov1987: folds 
Directive4 leaves the table
DEdPo0L has timed out
DEdPo0L: folds 
ConVoid: folds 
kent330330: folds 
edoschenko: folds 
Uncalled bet ($0.01) returned to frosa9397
frosa9397 collected $0.02 from pot
frosa9397: doesn't show hand 
*** SUMMARY ***
Total pot $0.02 | Rake $0 
Seat 2: frosa9397 (big blind) collected ($0.02)
Seat 3: Dorex2007 folded before Flop (didn't bet)
Seat 4: rytikov1987 folded before Flop (didn't bet)
Seat 5: DEdPo0L folded before Flop (didn't bet)
Seat 6: ConVoid folded before Flop (didn't bet)
Seat 7: kent330330 (button) folded before Flop (didn't bet)
Seat 8: edoschenko (small blind) folded before Flop



PokerStars Hand #231846030814:  Hold'em No Limit ($0.01/$0.02 USD) - 2021/11/30 21:35:27 PT [2021/12/01 0:35:27 ET]
Table 'Thessalia IV' 9-max Seat #8 is the button
Seat 2: frosa9397 ($1.71 in chips) 
Seat 3: Dorex2007 ($3.72 in chips) 
Seat 4: rytikov1987 ($0.77 in chips) 
Seat 6: ConVoid ($1.73 in chips) 
Seat 7: kent330330 ($1.38 in chips) 
Seat 8: edoschenko ($2 in chips) 
frosa9397: posts small blind $0.01
Dorex2007: posts big blind $0.02
*** HOLE CARDS ***
Dealt to Dorex2007 [Ac Ad]
Zmey-KKAAA joins the table at seat #9 
rytikov1987: folds 
ConVoid: raises $0.04 to $0.06
kent330330: calls $0.06
edoschenko: folds 
frosa9397: calls $0.05
Dorex2007: raises $0.12 to $0.18
ConVoid: folds 
kent330330: folds 
frosa9397: folds 
Uncalled bet ($0.12) returned to Dorex2007
Dorex2007 collected $0.24 from pot
Dorex2007: doesn't show hand 
*** SUMMARY ***
Total pot $0.24 | Rake $0 
Seat 2: frosa9397 (small blind) folded before Flop
Seat 3: Dorex2007 (big blind) collected ($0.24)
Seat 4: rytikov1987 folded before Flop (didn't bet)
Seat 6: ConVoid folded before Flop
Seat 7: kent330330 folded before Flop
Seat 8: edoschenko (button) folded before Flop (didn't bet)



PokerStars Hand #231846036552:  Hold'em No Limit ($0.01/$0.02 USD) - 2021/11/30 21:36:11 PT [2021/12/01 0:36:11 ET]
Table 'Thessalia IV' 9-max Seat #2 is the button
Seat 1: aleksDtm ($0.81 in chips) 
Seat 2: frosa9397 ($1.65 in chips) 
Seat 3: Dorex2007 ($3.90 in chips) 
Seat 4: rytikov1987 ($0.77 in chips) 
Seat 5: DEdPo0L ($2.43 in chips) 
Seat 6: ConVoid ($1.67 in chips) 
Seat 7: kent330330 ($1.32 in chips) 
Seat 8: edoschenko ($2 in chips) 
Dorex2007: posts small blind $0.01
rytikov1987: posts big blind $0.02
Zmey-KKAAA: sits out 
aleksDtm: posts small & big blinds $0.03
*** HOLE CARDS ***
Dealt to Dorex2007 [2h 9c]
DEdPo0L: folds 
ConVoid: folds 
kent330330: folds 
edoschenko: folds 
aleksDtm: raises $0.02 to $0.04
frosa9397: folds 
Dorex2007: folds 
rytikov1987: folds 
Uncalled bet ($0.02) returned to aleksDtm
aleksDtm collected $0.06 from pot
aleksDtm: doesn't show hand 
*** SUMMARY ***
Total pot $0.06 | Rake $0 
Seat 1: aleksDtm collected ($0.06)
Seat 2: frosa9397 (button) folded before Flop (didn't bet)
Seat 3: Dorex2007 (small blind) folded before Flop
Seat 4: rytikov1987 (big blind) folded before Flop
Seat 5: DEdPo0L folded before Flop (didn't bet)
Seat 6: ConVoid folded before Flop (didn't bet)
Seat 7: kent330330 folded before Flop (didn't bet)
Seat 8: edoschenko folded before Flop (didn't bet)



PokerStars Hand #231846038993:  Hold'em No Limit ($0.01/$0.02 USD) - 2021/11/30 21:36:29 PT [2021/12/01 0:36:29 ET]
Table 'Thessalia IV' 9-max Seat #3 is the button
Seat 1: aleksDtm ($0.84 in chips) 
Seat 2: frosa9397 ($1.65 in chips) 
Seat 3: Dorex2007 ($3.89 in chips) 
Seat 4: rytikov1987 ($0.75 in chips) 
Seat 5: DEdPo0L ($2.43 in chips) 
Seat 6: ConVoid ($1.67 in chips) 
Seat 7: kent330330 ($1.32 in chips) 
Seat 8: edoschenko ($2 in chips) 
rytikov1987: posts small blind $0.01
DEdPo0L: posts big blind $0.02
Zmey-KKAAA: sits out 
*** HOLE CARDS ***
Dealt to Dorex2007 [2h Td]
ConVoid: raises $0.04 to $0.06
kent330330: folds 
edoschenko: folds 
aleksDtm: folds 
frosa9397: folds 
Dorex2007: folds 
rytikov1987: folds 
DEdPo0L: folds 
Uncalled bet ($0.04) returned to ConVoid
ConVoid collected $0.05 from pot
*** SUMMARY ***
Total pot $0.05 | Rake $0 
Seat 1: aleksDtm folded before Flop (didn't bet)
Seat 2: frosa9397 folded before Flop (didn't bet)
Seat 3: Dorex2007 (button) folded before Flop (didn't bet)
Seat 4: rytikov1987 (small blind) folded before Flop
Seat 5: DEdPo0L (big blind) folded before Flop
Seat 6: ConVoid collected ($0.05)
Seat 7: kent330330 folded before Flop (didn't bet)
Seat 8: edoschenko folded before Flop (didn't bet)



PokerStars Hand #231846041939:  Hold'em No Limit ($0.01/$0.02 USD) - 2021/11/30 21:36:51 PT [2021/12/01 0:36:51 ET]
Table 'Thessalia IV' 9-max Seat #4 is the button
Seat 1: aleksDtm ($0.84 in chips) 
Seat 2: frosa9397 ($1.65 in chips) 
Seat 3: Dorex2007 ($3.89 in chips) 
Seat 4: rytikov1987 ($0.74 in chips) 
Seat 5: DEdPo0L ($2.41 in chips) 
Seat 6: ConVoid ($1.70 in chips) 
Seat 7: kent330330 ($1.32 in chips) 
Seat 8: edoschenko ($2 in chips) 
DEdPo0L: posts small blind $0.01
ConVoid: posts big blind $0.02
Zmey-KKAAA: sits out 
*** HOLE CARDS ***
Dealt to Dorex2007 [Th Jc]
kent330330: folds 
edoschenko: folds 
aleksDtm: folds 
frosa9397: folds 
Dorex2007: folds 
rytikov1987: folds 
DEdPo0L: folds 
Uncalled bet ($0.01) returned to ConVoid
ConVoid collected $0.02 from pot
*** SUMMARY ***
Total pot $0.02 | Rake $0 
Seat 1: aleksDtm folded before Flop (didn't bet)
Seat 2: frosa9397 folded before Flop (didn't bet)
Seat 3: Dorex2007 folded before Flop (didn't bet)
Seat 4: rytikov1987 (button) folded before Flop (didn't bet)
Seat 5: DEdPo0L (small blind) folded before Flop
Seat 6: ConVoid (big blind) collected ($0.02)
Seat 7: kent330330 folded before Flop (didn't bet)
Seat 8: edoschenko folded before Flop (didn't bet)



PokerStars Hand #231846043943:  Hold'em No Limit ($0.01/$0.02 USD) - 2021/11/30 21:37:07 PT [2021/12/01 0:37:07 ET]
Table 'Thessalia IV' 9-max Seat #5 is the button
Seat 1: aleksDtm ($0.84 in chips) 
Seat 2: frosa9397 ($1.65 in chips) 
Seat 3: Dorex2007 ($3.89 in chips) 
Seat 4: rytikov1987 ($0.74 in chips) 
Seat 5: DEdPo0L ($2.40 in chips) 
Seat 6: ConVoid ($1.71 in chips) 
Seat 7: kent330330 ($1.32 in chips) 
Seat 8: edoschenko ($2 in chips) 
ConVoid: posts small blind $0.01
kent330330: posts big blind $0.02
Zmey-KKAAA: sits out 
*** HOLE CARDS ***
Dealt to Dorex2007 [4c Ad]
edoschenko: calls $0.02
aleksDtm: calls $0.02
frosa9397: folds 
Dorex2007: folds 
rytikov1987: folds 
DEdPo0L: folds 
ConVoid: calls $0.01
kent330330: checks 
*** FLOP *** [9s Kd Td]
ConVoid: checks 
kent330330: checks 
edoschenko: checks 
aleksDtm: checks 
*** TURN *** [9s Kd Td] [Jd]
ConVoid: checks 
kent330330: checks 
edoschenko: checks 
aleksDtm: checks 
*** RIVER *** [9s Kd Td Jd] [8d]
ConVoid: checks 
kent330330: checks 
edoschenko: checks 
aleksDtm: checks 
*** SHOW DOWN ***
ConVoid: shows [3h 5h] (high card King)
kent330330: shows [Kc 7c] (a straight, Seven to Jack)
edoschenko: mucks hand 
aleksDtm: shows [5c 5d] (a flush, King high)
aleksDtm collected $0.08 from pot
*** SUMMARY ***
Total pot $0.08 | Rake $0 
Board [9s Kd Td Jd 8d]
Seat 1: aleksDtm showed [5c 5d] and won ($0.08) with a flush, King high
Seat 2: frosa9397 folded before Flop (didn't bet)
Seat 3: Dorex2007 folded before Flop (didn't bet)
Seat 4: rytikov1987 folded before Flop (didn't bet)
Seat 5: DEdPo0L (button) folded before Flop (didn't bet)
Seat 6: ConVoid (small blind) showed [3h 5h] and lost with high card King
Seat 7: kent330330 (big blind) showed [Kc 7c] and lost with a straight, Seven to Jack
Seat 8: edoschenko mucked [6h 6c]



PokerStars Hand #231846049595:  Hold'em No Limit ($0.01/$0.02 USD) - 2021/11/30 21:37:49 PT [2021/12/01 0:37:49 ET]
Table 'Thessalia IV' 9-max Seat #6 is the button
Seat 1: aleksDtm ($0.90 in chips) 
Seat 2: frosa9397 ($1.65 in chips) 
Seat 3: Dorex2007 ($3.89 in chips) 
Seat 4: rytikov1987 ($0.74 in chips) 
Seat 5: DEdPo0L ($2.40 in chips) 
Seat 6: ConVoid ($1.69 in chips) 
Seat 7: kent330330 ($1.30 in chips) 
Seat 8: edoschenko ($1.98 in chips) 
kent330330: posts small blind $0.01
edoschenko: posts big blind $0.02
Zmey-KKAAA: sits out 
*** HOLE CARDS ***
Dealt to Dorex2007 [Jh 5h]
aleksDtm: raises $0.02 to $0.04
frosa9397: calls $0.04
Dorex2007: folds 
rytikov1987: folds 
DEdPo0L: folds 
ConVoid: folds 
kent330330: calls $0.03
edoschenko: folds 
*** FLOP *** [Js 9s 7c]
kent330330: checks 
aleksDtm: checks 
frosa9397: bets $0.07
kent330330: calls $0.07
aleksDtm: calls $0.07
*** TURN *** [Js 9s 7c] [Qd]
kent330330: bets $0.28
aleksDtm: calls $0.28
frosa9397: calls $0.28
*** RIVER *** [Js 9s 7c Qd] [3h]
kent330330: bets $0.86
aleksDtm: folds 
frosa9397: folds 
Uncalled bet ($0.86) returned to kent330330
kent330330 collected $1.15 from pot
kent330330: doesn't show hand 
*** SUMMARY ***
Total pot $1.19 | Rake $0.04 
Board [Js 9s 7c Qd 3h]
Seat 1: aleksDtm folded on the River
Seat 2: frosa9397 folded on the River
Seat 3: Dorex2007 folded before Flop (didn't bet)
Seat 4: rytikov1987 folded before Flop (didn't bet)
Seat 5: DEdPo0L folded before Flop (didn't bet)
Seat 6: ConVoid (button) folded before Flop (didn't bet)
Seat 7: kent330330 (small blind) collected ($1.15)
Seat 8: edoschenko (big blind) folded before Flop



PokerStars Hand #231846059045:  Hold'em No Limit ($0.01/$0.02 USD) - 2021/11/30 21:39:01 PT [2021/12/01 0:39:01 ET]
Table 'Thessalia IV' 9-max Seat #7 is the button
Seat 1: aleksDtm ($0.51 in chips) 
Seat 2: frosa9397 ($1.26 in chips) 
Seat 3: Dorex2007 ($3.89 in chips) 
Seat 4: rytikov1987 ($0.74 in chips) 
Seat 5: DEdPo0L ($2.40 in chips) 
Seat 6: ConVoid ($1.69 in chips) 
Seat 7: kent330330 ($2.06 in chips) 
Seat 8: edoschenko ($1.96 in chips) 
Seat 9: Zmey-KKAAA ($0.80 in chips) 
edoschenko: posts small blind $0.01
Zmey-KKAAA: posts big blind $0.02
*** HOLE CARDS ***
Dealt to Dorex2007 [6h 4h]
aleksDtm: folds 
frosa9397: folds 
Dorex2007: folds 
rytikov1987: raises $0.04 to $0.06
DEdPo0L: folds 
ConVoid: folds 
kent330330: folds 
edoschenko: folds 
Zmey-KKAAA: folds 
Uncalled bet ($0.04) returned to rytikov1987
rytikov1987 collected $0.05 from pot
rytikov1987: doesn't show hand 
*** SUMMARY ***
Total pot $0.05 | Rake $0 
Seat 1: aleksDtm folded before Flop (didn't bet)
Seat 2: frosa9397 folded before Flop (didn't bet)
Seat 3: Dorex2007 folded before Flop (didn't bet)
Seat 4: rytikov1987 collected ($0.05)
Seat 5: DEdPo0L folded before Flop (didn't bet)
Seat 6: ConVoid folded before Flop (didn't bet)
Seat 7: kent330330 (button) folded before Flop (didn't bet)
Seat 8: edoschenko (small blind) folded before Flop
Seat 9: Zmey-KKAAA (big blind) folded before Flop



PokerStars Hand #231846061341:  Hold'em No Limit ($0.01/$0.02 USD) - 2021/11/30 21:39:19 PT [2021/12/01 0:39:19 ET]
Table 'Thessalia IV' 9-max Seat #8 is the button
Seat 1: aleksDtm ($0.51 in chips) 
Seat 2: frosa9397 ($1.26 in chips) 
Seat 3: Dorex2007 ($3.89 in chips) 
Seat 4: rytikov1987 ($0.77 in chips) 
Seat 5: DEdPo0L ($2.40 in chips) 
Seat 6: ConVoid ($1.69 in chips) 
Seat 7: kent330330 ($2.06 in chips) 
Seat 8: edoschenko ($1.95 in chips) 
Seat 9: Zmey-KKAAA ($0.78 in chips) 
Zmey-KKAAA: posts small blind $0.01
aleksDtm: posts big blind $0.02
*** HOLE CARDS ***
Dealt to Dorex2007 [2c 6s]
frosa9397: raises $0.05 to $0.07
Dorex2007: folds 
rytikov1987: folds 
DEdPo0L: folds 
ConVoid: calls $0.07
kent330330: folds 
edoschenko: folds 
Zmey-KKAAA: folds 
aleksDtm: calls $0.05
*** FLOP *** [Ac 3s 4c]
aleksDtm: checks 
frosa9397: bets $0.12
ConVoid: folds 
aleksDtm: folds 
Uncalled bet ($0.12) returned to frosa9397
frosa9397 collected $0.21 from pot
frosa9397: doesn't show hand 
*** SUMMARY ***
Total pot $0.22 | Rake $0.01 
Board [Ac 3s 4c]
Seat 1: aleksDtm (big blind) folded on the Flop
Seat 2: frosa9397 collected ($0.21)
Seat 3: Dorex2007 folded before Flop (didn't bet)
Seat 4: rytikov1987 folded before Flop (didn't bet)
Seat 5: DEdPo0L folded before Flop (didn't bet)
Seat 6: ConVoid folded on the Flop
Seat 7: kent330330 folded before Flop (didn't bet)
Seat 8: edoschenko (button) folded before Flop (didn't bet)
Seat 9: Zmey-KKAAA (small blind) folded before Flop



PokerStars Hand #231846066868:  Hold'em No Limit ($0.01/$0.02 USD) - 2021/11/30 21:40:01 PT [2021/12/01 0:40:01 ET]
Table 'Thessalia IV' 9-max Seat #9 is the button
Seat 1: aleksDtm ($0.44 in chips) 
Seat 2: frosa9397 ($1.40 in chips) 
Seat 3: Dorex2007 ($3.89 in chips) 
Seat 4: rytikov1987 ($0.77 in chips) 
Seat 5: DEdPo0L ($2.40 in chips) 
Seat 6: ConVoid ($1.62 in chips) 
Seat 7: kent330330 ($2.06 in chips) 
Seat 8: edoschenko ($1.95 in chips) 
Seat 9: Zmey-KKAAA ($0.77 in chips) 
aleksDtm: posts small blind $0.01
frosa9397: posts big blind $0.02
*** HOLE CARDS ***
Dealt to Dorex2007 [2h 6h]
Dorex2007: calls $0.02
rytikov1987: folds 
DEdPo0L: raises $0.10 to $0.12
ConVoid: folds 
kent330330: folds 
edoschenko: raises $1.83 to $1.95 and is all-in
Zmey-KKAAA: folds 
aleksDtm: folds 
frosa9397: folds 
Dorex2007: folds 
DEdPo0L: folds 
Uncalled bet ($1.83) returned to edoschenko
edoschenko collected $0.29 from pot
*** SUMMARY ***
Total pot $0.29 | Rake $0 
Seat 1: aleksDtm (small blind) folded before Flop
Seat 2: frosa9397 (big blind) folded before Flop
Seat 3: Dorex2007 folded before Flop
Seat 4: rytikov1987 folded before Flop (didn't bet)
Seat 5: DEdPo0L folded before Flop
Seat 6: ConVoid folded before Flop (didn't bet)
Seat 7: kent330330 folded before Flop (didn't bet)
Seat 8: edoschenko collected ($0.29)
Seat 9: Zmey-KKAAA (button) folded before Flop (didn't bet)



PokerStars Hand #231846069668:  Hold'em No Limit ($0.01/$0.02 USD) - 2021/11/30 21:40:23 PT [2021/12/01 0:40:23 ET]
Table 'Thessalia IV' 9-max Seat #1 is the button
Seat 1: aleksDtm ($0.43 in chips) 
Seat 2: frosa9397 ($1.38 in chips) 
Seat 3: Dorex2007 ($3.87 in chips) 
Seat 4: rytikov1987 ($0.77 in chips) 
Seat 5: DEdPo0L ($2.28 in chips) 
Seat 6: ConVoid ($1.62 in chips) 
Seat 7: kent330330 ($2.06 in chips) 
Seat 8: edoschenko ($2.12 in chips) 
Seat 9: Zmey-KKAAA ($0.77 in chips) 
frosa9397: posts small blind $0.01
Dorex2007: posts big blind $0.02
*** HOLE CARDS ***
Dealt to Dorex2007 [4h 9d]
rytikov1987: folds 
DEdPo0L: folds 
ConVoid: folds 
kent330330: folds 
edoschenko: folds 
Zmey-KKAAA: raises $0.06 to $0.08
aleksDtm: calls $0.08
frosa9397: folds 
Dorex2007: folds 
*** FLOP *** [8d Jc 7d]
Zmey-KKAAA: bets $0.20
aleksDtm: calls $0.20
*** TURN *** [8d Jc 7d] [4d]
Zmey-KKAAA: bets $0.49 and is all-in
aleksDtm: calls $0.15 and is all-in
Uncalled bet ($0.34) returned to Zmey-KKAAA
*** RIVER *** [8d Jc 7d 4d] [Qh]
*** SHOW DOWN ***
Zmey-KKAAA: shows [As Ad] (a pair of Aces)
aleksDtm: shows [Js Ah] (a pair of Jacks)
Zmey-KKAAA collected $0.86 from pot
*** SUMMARY ***
Total pot $0.89 | Rake $0.03 
Board [8d Jc 7d 4d Qh]
Seat 1: aleksDtm (button) showed [Js Ah] and lost with a pair of Jacks
Seat 2: frosa9397 (small blind) folded before Flop
Seat 3: Dorex2007 (big blind) folded before Flop
Seat 4: rytikov1987 folded before Flop (didn't bet)
Seat 5: DEdPo0L folded before Flop (didn't bet)
Seat 6: ConVoid folded before Flop (didn't bet)
Seat 7: kent330330 folded before Flop (didn't bet)
Seat 8: edoschenko folded before Flop (didn't bet)
Seat 9: Zmey-KKAAA showed [As Ad] and won ($0.86) with a pair of Aces



PokerStars Hand #231846075054:  Hold'em No Limit ($0.01/$0.02 USD) - 2021/11/30 21:41:04 PT [2021/12/01 0:41:04 ET]
Table 'Thessalia IV' 9-max Seat #2 is the button
Seat 2: frosa9397 ($1.37 in chips) 
Seat 3: Dorex2007 ($3.85 in chips) 
Seat 4: rytikov1987 ($0.77 in chips) 
Seat 5: DEdPo0L ($2.28 in chips) 
Seat 6: ConVoid ($1.62 in chips) 
Seat 7: kent330330 ($2.06 in chips) 
Seat 8: edoschenko ($2.12 in chips) 
Seat 9: Zmey-KKAAA ($1.20 in chips) 
Dorex2007: posts small blind $0.01
rytikov1987: posts big blind $0.02
*** HOLE CARDS ***
Dealt to Dorex2007 [6h 3h]
DEdPo0L: folds 
aleksDtm leaves the table
ConVoid: calls $0.02
kent330330: folds 
edoschenko: folds 
kent330330 leaves the table
Zmey-KKAAA: folds 
frosa9397: folds 
Dorex2007: folds 
rytikov1987: raises $0.06 to $0.08
ConVoid: calls $0.06
*** FLOP *** [9h Ad Kc]
rytikov1987: bets $0.12
ConVoid: calls $0.12
*** TURN *** [9h Ad Kc] [Qh]
rytikov1987: bets $0.20
ConVoid: raises $0.20 to $0.40
rytikov1987: raises $0.17 to $0.57 and is all-in
ConVoid: calls $0.17
*** RIVER *** [9h Ad Kc Qh] [8d]
*** SHOW DOWN ***
rytikov1987: shows [Tc Jc] (a straight, Ten to Ace)
ConVoid: shows [9c Kd] (two pair, Kings and Nines)
rytikov1987 cashed out the hand for $1.36 | Cash Out Fee $0.01
*** SUMMARY ***
Total pot $1.55 | Rake $0.05 
Board [9h Ad Kc Qh 8d]
Seat 2: frosa9397 (button) folded before Flop (didn't bet)
Seat 3: Dorex2007 (small blind) folded before Flop
Seat 4: rytikov1987 (big blind) showed [Tc Jc] and won ($1.50) with a straight, Ten to Ace (pot not awarded as player cashed out)
Seat 5: DEdPo0L folded before Flop (didn't bet)
Seat 6: ConVoid showed [9c Kd] and lost with two pair, Kings and Nines
Seat 7: kent330330 folded before Flop (didn't bet)
Seat 8: edoschenko folded before Flop (didn't bet)
Seat 9: Zmey-KKAAA folded before Flop (didn't bet)



PokerStars Hand #231846082135:  Hold'em No Limit ($0.01/$0.02 USD) - 2021/11/30 21:41:58 PT [2021/12/01 0:41:58 ET]
Table 'Thessalia IV' 9-max Seat #3 is the button
Seat 2: frosa9397 ($1.37 in chips) 
Seat 3: Dorex2007 ($3.84 in chips) 
Seat 4: rytikov1987 ($1.36 in chips) 
Seat 5: DEdPo0L ($2.28 in chips) 
Seat 6: ConVoid ($0.85 in chips) 
Seat 8: edoschenko ($2.12 in chips) 
Seat 9: Zmey-KKAAA ($1.20 in chips) 
rytikov1987: posts small blind $0.01
DEdPo0L: posts big blind $0.02
*** HOLE CARDS ***
Dealt to Dorex2007 [4d 9h]
ConVoid: folds 
edoschenko: folds 
Zmey-KKAAA: folds 
frosa9397: calls $0.02
Dorex2007: folds 
rytikov1987: calls $0.01
DEdPo0L: checks 
*** FLOP *** [4c Qs Ad]
rytikov1987: checks 
DEdPo0L: checks 
frosa9397: checks 
*** TURN *** [4c Qs Ad] [Qh]
ConVoid leaves the table
rytikov1987: checks 
DEdPo0L: checks 
frosa9397: checks 
*** RIVER *** [4c Qs Ad Qh] [Qc]
rytikov1987: checks 
DEdPo0L: checks 
frosa9397: checks 
*** SHOW DOWN ***
rytikov1987: shows [Kc 2c] (three of a kind, Queens)
DEdPo0L: mucks hand 
frosa9397: mucks hand 
rytikov1987 collected $0.06 from pot
*** SUMMARY ***
Total pot $0.06 | Rake $0 
Board [4c Qs Ad Qh Qc]
Seat 2: frosa9397 mucked [Td 8d]
Seat 3: Dorex2007 (button) folded before Flop (didn't bet)
Seat 4: rytikov1987 (small blind) showed [Kc 2c] and won ($0.06) with three of a kind, Queens
Seat 5: DEdPo0L (big blind) mucked [5h 6h]
Seat 6: ConVoid folded before Flop (didn't bet)
Seat 8: edoschenko folded before Flop (didn't bet)
Seat 9: Zmey-KKAAA folded before Flop (didn't bet)



PokerStars Hand #231846087743:  Hold'em No Limit ($0.01/$0.02 USD) - 2021/11/30 21:42:41 PT [2021/12/01 0:42:41 ET]
Table 'Thessalia IV' 9-max Seat #4 is the button
Seat 2: frosa9397 ($1.35 in chips) 
Seat 3: Dorex2007 ($3.84 in chips) 
Seat 4: rytikov1987 ($1.40 in chips) 
Seat 5: DEdPo0L ($2.26 in chips) 
Seat 8: edoschenko ($2.12 in chips) 
Seat 9: Zmey-KKAAA ($1.20 in chips) 
DEdPo0L: posts small blind $0.01
edoschenko: posts big blind $0.02
*** HOLE CARDS ***
Dealt to Dorex2007 [7c 8h]
mrjapa1000 joins the table at seat #1 
Zmey-KKAAA has timed out
Zmey-KKAAA: folds 
frosa9397: folds 
Dorex2007: folds 
rytikov1987: folds 
DEdPo0L: folds 
Uncalled bet ($0.01) returned to edoschenko
DEdPo0L leaves the table
edoschenko collected $0.02 from pot
*** SUMMARY ***
Total pot $0.02 | Rake $0 
Seat 2: frosa9397 folded before Flop (didn't bet)
Seat 3: Dorex2007 folded before Flop (didn't bet)
Seat 4: rytikov1987 (button) folded before Flop (didn't bet)
Seat 5: DEdPo0L (small blind) folded before Flop
Seat 8: edoschenko (big blind) collected ($0.02)
Seat 9: Zmey-KKAAA folded before Flop (didn't bet)



PokerStars Hand #231846089694:  Hold'em No Limit ($0.01/$0.02 USD) - 2021/11/30 21:42:56 PT [2021/12/01 0:42:56 ET]
Table 'Thessalia IV' 9-max Seat #8 is the button
Seat 2: frosa9397 ($1.35 in chips) 
Seat 3: Dorex2007 ($3.84 in chips) 
Seat 4: rytikov1987 ($1.40 in chips) 
Seat 8: edoschenko ($2.13 in chips) 
frosa9397: posts small blind $0.01
Dorex2007: posts big blind $0.02
*** HOLE CARDS ***
Dealt to Dorex2007 [8d Ks]
rytikov1987: folds 
edoschenko: folds 
frosa9397: folds 
Uncalled bet ($0.01) returned to Dorex2007
Dorex2007 collected $0.02 from pot
Dorex2007: doesn't show hand 
*** SUMMARY ***
Total pot $0.02 | Rake $0 
Seat 2: frosa9397 (small blind) folded before Flop
Seat 3: Dorex2007 (big blind) collected ($0.02)
Seat 4: rytikov1987 folded before Flop (didn't bet)
Seat 8: edoschenko (button) folded before Flop (didn't bet)



PokerStars Hand #231846091001:  Hold'em No Limit ($0.01/$0.02 USD) - 2021/11/30 21:43:06 PT [2021/12/01 0:43:06 ET]
Table 'Thessalia IV' 9-max Seat #2 is the button
Seat 1: mrjapa1000 ($2 in chips) 
Seat 2: frosa9397 ($1.34 in chips) 
Seat 3: Dorex2007 ($3.85 in chips) 
Seat 4: rytikov1987 ($1.40 in chips) 
Seat 8: edoschenko ($2.13 in chips) 
Dorex2007: posts small blind $0.01
rytikov1987: posts big blind $0.02
mrjapa1000: posts big blind $0.02
*** HOLE CARDS ***
Dealt to Dorex2007 [4h Ks]
edoschenko: folds 
mrjapa1000: checks 
frosa9397: folds 
Dorex2007: folds 
rytikov1987: checks 
*** FLOP *** [Qs 3d 6c]
rytikov1987: checks 
mrjapa1000: bets $0.03
rytikov1987: folds 
Uncalled bet ($0.03) returned to mrjapa1000
mrjapa1000 collected $0.05 from pot
mrjapa1000: doesn't show hand 
*** SUMMARY ***
Total pot $0.05 | Rake $0 
Board [Qs 3d 6c]
Seat 1: mrjapa1000 collected ($0.05)
Seat 2: frosa9397 (button) folded before Flop (didn't bet)
Seat 3: Dorex2007 (small blind) folded before Flop
Seat 4: rytikov1987 (big blind) folded on the Flop
Seat 8: edoschenko folded before Flop (didn't bet)



PokerStars Hand #231846095469:  Hold'em No Limit ($0.01/$0.02 USD) - 2021/11/30 21:43:40 PT [2021/12/01 0:43:40 ET]
Table 'Thessalia IV' 9-max Seat #3 is the button
Seat 1: mrjapa1000 ($2.03 in chips) 
Seat 2: frosa9397 ($1.34 in chips) 
Seat 3: Dorex2007 ($3.84 in chips) 
Seat 4: rytikov1987 ($1.38 in chips) 
Seat 8: edoschenko ($2.13 in chips) 
rytikov1987: posts small blind $0.01
edoschenko: posts big blind $0.02
*** HOLE CARDS ***
Dealt to Dorex2007 [Jd 6h]
mrjapa1000: folds 
frosa9397: folds 
Dorex2007: folds 
rytikov1987: folds 
Uncalled bet ($0.01) returned to edoschenko
edoschenko collected $0.02 from pot
*** SUMMARY ***
Total pot $0.02 | Rake $0 
Seat 1: mrjapa1000 folded before Flop (didn't bet)
Seat 2: frosa9397 folded before Flop (didn't bet)
Seat 3: Dorex2007 (button) folded before Flop (didn't bet)
Seat 4: rytikov1987 (small blind) folded before Flop
Seat 8: edoschenko (big blind) collected ($0.02)



PokerStars Hand #231846097699:  Hold'em No Limit ($0.01/$0.02 USD) - 2021/11/30 21:43:57 PT [2021/12/01 0:43:57 ET]
Table 'Thessalia IV' 9-max Seat #4 is the button
Seat 1: mrjapa1000 ($2.03 in chips) 
Seat 2: frosa9397 ($1.34 in chips) 
Seat 3: Dorex2007 ($3.84 in chips) 
Seat 4: rytikov1987 ($1.37 in chips) 
Seat 8: edoschenko ($2.14 in chips) 
Seat 9: Zmey-KKAAA ($1.20 in chips) 
edoschenko: posts small blind $0.01
Zmey-KKAAA: posts big blind $0.02
*** HOLE CARDS ***
Dealt to Dorex2007 [4c Jd]
mrjapa1000: folds 
frosa9397: folds 
Dorex2007: folds 
rytikov1987: folds 
buhtl1234 joins the table at seat #5 
edoschenko: folds 
Uncalled bet ($0.01) returned to Zmey-KKAAA
Zmey-KKAAA collected $0.02 from pot
*** SUMMARY ***
Total pot $0.02 | Rake $0 
Seat 1: mrjapa1000 folded before Flop (didn't bet)
Seat 2: frosa9397 folded before Flop (didn't bet)
Seat 3: Dorex2007 folded before Flop (didn't bet)
Seat 4: rytikov1987 (button) folded before Flop (didn't bet)
Seat 8: edoschenko (small blind) folded before Flop
Seat 9: Zmey-KKAAA (big blind) collected ($0.02)



PokerStars Hand #231846100121:  Hold'em No Limit ($0.01/$0.02 USD) - 2021/11/30 21:44:15 PT [2021/12/01 0:44:15 ET]
Table 'Thessalia IV' 9-max Seat #8 is the button
Seat 1: mrjapa1000 ($2.03 in chips) 
Seat 2: frosa9397 ($1.34 in chips) 
Seat 3: Dorex2007 ($3.84 in chips) 
Seat 4: rytikov1987 ($1.37 in chips) 
Seat 8: edoschenko ($2.13 in chips) 
Seat 9: Zmey-KKAAA ($1.21 in chips) 
Zmey-KKAAA: posts small blind $0.01
mrjapa1000: posts big blind $0.02
buhtl1234: sits out 
*** HOLE CARDS ***
Dealt to Dorex2007 [5d 9s]
frosa9397: folds 
Dorex2007: folds 
rytikov1987: folds 
edoschenko: folds 
Zmey-KKAAA: raises $0.02 to $0.04
mrjapa1000: calls $0.02
*** FLOP *** [7d 2d Qs]
Zmey-KKAAA: bets $0.04
mrjapa1000: folds 
Uncalled bet ($0.04) returned to Zmey-KKAAA
Zmey-KKAAA collected $0.08 from pot
*** SUMMARY ***
Total pot $0.08 | Rake $0 
Board [7d 2d Qs]
Seat 1: mrjapa1000 (big blind) folded on the Flop
Seat 2: frosa9397 folded before Flop (didn't bet)
Seat 3: Dorex2007 folded before Flop (didn't bet)
Seat 4: rytikov1987 folded before Flop (didn't bet)
Seat 8: edoschenko (button) folded before Flop (didn't bet)
Seat 9: Zmey-KKAAA (small blind) collected ($0.08)



PokerStars Hand #231846103900:  Hold'em No Limit ($0.01/$0.02 USD) - 2021/11/30 21:44:44 PT [2021/12/01 0:44:44 ET]
Table 'Thessalia IV' 9-max Seat #9 is the button
Seat 1: mrjapa1000 ($1.99 in chips) 
Seat 2: frosa9397 ($1.34 in chips) 
Seat 3: Dorex2007 ($3.84 in chips) 
Seat 4: rytikov1987 ($1.37 in chips) 
Seat 8: edoschenko ($2.13 in chips) 
Seat 9: Zmey-KKAAA ($1.25 in chips) 
mrjapa1000: posts small blind $0.01
frosa9397: posts big blind $0.02
buhtl1234: sits out 
*** HOLE CARDS ***
Dealt to Dorex2007 [7s 3s]
Fathlo23 joins the table at seat #6 
Dorex2007: folds 
rytikov1987: folds 
edoschenko: folds 
liracle joins the table at seat #7 
Zmey-KKAAA: raises $0.04 to $0.06
mrjapa1000: folds 
frosa9397: calls $0.04
*** FLOP *** [Td 5c Qd]
frosa9397: bets $0.08
Zmey-KKAAA: raises $1.11 to $1.19 and is all-in
frosa9397: calls $1.11
*** TURN *** [Td 5c Qd] [9s]
*** RIVER *** [Td 5c Qd 9s] [Kh]
*** SHOW DOWN ***
frosa9397: shows [Qh Ah] (a pair of Queens)
Zmey-KKAAA: shows [Tc Qs] (two pair, Queens and Tens)
Zmey-KKAAA collected $2.42 from pot
frosa9397 cashed out the hand for $0.38
*** SUMMARY ***
Total pot $2.51 | Rake $0.09 
Board [Td 5c Qd 9s Kh]
Seat 1: mrjapa1000 (small blind) folded before Flop
Seat 2: frosa9397 (big blind) showed [Qh Ah] and lost with a pair of Queens (cashed out).
Seat 3: Dorex2007 folded before Flop (didn't bet)
Seat 4: rytikov1987 folded before Flop (didn't bet)
Seat 8: edoschenko folded before Flop (didn't bet)
Seat 9: Zmey-KKAAA (button) showed [Tc Qs] and won ($2.42) with two pair, Queens and Tens



PokerStars Hand #231846111827:  Hold'em No Limit ($0.01/$0.02 USD) - 2021/11/30 21:45:43 PT [2021/12/01 0:45:43 ET]
Table 'Thessalia IV' 9-max Seat #1 is the button
Seat 1: mrjapa1000 ($1.98 in chips) 
Seat 2: frosa9397 ($0.47 in chips) 
Seat 3: Dorex2007 ($3.84 in chips) 
Seat 4: rytikov1987 ($1.37 in chips) 
Seat 7: liracle ($1.60 in chips) 
Seat 8: edoschenko ($2.13 in chips) 
Seat 9: Zmey-KKAAA ($2.42 in chips) 
frosa9397: posts small blind $0.01
Dorex2007: posts big blind $0.02
buhtl1234: sits out 
Fathlo23: sits out 
liracle: posts big blind $0.02
*** HOLE CARDS ***
Dealt to Dorex2007 [Kd Kc]
rytikov1987: raises $0.02 to $0.04
liracle: calls $0.02
edoschenko: folds 
Zmey-KKAAA: folds 
mrjapa1000: folds 
frosa9397: calls $0.03
Dorex2007: raises $0.08 to $0.12
rytikov1987: folds 
liracle: folds 
frosa9397: calls $0.08
*** FLOP *** [Qs Th 6d]
frosa9397: checks 
Dorex2007: bets $0.36
frosa9397: folds 
Uncalled bet ($0.36) returned to Dorex2007
Dorex2007 collected $0.31 from pot
Dorex2007: doesn't show hand 
*** SUMMARY ***
Total pot $0.32 | Rake $0.01 
Board [Qs Th 6d]
Seat 1: mrjapa1000 (button) folded before Flop (didn't bet)
Seat 2: frosa9397 (small blind) folded on the Flop
Seat 3: Dorex2007 (big blind) collected ($0.31)
Seat 4: rytikov1987 folded before Flop
Seat 7: liracle folded before Flop
Seat 8: edoschenko folded before Flop (didn't bet)
Seat 9: Zmey-KKAAA folded before Flop (didn't bet)



PokerStars Hand #231846118375:  Hold'em No Limit ($0.01/$0.02 USD) - 2021/11/30 21:46:32 PT [2021/12/01 0:46:32 ET]
Table 'Thessalia IV' 9-max Seat #2 is the button
Seat 1: mrjapa1000 ($1.98 in chips) 
Seat 2: frosa9397 ($0.35 in chips) 
Seat 3: Dorex2007 ($4.03 in chips) 
Seat 4: rytikov1987 ($1.33 in chips) 
Seat 7: liracle ($1.56 in chips) 
Seat 8: edoschenko ($2.13 in chips) 
Seat 9: Zmey-KKAAA ($2.42 in chips) 
Dorex2007: posts small blind $0.01
rytikov1987: posts big blind $0.02
buhtl1234: sits out 
Fathlo23: sits out 
*** HOLE CARDS ***
Dealt to Dorex2007 [7c 2c]
liracle: folds 
edoschenko: folds 
Zmey-KKAAA: folds 
mrjapa1000: folds 
frosa9397: calls $0.02
Dorex2007: folds 
rytikov1987: checks 
*** FLOP *** [Jc 5c 7h]
rytikov1987: bets $0.03
frosa9397: raises $0.03 to $0.06
rytikov1987: calls $0.03
*** TURN *** [Jc 5c 7h] [6d]
rytikov1987: checks 
frosa9397: bets $0.10
rytikov1987: calls $0.10
*** RIVER *** [Jc 5c 7h 6d] [3c]
rytikov1987: checks 
frosa9397: checks 
*** SHOW DOWN ***
rytikov1987: shows [Js Tc] (a pair of Jacks)
frosa9397: shows [Jh Kd] (a pair of Jacks - King kicker)
frosa9397 collected $0.36 from pot
*** SUMMARY ***
Total pot $0.37 | Rake $0.01 
Board [Jc 5c 7h 6d 3c]
Seat 1: mrjapa1000 folded before Flop (didn't bet)
Seat 2: frosa9397 (button) showed [Jh Kd] and won ($0.36) with a pair of Jacks
Seat 3: Dorex2007 (small blind) folded before Flop
Seat 4: rytikov1987 (big blind) showed [Js Tc] and lost with a pair of Jacks
Seat 7: liracle folded before Flop (didn't bet)
Seat 8: edoschenko folded before Flop (didn't bet)
Seat 9: Zmey-KKAAA folded before Flop (didn't bet)



PokerStars Hand #231846124907:  Hold'em No Limit ($0.01/$0.02 USD) - 2021/11/30 21:47:22 PT [2021/12/01 0:47:22 ET]
Table 'Thessalia IV' 9-max Seat #3 is the button
Seat 1: mrjapa1000 ($1.98 in chips) 
Seat 2: frosa9397 ($0.53 in chips) 
Seat 3: Dorex2007 ($4.02 in chips) 
Seat 4: rytikov1987 ($1.15 in chips) 
Seat 5: buhtl1234 ($0.80 in chips) 
Seat 7: liracle ($1.56 in chips) 
Seat 8: edoschenko ($2.13 in chips) 
Seat 9: Zmey-KKAAA ($2.42 in chips) 
rytikov1987: posts small blind $0.01
buhtl1234: posts big blind $0.02
Fathlo23: sits out 
*** HOLE CARDS ***
Dealt to Dorex2007 [5h 3h]
liracle has timed out
liracle: folds 
edoschenko: folds 
Zmey-KKAAA: folds 
mrjapa1000: calls $0.02
frosa9397: folds 
Dorex2007: folds 
rytikov1987: folds 
buhtl1234: checks 
*** FLOP *** [7c Ts 9s]
buhtl1234: checks 
mrjapa1000: checks 
*** TURN *** [7c Ts 9s] [6c]
buhtl1234: bets $0.05
mrjapa1000: calls $0.05
*** RIVER *** [7c Ts 9s 6c] [4d]
buhtl1234: bets $0.07
mrjapa1000: folds 
Uncalled bet ($0.07) returned to buhtl1234
buhtl1234 collected $0.14 from pot
*** SUMMARY ***
Total pot $0.15 | Rake $0.01 
Board [7c Ts 9s 6c 4d]
Seat 1: mrjapa1000 folded on the River
Seat 2: frosa9397 folded before Flop (didn't bet)
Seat 3: Dorex2007 (button) folded before Flop (didn't bet)
Seat 4: rytikov1987 (small blind) folded before Flop
Seat 5: buhtl1234 (big blind) collected ($0.14)
Seat 7: liracle folded before Flop (didn't bet)
Seat 8: edoschenko folded before Flop (didn't bet)
Seat 9: Zmey-KKAAA folded before Flop (didn't bet)



PokerStars Hand #231846132245:  Hold'em No Limit ($0.01/$0.02 USD) - 2021/11/30 21:48:18 PT [2021/12/01 0:48:18 ET]
Table 'Thessalia IV' 9-max Seat #4 is the button
Seat 1: mrjapa1000 ($1.91 in chips) 
Seat 2: frosa9397 ($0.53 in chips) 
Seat 3: Dorex2007 ($4.02 in chips) 
Seat 4: rytikov1987 ($1.14 in chips) 
Seat 5: buhtl1234 ($0.87 in chips) 
Seat 6: Fathlo23 ($2 in chips) 
Seat 7: liracle ($1.56 in chips) 
Seat 8: edoschenko ($2.13 in chips) 
Seat 9: Zmey-KKAAA ($2.42 in chips) 
buhtl1234: posts small blind $0.01
Fathlo23: posts big blind $0.02
*** HOLE CARDS ***
Dealt to Dorex2007 [Jh 8c]
liracle: folds 
edoschenko: folds 
Zmey-KKAAA: folds 
mrjapa1000: calls $0.02
frosa9397: calls $0.02
Dorex2007: folds 
rytikov1987: folds 
buhtl1234: calls $0.01
Fathlo23: checks 
*** FLOP *** [4h 6c 3d]
buhtl1234: bets $0.02
Fathlo23: calls $0.02
mrjapa1000: folds 
frosa9397: calls $0.02
*** TURN *** [4h 6c 3d] [Qc]
buhtl1234: bets $0.02
Fathlo23: raises $0.18 to $0.20
frosa9397: folds 
buhtl1234: folds 
Uncalled bet ($0.18) returned to Fathlo23
Fathlo23 collected $0.17 from pot
Fathlo23: doesn't show hand 
*** SUMMARY ***
Total pot $0.18 | Rake $0.01 
Board [4h 6c 3d Qc]
Seat 1: mrjapa1000 folded on the Flop
Seat 2: frosa9397 folded on the Turn
Seat 3: Dorex2007 folded before Flop (didn't bet)
Seat 4: rytikov1987 (button) folded before Flop (didn't bet)
Seat 5: buhtl1234 (small blind) folded on the Turn
Seat 6: Fathlo23 (big blind) collected ($0.17)
Seat 7: liracle folded before Flop (didn't bet)
Seat 8: edoschenko folded before Flop (didn't bet)
Seat 9: Zmey-KKAAA folded before Flop (didn't bet)



PokerStars Hand #231846139863:  Hold'em No Limit ($0.01/$0.02 USD) - 2021/11/30 21:49:17 PT [2021/12/01 0:49:17 ET]
Table 'Thessalia IV' 9-max Seat #5 is the button
Seat 1: mrjapa1000 ($1.89 in chips) 
Seat 2: frosa9397 ($0.49 in chips) 
Seat 3: Dorex2007 ($4.02 in chips) 
Seat 4: rytikov1987 ($1.14 in chips) 
Seat 5: buhtl1234 ($0.81 in chips) 
Seat 6: Fathlo23 ($2.11 in chips) 
Seat 7: liracle ($1.56 in chips) 
Seat 8: edoschenko ($2.13 in chips) 
Seat 9: Zmey-KKAAA ($2.42 in chips) 
Fathlo23: posts small blind $0.01
liracle: posts big blind $0.02
*** HOLE CARDS ***
Dealt to Dorex2007 [7s Qh]
edoschenko: folds 
Zmey-KKAAA: folds 
mrjapa1000: folds 
frosa9397: calls $0.02
Dorex2007: folds 
rytikov1987: folds 
buhtl1234: calls $0.02
Fathlo23: calls $0.01
liracle: checks 
*** FLOP *** [Ad 9h 8s]
Fathlo23: checks 
liracle: checks 
frosa9397: bets $0.04
buhtl1234: folds 
Fathlo23: folds 
liracle: folds 
Uncalled bet ($0.04) returned to frosa9397
frosa9397 collected $0.08 from pot
frosa9397: doesn't show hand 
*** SUMMARY ***
Total pot $0.08 | Rake $0 
Board [Ad 9h 8s]
Seat 1: mrjapa1000 folded before Flop (didn't bet)
Seat 2: frosa9397 collected ($0.08)
Seat 3: Dorex2007 folded before Flop (didn't bet)
Seat 4: rytikov1987 folded before Flop (didn't bet)
Seat 5: buhtl1234 (button) folded on the Flop
Seat 6: Fathlo23 (small blind) folded on the Flop
Seat 7: liracle (big blind) folded on the Flop
Seat 8: edoschenko folded before Flop (didn't bet)
Seat 9: Zmey-KKAAA folded before Flop (didn't bet)



PokerStars Hand #231846145857:  Hold'em No Limit ($0.01/$0.02 USD) - 2021/11/30 21:50:04 PT [2021/12/01 0:50:04 ET]
Table 'Thessalia IV' 9-max Seat #6 is the button
Seat 1: mrjapa1000 ($1.89 in chips) 
Seat 2: frosa9397 ($0.55 in chips) 
Seat 3: Dorex2007 ($4.02 in chips) 
Seat 4: rytikov1987 ($1.14 in chips) 
Seat 5: buhtl1234 ($0.79 in chips) 
Seat 6: Fathlo23 ($2.09 in chips) 
Seat 7: liracle ($1.54 in chips) 
Seat 8: edoschenko ($2.13 in chips) 
Seat 9: Zmey-KKAAA ($2.42 in chips) 
liracle: posts small blind $0.01
edoschenko: posts big blind $0.02
*** HOLE CARDS ***
Dealt to Dorex2007 [Ks Ad]
Zmey-KKAAA: folds 
mrjapa1000: folds 
frosa9397: folds 
Dorex2007: raises $0.04 to $0.06
rytikov1987: folds 
buhtl1234: calls $0.06
Fathlo23: folds 
liracle: folds 
edoschenko: folds 
*** FLOP *** [4d Jd Qs]
Dorex2007: checks 
buhtl1234: bets $0.02
Dorex2007: calls $0.02
*** TURN *** [4d Jd Qs] [Qd]
Dorex2007: bets $0.12
buhtl1234: folds 
Uncalled bet ($0.12) returned to Dorex2007
Dorex2007 collected $0.18 from pot
Dorex2007: doesn't show hand 
*** SUMMARY ***
Total pot $0.19 | Rake $0.01 
Board [4d Jd Qs Qd]
Seat 1: mrjapa1000 folded before Flop (didn't bet)
Seat 2: frosa9397 folded before Flop (didn't bet)
Seat 3: Dorex2007 collected ($0.18)
Seat 4: rytikov1987 folded before Flop (didn't bet)
Seat 5: buhtl1234 folded on the Turn
Seat 6: Fathlo23 (button) folded before Flop (didn't bet)
Seat 7: liracle (small blind) folded before Flop
Seat 8: edoschenko (big blind) folded before Flop
Seat 9: Zmey-KKAAA folded before Flop (didn't bet)



PokerStars Hand #231846151682:  Hold'em No Limit ($0.01/$0.02 USD) - 2021/11/30 21:50:51 PT [2021/12/01 0:50:51 ET]
Table 'Thessalia IV' 9-max Seat #7 is the button
Seat 1: mrjapa1000 ($1.89 in chips) 
Seat 2: frosa9397 ($0.55 in chips) 
Seat 3: Dorex2007 ($4.12 in chips) 
Seat 4: rytikov1987 ($1.14 in chips) 
Seat 5: buhtl1234 ($0.71 in chips) 
Seat 7: liracle ($1.53 in chips) 
Seat 8: edoschenko ($2.11 in chips) 
Seat 9: Zmey-KKAAA ($2.42 in chips) 
edoschenko: posts small blind $0.01
Zmey-KKAAA: posts big blind $0.02
*** HOLE CARDS ***
Dealt to Dorex2007 [9c 3c]
mrjapa1000: calls $0.02
frosa9397: calls $0.02
Dorex2007: folds 
rytikov1987: folds 
buhtl1234: calls $0.02
liracle: calls $0.02
edoschenko: folds 
Zmey-KKAAA: checks 
*** FLOP *** [Kc 2h Td]
Zmey-KKAAA: checks 
mrjapa1000: checks 
frosa9397: checks 
buhtl1234: checks 
liracle: bets $0.08
Zmey-KKAAA: folds 
mrjapa1000: folds 
frosa9397: folds 
buhtl1234: calls $0.08
*** TURN *** [Kc 2h Td] [8h]
buhtl1234: checks 
liracle: bets $0.15
buhtl1234: calls $0.15
*** RIVER *** [Kc 2h Td 8h] [5h]
buhtl1234: checks 
liracle: bets $0.55
buhtl1234: folds 
Uncalled bet ($0.55) returned to liracle
liracle collected $0.55 from pot
liracle: doesn't show hand 
*** SUMMARY ***
Total pot $0.57 | Rake $0.02 
Board [Kc 2h Td 8h 5h]
Seat 1: mrjapa1000 folded on the Flop
Seat 2: frosa9397 folded on the Flop
Seat 3: Dorex2007 folded before Flop (didn't bet)
Seat 4: rytikov1987 folded before Flop (didn't bet)
Seat 5: buhtl1234 folded on the River
Seat 7: liracle (button) collected ($0.55)
Seat 8: edoschenko (small blind) folded before Flop
Seat 9: Zmey-KKAAA (big blind) folded on the Flop



PokerStars Hand #231846165475:  Hold'em No Limit ($0.01/$0.02 USD) - 2021/11/30 21:52:41 PT [2021/12/01 0:52:41 ET]
Table 'Thessalia IV' 9-max Seat #8 is the button
Seat 1: mrjapa1000 ($1.87 in chips) 
Seat 2: frosa9397 ($0.53 in chips) 
Seat 3: Dorex2007 ($4.12 in chips) 
Seat 4: rytikov1987 ($1.14 in chips) 
Seat 5: buhtl1234 ($0.46 in chips) 
Seat 6: Fathlo23 ($2.09 in chips) 
Seat 7: liracle ($1.83 in chips) 
Seat 8: edoschenko ($2.10 in chips) 
Seat 9: Zmey-KKAAA ($2.40 in chips) 
Zmey-KKAAA: posts small blind $0.01
mrjapa1000: posts big blind $0.02
*** HOLE CARDS ***
Dealt to Dorex2007 [2h 5h]
frosa9397: folds 
Dorex2007: folds 
rytikov1987: folds 
buhtl1234: raises $0.05 to $0.07
Fathlo23: folds 
liracle: folds 
edoschenko: raises $2.03 to $2.10 and is all-in
Zmey-KKAAA: folds 
mrjapa1000: folds 
buhtl1234: folds 
Uncalled bet ($2.03) returned to edoschenko
edoschenko collected $0.17 from pot
*** SUMMARY ***
Total pot $0.17 | Rake $0 
Seat 1: mrjapa1000 (big blind) folded before Flop
Seat 2: frosa9397 folded before Flop (didn't bet)
Seat 3: Dorex2007 folded before Flop (didn't bet)
Seat 4: rytikov1987 folded before Flop (didn't bet)
Seat 5: buhtl1234 folded before Flop
Seat 6: Fathlo23 folded before Flop (didn't bet)
Seat 7: liracle folded before Flop (didn't bet)
Seat 8: edoschenko (button) collected ($0.17)
Seat 9: Zmey-KKAAA (small blind) folded before Flop



PokerStars Hand #231846170156:  Hold'em No Limit ($0.01/$0.02 USD) - 2021/11/30 21:53:18 PT [2021/12/01 0:53:18 ET]
Table 'Thessalia IV' 9-max Seat #9 is the button
Seat 1: mrjapa1000 ($1.85 in chips) 
Seat 2: frosa9397 ($0.53 in chips) 
Seat 3: Dorex2007 ($4.12 in chips) 
Seat 4: rytikov1987 ($1.14 in chips) 
Seat 5: buhtl1234 ($0.39 in chips) 
Seat 6: Fathlo23 ($2.09 in chips) 
Seat 7: liracle ($1.83 in chips) 
Seat 8: edoschenko ($2.20 in chips) 
Seat 9: Zmey-KKAAA ($2.39 in chips) 
mrjapa1000: posts small blind $0.01
frosa9397: posts big blind $0.02
*** HOLE CARDS ***
Dealt to Dorex2007 [6c 7c]
Dorex2007: folds 
rytikov1987: raises $0.02 to $0.04
buhtl1234: folds 
Fathlo23: calls $0.04
liracle: folds 
edoschenko: folds 
Zmey-KKAAA: folds 
mrjapa1000: folds 
frosa9397: folds 
*** FLOP *** [Ac 2d Qd]
rytikov1987: bets $0.06
Fathlo23: folds 
Uncalled bet ($0.06) returned to rytikov1987
rytikov1987 collected $0.11 from pot
rytikov1987: doesn't show hand 
*** SUMMARY ***
Total pot $0.11 | Rake $0 
Board [Ac 2d Qd]
Seat 1: mrjapa1000 (small blind) folded before Flop
Seat 2: frosa9397 (big blind) folded before Flop
Seat 3: Dorex2007 folded before Flop (didn't bet)
Seat 4: rytikov1987 collected ($0.11)
Seat 5: buhtl1234 folded before Flop (didn't bet)
Seat 6: Fathlo23 folded on the Flop
Seat 7: liracle folded before Flop (didn't bet)
Seat 8: edoschenko folded before Flop (didn't bet)
Seat 9: Zmey-KKAAA (button) folded before Flop (didn't bet)



PokerStars Hand #231846175883:  Hold'em No Limit ($0.01/$0.02 USD) - 2021/11/30 21:54:03 PT [2021/12/01 0:54:03 ET]
Table 'Thessalia IV' 9-max Seat #1 is the button
Seat 1: mrjapa1000 ($1.84 in chips) 
Seat 2: frosa9397 ($0.51 in chips) 
Seat 3: Dorex2007 ($4.12 in chips) 
Seat 4: rytikov1987 ($1.21 in chips) 
Seat 5: buhtl1234 ($0.39 in chips) 
Seat 6: Fathlo23 ($2.05 in chips) 
Seat 7: liracle ($1.83 in chips) 
Seat 8: edoschenko ($2.20 in chips) 
Seat 9: Zmey-KKAAA ($2.39 in chips) 
frosa9397: posts small blind $0.01
Dorex2007: posts big blind $0.02
*** HOLE CARDS ***
Dealt to Dorex2007 [4h 6s]
rytikov1987: folds 
buhtl1234: calls $0.02
Fathlo23: folds 
liracle: folds 
edoschenko: folds 
Zmey-KKAAA: folds 
mrjapa1000: folds 
frosa9397: folds 
Dorex2007: checks 
*** FLOP *** [6h Ac 3s]
Dorex2007: checks 
buhtl1234: bets $0.02
Dorex2007: calls $0.02
*** TURN *** [6h Ac 3s] [3c]
Dorex2007: checks 
buhtl1234: bets $0.02
Dorex2007: calls $0.02
*** RIVER *** [6h Ac 3s 3c] [2d]
Dorex2007: bets $0.09
buhtl1234: calls $0.09
*** SHOW DOWN ***
Dorex2007: shows [4h 6s] (two pair, Sixes and Threes)
buhtl1234: shows [Ah 5d] (two pair, Aces and Threes)
buhtl1234 collected $0.30 from pot
*** SUMMARY ***
Total pot $0.31 | Rake $0.01 
Board [6h Ac 3s 3c 2d]
Seat 1: mrjapa1000 (button) folded before Flop (didn't bet)
Seat 2: frosa9397 (small blind) folded before Flop
Seat 3: Dorex2007 (big blind) showed [4h 6s] and lost with two pair, Sixes and Threes
Seat 4: rytikov1987 folded before Flop (didn't bet)
Seat 5: buhtl1234 showed [Ah 5d] and won ($0.30) with two pair, Aces and Threes
Seat 6: Fathlo23 folded before Flop (didn't bet)
Seat 7: liracle folded before Flop (didn't bet)
Seat 8: edoschenko folded before Flop (didn't bet)
Seat 9: Zmey-KKAAA folded before Flop (didn't bet)



PokerStars Hand #231846182258:  Hold'em No Limit ($0.01/$0.02 USD) - 2021/11/30 21:54:54 PT [2021/12/01 0:54:54 ET]
Table 'Thessalia IV' 9-max Seat #2 is the button
Seat 1: mrjapa1000 ($1.84 in chips) 
Seat 2: frosa9397 ($0.50 in chips) 
Seat 3: Dorex2007 ($3.97 in chips) 
Seat 4: rytikov1987 ($1.21 in chips) 
Seat 5: buhtl1234 ($0.54 in chips) 
Seat 6: Fathlo23 ($2.05 in chips) 
Seat 7: liracle ($1.83 in chips) 
Seat 8: edoschenko ($2.20 in chips) 
Seat 9: Zmey-KKAAA ($2.39 in chips) 
Dorex2007: posts small blind $0.01
rytikov1987: posts big blind $0.02
*** HOLE CARDS ***
Dealt to Dorex2007 [5c 4h]
buhtl1234: folds 
Fathlo23: raises $0.04 to $0.06
liracle: folds 
edoschenko: folds 
Zmey-KKAAA: folds 
mrjapa1000: folds 
frosa9397: folds 
Dorex2007: folds 
rytikov1987: folds 
Uncalled bet ($0.04) returned to Fathlo23
Fathlo23 collected $0.05 from pot
Fathlo23: doesn't show hand 
*** SUMMARY ***
Total pot $0.05 | Rake $0 
Seat 1: mrjapa1000 folded before Flop (didn't bet)
Seat 2: frosa9397 (button) folded before Flop (didn't bet)
Seat 3: Dorex2007 (small blind) folded before Flop
Seat 4: rytikov1987 (big blind) folded before Flop
Seat 5: buhtl1234 folded before Flop (didn't bet)
Seat 6: Fathlo23 collected ($0.05)
Seat 7: liracle folded before Flop (didn't bet)
Seat 8: edoschenko folded before Flop (didn't bet)
Seat 9: Zmey-KKAAA folded before Flop (didn't bet)



PokerStars Hand #231846185674:  Hold'em No Limit ($0.01/$0.02 USD) - 2021/11/30 21:55:24 PT [2021/12/01 0:55:24 ET]
Table 'Thessalia IV' 9-max Seat #3 is the button
Seat 1: mrjapa1000 ($1.84 in chips) 
Seat 2: frosa9397 ($0.50 in chips) 
Seat 3: Dorex2007 ($3.96 in chips) 
Seat 4: rytikov1987 ($1.19 in chips) 
Seat 5: buhtl1234 ($0.54 in chips) 
Seat 6: Fathlo23 ($2.08 in chips) 
Seat 7: liracle ($1.83 in chips) 
Seat 8: edoschenko ($2.20 in chips) 
Seat 9: Zmey-KKAAA ($2.39 in chips) 
rytikov1987: posts small blind $0.01
buhtl1234: posts big blind $0.02
*** HOLE CARDS ***
Dealt to Dorex2007 [Kh 6c]
Fathlo23: folds 
liracle: folds 
edoschenko: folds 
Zmey-KKAAA: folds 
mrjapa1000: folds 
frosa9397: raises $0.02 to $0.04
Dorex2007: folds 
rytikov1987: folds 
buhtl1234: calls $0.02
*** FLOP *** [Qs 2h 4d]
buhtl1234: checks 
frosa9397: checks 
*** TURN *** [Qs 2h 4d] [9c]
buhtl1234: bets $0.02
frosa9397: calls $0.02
*** RIVER *** [Qs 2h 4d 9c] [2c]
buhtl1234: bets $0.02
frosa9397: calls $0.02
*** SHOW DOWN ***
buhtl1234: shows [4s 3s] (two pair, Fours and Deuces)
frosa9397: shows [Td Tc] (two pair, Tens and Deuces)
frosa9397 collected $0.16 from pot
*** SUMMARY ***
Total pot $0.17 | Rake $0.01 
Board [Qs 2h 4d 9c 2c]
Seat 1: mrjapa1000 folded before Flop (didn't bet)
Seat 2: frosa9397 showed [Td Tc] and won ($0.16) with two pair, Tens and Deuces
Seat 3: Dorex2007 (button) folded before Flop (didn't bet)
Seat 4: rytikov1987 (small blind) folded before Flop
Seat 5: buhtl1234 (big blind) showed [4s 3s] and lost with two pair, Fours and Deuces
Seat 6: Fathlo23 folded before Flop (didn't bet)
Seat 7: liracle folded before Flop (didn't bet)
Seat 8: edoschenko folded before Flop (didn't bet)
Seat 9: Zmey-KKAAA folded before Flop (didn't bet)



PokerStars Hand #231846191132:  Hold'em No Limit ($0.01/$0.02 USD) - 2021/11/30 21:56:15 PT [2021/12/01 0:56:15 ET]
Table 'Thessalia IV' 9-max Seat #4 is the button
Seat 1: mrjapa1000 ($1.84 in chips) 
Seat 2: frosa9397 ($0.58 in chips) 
Seat 3: Dorex2007 ($3.96 in chips) 
Seat 4: rytikov1987 ($1.18 in chips) 
Seat 5: buhtl1234 ($0.46 in chips) 
Seat 6: Fathlo23 ($2.08 in chips) 
Seat 7: liracle ($1.83 in chips) 
Seat 8: edoschenko ($2.20 in chips) 
buhtl1234: posts small blind $0.01
Fathlo23: posts big blind $0.02
*** HOLE CARDS ***
Dealt to Dorex2007 [9d 8d]
liracle: folds 
edoschenko: folds 
mrjapa1000 has timed out
mrjapa1000: folds 
frosa9397: calls $0.02
Dorex2007: calls $0.02
rytikov1987: folds 
buhtl1234: folds 
Fathlo23: checks 
*** FLOP *** [7h 4d 7s]
Fathlo23: checks 
frosa9397: checks 
Dorex2007: bets $0.05
Fathlo23: folds 
frosa9397: folds 
Uncalled bet ($0.05) returned to Dorex2007
Dorex2007 collected $0.07 from pot
Dorex2007: doesn't show hand 
*** SUMMARY ***
Total pot $0.07 | Rake $0 
Board [7h 4d 7s]
Seat 1: mrjapa1000 folded before Flop (didn't bet)
Seat 2: frosa9397 folded on the Flop
Seat 3: Dorex2007 collected ($0.07)
Seat 4: rytikov1987 (button) folded before Flop (didn't bet)
Seat 5: buhtl1234 (small blind) folded before Flop
Seat 6: Fathlo23 (big blind) folded on the Flop
Seat 7: liracle folded before Flop (didn't bet)
Seat 8: edoschenko folded before Flop (didn't bet)



PokerStars Hand #231846197773:  Hold'em No Limit ($0.01/$0.02 USD) - 2021/11/30 21:57:16 PT [2021/12/01 0:57:16 ET]
Table 'Thessalia IV' 9-max Seat #5 is the button
Seat 1: mrjapa1000 ($1.84 in chips) 
Seat 2: frosa9397 ($0.56 in chips) 
Seat 3: Dorex2007 ($4.01 in chips) 
Seat 4: rytikov1987 ($1.18 in chips) 
Seat 5: buhtl1234 ($0.45 in chips) 
Seat 6: Fathlo23 ($2.06 in chips) 
Seat 7: liracle ($1.83 in chips) 
Seat 8: edoschenko ($2.20 in chips) 
Fathlo23: posts small blind $0.01
liracle: posts big blind $0.02
*** HOLE CARDS ***
Dealt to Dorex2007 [Jd 8c]
edoschenko: folds 
frosa9397 is disconnected 
mrjapa1000: folds 
frosa9397 has timed out while disconnected
frosa9397: folds 
Dorex2007: folds 
rytikov1987: folds 
buhtl1234: folds 
Fathlo23: calls $0.01
liracle: checks 
*** FLOP *** [9c 3s Js]
Fathlo23: bets $0.04
liracle: folds 
Uncalled bet ($0.04) returned to Fathlo23
Fathlo23 collected $0.04 from pot
Fathlo23: doesn't show hand 
*** SUMMARY ***
Total pot $0.04 | Rake $0 
Board [9c 3s Js]
Seat 1: mrjapa1000 folded before Flop (didn't bet)
Seat 2: frosa9397 folded before Flop (didn't bet)
Seat 3: Dorex2007 folded before Flop (didn't bet)
Seat 4: rytikov1987 folded before Flop (didn't bet)
Seat 5: buhtl1234 (button) folded before Flop (didn't bet)
Seat 6: Fathlo23 (small blind) collected ($0.04)
Seat 7: liracle (big blind) folded on the Flop
Seat 8: edoschenko folded before Flop (didn't bet)



PokerStars Hand #231846202645:  Hold'em No Limit ($0.01/$0.02 USD) - 2021/11/30 21:58:02 PT [2021/12/01 0:58:02 ET]
Table 'Thessalia IV' 9-max Seat #6 is the button
Seat 1: mrjapa1000 ($1.84 in chips) 
Seat 3: Dorex2007 ($4.01 in chips) 
Seat 4: rytikov1987 ($1.18 in chips) 
Seat 5: buhtl1234 ($0.45 in chips) 
Seat 6: Fathlo23 ($2.08 in chips) 
Seat 7: liracle ($1.81 in chips) 
Seat 8: edoschenko ($2.20 in chips) 
liracle: posts small blind $0.01
edoschenko: posts big blind $0.02
*** HOLE CARDS ***
Dealt to Dorex2007 [8c 4h]
mrjapa1000: folds 
Dorex2007: folds 
rytikov1987: folds 
buhtl1234: folds 
Fathlo23: folds 
liracle: folds 
Uncalled bet ($0.01) returned to edoschenko
edoschenko collected $0.02 from pot
*** SUMMARY ***
Total pot $0.02 | Rake $0 
Seat 1: mrjapa1000 folded before Flop (didn't bet)
Seat 3: Dorex2007 folded before Flop (didn't bet)
Seat 4: rytikov1987 folded before Flop (didn't bet)
Seat 5: buhtl1234 folded before Flop (didn't bet)
Seat 6: Fathlo23 (button) folded before Flop (didn't bet)
Seat 7: liracle (small blind) folded before Flop
Seat 8: edoschenko (big blind) collected ($0.02)



PokerStars Hand #231846204194:  Hold'em No Limit ($0.01/$0.02 USD) - 2021/11/30 21:58:16 PT [2021/12/01 0:58:16 ET]
Table 'Thessalia IV' 9-max Seat #7 is the button
Seat 1: mrjapa1000 ($1.84 in chips) 
Seat 3: Dorex2007 ($4.01 in chips) 
Seat 4: rytikov1987 ($1.18 in chips) 
Seat 5: buhtl1234 ($0.45 in chips) 
Seat 6: Fathlo23 ($2.08 in chips) 
Seat 7: liracle ($1.80 in chips) 
Seat 8: edoschenko ($2.21 in chips) 
edoschenko: posts small blind $0.01
mrjapa1000: posts big blind $0.02
*** HOLE CARDS ***
Dealt to Dorex2007 [Ah Ac]
Dorex2007: raises $0.02 to $0.04
rytikov1987: folds 
buhtl1234: calls $0.04
Fathlo23: raises $0.02 to $0.06
liracle: folds 
edoschenko: folds 
mrjapa1000: folds 
Dorex2007: raises $0.04 to $0.10
buhtl1234: calls $0.06
Fathlo23: calls $0.04
*** FLOP *** [7h 6d 4c]
Dorex2007: checks 
buhtl1234: checks 
Fathlo23: checks 
*** TURN *** [7h 6d 4c] [Ad]
Dorex2007: checks 
buhtl1234: checks 
Fathlo23: bets $0.16
Dorex2007: calls $0.16
buhtl1234: calls $0.16
*** RIVER *** [7h 6d 4c Ad] [Ks]
Dorex2007: checks 
buhtl1234: checks 
Zmey-KKAAA is disconnected 
Fathlo23: checks 
*** SHOW DOWN ***
Dorex2007: shows [Ah Ac] (three of a kind, Aces)
buhtl1234: mucks hand 
Fathlo23: mucks hand 
Dorex2007 collected $0.78 from pot
*** SUMMARY ***
Total pot $0.81 | Rake $0.03 
Board [7h 6d 4c Ad Ks]
Seat 1: mrjapa1000 (big blind) folded before Flop
Seat 3: Dorex2007 showed [Ah Ac] and won ($0.78) with three of a kind, Aces
Seat 4: rytikov1987 folded before Flop (didn't bet)
Seat 5: buhtl1234 mucked [5c 5d]
Seat 6: Fathlo23 mucked [Js Jc]
Seat 7: liracle (button) folded before Flop (didn't bet)
Seat 8: edoschenko (small blind) folded before Flop



PokerStars Hand #231846216743:  Hold'em No Limit ($0.01/$0.02 USD) - 2021/11/30 22:00:10 PT [2021/12/01 1:00:10 ET]
Table 'Thessalia IV' 9-max Seat #8 is the button
Seat 1: mrjapa1000 ($1.82 in chips) 
Seat 3: Dorex2007 ($4.53 in chips) 
Seat 4: rytikov1987 ($1.18 in chips) 
Seat 5: buhtl1234 ($0.19 in chips) 
Seat 6: Fathlo23 ($1.82 in chips) 
Seat 7: liracle ($1.80 in chips) 
Seat 8: edoschenko ($2.20 in chips) 
mrjapa1000: posts small blind $0.01
Dorex2007: posts big blind $0.02
*** HOLE CARDS ***
Dealt to Dorex2007 [Ts Jh]
rytikov1987: folds 
buhtl1234: calls $0.02
Fathlo23: calls $0.02
liracle: folds 
edoschenko: folds 
mrjapa1000: folds 
Dorex2007: checks 
*** FLOP *** [7h 3s Ad]
Dorex2007: checks 
buhtl1234: bets $0.02
Fathlo23: folds 
Dorex2007: folds 
Uncalled bet ($0.02) returned to buhtl1234
buhtl1234 collected $0.07 from pot
*** SUMMARY ***
Total pot $0.07 | Rake $0 
Board [7h 3s Ad]
Seat 1: mrjapa1000 (small blind) folded before Flop
Seat 3: Dorex2007 (big blind) folded on the Flop
Seat 4: rytikov1987 folded before Flop (didn't bet)
Seat 5: buhtl1234 collected ($0.07)
Seat 6: Fathlo23 folded on the Flop
Seat 7: liracle folded before Flop (didn't bet)
Seat 8: edoschenko (button) folded before Flop (didn't bet)



PokerStars Hand #231846232429:  Hold'em No Limit ($0.01/$0.02 USD) - 2021/11/30 22:00:52 PT [2021/12/01 1:00:52 ET]
Table 'Thessalia IV' 9-max Seat #1 is the button
Seat 1: mrjapa1000 ($1.81 in chips) 
Seat 3: Dorex2007 ($4.51 in chips) 
Seat 4: rytikov1987 ($1.18 in chips) 
Seat 5: buhtl1234 ($0.24 in chips) 
Seat 6: Fathlo23 ($1.80 in chips) 
Seat 7: liracle ($1.80 in chips) 
Seat 8: edoschenko ($2.20 in chips) 
Dorex2007: posts small blind $0.01
rytikov1987: posts big blind $0.02
Zmey-KKAAA has timed out while disconnected
Zmey-KKAAA: is sitting out 
*** HOLE CARDS ***
Dealt to Dorex2007 [4h 2d]
buhtl1234: folds 
Fathlo23: calls $0.02
liracle: folds 
edoschenko: folds 
mrjapa1000: folds 
Dorex2007: folds 
rytikov1987: checks 
*** FLOP *** [Jh Kc 6d]
rytikov1987: checks 
Fathlo23: checks 
*** TURN *** [Jh Kc 6d] [9d]
rytikov1987: checks 
Fathlo23: checks 
*** RIVER *** [Jh Kc 6d 9d] [Ac]
rytikov1987: checks 
Fathlo23: checks 
*** SHOW DOWN ***
rytikov1987: shows [4c Ts] (high card Ace)
Fathlo23: shows [Tc 5c] (high card Ace)
rytikov1987 collected $0.03 from pot
Fathlo23 collected $0.02 from pot
*** SUMMARY ***
Total pot $0.05 | Rake $0 
Board [Jh Kc 6d 9d Ac]
Seat 1: mrjapa1000 (button) folded before Flop (didn't bet)
Seat 3: Dorex2007 (small blind) folded before Flop
Seat 4: rytikov1987 (big blind) showed [4c Ts] and won ($0.03) with high card Ace
Seat 5: buhtl1234 folded before Flop (didn't bet)
Seat 6: Fathlo23 showed [Tc 5c] and won ($0.02) with high card Ace
Seat 7: liracle folded before Flop (didn't bet)
Seat 8: edoschenko folded before Flop (didn't bet)



PokerStars Hand #231846239615:  Hold'em No Limit ($0.01/$0.02 USD) - 2021/11/30 22:01:48 PT [2021/12/01 1:01:48 ET]
Table 'Thessalia IV' 9-max Seat #3 is the button
Seat 1: mrjapa1000 ($1.81 in chips) 
Seat 3: Dorex2007 ($4.50 in chips) 
Seat 4: rytikov1987 ($1.19 in chips) 
Seat 5: buhtl1234 ($0.24 in chips) 
Seat 6: Fathlo23 ($1.80 in chips) 
Seat 7: liracle ($1.80 in chips) 
Seat 8: edoschenko ($2.20 in chips) 
rytikov1987: posts small blind $0.01
buhtl1234: posts big blind $0.02
*** HOLE CARDS ***
Dealt to Dorex2007 [Kd As]
Fathlo23: calls $0.02
liracle: folds 
edoschenko: folds 
mrjapa1000: folds 
Dorex2007: raises $0.02 to $0.04
rytikov1987: folds 
buhtl1234: folds 
Fathlo23: calls $0.02
*** FLOP *** [7s 9s 2c]
Fathlo23: checks 
Dorex2007: checks 
*** TURN *** [7s 9s 2c] [3c]
Fathlo23: checks 
Dorex2007: bets $0.06
Fathlo23: folds 
Uncalled bet ($0.06) returned to Dorex2007
Dorex2007 collected $0.11 from pot
Dorex2007: doesn't show hand 
*** SUMMARY ***
Total pot $0.11 | Rake $0 
Board [7s 9s 2c 3c]
Seat 1: mrjapa1000 folded before Flop (didn't bet)
Seat 3: Dorex2007 (button) collected ($0.11)
Seat 4: rytikov1987 (small blind) folded before Flop
Seat 5: buhtl1234 (big blind) folded before Flop
Seat 6: Fathlo23 folded on the Turn
Seat 7: liracle folded before Flop (didn't bet)
Seat 8: edoschenko folded before Flop (didn't bet)



PokerStars Hand #231846246543:  Hold'em No Limit ($0.01/$0.02 USD) - 2021/11/30 22:02:41 PT [2021/12/01 1:02:41 ET]
Table 'Thessalia IV' 9-max Seat #4 is the button
Seat 1: mrjapa1000 ($1.81 in chips) 
Seat 3: Dorex2007 ($4.57 in chips) 
Seat 4: rytikov1987 ($1.18 in chips) 
Seat 5: buhtl1234 ($0.22 in chips) 
Seat 6: Fathlo23 ($1.76 in chips) 
Seat 7: liracle ($1.80 in chips) 
Seat 8: edoschenko ($2.20 in chips) 
buhtl1234: posts small blind $0.01
Fathlo23: posts big blind $0.02
*** HOLE CARDS ***
Dealt to Dorex2007 [7d 2s]
liracle: folds 
liracle leaves the table
edoschenko: folds 
mrjapa1000: raises $0.04 to $0.06
Dorex2007: folds 
rytikov1987: folds 
buhtl1234: folds 
Juthun85 joins the table at seat #7 
Fathlo23: folds 
Uncalled bet ($0.04) returned to mrjapa1000
mrjapa1000 collected $0.05 from pot
mrjapa1000: doesn't show hand 
*** SUMMARY ***
Total pot $0.05 | Rake $0 
Seat 1: mrjapa1000 collected ($0.05)
Seat 3: Dorex2007 folded before Flop (didn't bet)
Seat 4: rytikov1987 (button) folded before Flop (didn't bet)
Seat 5: buhtl1234 (small blind) folded before Flop
Seat 6: Fathlo23 (big blind) folded before Flop
Seat 7: liracle folded before Flop (didn't bet)
Seat 8: edoschenko folded before Flop (didn't bet)



PokerStars Hand #231846249344:  Hold'em No Limit ($0.01/$0.02 USD) - 2021/11/30 22:03:03 PT [2021/12/01 1:03:03 ET]
Table 'Thessalia IV' 9-max Seat #5 is the button
Seat 1: mrjapa1000 ($1.84 in chips) 
Seat 3: Dorex2007 ($4.57 in chips) 
Seat 4: rytikov1987 ($1.18 in chips) 
Seat 5: buhtl1234 ($0.21 in chips) 
Seat 6: Fathlo23 ($1.74 in chips) 
Seat 7: Juthun85 ($2 in chips) 
Seat 8: edoschenko ($2.20 in chips) 
Fathlo23: posts small blind $0.01
Juthun85: posts big blind $0.02
*** HOLE CARDS ***
Dealt to Dorex2007 [6h 2h]
edoschenko has timed out
edoschenko: folds 
mrjapa1000: folds 
Dorex2007: folds 
rytikov1987: raises $0.02 to $0.04
buhtl1234: folds 
Fathlo23: calls $0.03
Juthun85: calls $0.02
*** FLOP *** [4d Kh Ac]
Fathlo23: bets $0.06
Juthun85: folds 
rytikov1987: folds 
Uncalled bet ($0.06) returned to Fathlo23
Fathlo23 collected $0.12 from pot
Fathlo23: doesn't show hand 
*** SUMMARY ***
Total pot $0.12 | Rake $0 
Board [4d Kh Ac]
Seat 1: mrjapa1000 folded before Flop (didn't bet)
Seat 3: Dorex2007 folded before Flop (didn't bet)
Seat 4: rytikov1987 folded on the Flop
Seat 5: buhtl1234 (button) folded before Flop (didn't bet)
Seat 6: Fathlo23 (small blind) collected ($0.12)
Seat 7: Juthun85 (big blind) folded on the Flop
Seat 8: edoschenko folded before Flop (didn't bet)



PokerStars Hand #231846255870:  Hold'em No Limit ($0.01/$0.02 USD) - 2021/11/30 22:03:53 PT [2021/12/01 1:03:53 ET]
Table 'Thessalia IV' 9-max Seat #6 is the button
Seat 1: mrjapa1000 ($1.84 in chips) 
Seat 3: Dorex2007 ($4.57 in chips) 
Seat 4: rytikov1987 ($1.14 in chips) 
Seat 5: buhtl1234 ($0.21 in chips) 
Seat 6: Fathlo23 ($1.82 in chips) 
Seat 7: Juthun85 ($1.96 in chips) 
Seat 8: edoschenko ($2.20 in chips) 
Juthun85: posts small blind $0.01
edoschenko: posts big blind $0.02
*** HOLE CARDS ***
Dealt to Dorex2007 [Qc 7h]
mrjapa1000: folds 
Dorex2007: folds 
rytikov1987: folds 
buhtl1234: raises $0.05 to $0.07
Fathlo23: folds 
Juthun85: folds 
edoschenko: folds 
Uncalled bet ($0.05) returned to buhtl1234
buhtl1234 collected $0.05 from pot
*** SUMMARY ***
Total pot $0.05 | Rake $0 
Seat 1: mrjapa1000 folded before Flop (didn't bet)
Seat 3: Dorex2007 folded before Flop (didn't bet)
Seat 4: rytikov1987 folded before Flop (didn't bet)
Seat 5: buhtl1234 collected ($0.05)
Seat 6: Fathlo23 (button) folded before Flop (didn't bet)
Seat 7: Juthun85 (small blind) folded before Flop
Seat 8: edoschenko (big blind) folded before Flop



PokerStars Hand #231846258586:  Hold'em No Limit ($0.01/$0.02 USD) - 2021/11/30 22:04:14 PT [2021/12/01 1:04:14 ET]
Table 'Thessalia IV' 9-max Seat #7 is the button
Seat 1: mrjapa1000 ($1.84 in chips) 
Seat 3: Dorex2007 ($4.57 in chips) 
Seat 4: rytikov1987 ($1.14 in chips) 
Seat 5: buhtl1234 ($0.24 in chips) 
Seat 6: Fathlo23 ($1.82 in chips) 
Seat 7: Juthun85 ($1.95 in chips) 
Seat 8: edoschenko ($2.18 in chips) 
edoschenko: posts small blind $0.01
mrjapa1000: posts big blind $0.02
*** HOLE CARDS ***
Dealt to Dorex2007 [Ad Tc]
Dorex2007: folds 
rytikov1987: folds 
buhtl1234: folds 
Fathlo23: folds 
Juthun85: raises $0.03 to $0.05
edoschenko: folds 
mrjapa1000: calls $0.03
*** FLOP *** [4d 2c 5c]
mrjapa1000: checks 
Juthun85: bets $0.04
mrjapa1000: folds 
Uncalled bet ($0.04) returned to Juthun85
Juthun85 collected $0.11 from pot
Juthun85: doesn't show hand 
*** SUMMARY ***
Total pot $0.11 | Rake $0 
Board [4d 2c 5c]
Seat 1: mrjapa1000 (big blind) folded on the Flop
Seat 3: Dorex2007 folded before Flop (didn't bet)
Seat 4: rytikov1987 folded before Flop (didn't bet)
Seat 5: buhtl1234 folded before Flop (didn't bet)
Seat 6: Fathlo23 folded before Flop (didn't bet)
Seat 7: Juthun85 (button) collected ($0.11)
Seat 8: edoschenko (small blind) folded before Flop



PokerStars Hand #231846271625:  Hold'em No Limit ($0.01/$0.02 USD) - 2021/11/30 22:04:58 PT [2021/12/01 1:04:58 ET]
Table 'Thessalia IV' 9-max Seat #8 is the button
Seat 1: mrjapa1000 ($1.79 in chips) 
Seat 3: Dorex2007 ($4.57 in chips) 
Seat 4: rytikov1987 ($1.14 in chips) 
Seat 5: buhtl1234 ($0.24 in chips) 
Seat 6: Fathlo23 ($1.82 in chips) 
Seat 7: Juthun85 ($2.01 in chips) 
Seat 8: edoschenko ($2.17 in chips) 
mrjapa1000: posts small blind $0.01
Dorex2007: posts big blind $0.02
*** HOLE CARDS ***
Dealt to Dorex2007 [5h 2c]
rytikov1987: folds 
buhtl1234: folds 
Fathlo23: calls $0.02
Juthun85: folds 
edoschenko: folds 
mrjapa1000: raises $0.06 to $0.08
Dorex2007: folds 
Fathlo23: calls $0.06
*** FLOP *** [7h Ac Jc]
mrjapa1000: bets $0.06
Fathlo23: calls $0.06
*** TURN *** [7h Ac Jc] [3c]
mrjapa1000: bets $0.10
Fathlo23: folds 
Uncalled bet ($0.10) returned to mrjapa1000
mrjapa1000 collected $0.29 from pot
mrjapa1000: doesn't show hand 
*** SUMMARY ***
Total pot $0.30 | Rake $0.01 
Board [7h Ac Jc 3c]
Seat 1: mrjapa1000 (small blind) collected ($0.29)
Seat 3: Dorex2007 (big blind) folded before Flop
Seat 4: rytikov1987 folded before Flop (didn't bet)
Seat 5: buhtl1234 folded before Flop (didn't bet)
Seat 6: Fathlo23 folded on the Turn
Seat 7: Juthun85 folded before Flop (didn't bet)
Seat 8: edoschenko (button) folded before Flop (didn't bet)



PokerStars Hand #231846280816:  Hold'em No Limit ($0.01/$0.02 USD) - 2021/11/30 22:06:08 PT [2021/12/01 1:06:08 ET]
Table 'Thessalia IV' 9-max Seat #1 is the button
Seat 1: mrjapa1000 ($1.94 in chips) 
Seat 3: Dorex2007 ($4.55 in chips) 
Seat 4: rytikov1987 ($1.14 in chips) 
Seat 5: buhtl1234 ($0.24 in chips) 
Seat 6: Fathlo23 ($1.68 in chips) 
Seat 7: Juthun85 ($2.01 in chips) 
Seat 8: edoschenko ($2.17 in chips) 
Dorex2007: posts small blind $0.01
rytikov1987: posts big blind $0.02
Zmey-KKAAA: sits out 
*** HOLE CARDS ***
Dealt to Dorex2007 [Kh 8c]
buhtl1234: calls $0.02
Fathlo23: calls $0.02
Juthun85: folds 
edoschenko: folds 
mrjapa1000: folds 
Dorex2007: calls $0.01
rytikov1987: checks 
*** FLOP *** [2d 4c Ts]
Dorex2007: checks 
rytikov1987: checks 
buhtl1234: bets $0.08
Fathlo23: calls $0.08
Dorex2007: folds 
rytikov1987: folds 
*** TURN *** [2d 4c Ts] [Td]
buhtl1234: bets $0.02
Fathlo23: calls $0.02
*** RIVER *** [2d 4c Ts Td] [4d]
buhtl1234: checks 
Fathlo23: checks 
*** SHOW DOWN ***
buhtl1234: shows [7c 9c] (two pair, Tens and Fours)
Fathlo23: shows [3d Ah] (two pair, Tens and Fours - Ace kicker)
Fathlo23 collected $0.27 from pot
*** SUMMARY ***
Total pot $0.28 | Rake $0.01 
Board [2d 4c Ts Td 4d]
Seat 1: mrjapa1000 (button) folded before Flop (didn't bet)
Seat 3: Dorex2007 (small blind) folded on the Flop
Seat 4: rytikov1987 (big blind) folded on the Flop
Seat 5: buhtl1234 showed [7c 9c] and lost with two pair, Tens and Fours
Seat 6: Fathlo23 showed [3d Ah] and won ($0.27) with two pair, Tens and Fours
Seat 7: Juthun85 folded before Flop (didn't bet)
Seat 8: edoschenko folded before Flop (didn't bet)



PokerStars Hand #231846288005:  Hold'em No Limit ($0.01/$0.02 USD) - 2021/11/30 22:07:03 PT [2021/12/01 1:07:03 ET]
Table 'Thessalia IV' 9-max Seat #3 is the button
Seat 1: mrjapa1000 ($1.94 in chips) 
Seat 3: Dorex2007 ($4.53 in chips) 
Seat 4: rytikov1987 ($1.12 in chips) 
Seat 5: buhtl1234 ($0.12 in chips) 
Seat 6: Fathlo23 ($1.83 in chips) 
Seat 7: Juthun85 ($2.01 in chips) 
Seat 8: edoschenko ($2.17 in chips) 
rytikov1987: posts small blind $0.01
buhtl1234: posts big blind $0.02
Zmey-KKAAA: sits out 
*** HOLE CARDS ***
Dealt to Dorex2007 [7s Qd]
Fathlo23: calls $0.02
Juthun85: folds 
edoschenko: folds 
mrjapa1000: folds 
Dorex2007: folds 
rytikov1987: folds 
buhtl1234: raises $0.10 to $0.12 and is all-in
Fathlo23: calls $0.10
*** FLOP *** [Js 6h 2d]
*** TURN *** [Js 6h 2d] [8d]
*** RIVER *** [Js 6h 2d 8d] [6c]
frosa9397 leaves the table
*** SHOW DOWN ***
buhtl1234: shows [5h 4s] (a pair of Sixes)
Fathlo23: shows [Ac Kh] (a pair of Sixes - Ace kicker)
Fathlo23 collected $0.24 from pot
*** SUMMARY ***
Total pot $0.25 | Rake $0.01 
Board [Js 6h 2d 8d 6c]
Seat 1: mrjapa1000 folded before Flop (didn't bet)
Seat 3: Dorex2007 (button) folded before Flop (didn't bet)
Seat 4: rytikov1987 (small blind) folded before Flop
Seat 5: buhtl1234 (big blind) showed [5h 4s] and lost with a pair of Sixes
Seat 6: Fathlo23 showed [Ac Kh] and won ($0.24) with a pair of Sixes
Seat 7: Juthun85 folded before Flop (didn't bet)
Seat 8: edoschenko folded before Flop (didn't bet)



PokerStars Hand #231846292376:  Hold'em No Limit ($0.01/$0.02 USD) - 2021/11/30 22:07:37 PT [2021/12/01 1:07:37 ET]
Table 'Thessalia IV' 9-max Seat #4 is the button
Seat 1: mrjapa1000 ($1.94 in chips) 
Seat 3: Dorex2007 ($4.53 in chips) 
Seat 4: rytikov1987 ($1.11 in chips) 
Seat 6: Fathlo23 ($1.95 in chips) 
Seat 7: Juthun85 ($2.01 in chips) 
Seat 8: edoschenko ($2.17 in chips) 
Fathlo23: posts small blind $0.01
Juthun85: posts big blind $0.02
Zmey-KKAAA: sits out 
*** HOLE CARDS ***
Dealt to Dorex2007 [7s 3h]
edoschenko: folds 
mrjapa1000: raises $0.04 to $0.06
Dorex2007: folds 
rytikov1987: folds 
Fathlo23: folds 
buhtl1234 leaves the table
Juthun85: folds 
Uncalled bet ($0.04) returned to mrjapa1000
MikeAKL1 joins the table at seat #2 
mrjapa1000 collected $0.05 from pot
mrjapa1000: doesn't show hand 
*** SUMMARY ***
Total pot $0.05 | Rake $0 
Seat 1: mrjapa1000 collected ($0.05)
Seat 3: Dorex2007 folded before Flop (didn't bet)
Seat 4: rytikov1987 (button) folded before Flop (didn't bet)
Seat 6: Fathlo23 (small blind) folded before Flop
Seat 7: Juthun85 (big blind) folded before Flop
Seat 8: edoschenko folded before Flop (didn't bet)



PokerStars Hand #231846293915:  Hold'em No Limit ($0.01/$0.02 USD) - 2021/11/30 22:07:49 PT [2021/12/01 1:07:49 ET]
Table 'Thessalia IV' 9-max Seat #6 is the button
Seat 1: mrjapa1000 ($1.97 in chips) 
Seat 3: Dorex2007 ($4.53 in chips) 
Seat 4: rytikov1987 ($1.11 in chips) 
Seat 6: Fathlo23 ($1.94 in chips) 
Seat 7: Juthun85 ($1.99 in chips) 
Seat 8: edoschenko ($2.17 in chips) 
Juthun85: posts small blind $0.01
edoschenko: posts big blind $0.02
Zmey-KKAAA: sits out 
MikeAKL1: sits out 
*** HOLE CARDS ***
Dealt to Dorex2007 [5c Kc]
mrjapa1000: raises $0.04 to $0.06
Dorex2007: folds 
rytikov1987: folds 
Fathlo23: folds 
Juthun85: calls $0.05
edoschenko: folds 
*** FLOP *** [3d 7d Kd]
Juthun85: checks 
mrjapa1000: checks 
*** TURN *** [3d 7d Kd] [Ts]
Juthun85: bets $0.05
mrjapa1000: folds 
Uncalled bet ($0.05) returned to Juthun85
Juthun85 collected $0.14 from pot
Juthun85: doesn't show hand 
*** SUMMARY ***
Total pot $0.14 | Rake $0 
Board [3d 7d Kd Ts]
Seat 1: mrjapa1000 folded on the Turn
Seat 3: Dorex2007 folded before Flop (didn't bet)
Seat 4: rytikov1987 folded before Flop (didn't bet)
Seat 6: Fathlo23 (button) folded before Flop (didn't bet)
Seat 7: Juthun85 (small blind) collected ($0.14)
Seat 8: edoschenko (big blind) folded before Flop



PokerStars Hand #231846303845:  Hold'em No Limit ($0.01/$0.02 USD) - 2021/11/30 22:08:23 PT [2021/12/01 1:08:23 ET]
Table 'Thessalia IV' 9-max Seat #7 is the button
Seat 1: mrjapa1000 ($1.91 in chips) 
Seat 2: MikeAKL1 ($2 in chips) 
Seat 3: Dorex2007 ($4.53 in chips) 
Seat 4: rytikov1987 ($1.11 in chips) 
Seat 6: Fathlo23 ($1.94 in chips) 
Seat 7: Juthun85 ($2.07 in chips) 
Seat 8: edoschenko ($2.15 in chips) 
Seat 9: Zmey-KKAAA ($2.39 in chips) 
edoschenko: posts small blind $0.01
Zmey-KKAAA: posts big blind $0.02
MikeAKL1: posts big blind $0.02
*** HOLE CARDS ***
Dealt to Dorex2007 [Ts 4h]
mrjapa1000: folds 
MikeAKL1: checks 
Dorex2007: folds 
rytikov1987: folds 
Fathlo23: calls $0.02
Juthun85: folds 
edoschenko: folds 
Zmey-KKAAA: checks 
*** FLOP *** [Qh Kc Jc]
Zmey-KKAAA: checks 
MikeAKL1: bets $0.02
Fathlo23: calls $0.02
Zmey-KKAAA: folds 
*** TURN *** [Qh Kc Jc] [Js]
MikeAKL1: bets $0.16
Fathlo23: folds 
Uncalled bet ($0.16) returned to MikeAKL1
MikeAKL1 collected $0.11 from pot
MikeAKL1: doesn't show hand 
*** SUMMARY ***
Total pot $0.11 | Rake $0 
Board [Qh Kc Jc Js]
Seat 1: mrjapa1000 folded before Flop (didn't bet)
Seat 2: MikeAKL1 collected ($0.11)
Seat 3: Dorex2007 folded before Flop (didn't bet)
Seat 4: rytikov1987 folded before Flop (didn't bet)
Seat 6: Fathlo23 folded on the Turn
Seat 7: Juthun85 (button) folded before Flop (didn't bet)
Seat 8: edoschenko (small blind) folded before Flop
Seat 9: Zmey-KKAAA (big blind) folded on the Flop



PokerStars Hand #231846311167:  Hold'em No Limit ($0.01/$0.02 USD) - 2021/11/30 22:09:19 PT [2021/12/01 1:09:19 ET]
Table 'Thessalia IV' 9-max Seat #8 is the button
Seat 1: mrjapa1000 ($1.91 in chips) 
Seat 2: MikeAKL1 ($2.07 in chips) 
Seat 3: Dorex2007 ($4.53 in chips) 
Seat 4: rytikov1987 ($1.11 in chips) 
Seat 6: Fathlo23 ($1.90 in chips) 
Seat 7: Juthun85 ($2.07 in chips) 
Seat 8: edoschenko ($2.14 in chips) 
Seat 9: Zmey-KKAAA ($2.37 in chips) 
Zmey-KKAAA: posts small blind $0.01
mrjapa1000: posts big blind $0.02
*** HOLE CARDS ***
Dealt to Dorex2007 [7c 6s]
MikeAKL1: raises $0.02 to $0.04
Dorex2007: folds 
rytikov1987: folds 
Fathlo23: folds 
Juthun85: calls $0.04
edoschenko: calls $0.04
Zmey-KKAAA: folds 
mrjapa1000: folds 
*** FLOP *** [2h Jd Qs]
MikeAKL1: bets $0.20
Juthun85: folds 
edoschenko: folds 
Uncalled bet ($0.20) returned to MikeAKL1
MikeAKL1 collected $0.14 from pot
MikeAKL1: doesn't show hand 
*** SUMMARY ***
Total pot $0.15 | Rake $0.01 
Board [2h Jd Qs]
Seat 1: mrjapa1000 (big blind) folded before Flop
Seat 2: MikeAKL1 collected ($0.14)
Seat 3: Dorex2007 folded before Flop (didn't bet)
Seat 4: rytikov1987 folded before Flop (didn't bet)
Seat 6: Fathlo23 folded before Flop (didn't bet)
Seat 7: Juthun85 folded on the Flop
Seat 8: edoschenko (button) folded on the Flop
Seat 9: Zmey-KKAAA (small blind) folded before Flop



PokerStars Hand #231846316630:  Hold'em No Limit ($0.01/$0.02 USD) - 2021/11/30 22:10:00 PT [2021/12/01 1:10:00 ET]
Table 'Thessalia IV' 9-max Seat #9 is the button
Seat 1: mrjapa1000 ($1.89 in chips) 
Seat 2: MikeAKL1 ($2.17 in chips) 
Seat 3: Dorex2007 ($4.53 in chips) 
Seat 4: rytikov1987 ($1.11 in chips) 
Seat 6: Fathlo23 ($1.90 in chips) 
Seat 7: Juthun85 ($2.03 in chips) 
Seat 8: edoschenko ($2.10 in chips) 
Seat 9: Zmey-KKAAA ($2.36 in chips) 
mrjapa1000: posts small blind $0.01
MikeAKL1: posts big blind $0.02
*** HOLE CARDS ***
Dealt to Dorex2007 [3c Js]
Dorex2007: folds 
rytikov1987: raises $0.04 to $0.06
Fathlo23: calls $0.06
Juthun85: folds 
edoschenko: folds 
Zmey-KKAAA: folds 
mrjapa1000: folds 
teuhon joins the table at seat #5 
MikeAKL1: folds 
*** FLOP *** [4c Qh Ah]
rytikov1987: checks 
Fathlo23: checks 
*** TURN *** [4c Qh Ah] [Ts]
rytikov1987: checks 
Fathlo23: bets $0.07
rytikov1987: calls $0.07
*** RIVER *** [4c Qh Ah Ts] [5c]
rytikov1987: checks 
Fathlo23: bets $0.28
rytikov1987: calls $0.28
*** SHOW DOWN ***
Fathlo23: shows [2h Ac] (a pair of Aces)
rytikov1987: mucks hand 
Fathlo23 collected $0.82 from pot
*** SUMMARY ***
Total pot $0.85 | Rake $0.03 
Board [4c Qh Ah Ts 5c]
Seat 1: mrjapa1000 (small blind) folded before Flop
Seat 2: MikeAKL1 (big blind) folded before Flop
Seat 3: Dorex2007 folded before Flop (didn't bet)
Seat 4: rytikov1987 mucked [Kc Qc]
Seat 6: Fathlo23 showed [2h Ac] and won ($0.82) with a pair of Aces
Seat 7: Juthun85 folded before Flop (didn't bet)
Seat 8: edoschenko folded before Flop (didn't bet)
Seat 9: Zmey-KKAAA (button) folded before Flop (didn't bet)



PokerStars Hand #231846323521:  Hold'em No Limit ($0.01/$0.02 USD) - 2021/11/30 22:10:53 PT [2021/12/01 1:10:53 ET]
Table 'Thessalia IV' 9-max Seat #1 is the button
Seat 1: mrjapa1000 ($1.88 in chips) 
Seat 2: MikeAKL1 ($2.15 in chips) 
Seat 3: Dorex2007 ($4.53 in chips) 
Seat 4: rytikov1987 ($0.70 in chips) 
Seat 5: teuhon ($1.04 in chips) 
Seat 6: Fathlo23 ($2.31 in chips) 
Seat 7: Juthun85 ($2.03 in chips) 
Seat 8: edoschenko ($2.10 in chips) 
Seat 9: Zmey-KKAAA ($2.36 in chips) 
MikeAKL1: posts small blind $0.01
Dorex2007: posts big blind $0.02
teuhon: posts big blind $0.02
*** HOLE CARDS ***
Dealt to Dorex2007 [Ac 2h]
rytikov1987: folds 
teuhon: checks 
Fathlo23: folds 
Juthun85: folds 
edoschenko: folds 
Zmey-KKAAA: folds 
mrjapa1000: folds 
MikeAKL1: calls $0.01
Dorex2007: checks 
*** FLOP *** [6c 4h 8s]
MikeAKL1: checks 
Dorex2007: checks 
teuhon: checks 
*** TURN *** [6c 4h 8s] [3d]
MikeAKL1: checks 
Dorex2007: checks 
teuhon: checks 
*** RIVER *** [6c 4h 8s 3d] [Js]
MikeAKL1: bets $0.12
Dorex2007: folds 
teuhon: folds 
Uncalled bet ($0.12) returned to MikeAKL1
MikeAKL1 collected $0.06 from pot
MikeAKL1: doesn't show hand 
*** SUMMARY ***
Total pot $0.06 | Rake $0 
Board [6c 4h 8s 3d Js]
Seat 1: mrjapa1000 (button) folded before Flop (didn't bet)
Seat 2: MikeAKL1 (small blind) collected ($0.06)
Seat 3: Dorex2007 (big blind) folded on the River
Seat 4: rytikov1987 folded before Flop (didn't bet)
Seat 5: teuhon folded on the River (didn't bet)
Seat 6: Fathlo23 folded before Flop (didn't bet)
Seat 7: Juthun85 folded before Flop (didn't bet)
Seat 8: edoschenko folded before Flop (didn't bet)
Seat 9: Zmey-KKAAA folded before Flop (didn't bet)



PokerStars Hand #231846332594:  Hold'em No Limit ($0.01/$0.02 USD) - 2021/11/30 22:12:03 PT [2021/12/01 1:12:03 ET]
Table 'Thessalia IV' 9-max Seat #2 is the button
Seat 1: mrjapa1000 ($1.88 in chips) 
Seat 2: MikeAKL1 ($2.19 in chips) 
Seat 3: Dorex2007 ($4.51 in chips) 
Seat 4: rytikov1987 ($0.70 in chips) 
Seat 5: teuhon ($1.02 in chips) 
Seat 6: Fathlo23 ($2.31 in chips) 
Seat 7: Juthun85 ($2.03 in chips) 
Seat 8: edoschenko ($2.10 in chips) 
Seat 9: Zmey-KKAAA ($2.36 in chips) 
Dorex2007: posts small blind $0.01
rytikov1987: posts big blind $0.02
*** HOLE CARDS ***
Dealt to Dorex2007 [6c 2c]
teuhon: folds 
Fathlo23: calls $0.02
Juthun85: folds 
edoschenko: folds 
Zmey-KKAAA: folds 
mrjapa1000: folds 
MikeAKL1: calls $0.02
Dorex2007: folds 
rytikov1987: checks 
*** FLOP *** [Qs Qd 2h]
rytikov1987: checks 
Fathlo23: checks 
MikeAKL1: bets $0.02
rytikov1987: folds 
Fathlo23: folds 
Uncalled bet ($0.02) returned to MikeAKL1
MikeAKL1 collected $0.07 from pot
MikeAKL1: doesn't show hand 
*** SUMMARY ***
Total pot $0.07 | Rake $0 
Board [Qs Qd 2h]
Seat 1: mrjapa1000 folded before Flop (didn't bet)
Seat 2: MikeAKL1 (button) collected ($0.07)
Seat 3: Dorex2007 (small blind) folded before Flop
Seat 4: rytikov1987 (big blind) folded on the Flop
Seat 5: teuhon folded before Flop (didn't bet)
Seat 6: Fathlo23 folded on the Flop
Seat 7: Juthun85 folded before Flop (didn't bet)
Seat 8: edoschenko folded before Flop (didn't bet)
Seat 9: Zmey-KKAAA folded before Flop (didn't bet)



PokerStars Hand #231846337400:  Hold'em No Limit ($0.01/$0.02 USD) - 2021/11/30 22:12:39 PT [2021/12/01 1:12:39 ET]
Table 'Thessalia IV' 9-max Seat #3 is the button
Seat 1: mrjapa1000 ($1.88 in chips) 
Seat 2: MikeAKL1 ($2.24 in chips) 
Seat 3: Dorex2007 ($4.50 in chips) 
Seat 4: rytikov1987 ($0.68 in chips) 
Seat 5: teuhon ($1.02 in chips) 
Seat 6: Fathlo23 ($2.29 in chips) 
Seat 7: Juthun85 ($2.03 in chips) 
Seat 8: edoschenko ($2.10 in chips) 
Seat 9: Zmey-KKAAA ($2.36 in chips) 
rytikov1987: posts small blind $0.01
teuhon: posts big blind $0.02
*** HOLE CARDS ***
Dealt to Dorex2007 [Ac 4d]
Fathlo23: calls $0.02
Juthun85: folds 
edoschenko: calls $0.02
Zmey-KKAAA: folds 
mrjapa1000: folds 
MikeAKL1: folds 
Dorex2007: folds 
rytikov1987: folds 
teuhon: checks 
*** FLOP *** [2h Th 6d]
teuhon: checks 
Fathlo23: checks 
edoschenko: bets $0.07
teuhon: folds 
Fathlo23: folds 
Uncalled bet ($0.07) returned to edoschenko
edoschenko collected $0.07 from pot
*** SUMMARY ***
Total pot $0.07 | Rake $0 
Board [2h Th 6d]
Seat 1: mrjapa1000 folded before Flop (didn't bet)
Seat 2: MikeAKL1 folded before Flop (didn't bet)
Seat 3: Dorex2007 (button) folded before Flop (didn't bet)
Seat 4: rytikov1987 (small blind) folded before Flop
Seat 5: teuhon (big blind) folded on the Flop
Seat 6: Fathlo23 folded on the Flop
Seat 7: Juthun85 folded before Flop (didn't bet)
Seat 8: edoschenko collected ($0.07)
Seat 9: Zmey-KKAAA folded before Flop (didn't bet)



PokerStars Hand #231846343646:  Hold'em No Limit ($0.01/$0.02 USD) - 2021/11/30 22:13:27 PT [2021/12/01 1:13:27 ET]
Table 'Thessalia IV' 9-max Seat #4 is the button
Seat 1: mrjapa1000 ($1.88 in chips) 
Seat 2: MikeAKL1 ($2.24 in chips) 
Seat 3: Dorex2007 ($4.50 in chips) 
Seat 4: rytikov1987 ($0.67 in chips) 
Seat 5: teuhon ($1 in chips) 
Seat 6: Fathlo23 ($2.27 in chips) 
Seat 7: Juthun85 ($2.03 in chips) 
Seat 8: edoschenko ($2.15 in chips) 
Seat 9: Zmey-KKAAA ($2.36 in chips) 
teuhon: posts small blind $0.01
Fathlo23: posts big blind $0.02
*** HOLE CARDS ***
Dealt to Dorex2007 [Kc Ah]
Juthun85: folds 
edoschenko: folds 
Zmey-KKAAA: folds 
mrjapa1000: folds 
MikeAKL1: folds 
Dorex2007: raises $0.04 to $0.06
rytikov1987: folds 
teuhon: folds 
Fathlo23: folds 
Uncalled bet ($0.04) returned to Dorex2007
Dorex2007 collected $0.05 from pot
Dorex2007: doesn't show hand 
*** SUMMARY ***
Total pot $0.05 | Rake $0 
Seat 1: mrjapa1000 folded before Flop (didn't bet)
Seat 2: MikeAKL1 folded before Flop (didn't bet)
Seat 3: Dorex2007 collected ($0.05)
Seat 4: rytikov1987 (button) folded before Flop (didn't bet)
Seat 5: teuhon (small blind) folded before Flop
Seat 6: Fathlo23 (big blind) folded before Flop
Seat 7: Juthun85 folded before Flop (didn't bet)
Seat 8: edoschenko folded before Flop (didn't bet)
Seat 9: Zmey-KKAAA folded before Flop (didn't bet)



PokerStars Hand #231846347498:  Hold'em No Limit ($0.01/$0.02 USD) - 2021/11/30 22:13:56 PT [2021/12/01 1:13:56 ET]
Table 'Thessalia IV' 9-max Seat #5 is the button
Seat 1: mrjapa1000 ($1.88 in chips) 
Seat 2: MikeAKL1 ($2.24 in chips) 
Seat 3: Dorex2007 ($4.53 in chips) 
Seat 4: rytikov1987 ($0.67 in chips) 
Seat 5: teuhon ($0.99 in chips) 
Seat 6: Fathlo23 ($2.25 in chips) 
Seat 7: Juthun85 ($2.03 in chips) 
Seat 8: edoschenko ($2.15 in chips) 
Seat 9: Zmey-KKAAA ($2.36 in chips) 
Fathlo23: posts small blind $0.01
Juthun85: posts big blind $0.02
*** HOLE CARDS ***
Dealt to Dorex2007 [Ks 4h]
edoschenko: raises $0.05 to $0.07
Zmey-KKAAA: folds 
mrjapa1000: folds 
MikeAKL1: folds 
Dorex2007: folds 
rytikov1987: folds 
teuhon: folds 
Fathlo23: calls $0.06
Juthun85: folds 
*** FLOP *** [Js 2c 4s]
Fathlo23: checks 
edoschenko: bets $0.12
Fathlo23: calls $0.12
*** TURN *** [Js 2c 4s] [3h]
Fathlo23: checks 
edoschenko: checks 
*** RIVER *** [Js 2c 4s 3h] [Qh]
Fathlo23: checks 
edoschenko: bets $0.26
Fathlo23: folds 
Uncalled bet ($0.26) returned to edoschenko
edoschenko collected $0.39 from pot
*** SUMMARY ***
Total pot $0.40 | Rake $0.01 
Board [Js 2c 4s 3h Qh]
Seat 1: mrjapa1000 folded before Flop (didn't bet)
Seat 2: MikeAKL1 folded before Flop (didn't bet)
Seat 3: Dorex2007 folded before Flop (didn't bet)
Seat 4: rytikov1987 folded before Flop (didn't bet)
Seat 5: teuhon (button) folded before Flop (didn't bet)
Seat 6: Fathlo23 (small blind) folded on the River
Seat 7: Juthun85 (big blind) folded before Flop
Seat 8: edoschenko collected ($0.39)
Seat 9: Zmey-KKAAA folded before Flop (didn't bet)



PokerStars Hand #231846358256:  Hold'em No Limit ($0.01/$0.02 USD) - 2021/11/30 22:15:19 PT [2021/12/01 1:15:19 ET]
Table 'Thessalia IV' 9-max Seat #6 is the button
Seat 1: mrjapa1000 ($1.88 in chips) 
Seat 2: MikeAKL1 ($2.24 in chips) 
Seat 3: Dorex2007 ($4.53 in chips) 
Seat 4: rytikov1987 ($0.67 in chips) 
Seat 5: teuhon ($0.99 in chips) 
Seat 6: Fathlo23 ($2.06 in chips) 
Seat 7: Juthun85 ($2.01 in chips) 
Seat 8: edoschenko ($2.35 in chips) 
Seat 9: Zmey-KKAAA ($2.36 in chips) 
Juthun85: posts small blind $0.01
edoschenko: posts big blind $0.02
*** HOLE CARDS ***
Dealt to Dorex2007 [Tc 5d]
Zmey-KKAAA: folds 
mrjapa1000: raises $0.04 to $0.06
MikeAKL1: folds 
Dorex2007: folds 
rytikov1987: folds 
teuhon: folds 
Fathlo23: folds 
Juthun85: folds 
edoschenko: calls $0.04
*** FLOP *** [Jd 6s 9c]
edoschenko: checks 
mrjapa1000: bets $0.04
edoschenko: raises $0.11 to $0.15
mrjapa1000: folds 
Uncalled bet ($0.11) returned to edoschenko
edoschenko collected $0.20 from pot
*** SUMMARY ***
Total pot $0.21 | Rake $0.01 
Board [Jd 6s 9c]
Seat 1: mrjapa1000 folded on the Flop
Seat 2: MikeAKL1 folded before Flop (didn't bet)
Seat 3: Dorex2007 folded before Flop (didn't bet)
Seat 4: rytikov1987 folded before Flop (didn't bet)
Seat 5: teuhon folded before Flop (didn't bet)
Seat 6: Fathlo23 (button) folded before Flop (didn't bet)
Seat 7: Juthun85 (small blind) folded before Flop
Seat 8: edoschenko (big blind) collected ($0.20)
Seat 9: Zmey-KKAAA folded before Flop (didn't bet)



PokerStars Hand #231846363948:  Hold'em No Limit ($0.01/$0.02 USD) - 2021/11/30 22:16:02 PT [2021/12/01 1:16:02 ET]
Table 'Thessalia IV' 9-max Seat #7 is the button
Seat 1: mrjapa1000 ($1.78 in chips) 
Seat 2: MikeAKL1 ($2.24 in chips) 
Seat 3: Dorex2007 ($4.53 in chips) 
Seat 4: rytikov1987 ($0.67 in chips) 
Seat 5: teuhon ($0.99 in chips) 
Seat 6: Fathlo23 ($2.06 in chips) 
Seat 7: Juthun85 ($2 in chips) 
Seat 8: edoschenko ($2.45 in chips) 
Seat 9: Zmey-KKAAA ($2.36 in chips) 
edoschenko: posts small blind $0.01
Zmey-KKAAA: posts big blind $0.02
*** HOLE CARDS ***
Dealt to Dorex2007 [8s 7c]
mrjapa1000: raises $0.04 to $0.06
MikeAKL1: calls $0.06
Dorex2007: folds 
rytikov1987: folds 
teuhon: folds 
Fathlo23: folds 
Juthun85: calls $0.06
edoschenko: calls $0.05
Zmey-KKAAA: folds 
*** FLOP *** [4d Jh 9h]
edoschenko: checks 
mrjapa1000: checks 
MikeAKL1: bets $0.12
Juthun85: calls $0.12
edoschenko: folds 
mrjapa1000: calls $0.12
*** TURN *** [4d Jh 9h] [3s]
Fathlo23 is disconnected 
mrjapa1000: checks 
MikeAKL1: checks 
Juthun85: checks 
*** RIVER *** [4d Jh 9h 3s] [Js]
mrjapa1000: bets $0.34
MikeAKL1: folds 
Juthun85: folds 
Uncalled bet ($0.34) returned to mrjapa1000
mrjapa1000 collected $0.60 from pot
mrjapa1000: doesn't show hand 
*** SUMMARY ***
Total pot $0.62 | Rake $0.02 
Board [4d Jh 9h 3s Js]
Seat 1: mrjapa1000 collected ($0.60)
Seat 2: MikeAKL1 folded on the River
Seat 3: Dorex2007 folded before Flop (didn't bet)
Seat 4: rytikov1987 folded before Flop (didn't bet)
Seat 5: teuhon folded before Flop (didn't bet)
Seat 6: Fathlo23 folded before Flop (didn't bet)
Seat 7: Juthun85 (button) folded on the River
Seat 8: edoschenko (small blind) folded on the Flop
Seat 9: Zmey-KKAAA (big blind) folded before Flop



PokerStars Hand #231846375379:  Hold'em No Limit ($0.01/$0.02 USD) - 2021/11/30 22:17:30 PT [2021/12/01 1:17:30 ET]
Table 'Thessalia IV' 9-max Seat #8 is the button
Seat 1: mrjapa1000 ($2.20 in chips) 
Seat 2: MikeAKL1 ($2.06 in chips) 
Seat 3: Dorex2007 ($4.53 in chips) 
Seat 4: rytikov1987 ($0.67 in chips) 
Seat 5: teuhon ($0.99 in chips) 
Seat 6: Fathlo23 ($2.06 in chips) 
Seat 7: Juthun85 ($1.82 in chips) 
Seat 8: edoschenko ($2.39 in chips) 
Seat 9: Zmey-KKAAA ($2.34 in chips) 
Zmey-KKAAA: posts small blind $0.01
mrjapa1000: posts big blind $0.02
*** HOLE CARDS ***
Dealt to Dorex2007 [3s Qs]
MikeAKL1: folds 
Dorex2007: folds 
rytikov1987: folds 
teuhon: folds 
Fathlo23 has timed out while disconnected
Fathlo23: folds 
Juthun85: raises $0.03 to $0.05
edoschenko: folds 
Zmey-KKAAA: folds 
mrjapa1000: folds 
Uncalled bet ($0.03) returned to Juthun85
Juthun85 collected $0.05 from pot
Juthun85: doesn't show hand 
*** SUMMARY ***
Total pot $0.05 | Rake $0 
Seat 1: mrjapa1000 (big blind) folded before Flop
Seat 2: MikeAKL1 folded before Flop (didn't bet)
Seat 3: Dorex2007 folded before Flop (didn't bet)
Seat 4: rytikov1987 folded before Flop (didn't bet)
Seat 5: teuhon folded before Flop (didn't bet)
Seat 6: Fathlo23 folded before Flop (didn't bet)
Seat 7: Juthun85 collected ($0.05)
Seat 8: edoschenko (button) folded before Flop (didn't bet)
Seat 9: Zmey-KKAAA (small blind) folded before Flop



PokerStars Hand #231846379447:  Hold'em No Limit ($0.01/$0.02 USD) - 2021/11/30 22:18:01 PT [2021/12/01 1:18:01 ET]
Table 'Thessalia IV' 9-max Seat #9 is the button
Seat 1: mrjapa1000 ($2.18 in chips) 
Seat 2: MikeAKL1 ($2.06 in chips) 
Seat 3: Dorex2007 ($4.53 in chips) 
Seat 4: rytikov1987 ($0.67 in chips) 
Seat 5: teuhon ($0.99 in chips) 
Seat 7: Juthun85 ($1.85 in chips) 
Seat 9: Zmey-KKAAA ($2.33 in chips) 
mrjapa1000: posts small blind $0.01
MikeAKL1: posts big blind $0.02
*** HOLE CARDS ***
Dealt to Dorex2007 [Th 9s]
Dorex2007: folds 
rytikov1987: folds 
teuhon: calls $0.02
Juthun85: folds 
Zmey-KKAAA: folds 
mrjapa1000: raises $0.06 to $0.08
MikeAKL1: calls $0.06
teuhon: calls $0.06
*** FLOP *** [7c 7s 4h]
mrjapa1000: checks 
MikeAKL1: bets $0.16
teuhon: folds 
mrjapa1000: folds 
Uncalled bet ($0.16) returned to MikeAKL1
MikeAKL1 collected $0.23 from pot
MikeAKL1: doesn't show hand 
*** SUMMARY ***
Total pot $0.24 | Rake $0.01 
Board [7c 7s 4h]
Seat 1: mrjapa1000 (small blind) folded on the Flop
Seat 2: MikeAKL1 (big blind) collected ($0.23)
Seat 3: Dorex2007 folded before Flop (didn't bet)
Seat 4: rytikov1987 folded before Flop (didn't bet)
Seat 5: teuhon folded on the Flop
Seat 7: Juthun85 folded before Flop (didn't bet)
Seat 9: Zmey-KKAAA (button) folded before Flop (didn't bet)



PokerStars Hand #231846383550:  Hold'em No Limit ($0.01/$0.02 USD) - 2021/11/30 22:18:33 PT [2021/12/01 1:18:33 ET]
Table 'Thessalia IV' 9-max Seat #1 is the button
Seat 1: mrjapa1000 ($2.10 in chips) 
Seat 2: MikeAKL1 ($2.21 in chips) 
Seat 3: Dorex2007 ($4.53 in chips) 
Seat 4: rytikov1987 ($0.67 in chips) 
Seat 5: teuhon ($0.91 in chips) 
Seat 7: Juthun85 ($1.85 in chips) 
Seat 9: Zmey-KKAAA ($2.33 in chips) 
MikeAKL1: posts small blind $0.01
Dorex2007: posts big blind $0.02
*** HOLE CARDS ***
Dealt to Dorex2007 [Kd 4c]
rytikov1987: folds 
teuhon: calls $0.02
Juthun85: folds 
Zmey-KKAAA: folds 
mrjapa1000: calls $0.02
MikeAKL1: calls $0.01
Dorex2007: checks 
*** FLOP *** [7h As Jh]
MikeAKL1: bets $0.02
Dorex2007: folds 
teuhon: calls $0.02
mrjapa1000: calls $0.02
*** TURN *** [7h As Jh] [Jc]
MikeAKL1: bets $0.02
teuhon: calls $0.02
mrjapa1000: calls $0.02
*** RIVER *** [7h As Jh Jc] [Qc]
MikeAKL1: bets $0.28
teuhon: calls $0.28
mrjapa1000: folds 
*** SHOW DOWN ***
MikeAKL1: shows [5s Jd] (three of a kind, Jacks)
teuhon: mucks hand 
MikeAKL1 collected $0.73 from pot
*** SUMMARY ***
Total pot $0.76 | Rake $0.03 
Board [7h As Jh Jc Qc]
Seat 1: mrjapa1000 (button) folded on the River
Seat 2: MikeAKL1 (small blind) showed [5s Jd] and won ($0.73) with three of a kind, Jacks
Seat 3: Dorex2007 (big blind) folded on the Flop
Seat 4: rytikov1987 folded before Flop (didn't bet)
Seat 5: teuhon mucked [Ah 9c]
Seat 7: Juthun85 folded before Flop (didn't bet)
Seat 9: Zmey-KKAAA folded before Flop (didn't bet)



PokerStars Hand #231846391411:  Hold'em No Limit ($0.01/$0.02 USD) - 2021/11/30 22:19:34 PT [2021/12/01 1:19:34 ET]
Table 'Thessalia IV' 9-max Seat #2 is the button
Seat 1: mrjapa1000 ($2.04 in chips) 
Seat 2: MikeAKL1 ($2.60 in chips) 
Seat 3: Dorex2007 ($4.51 in chips) 
Seat 5: teuhon ($0.57 in chips) 
Seat 7: Juthun85 ($1.85 in chips) 
Seat 9: Zmey-KKAAA ($2.33 in chips) 
Dorex2007: posts small blind $0.01
rytikov1987: is sitting out 
teuhon: posts big blind $0.02
*** HOLE CARDS ***
Dealt to Dorex2007 [Js 8s]
Juthun85: folds 
Zmey-KKAAA: folds 
rytikov1987 leaves the table
mrjapa1000: folds 
MikeAKL1: calls $0.02
Dorex2007: calls $0.01
teuhon: checks 
*** FLOP *** [6d 2h 2d]
Dorex2007: checks 
teuhon: checks 
sokol198322 joins the table at seat #4 
MikeAKL1: bets $0.10
Dorex2007: folds 
teuhon: folds 
Uncalled bet ($0.10) returned to MikeAKL1
teuhon leaves the table
MikeAKL1 collected $0.06 from pot
MikeAKL1: doesn't show hand 
*** SUMMARY ***
Total pot $0.06 | Rake $0 
Board [6d 2h 2d]
Seat 1: mrjapa1000 folded before Flop (didn't bet)
Seat 2: MikeAKL1 (button) collected ($0.06)
Seat 3: Dorex2007 (small blind) folded on the Flop
Seat 5: teuhon (big blind) folded on the Flop
Seat 7: Juthun85 folded before Flop (didn't bet)
Seat 9: Zmey-KKAAA folded before Flop (didn't bet)



PokerStars Hand #231846395622:  Hold'em No Limit ($0.01/$0.02 USD) - 2021/11/30 22:20:06 PT [2021/12/01 1:20:06 ET]
Table 'Thessalia IV' 9-max Seat #3 is the button
Seat 1: mrjapa1000 ($2.04 in chips) 
Seat 2: MikeAKL1 ($2.64 in chips) 
Seat 3: Dorex2007 ($4.49 in chips) 
Seat 7: Juthun85 ($1.85 in chips) 
Seat 9: Zmey-KKAAA ($2.33 in chips) 
Juthun85: posts small blind $0.01
Zmey-KKAAA: posts big blind $0.02
*** HOLE CARDS ***
Dealt to Dorex2007 [2d 5h]
mrjapa1000: folds 
MikeAKL1: folds 
Dorex2007: folds 
Juthun85: folds 
Uncalled bet ($0.01) returned to Zmey-KKAAA
Zmey-KKAAA collected $0.02 from pot
*** SUMMARY ***
Total pot $0.02 | Rake $0 
Seat 1: mrjapa1000 folded before Flop (didn't bet)
Seat 2: MikeAKL1 folded before Flop (didn't bet)
Seat 3: Dorex2007 (button) folded before Flop (didn't bet)
Seat 7: Juthun85 (small blind) folded before Flop
Seat 9: Zmey-KKAAA (big blind) collected ($0.02)



PokerStars Hand #231846397113:  Hold'em No Limit ($0.01/$0.02 USD) - 2021/11/30 22:20:18 PT [2021/12/01 1:20:18 ET]
Table 'Thessalia IV' 9-max Seat #7 is the button
Seat 1: mrjapa1000 ($2.04 in chips) 
Seat 2: MikeAKL1 ($2.64 in chips) 
Seat 3: Dorex2007 ($4.49 in chips) 
Seat 4: sokol198322 ($2 in chips) 
Seat 7: Juthun85 ($1.84 in chips) 
Seat 9: Zmey-KKAAA ($2.34 in chips) 
Zmey-KKAAA: posts small blind $0.01
mrjapa1000: posts big blind $0.02
sokol198322: posts big blind $0.02
*** HOLE CARDS ***
Dealt to Dorex2007 [9s 6d]
Kapawai76 joins the table at seat #5 
MikeAKL1: calls $0.02
Dorex2007: folds 
sokol198322: raises $0.02 to $0.04
Juthun85: folds 
Zmey-KKAAA: folds 
mrjapa1000: calls $0.02
MikeAKL1: calls $0.02
*** FLOP *** [Tc 9c 7d]
mrjapa1000: bets $0.07
MikeAKL1: calls $0.07
sokol198322: calls $0.07
*** TURN *** [Tc 9c 7d] [Ac]
mrjapa1000: bets $0.19
MikeAKL1: folds 
sokol198322: folds 
Uncalled bet ($0.19) returned to mrjapa1000
mrjapa1000 collected $0.33 from pot
mrjapa1000: doesn't show hand 
*** SUMMARY ***
Total pot $0.34 | Rake $0.01 
Board [Tc 9c 7d Ac]
Seat 1: mrjapa1000 (big blind) collected ($0.33)
Seat 2: MikeAKL1 folded on the Turn
Seat 3: Dorex2007 folded before Flop (didn't bet)
Seat 4: sokol198322 folded on the Turn
Seat 7: Juthun85 (button) folded before Flop (didn't bet)
Seat 9: Zmey-KKAAA (small blind) folded before Flop



PokerStars Hand #231846403207:  Hold'em No Limit ($0.01/$0.02 USD) - 2021/11/30 22:21:05 PT [2021/12/01 1:21:05 ET]
Table 'Thessalia IV' 9-max Seat #9 is the button
Seat 1: mrjapa1000 ($2.26 in chips) 
Seat 2: MikeAKL1 ($2.53 in chips) 
Seat 3: Dorex2007 ($4.49 in chips) 
Seat 4: sokol198322 ($1.89 in chips) 
Seat 5: Kapawai76 ($2 in chips) 
Seat 7: Juthun85 ($1.84 in chips) 
Seat 9: Zmey-KKAAA ($2.33 in chips) 
mrjapa1000: posts small blind $0.01
MikeAKL1: posts big blind $0.02
Kapawai76: posts big blind $0.02
*** HOLE CARDS ***
Dealt to Dorex2007 [Kc 3s]
Dorex2007: folds 
sokol198322: raises $0.02 to $0.04
Kapawai76: calls $0.02
Juthun85: folds 
Zmey-KKAAA: folds 
mrjapa1000: folds 
MikeAKL1: calls $0.02
*** FLOP *** [3c 2d As]
MikeAKL1: bets $0.14
sokol198322: folds 
Kapawai76: folds 
Uncalled bet ($0.14) returned to MikeAKL1
MikeAKL1 collected $0.13 from pot
MikeAKL1: doesn't show hand 
*** SUMMARY ***
Total pot $0.13 | Rake $0 
Board [3c 2d As]
Seat 1: mrjapa1000 (small blind) folded before Flop
Seat 2: MikeAKL1 (big blind) collected ($0.13)
Seat 3: Dorex2007 folded before Flop (didn't bet)
Seat 4: sokol198322 folded on the Flop
Seat 5: Kapawai76 folded on the Flop
Seat 7: Juthun85 folded before Flop (didn't bet)
Seat 9: Zmey-KKAAA (button) folded before Flop (didn't bet)



PokerStars Hand #231846409376:  Hold'em No Limit ($0.01/$0.02 USD) - 2021/11/30 22:21:52 PT [2021/12/01 1:21:52 ET]
Table 'Thessalia IV' 9-max Seat #1 is the button
Seat 1: mrjapa1000 ($2.25 in chips) 
Seat 2: MikeAKL1 ($2.62 in chips) 
Seat 3: Dorex2007 ($4.49 in chips) 
Seat 4: sokol198322 ($1.85 in chips) 
Seat 5: Kapawai76 ($1.96 in chips) 
Seat 7: Juthun85 ($1.84 in chips) 
Seat 9: Zmey-KKAAA ($2.33 in chips) 
MikeAKL1: posts small blind $0.01
Dorex2007: posts big blind $0.02
*** HOLE CARDS ***
Dealt to Dorex2007 [Ad Ts]
sokol198322: folds 
Kapawai76: folds 
Juthun85: folds 
Zmey-KKAAA: folds 
mrjapa1000 has timed out
mrjapa1000: folds 
MikeAKL1: calls $0.01
Dorex2007: checks 
*** FLOP *** [8s Kc Th]
MikeAKL1: bets $0.02
Dorex2007: raises $0.04 to $0.06
MikeAKL1: calls $0.04
*** TURN *** [8s Kc Th] [8d]
MikeAKL1: bets $0.02
Dorex2007: calls $0.02
*** RIVER *** [8s Kc Th 8d] [Ah]
MikeAKL1: bets $0.46
Dorex2007: calls $0.46
*** SHOW DOWN ***
MikeAKL1: shows [8h Kh] (a full house, Eights full of Kings)
Dorex2007: mucks hand 
MikeAKL1 collected $1.08 from pot
*** SUMMARY ***
Total pot $1.12 | Rake $0.04 
Board [8s Kc Th 8d Ah]
Seat 1: mrjapa1000 (button) folded before Flop (didn't bet)
Seat 2: MikeAKL1 (small blind) showed [8h Kh] and won ($1.08) with a full house, Eights full of Kings
Seat 3: Dorex2007 (big blind) mucked [Ad Ts]
Seat 4: sokol198322 folded before Flop (didn't bet)
Seat 5: Kapawai76 folded before Flop (didn't bet)
Seat 7: Juthun85 folded before Flop (didn't bet)
Seat 9: Zmey-KKAAA folded before Flop (didn't bet)



PokerStars Hand #231846418222:  Hold'em No Limit ($0.01/$0.02 USD) - 2021/11/30 22:23:01 PT [2021/12/01 1:23:01 ET]
Table 'Thessalia IV' 9-max Seat #2 is the button
Seat 1: mrjapa1000 ($2.25 in chips) 
Seat 2: MikeAKL1 ($3.14 in chips) 
Seat 3: Dorex2007 ($3.93 in chips) 
Seat 4: sokol198322 ($1.85 in chips) 
Seat 5: Kapawai76 ($1.96 in chips) 
Seat 7: Juthun85 ($1.84 in chips) 
Seat 9: Zmey-KKAAA ($2.33 in chips) 
Dorex2007: posts small blind $0.01
sokol198322: posts big blind $0.02
*** HOLE CARDS ***
Dealt to Dorex2007 [6s 7d]
Kapawai76: calls $0.02
Juthun85: folds 
Zmey-KKAAA: folds 
mrjapa1000: folds 
MikeAKL1: folds 
Dorex2007: folds 
sokol198322: raises $0.02 to $0.04
Kapawai76: calls $0.02
*** FLOP *** [8h Th Jh]
sokol198322: checks 
Kapawai76: bets $0.06
sokol198322: raises $0.06 to $0.12
Kapawai76: calls $0.06
*** TURN *** [8h Th Jh] [6h]
sokol198322: bets $0.04
Kapawai76: calls $0.04
*** RIVER *** [8h Th Jh 6h] [3s]
sokol198322: bets $0.02
Kapawai76: calls $0.02
*** SHOW DOWN ***
sokol198322: shows [4h 3h] (a flush, Jack high)
Kapawai76: shows [8d 7h] (a flush, Jack high - Seven higher)
Kapawai76 collected $0.43 from pot
*** SUMMARY ***
Total pot $0.45 | Rake $0.02 
Board [8h Th Jh 6h 3s]
Seat 1: mrjapa1000 folded before Flop (didn't bet)
Seat 2: MikeAKL1 (button) folded before Flop (didn't bet)
Seat 3: Dorex2007 (small blind) folded before Flop
Seat 4: sokol198322 (big blind) showed [4h 3h] and lost with a flush, Jack high
Seat 5: Kapawai76 showed [8d 7h] and won ($0.43) with a flush, Jack high
Seat 7: Juthun85 folded before Flop (didn't bet)
Seat 9: Zmey-KKAAA folded before Flop (didn't bet)



PokerStars Hand #231846425795:  Hold'em No Limit ($0.01/$0.02 USD) - 2021/11/30 22:24:00 PT [2021/12/01 1:24:00 ET]
Table 'Thessalia IV' 9-max Seat #3 is the button
Seat 1: mrjapa1000 ($2.25 in chips) 
Seat 2: MikeAKL1 ($3.14 in chips) 
Seat 3: Dorex2007 ($3.92 in chips) 
Seat 4: sokol198322 ($1.63 in chips) 
Seat 5: Kapawai76 ($2.17 in chips) 
Seat 7: Juthun85 ($1.84 in chips) 
Seat 9: Zmey-KKAAA ($2.33 in chips) 
sokol198322: posts small blind $0.01
Kapawai76: posts big blind $0.02
Fathlo23: sits out 
*** HOLE CARDS ***
Dealt to Dorex2007 [Qs 6s]
Juthun85: folds 
Zmey-KKAAA: raises $0.04 to $0.06
mrjapa1000: folds 
MikeAKL1: calls $0.06
Dorex2007: folds 
sokol198322: raises $0.04 to $0.10
Kapawai76: calls $0.08
Zmey-KKAAA: calls $0.04
MikeAKL1: calls $0.04
*** FLOP *** [4d Th 2h]
sokol198322: bets $0.10
Kapawai76: calls $0.10
Zmey-KKAAA: calls $0.10
MikeAKL1: folds 
*** TURN *** [4d Th 2h] [Ts]
sokol198322: bets $0.10
Kapawai76: folds 
Zmey-KKAAA: folds 
Uncalled bet ($0.10) returned to sokol198322
sokol198322 collected $0.68 from pot
sokol198322: doesn't show hand 
*** SUMMARY ***
Total pot $0.70 | Rake $0.02 
Board [4d Th 2h Ts]
Seat 1: mrjapa1000 folded before Flop (didn't bet)
Seat 2: MikeAKL1 folded on the Flop
Seat 3: Dorex2007 (button) folded before Flop (didn't bet)
Seat 4: sokol198322 (small blind) collected ($0.68)
Seat 5: Kapawai76 (big blind) folded on the Turn
Seat 7: Juthun85 folded before Flop (didn't bet)
Seat 9: Zmey-KKAAA folded on the Turn



PokerStars Hand #231846435408:  Hold'em No Limit ($0.01/$0.02 USD) - 2021/11/30 22:25:14 PT [2021/12/01 1:25:14 ET]
Table 'Thessalia IV' 9-max Seat #4 is the button
Seat 1: mrjapa1000 ($2.25 in chips) 
Seat 2: MikeAKL1 ($3.04 in chips) 
Seat 3: Dorex2007 ($3.92 in chips) 
Seat 4: sokol198322 ($2.11 in chips) 
Seat 5: Kapawai76 ($1.97 in chips) 
Seat 6: Fathlo23 ($2.06 in chips) 
Seat 7: Juthun85 ($1.84 in chips) 
Seat 9: Zmey-KKAAA ($2.13 in chips) 
Kapawai76: posts small blind $0.01
Fathlo23: posts big blind $0.02
*** HOLE CARDS ***
Dealt to Dorex2007 [Qc 4h]
Juthun85: folds 
Zmey-KKAAA: folds 
mrjapa1000: folds 
MikeAKL1: raises $0.02 to $0.04
Dorex2007: folds 
sokol198322: folds 
Kapawai76: calls $0.03
Fathlo23: calls $0.02
*** FLOP *** [3h Ks Jc]
Kapawai76: bets $0.06
Fathlo23: folds 
MikeAKL1: calls $0.06
*** TURN *** [3h Ks Jc] [Td]
Kapawai76: bets $0.04
MikeAKL1: calls $0.04
*** RIVER *** [3h Ks Jc Td] [Ad]
Kapawai76: bets $0.10
MikeAKL1: raises $0.50 to $0.60
Kapawai76: folds 
Uncalled bet ($0.50) returned to MikeAKL1
MikeAKL1 collected $0.50 from pot
MikeAKL1: doesn't show hand 
*** SUMMARY ***
Total pot $0.52 | Rake $0.02 
Board [3h Ks Jc Td Ad]
Seat 1: mrjapa1000 folded before Flop (didn't bet)
Seat 2: MikeAKL1 collected ($0.50)
Seat 3: Dorex2007 folded before Flop (didn't bet)
Seat 4: sokol198322 (button) folded before Flop (didn't bet)
Seat 5: Kapawai76 (small blind) folded on the River
Seat 6: Fathlo23 (big blind) folded on the Flop
Seat 7: Juthun85 folded before Flop (didn't bet)
Seat 9: Zmey-KKAAA folded before Flop (didn't bet)



PokerStars Hand #231846446374:  Hold'em No Limit ($0.01/$0.02 USD) - 2021/11/30 22:26:39 PT [2021/12/01 1:26:39 ET]
Table 'Thessalia IV' 9-max Seat #5 is the button
Seat 1: mrjapa1000 ($2.25 in chips) 
Seat 2: MikeAKL1 ($3.30 in chips) 
Seat 3: Dorex2007 ($3.92 in chips) 
Seat 4: sokol198322 ($2.11 in chips) 
Seat 5: Kapawai76 ($1.73 in chips) 
Seat 6: Fathlo23 ($2.02 in chips) 
Seat 7: Juthun85 ($1.84 in chips) 
Seat 9: Zmey-KKAAA ($2.13 in chips) 
Fathlo23: posts small blind $0.01
Juthun85: posts big blind $0.02
*** HOLE CARDS ***
Dealt to Dorex2007 [Jd 7s]
Zmey-KKAAA: folds 
mrjapa1000: folds 
MikeAKL1: calls $0.02
Dorex2007: folds 
sokol198322: raises $0.02 to $0.04
Kapawai76: raises $0.04 to $0.08
Fathlo23: calls $0.07
Juthun85: folds 
MikeAKL1: calls $0.06
sokol198322: raises $0.04 to $0.12
Kapawai76: raises $0.12 to $0.24
Fathlo23: calls $0.16
MikeAKL1: calls $0.16
sokol198322: calls $0.12
*** FLOP *** [3s Kh 4d]
Fathlo23: checks 
MikeAKL1: bets $0.78
sokol198322: raises $1.09 to $1.87 and is all-in
Kapawai76: calls $1.49 and is all-in
Fathlo23: folds 
MikeAKL1: folds 
Uncalled bet ($0.38) returned to sokol198322
*** TURN *** [3s Kh 4d] [6h]
*** RIVER *** [3s Kh 4d 6h] [5h]
*** SHOW DOWN ***
sokol198322: shows [Qs Kd] (a pair of Kings)
Kapawai76: shows [Kc Ac] (a pair of Kings - Ace kicker)
Kapawai76 collected $4.57 from pot
*** SUMMARY ***
Total pot $4.74 | Rake $0.17 
Board [3s Kh 4d 6h 5h]
Seat 1: mrjapa1000 folded before Flop (didn't bet)
Seat 2: MikeAKL1 folded on the Flop
Seat 3: Dorex2007 folded before Flop (didn't bet)
Seat 4: sokol198322 showed [Qs Kd] and lost with a pair of Kings
Seat 5: Kapawai76 (button) showed [Kc Ac] and won ($4.57) with a pair of Kings
Seat 6: Fathlo23 (small blind) folded on the Flop
Seat 7: Juthun85 (big blind) folded before Flop
Seat 9: Zmey-KKAAA folded before Flop (didn't bet)



PokerStars Hand #231846458181:  Hold'em No Limit ($0.01/$0.02 USD) - 2021/11/30 22:28:12 PT [2021/12/01 1:28:12 ET]
Table 'Thessalia IV' 9-max Seat #6 is the button
Seat 1: mrjapa1000 ($2.25 in chips) 
Seat 2: MikeAKL1 ($2.28 in chips) 
Seat 3: Dorex2007 ($3.92 in chips) 
Seat 4: sokol198322 ($0.38 in chips) 
Seat 5: Kapawai76 ($4.57 in chips) 
Seat 6: Fathlo23 ($1.78 in chips) 
Seat 7: Juthun85 ($1.82 in chips) 
Seat 8: edoschenko ($2.39 in chips) 
Seat 9: Zmey-KKAAA ($2.13 in chips) 
Juthun85: posts small blind $0.01
edoschenko: posts big blind $0.02
*** HOLE CARDS ***
Dealt to Dorex2007 [2c Ac]
Zmey-KKAAA: folds 
mrjapa1000: folds 
MikeAKL1: calls $0.02
Dorex2007: calls $0.02
sokol198322: folds 
Kapawai76: calls $0.02
Fathlo23: calls $0.02
Juthun85: folds 
edoschenko: checks 
*** FLOP *** [7h 9h 5c]
edoschenko: checks 
MikeAKL1: bets $0.02
Dorex2007: folds 
Kapawai76: calls $0.02
Fathlo23: folds 
edoschenko: calls $0.02
*** TURN *** [7h 9h 5c] [8h]
edoschenko: checks 
MikeAKL1: bets $0.06
Kapawai76: calls $0.06
edoschenko: calls $0.06
*** RIVER *** [7h 9h 5c 8h] [6c]
edoschenko: checks 
MikeAKL1: checks 
Kapawai76: bets $0.16
edoschenko: folds 
MikeAKL1: folds 
Uncalled bet ($0.16) returned to Kapawai76
Kapawai76 collected $0.34 from pot
Kapawai76: doesn't show hand 
*** SUMMARY ***
Total pot $0.35 | Rake $0.01 
Board [7h 9h 5c 8h 6c]
Seat 1: mrjapa1000 folded before Flop (didn't bet)
Seat 2: MikeAKL1 folded on the River
Seat 3: Dorex2007 folded on the Flop
Seat 4: sokol198322 folded before Flop (didn't bet)
Seat 5: Kapawai76 collected ($0.34)
Seat 6: Fathlo23 (button) folded on the Flop
Seat 7: Juthun85 (small blind) folded before Flop
Seat 8: edoschenko (big blind) folded on the River
Seat 9: Zmey-KKAAA folded before Flop (didn't bet)



PokerStars Hand #231846469045:  Hold'em No Limit ($0.01/$0.02 USD) - 2021/11/30 22:29:37 PT [2021/12/01 1:29:37 ET]
Table 'Thessalia IV' 9-max Seat #7 is the button
Seat 1: mrjapa1000 ($2.25 in chips) 
Seat 2: MikeAKL1 ($2.18 in chips) 
Seat 3: Dorex2007 ($3.90 in chips) 
Seat 4: sokol198322 ($0.38 in chips) 
Seat 5: Kapawai76 ($4.81 in chips) 
Seat 6: Fathlo23 ($1.76 in chips) 
Seat 7: Juthun85 ($1.81 in chips) 
Seat 8: edoschenko ($2.29 in chips) 
Seat 9: Zmey-KKAAA ($2.13 in chips) 
edoschenko: posts small blind $0.01
Zmey-KKAAA: posts big blind $0.02
*** HOLE CARDS ***
Dealt to Dorex2007 [4s 4c]
mrjapa1000: folds 
MikeAKL1: folds 
Dorex2007: calls $0.02
sokol198322: raises $0.02 to $0.04
Kapawai76: calls $0.04
Fathlo23: calls $0.04
Juthun85: folds 
edoschenko: folds 
Zmey-KKAAA: folds 
Dorex2007: calls $0.02
*** FLOP *** [Qs 4d 9s]
Dorex2007: bets $0.18
sokol198322: raises $0.16 to $0.34 and is all-in
Kapawai76: folds 
Fathlo23: folds 
Dorex2007: calls $0.16
*** TURN *** [Qs 4d 9s] [2d]
*** RIVER *** [Qs 4d 9s 2d] [Ad]
*** SHOW DOWN ***
Dorex2007: shows [4s 4c] (three of a kind, Fours)
sokol198322: shows [Qd 7s] (a pair of Queens)
Dorex2007 collected $0.84 from pot
*** SUMMARY ***
Total pot $0.87 | Rake $0.03 
Board [Qs 4d 9s 2d Ad]
Seat 1: mrjapa1000 folded before Flop (didn't bet)
Seat 2: MikeAKL1 folded before Flop (didn't bet)
Seat 3: Dorex2007 showed [4s 4c] and won ($0.84) with three of a kind, Fours
Seat 4: sokol198322 showed [Qd 7s] and lost with a pair of Queens
Seat 5: Kapawai76 folded on the Flop
Seat 6: Fathlo23 folded on the Flop
Seat 7: Juthun85 (button) folded before Flop (didn't bet)
Seat 8: edoschenko (small blind) folded before Flop
Seat 9: Zmey-KKAAA (big blind) folded before Flop



PokerStars Hand #231846476002:  Hold'em No Limit ($0.01/$0.02 USD) - 2021/11/30 22:30:31 PT [2021/12/01 1:30:31 ET]
Table 'Thessalia IV' 9-max Seat #8 is the button
Seat 1: mrjapa1000 ($2.25 in chips) 
Seat 2: MikeAKL1 ($2.18 in chips) 
Seat 3: Dorex2007 ($4.36 in chips) 
Seat 5: Kapawai76 ($4.77 in chips) 
Seat 6: Fathlo23 ($1.72 in chips) 
Seat 7: Juthun85 ($1.81 in chips) 
Seat 8: edoschenko ($2.28 in chips) 
Seat 9: Zmey-KKAAA ($2.11 in chips) 
Zmey-KKAAA: posts small blind $0.01
mrjapa1000: posts big blind $0.02
*** HOLE CARDS ***
Dealt to Dorex2007 [8d 4c]
MikeAKL1: raises $0.02 to $0.04
Dorex2007: folds 
Kapawai76: calls $0.04
Fathlo23: calls $0.04
Juthun85: folds 
edoschenko: folds 
Zmey-KKAAA: folds 
mrjapa1000: folds 
*** FLOP *** [8s As 2c]
Zmey-KKAAA leaves the table
MikeAKL1: checks 
sokol198322 leaves the table
Kapawai76: bets $0.04
Fathlo23: calls $0.04
MikeAKL1: folds 
*** TURN *** [8s As 2c] [4s]
Kapawai76: checks 
Fathlo23: bets $0.22
Kapawai76: folds 
Uncalled bet ($0.22) returned to Fathlo23
Fathlo23 collected $0.22 from pot
Fathlo23: doesn't show hand 
*** SUMMARY ***
Total pot $0.23 | Rake $0.01 
Board [8s As 2c 4s]
Seat 1: mrjapa1000 (big blind) folded before Flop
Seat 2: MikeAKL1 folded on the Flop
Seat 3: Dorex2007 folded before Flop (didn't bet)
Seat 5: Kapawai76 folded on the Turn
Seat 6: Fathlo23 collected ($0.22)
Seat 7: Juthun85 folded before Flop (didn't bet)
Seat 8: edoschenko (button) folded before Flop (didn't bet)
Seat 9: Zmey-KKAAA (small blind) folded before Flop



PokerStars Hand #231846550755:  Hold'em No Limit ($0.01/$0.02 USD) - 2021/11/30 22:40:17 PT [2021/12/01 1:40:17 ET]
Table 'Thessalia IV' 9-max Seat #4 is the button
Seat 1: mrjapa1000 ($2 in chips) 
Seat 2: MikeAKL1 ($2.43 in chips) 
Seat 3: Dorex2007 ($4.36 in chips) 
Seat 4: Phneo ($2 in chips) 
Seat 7: Juthun85 ($2.39 in chips) 
Seat 9: black.pantherx ($2 in chips) 
Juthun85: posts small blind $0.01
black.pantherx: posts big blind $0.02
Dorex2007: posts small & big blinds $0.03
*** HOLE CARDS ***
Dealt to Dorex2007 [3h 8c]
mrjapa1000: folds 
MikeAKL1: raises $0.02 to $0.04
Dorex2007: folds 
Phneo: folds 
Juthun85: calls $0.03
black.pantherx: calls $0.02
*** FLOP *** [Qd 5d Ac]
Juthun85: checks 
black.pantherx: bets $0.11
MikeAKL1: calls $0.11
Juthun85: calls $0.11
*** TURN *** [Qd 5d Ac] [3d]
Juthun85: checks 
black.pantherx: checks 
vegasil joins the table at seat #5 
MikeAKL1: bets $0.24
Juthun85: folds 
black.pantherx: folds 
Uncalled bet ($0.24) returned to MikeAKL1
MikeAKL1 collected $0.46 from pot
MikeAKL1: doesn't show hand 
*** SUMMARY ***
Total pot $0.48 | Rake $0.02 
Board [Qd 5d Ac 3d]
Seat 1: mrjapa1000 folded before Flop (didn't bet)
Seat 2: MikeAKL1 collected ($0.46)
Seat 3: Dorex2007 folded before Flop (didn't bet)
Seat 4: Phneo (button) folded before Flop (didn't bet)
Seat 7: Juthun85 (small blind) folded on the Turn
Seat 9: black.pantherx (big blind) folded on the Turn



PokerStars Hand #231846557376:  Hold'em No Limit ($0.01/$0.02 USD) - 2021/11/30 22:41:11 PT [2021/12/01 1:41:11 ET]
Table 'Thessalia IV' 9-max Seat #7 is the button
Seat 1: mrjapa1000 ($2 in chips) 
Seat 2: MikeAKL1 ($2.74 in chips) 
Seat 3: Dorex2007 ($4.33 in chips) 
Seat 4: Phneo ($2 in chips) 
Seat 7: Juthun85 ($2.24 in chips) 
Seat 9: black.pantherx ($2 in chips) 
black.pantherx: posts small blind $0.01
mrjapa1000: posts big blind $0.02
vegasil: sits out 
JungleManV: sits out 
*** HOLE CARDS ***
Dealt to Dorex2007 [Qc 9h]
MikeAKL1: calls $0.02
Dorex2007: folds 
Phneo: folds 
Juthun85: raises $0.05 to $0.07
black.pantherx: folds 
mrjapa1000: folds 
MikeAKL1: calls $0.05
*** FLOP *** [8s 4d Qh]
MikeAKL1: bets $0.14
Juthun85: calls $0.14
*** TURN *** [8s 4d Qh] [Tc]
MikeAKL1: bets $0.06
Juthun85: raises $0.18 to $0.24
MikeAKL1: calls $0.18
*** RIVER *** [8s 4d Qh Tc] [Jh]
MikeAKL1: checks 
Juthun85: checks 
*** SHOW DOWN ***
MikeAKL1: shows [9d 8c] (a straight, Eight to Queen)
Juthun85: mucks hand 
MikeAKL1 collected $0.90 from pot
*** SUMMARY ***
Total pot $0.93 | Rake $0.03 
Board [8s 4d Qh Tc Jh]
Seat 1: mrjapa1000 (big blind) folded before Flop
Seat 2: MikeAKL1 showed [9d 8c] and won ($0.90) with a straight, Eight to Queen
Seat 3: Dorex2007 folded before Flop (didn't bet)
Seat 4: Phneo folded before Flop (didn't bet)
Seat 7: Juthun85 (button) mucked [7h 7s]
Seat 9: black.pantherx (small blind) folded before Flop



PokerStars Hand #231846565302:  Hold'em No Limit ($0.01/$0.02 USD) - 2021/11/30 22:42:14 PT [2021/12/01 1:42:14 ET]
Table 'Thessalia IV' 9-max Seat #9 is the button
Seat 1: mrjapa1000 ($1.98 in chips) 
Seat 2: MikeAKL1 ($3.19 in chips) 
Seat 3: Dorex2007 ($4.33 in chips) 
Seat 4: Phneo ($2 in chips) 
Seat 7: Juthun85 ($1.79 in chips) 
Seat 9: black.pantherx ($2 in chips) 
mrjapa1000: posts small blind $0.01
MikeAKL1: posts big blind $0.02
vegasil: sits out 
JungleManV: sits out 
*** HOLE CARDS ***
Dealt to Dorex2007 [6c Kh]
Dorex2007: folds 
Phneo: folds 
Juthun85: folds 
black.pantherx: raises $0.05 to $0.07
mrjapa1000: folds 
MikeAKL1: folds 
Uncalled bet ($0.05) returned to black.pantherx
black.pantherx collected $0.05 from pot
black.pantherx: doesn't show hand 
*** SUMMARY ***
Total pot $0.05 | Rake $0 
Seat 1: mrjapa1000 (small blind) folded before Flop
Seat 2: MikeAKL1 (big blind) folded before Flop
Seat 3: Dorex2007 folded before Flop (didn't bet)
Seat 4: Phneo folded before Flop (didn't bet)
Seat 7: Juthun85 folded before Flop (didn't bet)
Seat 9: black.pantherx (button) collected ($0.05)



PokerStars Hand #231846570197:  Hold'em No Limit ($0.01/$0.02 USD) - 2021/11/30 22:42:53 PT [2021/12/01 1:42:53 ET]
Table 'Thessalia IV' 9-max Seat #1 is the button
Seat 1: mrjapa1000 ($1.97 in chips) 
Seat 2: MikeAKL1 ($3.17 in chips) 
Seat 3: Dorex2007 ($4.33 in chips) 
Seat 4: Phneo ($2 in chips) 
Seat 7: Juthun85 ($1.79 in chips) 
Seat 9: black.pantherx ($2.03 in chips) 
MikeAKL1: posts small blind $0.01
Dorex2007: posts big blind $0.02
vegasil: sits out 
JungleManV: sits out 
*** HOLE CARDS ***
Dealt to Dorex2007 [Qc 6d]
Phneo: folds 
Juthun85: raises $0.03 to $0.05
black.pantherx: folds 
mrjapa1000: folds 
MikeAKL1: calls $0.04
Dorex2007: folds 
*** FLOP *** [7d 6h Jd]
MikeAKL1: bets $0.32
Juthun85: folds 
Uncalled bet ($0.32) returned to MikeAKL1
MikeAKL1 collected $0.12 from pot
MikeAKL1: doesn't show hand 
*** SUMMARY ***
Total pot $0.12 | Rake $0 
Board [7d 6h Jd]
Seat 1: mrjapa1000 (button) folded before Flop (didn't bet)
Seat 2: MikeAKL1 (small blind) collected ($0.12)
Seat 3: Dorex2007 (big blind) folded before Flop
Seat 4: Phneo folded before Flop (didn't bet)
Seat 7: Juthun85 folded on the Flop
Seat 9: black.pantherx folded before Flop (didn't bet)



PokerStars Hand #231846574010:  Hold'em No Limit ($0.01/$0.02 USD) - 2021/11/30 22:43:23 PT [2021/12/01 1:43:23 ET]
Table 'Thessalia IV' 9-max Seat #2 is the button
Seat 1: mrjapa1000 ($1.97 in chips) 
Seat 2: MikeAKL1 ($3.24 in chips) 
Seat 3: Dorex2007 ($4.31 in chips) 
Seat 4: Phneo ($2 in chips) 
Seat 7: Juthun85 ($1.74 in chips) 
Seat 9: black.pantherx ($2.03 in chips) 
Dorex2007: posts small blind $0.01
Phneo: posts big blind $0.02
vegasil: sits out 
JungleManV: sits out 
*** HOLE CARDS ***
Dealt to Dorex2007 [Kd 4h]
Juthun85: folds 
black.pantherx: folds 
mrjapa1000: folds 
MikeAKL1: raises $0.02 to $0.04
Dorex2007: folds 
Phneo: calls $0.02
*** FLOP *** [Qs 7h 7c]
Phneo: checks 
MikeAKL1: bets $0.26
Phneo: folds 
Uncalled bet ($0.26) returned to MikeAKL1
MikeAKL1 collected $0.09 from pot
MikeAKL1: doesn't show hand 
*** SUMMARY ***
Total pot $0.09 | Rake $0 
Board [Qs 7h 7c]
Seat 1: mrjapa1000 folded before Flop (didn't bet)
Seat 2: MikeAKL1 (button) collected ($0.09)
Seat 3: Dorex2007 (small blind) folded before Flop
Seat 4: Phneo (big blind) folded on the Flop
Seat 7: Juthun85 folded before Flop (didn't bet)
Seat 9: black.pantherx folded before Flop (didn't bet)



PokerStars Hand #231846578003:  Hold'em No Limit ($0.01/$0.02 USD) - 2021/11/30 22:43:55 PT [2021/12/01 1:43:55 ET]
Table 'Thessalia IV' 9-max Seat #3 is the button
Seat 1: mrjapa1000 ($1.97 in chips) 
Seat 2: MikeAKL1 ($3.29 in chips) 
Seat 3: Dorex2007 ($4.30 in chips) 
Seat 4: Phneo ($2 in chips) 
Seat 5: vegasil ($2 in chips) 
Seat 7: Juthun85 ($1.74 in chips) 
Seat 9: black.pantherx ($2.03 in chips) 
Phneo: posts small blind $0.01
vegasil: posts big blind $0.02
JungleManV: sits out 
*** HOLE CARDS ***
Dealt to Dorex2007 [8c Ts]
Juthun85: folds 
black.pantherx: raises $0.05 to $0.07
mrjapa1000: folds 
MikeAKL1: folds 
Dorex2007: folds 
Phneo: raises $0.17 to $0.24
vegasil: folds 
black.pantherx: calls $0.17
*** FLOP *** [Th 4s 7c]
Phneo: bets $0.25
black.pantherx: folds 
Uncalled bet ($0.25) returned to Phneo
Phneo collected $0.48 from pot
Phneo: doesn't show hand 
*** SUMMARY ***
Total pot $0.50 | Rake $0.02 
Board [Th 4s 7c]
Seat 1: mrjapa1000 folded before Flop (didn't bet)
Seat 2: MikeAKL1 folded before Flop (didn't bet)
Seat 3: Dorex2007 (button) folded before Flop (didn't bet)
Seat 4: Phneo (small blind) collected ($0.48)
Seat 5: vegasil (big blind) folded before Flop
Seat 7: Juthun85 folded before Flop (didn't bet)
Seat 9: black.pantherx folded on the Flop



PokerStars Hand #231846584008:  Hold'em No Limit ($0.01/$0.02 USD) - 2021/11/30 22:44:43 PT [2021/12/01 1:44:43 ET]
Table 'Thessalia IV' 9-max Seat #4 is the button
Seat 1: mrjapa1000 ($1.97 in chips) 
Seat 2: MikeAKL1 ($3.29 in chips) 
Seat 3: Dorex2007 ($4.30 in chips) 
Seat 4: Phneo ($2.24 in chips) 
Seat 5: vegasil ($1.98 in chips) 
Seat 6: JungleManV ($2 in chips) 
Seat 7: Juthun85 ($1.74 in chips) 
Seat 9: black.pantherx ($2 in chips) 
vegasil: posts small blind $0.01
JungleManV: posts big blind $0.02
*** HOLE CARDS ***
Dealt to Dorex2007 [4c 2d]
Juthun85: folds 
black.pantherx: folds 
mrjapa1000: folds 
MikeAKL1: calls $0.02
Dorex2007: folds 
Phneo: folds 
vegasil: calls $0.01
JungleManV: checks 
*** FLOP *** [3c 6h 8h]
vegasil: bets $0.03
JungleManV: folds 
MikeAKL1: calls $0.03
*** TURN *** [3c 6h 8h] [7c]
vegasil: checks 
MikeAKL1: bets $0.16
vegasil: calls $0.16
*** RIVER *** [3c 6h 8h 7c] [Jh]
vegasil: bets $0.42
MikeAKL1: folds 
Uncalled bet ($0.42) returned to vegasil
vegasil collected $0.42 from pot
vegasil: doesn't show hand 
*** SUMMARY ***
Total pot $0.44 | Rake $0.02 
Board [3c 6h 8h 7c Jh]
Seat 1: mrjapa1000 folded before Flop (didn't bet)
Seat 2: MikeAKL1 folded on the River
Seat 3: Dorex2007 folded before Flop (didn't bet)
Seat 4: Phneo (button) folded before Flop (didn't bet)
Seat 5: vegasil (small blind) collected ($0.42)
Seat 6: JungleManV (big blind) folded on the Flop
Seat 7: Juthun85 folded before Flop (didn't bet)
Seat 9: black.pantherx folded before Flop (didn't bet)



PokerStars Hand #231846601910:  Hold'em No Limit ($0.01/$0.02 USD) - 2021/11/30 22:46:19 PT [2021/12/01 1:46:19 ET]
Table 'Thessalia IV' 9-max Seat #5 is the button
Seat 1: mrjapa1000 ($1.97 in chips) 
Seat 2: MikeAKL1 ($3.08 in chips) 
Seat 3: Dorex2007 ($4.30 in chips) 
Seat 4: Phneo ($2.24 in chips) 
Seat 5: vegasil ($2.19 in chips) 
Seat 6: JungleManV ($2 in chips) 
Seat 7: Juthun85 ($1.74 in chips) 
Seat 9: black.pantherx ($2 in chips) 
JungleManV: posts small blind $0.01
Juthun85: posts big blind $0.02
*** HOLE CARDS ***
Dealt to Dorex2007 [4c 5d]
black.pantherx: folds 
mrjapa1000: folds 
MikeAKL1: folds 
Dorex2007: folds 
Phneo: folds 
vegasil: raises $0.03 to $0.05
JungleManV: folds 
Juthun85: folds 
Uncalled bet ($0.03) returned to vegasil
vegasil collected $0.05 from pot
vegasil: doesn't show hand 
*** SUMMARY ***
Total pot $0.05 | Rake $0 
Seat 1: mrjapa1000 folded before Flop (didn't bet)
Seat 2: MikeAKL1 folded before Flop (didn't bet)
Seat 3: Dorex2007 folded before Flop (didn't bet)
Seat 4: Phneo folded before Flop (didn't bet)
Seat 5: vegasil (button) collected ($0.05)
Seat 6: JungleManV (small blind) folded before Flop
Seat 7: Juthun85 (big blind) folded before Flop
Seat 9: black.pantherx folded before Flop (didn't bet)



PokerStars Hand #231846605699:  Hold'em No Limit ($0.01/$0.02 USD) - 2021/11/30 22:46:49 PT [2021/12/01 1:46:49 ET]
Table 'Thessalia IV' 9-max Seat #6 is the button
Seat 1: mrjapa1000 ($1.97 in chips) 
Seat 2: MikeAKL1 ($3.08 in chips) 
Seat 3: Dorex2007 ($4.30 in chips) 
Seat 4: Phneo ($2.24 in chips) 
Seat 5: vegasil ($2.22 in chips) 
Seat 6: JungleManV ($2 in chips) 
Seat 7: Juthun85 ($1.72 in chips) 
Seat 9: black.pantherx ($2 in chips) 
Juthun85: posts small blind $0.01
black.pantherx: posts big blind $0.02
*** HOLE CARDS ***
Dealt to Dorex2007 [2s 4d]
mrjapa1000: raises $0.04 to $0.06
MikeAKL1: calls $0.06
Dorex2007: folds 
Phneo: folds 
vegasil: folds 
JungleManV: folds 
Juthun85: folds 
black.pantherx: folds 
*** FLOP *** [8s 8h 3h]
mrjapa1000: checks 
MikeAKL1: bets $0.24
mrjapa1000: folds 
Uncalled bet ($0.24) returned to MikeAKL1
MikeAKL1 collected $0.14 from pot
MikeAKL1: doesn't show hand 
*** SUMMARY ***
Total pot $0.15 | Rake $0.01 
Board [8s 8h 3h]
Seat 1: mrjapa1000 folded on the Flop
Seat 2: MikeAKL1 collected ($0.14)
Seat 3: Dorex2007 folded before Flop (didn't bet)
Seat 4: Phneo folded before Flop (didn't bet)
Seat 5: vegasil folded before Flop (didn't bet)
Seat 6: JungleManV (button) folded before Flop (didn't bet)
Seat 7: Juthun85 (small blind) folded before Flop
Seat 9: black.pantherx (big blind) folded before Flop



PokerStars Hand #231846613204:  Hold'em No Limit ($0.01/$0.02 USD) - 2021/11/30 22:47:22 PT [2021/12/01 1:47:22 ET]
Table 'Thessalia IV' 9-max Seat #7 is the button
Seat 1: mrjapa1000 ($1.91 in chips) 
Seat 2: MikeAKL1 ($3.16 in chips) 
Seat 3: Dorex2007 ($4.30 in chips) 
Seat 4: Phneo ($2.24 in chips) 
Seat 5: vegasil ($2.22 in chips) 
Seat 6: JungleManV ($2 in chips) 
Seat 7: Juthun85 ($1.71 in chips) 
Seat 9: black.pantherx ($2 in chips) 
black.pantherx: posts small blind $0.01
mrjapa1000: posts big blind $0.02
*** HOLE CARDS ***
Dealt to Dorex2007 [Td 2s]
MikeAKL1: folds 
Dorex2007: folds 
Phneo: folds 
vegasil: folds 
JungleManV: raises $0.03 to $0.05
Juthun85: folds 
black.pantherx: folds 
mrjapa1000: folds 
Uncalled bet ($0.03) returned to JungleManV
JungleManV collected $0.05 from pot
JungleManV: doesn't show hand 
*** SUMMARY ***
Total pot $0.05 | Rake $0 
Seat 1: mrjapa1000 (big blind) folded before Flop
Seat 2: MikeAKL1 folded before Flop (didn't bet)
Seat 3: Dorex2007 folded before Flop (didn't bet)
Seat 4: Phneo folded before Flop (didn't bet)
Seat 5: vegasil folded before Flop (didn't bet)
Seat 6: JungleManV collected ($0.05)
Seat 7: Juthun85 (button) folded before Flop (didn't bet)
Seat 9: black.pantherx (small blind) folded before Flop



PokerStars Hand #231846616799:  Hold'em No Limit ($0.01/$0.02 USD) - 2021/11/30 22:47:50 PT [2021/12/01 1:47:50 ET]
Table 'Thessalia IV' 9-max Seat #9 is the button
Seat 1: mrjapa1000 ($1.89 in chips) 
Seat 3: Dorex2007 ($4.30 in chips) 
Seat 4: Phneo ($2.24 in chips) 
Seat 5: vegasil ($2.22 in chips) 
Seat 6: JungleManV ($2.03 in chips) 
Seat 7: Juthun85 ($1.71 in chips) 
Seat 9: black.pantherx ($2 in chips) 
mrjapa1000: posts small blind $0.01
Dorex2007: posts big blind $0.02
*** HOLE CARDS ***
Dealt to Dorex2007 [7s 2s]
Phneo: folds 
vegasil: raises $0.03 to $0.05
JungleManV: folds 
Juthun85: folds 
black.pantherx: folds 
mrjapa1000: raises $0.12 to $0.17
Dorex2007: folds 
vegasil: folds 
Uncalled bet ($0.12) returned to mrjapa1000
mrjapa1000 collected $0.12 from pot
mrjapa1000: doesn't show hand 
*** SUMMARY ***
Total pot $0.12 | Rake $0 
Seat 1: mrjapa1000 (small blind) collected ($0.12)
Seat 3: Dorex2007 (big blind) folded before Flop
Seat 4: Phneo folded before Flop (didn't bet)
Seat 5: vegasil folded before Flop
Seat 6: JungleManV folded before Flop (didn't bet)
Seat 7: Juthun85 folded before Flop (didn't bet)
Seat 9: black.pantherx (button) folded before Flop (didn't bet)



PokerStars Hand #231846619485:  Hold'em No Limit ($0.01/$0.02 USD) - 2021/11/30 22:48:11 PT [2021/12/01 1:48:11 ET]
Table 'Thessalia IV' 9-max Seat #1 is the button
Seat 1: mrjapa1000 ($1.96 in chips) 
Seat 3: Dorex2007 ($4.28 in chips) 
Seat 4: Phneo ($2.24 in chips) 
Seat 5: vegasil ($2.17 in chips) 
Seat 6: JungleManV ($2.03 in chips) 
Seat 7: Juthun85 ($1.71 in chips) 
Seat 9: black.pantherx ($2 in chips) 
Dorex2007: posts small blind $0.01
Phneo: posts big blind $0.02
*** HOLE CARDS ***
Dealt to Dorex2007 [8d 9c]
vegasil: folds 
JungleManV: folds 
Juthun85: raises $0.03 to $0.05
black.pantherx: folds 
mrjapa1000: folds 
Dorex2007: folds 
Phneo: folds 
Uncalled bet ($0.03) returned to Juthun85
Juthun85 collected $0.05 from pot
Juthun85: doesn't show hand 
*** SUMMARY ***
Total pot $0.05 | Rake $0 
Seat 1: mrjapa1000 (button) folded before Flop (didn't bet)
Seat 3: Dorex2007 (small blind) folded before Flop
Seat 4: Phneo (big blind) folded before Flop
Seat 5: vegasil folded before Flop (didn't bet)
Seat 6: JungleManV folded before Flop (didn't bet)
Seat 7: Juthun85 collected ($0.05)
Seat 9: black.pantherx folded before Flop (didn't bet)



PokerStars Hand #231846622540:  Hold'em No Limit ($0.01/$0.02 USD) - 2021/11/30 22:48:35 PT [2021/12/01 1:48:35 ET]
Table 'Thessalia IV' 9-max Seat #3 is the button
Seat 1: mrjapa1000 ($1.96 in chips) 
Seat 3: Dorex2007 ($4.27 in chips) 
Seat 4: Phneo ($2.22 in chips) 
Seat 5: vegasil ($2.17 in chips) 
Seat 6: JungleManV ($2.03 in chips) 
Seat 7: Juthun85 ($1.74 in chips) 
Seat 9: black.pantherx ($2 in chips) 
Phneo: posts small blind $0.01
vegasil: posts big blind $0.02
*** HOLE CARDS ***
Dealt to Dorex2007 [Qs 4c]
JungleManV: folds 
Juthun85: folds 
black.pantherx: folds 
mrjapa1000: folds 
Dorex2007: folds 
Phneo: calls $0.01
vegasil: checks 
*** FLOP *** [8h 2c Jh]
Phneo: bets $0.04
vegasil: folds 
Uncalled bet ($0.04) returned to Phneo
Phneo collected $0.04 from pot
*** SUMMARY ***
Total pot $0.04 | Rake $0 
Board [8h 2c Jh]
Seat 1: mrjapa1000 folded before Flop (didn't bet)
Seat 3: Dorex2007 (button) folded before Flop (didn't bet)
Seat 4: Phneo (small blind) collected ($0.04)
Seat 5: vegasil (big blind) folded on the Flop
Seat 6: JungleManV folded before Flop (didn't bet)
Seat 7: Juthun85 folded before Flop (didn't bet)
Seat 9: black.pantherx folded before Flop (didn't bet)



PokerStars Hand #231846628973:  Hold'em No Limit ($0.01/$0.02 USD) - 2021/11/30 22:49:25 PT [2021/12/01 1:49:25 ET]
Table 'Thessalia IV' 9-max Seat #4 is the button
Seat 1: mrjapa1000 ($1.96 in chips) 
Seat 3: Dorex2007 ($4.27 in chips) 
Seat 4: Phneo ($2.24 in chips) 
Seat 5: vegasil ($2.15 in chips) 
Seat 6: JungleManV ($2.03 in chips) 
Seat 7: Juthun85 ($1.74 in chips) 
Seat 9: black.pantherx ($2 in chips) 
vegasil: posts small blind $0.01
JungleManV: posts big blind $0.02
*** HOLE CARDS ***
Dealt to Dorex2007 [5s Jh]
Juthun85: folds 
black.pantherx: folds 
mrjapa1000: folds 
Dorex2007: folds 
Phneo: folds 
vegasil: folds 
Uncalled bet ($0.01) returned to JungleManV
JungleManV collected $0.02 from pot
JungleManV: doesn't show hand 
*** SUMMARY ***
Total pot $0.02 | Rake $0 
Seat 1: mrjapa1000 folded before Flop (didn't bet)
Seat 3: Dorex2007 folded before Flop (didn't bet)
Seat 4: Phneo (button) folded before Flop (didn't bet)
Seat 5: vegasil (small blind) folded before Flop
Seat 6: JungleManV (big blind) collected ($0.02)
Seat 7: Juthun85 folded before Flop (didn't bet)
Seat 9: black.pantherx folded before Flop (didn't bet)



PokerStars Hand #231846630665:  Hold'em No Limit ($0.01/$0.02 USD) - 2021/11/30 22:49:39 PT [2021/12/01 1:49:39 ET]
Table 'Thessalia IV' 9-max Seat #5 is the button
Seat 1: mrjapa1000 ($1.96 in chips) 
Seat 3: Dorex2007 ($4.27 in chips) 
Seat 4: Phneo ($2.24 in chips) 
Seat 5: vegasil ($2.14 in chips) 
Seat 6: JungleManV ($2.04 in chips) 
Seat 7: Juthun85 ($1.74 in chips) 
Seat 9: black.pantherx ($2 in chips) 
JungleManV: posts small blind $0.01
Juthun85: posts big blind $0.02
*** HOLE CARDS ***
Dealt to Dorex2007 [4d Kc]
black.pantherx: folds 
mrjapa1000: folds 
Dorex2007: folds 
Phneo: folds 
vegasil: raises $0.04 to $0.06
JungleManV: folds 
Juthun85: folds 
Uncalled bet ($0.04) returned to vegasil
vegasil collected $0.05 from pot
vegasil: doesn't show hand 
*** SUMMARY ***
Total pot $0.05 | Rake $0 
Seat 1: mrjapa1000 folded before Flop (didn't bet)
Seat 3: Dorex2007 folded before Flop (didn't bet)
Seat 4: Phneo folded before Flop (didn't bet)
Seat 5: vegasil (button) collected ($0.05)
Seat 6: JungleManV (small blind) folded before Flop
Seat 7: Juthun85 (big blind) folded before Flop
Seat 9: black.pantherx folded before Flop (didn't bet)



PokerStars Hand #231846633621:  Hold'em No Limit ($0.01/$0.02 USD) - 2021/11/30 22:50:02 PT [2021/12/01 1:50:02 ET]
Table 'Thessalia IV' 9-max Seat #6 is the button
Seat 1: mrjapa1000 ($1.96 in chips) 
Seat 3: Dorex2007 ($4.27 in chips) 
Seat 4: Phneo ($2.24 in chips) 
Seat 5: vegasil ($2.17 in chips) 
Seat 6: JungleManV ($2.03 in chips) 
Seat 7: Juthun85 ($1.72 in chips) 
Seat 9: black.pantherx ($2 in chips) 
Juthun85: posts small blind $0.01
black.pantherx: posts big blind $0.02
*** HOLE CARDS ***
Dealt to Dorex2007 [2s Tc]
mrjapa1000: folds 
Dorex2007: folds 
Phneo: folds 
vegasil: folds 
JungleManV: raises $0.03 to $0.05
Juthun85: folds 
black.pantherx: folds 
Uncalled bet ($0.03) returned to JungleManV
JungleManV collected $0.05 from pot
JungleManV: doesn't show hand 
*** SUMMARY ***
Total pot $0.05 | Rake $0 
Seat 1: mrjapa1000 folded before Flop (didn't bet)
Seat 3: Dorex2007 folded before Flop (didn't bet)
Seat 4: Phneo folded before Flop (didn't bet)
Seat 5: vegasil folded before Flop (didn't bet)
Seat 6: JungleManV (button) collected ($0.05)
Seat 7: Juthun85 (small blind) folded before Flop
Seat 9: black.pantherx (big blind) folded before Flop



PokerStars Hand #231846635600:  Hold'em No Limit ($0.01/$0.02 USD) - 2021/11/30 22:50:17 PT [2021/12/01 1:50:17 ET]
Table 'Thessalia IV' 9-max Seat #7 is the button
Seat 1: mrjapa1000 ($1.96 in chips) 
Seat 3: Dorex2007 ($4.27 in chips) 
Seat 4: Phneo ($2.24 in chips) 
Seat 5: vegasil ($2.17 in chips) 
Seat 6: JungleManV ($2.06 in chips) 
Seat 7: Juthun85 ($1.71 in chips) 
Seat 9: black.pantherx ($2 in chips) 
black.pantherx: posts small blind $0.01
mrjapa1000: posts big blind $0.02
*** HOLE CARDS ***
Dealt to Dorex2007 [8c 5c]
Dorex2007: folds 
Phneo: calls $0.02
vegasil: raises $0.03 to $0.05
JungleManV: folds 
Juthun85: calls $0.05
black.pantherx: folds 
mrjapa1000: folds 
Phneo: calls $0.03
*** FLOP *** [4h Qh 6c]
Phneo: checks 
vegasil: bets $0.09
Juthun85: calls $0.09
Phneo: folds 
*** TURN *** [4h Qh 6c] [Qd]
vegasil: checks 
Juthun85: bets $0.12
vegasil: folds 
Uncalled bet ($0.12) returned to Juthun85
Juthun85 collected $0.35 from pot
Juthun85: doesn't show hand 
*** SUMMARY ***
Total pot $0.36 | Rake $0.01 
Board [4h Qh 6c Qd]
Seat 1: mrjapa1000 (big blind) folded before Flop
Seat 3: Dorex2007 folded before Flop (didn't bet)
Seat 4: Phneo folded on the Flop
Seat 5: vegasil folded on the Turn
Seat 6: JungleManV folded before Flop (didn't bet)
Seat 7: Juthun85 (button) collected ($0.35)
Seat 9: black.pantherx (small blind) folded before Flop



PokerStars Hand #231846644616:  Hold'em No Limit ($0.01/$0.02 USD) - 2021/11/30 22:51:27 PT [2021/12/01 1:51:27 ET]
Table 'Thessalia IV' 9-max Seat #9 is the button
Seat 1: mrjapa1000 ($1.94 in chips) 
Seat 2: MikeAKL1 ($3.16 in chips) 
Seat 3: Dorex2007 ($4.27 in chips) 
Seat 4: Phneo ($2.19 in chips) 
Seat 5: vegasil ($2.03 in chips) 
Seat 6: JungleManV ($2.06 in chips) 
Seat 7: Juthun85 ($1.92 in chips) 
Seat 9: black.pantherx ($2 in chips) 
mrjapa1000: posts small blind $0.01
MikeAKL1: posts big blind $0.02
edoschenko: sits out 
*** HOLE CARDS ***
Dealt to Dorex2007 [Qd Ac]
Dorex2007: raises $0.04 to $0.06
Phneo: folds 
vegasil: folds 
JungleManV: folds 
Juthun85: calls $0.06
black.pantherx: folds 
mrjapa1000: folds 
MikeAKL1: folds 
*** FLOP *** [Tc Jd Ad]
Dorex2007: checks 
Juthun85: checks 
*** TURN *** [Tc Jd Ad] [2h]
Dorex2007: bets $0.09
Juthun85: calls $0.09
*** RIVER *** [Tc Jd Ad 2h] [5c]
Dorex2007: checks 
Juthun85: checks 
*** SHOW DOWN ***
Dorex2007: shows [Qd Ac] (a pair of Aces)
Juthun85: mucks hand 
Dorex2007 collected $0.32 from pot
*** SUMMARY ***
Total pot $0.33 | Rake $0.01 
Board [Tc Jd Ad 2h 5c]
Seat 1: mrjapa1000 (small blind) folded before Flop
Seat 2: MikeAKL1 (big blind) folded before Flop
Seat 3: Dorex2007 showed [Qd Ac] and won ($0.32) with a pair of Aces
Seat 4: Phneo folded before Flop (didn't bet)
Seat 5: vegasil folded before Flop (didn't bet)
Seat 6: JungleManV folded before Flop (didn't bet)
Seat 7: Juthun85 mucked [Ts Qs]
Seat 9: black.pantherx (button) folded before Flop (didn't bet)



