PokerStars Hand #234777534133:  Hold'em No Limit ($0.01/$0.02 USD) - 2022/03/13 16:23:47 PT [2022/03/13 19:23:47 ET]
Table 'Porthan' 9-max Seat #1 is the button
Seat 1: Catonajack ($1.44 in chips) 
Seat 2: DeSyncH843 ($2.68 in chips) 
Seat 3: Rumb1eFish ($2.63 in chips) 
Seat 4: Coyote1895 ($4.59 in chips) 
Seat 5: floggymog ($0.96 in chips) 
Seat 6: Aflil1966 ($1.58 in chips) 
Seat 7: Andorrior ($0.92 in chips) 
Seat 8: troyano422 ($0.64 in chips) 
Seat 9: Dorex2007 ($2 in chips) 
DeSyncH843: posts small blind $0.01
Rumb1eFish: posts big blind $0.02
Dorex2007: posts big blind $0.02
*** HOLE CARDS ***
Dealt to Dorex2007 [3s 2d]
Coyote1895: folds 
floggymog: calls $0.02
Aflil1966: folds 
Andorrior: folds 
troyano422: folds 
Dorex2007: checks 
Catonajack: raises $0.02 to $0.04
DeSyncH843: raises $0.08 to $0.12
Rumb1eFish: folds 
floggymog: folds 
Dorex2007: folds 
Catonajack: folds 
Uncalled bet ($0.08) returned to DeSyncH843
DeSyncH843 collected $0.14 from pot
DeSyncH843: doesn't show hand 
*** SUMMARY ***
Total pot $0.14 | Rake $0 
Seat 1: Catonajack (button) folded before Flop
Seat 2: DeSyncH843 (small blind) collected ($0.14)
Seat 3: Rumb1eFish (big blind) folded before Flop
Seat 4: Coyote1895 folded before Flop (didn't bet)
Seat 5: floggymog folded before Flop
Seat 6: Aflil1966 folded before Flop (didn't bet)
Seat 7: Andorrior folded before Flop (didn't bet)
Seat 8: troyano422 folded before Flop (didn't bet)
Seat 9: Dorex2007 folded before Flop (didn't bet)



PokerStars Hand #234777555370:  Hold'em No Limit ($0.01/$0.02 USD) - 2022/03/13 16:24:46 PT [2022/03/13 19:24:46 ET]
Table 'Porthan' 9-max Seat #2 is the button
Seat 1: Catonajack ($1.40 in chips) 
Seat 2: DeSyncH843 ($2.78 in chips) 
Seat 3: Rumb1eFish ($2.61 in chips) 
Seat 4: Coyote1895 ($4.59 in chips) 
Seat 5: floggymog ($0.94 in chips) 
Seat 6: Aflil1966 ($1.58 in chips) 
Seat 7: Andorrior ($0.92 in chips) 
Seat 8: troyano422 ($0.64 in chips) 
Seat 9: Dorex2007 ($2 in chips) 
Rumb1eFish: posts small blind $0.01
Coyote1895: posts big blind $0.02
*** HOLE CARDS ***
Dealt to Dorex2007 [Ad Tc]
floggymog: folds 
Aflil1966: folds 
Andorrior: folds 
troyano422: calls $0.02
Dorex2007: calls $0.02
Catonajack: folds 
DeSyncH843: folds 
Rumb1eFish: folds 
Coyote1895: checks 
*** FLOP *** [5d 4s Ah]
Coyote1895: checks 
troyano422: checks 
Dorex2007: checks 
*** TURN *** [5d 4s Ah] [Kc]
Coyote1895: checks 
troyano422: bets $0.07
Dorex2007: calls $0.07
Coyote1895: folds 
*** RIVER *** [5d 4s Ah Kc] [Qh]
troyano422: bets $0.10
Dorex2007: calls $0.10
*** SHOW DOWN ***
troyano422: shows [Ks Th] (a pair of Kings)
Dorex2007: shows [Ad Tc] (a pair of Aces)
Dorex2007 collected $0.40 from pot
*** SUMMARY ***
Total pot $0.41 | Rake $0.01 
Board [5d 4s Ah Kc Qh]
Seat 1: Catonajack folded before Flop (didn't bet)
Seat 2: DeSyncH843 (button) folded before Flop (didn't bet)
Seat 3: Rumb1eFish (small blind) folded before Flop
Seat 4: Coyote1895 (big blind) folded on the Turn
Seat 5: floggymog folded before Flop (didn't bet)
Seat 6: Aflil1966 folded before Flop (didn't bet)
Seat 7: Andorrior folded before Flop (didn't bet)
Seat 8: troyano422 showed [Ks Th] and lost with a pair of Kings
Seat 9: Dorex2007 showed [Ad Tc] and won ($0.40) with a pair of Aces



PokerStars Hand #234777569661:  Hold'em No Limit ($0.01/$0.02 USD) - 2022/03/13 16:25:26 PT [2022/03/13 19:25:26 ET]
Table 'Porthan' 9-max Seat #3 is the button
Seat 1: Catonajack ($1.40 in chips) 
Seat 2: DeSyncH843 ($2.78 in chips) 
Seat 3: Rumb1eFish ($2.60 in chips) 
Seat 4: Coyote1895 ($4.57 in chips) 
Seat 5: floggymog ($0.94 in chips) 
Seat 6: Aflil1966 ($1.58 in chips) 
Seat 7: Andorrior ($0.92 in chips) 
Seat 8: troyano422 ($0.45 in chips) 
Seat 9: Dorex2007 ($2.21 in chips) 
Coyote1895: posts small blind $0.01
floggymog: posts big blind $0.02
*** HOLE CARDS ***
Dealt to Dorex2007 [6c 2d]
Aflil1966: folds 
Andorrior: folds 
troyano422: folds 
Dorex2007: folds 
Catonajack: raises $0.02 to $0.04
DeSyncH843: folds 
Rumb1eFish: calls $0.04
Coyote1895: folds 
floggymog: calls $0.02
*** FLOP *** [Th Js Ad]
floggymog: checks 
Catonajack: bets $0.12
Rumb1eFish: folds 
floggymog: calls $0.12
*** TURN *** [Th Js Ad] [7s]
floggymog: checks 
Catonajack: checks 
*** RIVER *** [Th Js Ad 7s] [9h]
floggymog: bets $0.02
Catonajack: calls $0.02
*** SHOW DOWN ***
floggymog: shows [2c Jd] (a pair of Jacks)
Catonajack: shows [As Ks] (a pair of Aces)
Catonajack collected $0.40 from pot
*** SUMMARY ***
Total pot $0.41 | Rake $0.01 
Board [Th Js Ad 7s 9h]
Seat 1: Catonajack showed [As Ks] and won ($0.40) with a pair of Aces
Seat 2: DeSyncH843 folded before Flop (didn't bet)
Seat 3: Rumb1eFish (button) folded on the Flop
Seat 4: Coyote1895 (small blind) folded before Flop
Seat 5: floggymog (big blind) showed [2c Jd] and lost with a pair of Jacks
Seat 6: Aflil1966 folded before Flop (didn't bet)
Seat 7: Andorrior folded before Flop (didn't bet)
Seat 8: troyano422 folded before Flop (didn't bet)
Seat 9: Dorex2007 folded before Flop (didn't bet)



PokerStars Hand #234777588640:  Hold'em No Limit ($0.01/$0.02 USD) - 2022/03/13 16:26:19 PT [2022/03/13 19:26:19 ET]
Table 'Porthan' 9-max Seat #4 is the button
Seat 1: Catonajack ($1.62 in chips) 
Seat 2: DeSyncH843 ($2.78 in chips) 
Seat 3: Rumb1eFish ($2.56 in chips) 
Seat 4: Coyote1895 ($4.56 in chips) 
Seat 5: floggymog ($0.76 in chips) 
Seat 6: Aflil1966 ($1.58 in chips) 
Seat 7: Andorrior ($0.92 in chips) 
Seat 8: troyano422 ($0.45 in chips) 
Seat 9: Dorex2007 ($2.21 in chips) 
floggymog: posts small blind $0.01
Aflil1966: posts big blind $0.02
*** HOLE CARDS ***
Dealt to Dorex2007 [Th 4s]
Andorrior: folds 
troyano422: folds 
Dorex2007: folds 
Catonajack: raises $0.02 to $0.04
DeSyncH843: calls $0.04
Rumb1eFish: folds 
Coyote1895: calls $0.04
floggymog: calls $0.03
Aflil1966: folds 
*** FLOP *** [3h Qc Ks]
floggymog: bets $0.02
Catonajack: calls $0.02
DeSyncH843: folds 
Coyote1895: calls $0.02
*** TURN *** [3h Qc Ks] [3d]
floggymog: bets $0.02
Catonajack: calls $0.02
Coyote1895: calls $0.02
*** RIVER *** [3h Qc Ks 3d] [7c]
floggymog: bets $0.04
Catonajack: folds 
Coyote1895: folds 
Uncalled bet ($0.04) returned to floggymog
floggymog collected $0.29 from pot
*** SUMMARY ***
Total pot $0.30 | Rake $0.01 
Board [3h Qc Ks 3d 7c]
Seat 1: Catonajack folded on the River
Seat 2: DeSyncH843 folded on the Flop
Seat 3: Rumb1eFish folded before Flop (didn't bet)
Seat 4: Coyote1895 (button) folded on the River
Seat 5: floggymog (small blind) collected ($0.29)
Seat 6: Aflil1966 (big blind) folded before Flop
Seat 7: Andorrior folded before Flop (didn't bet)
Seat 8: troyano422 folded before Flop (didn't bet)
Seat 9: Dorex2007 folded before Flop (didn't bet)



PokerStars Hand #234777622183:  Hold'em No Limit ($0.01/$0.02 USD) - 2022/03/13 16:27:26 PT [2022/03/13 19:27:26 ET]
Table 'Porthan' 9-max Seat #5 is the button
Seat 1: Catonajack ($1.54 in chips) 
Seat 2: DeSyncH843 ($2.74 in chips) 
Seat 3: Rumb1eFish ($2.56 in chips) 
Seat 4: Coyote1895 ($4.48 in chips) 
Seat 5: floggymog ($0.97 in chips) 
Seat 6: Aflil1966 ($1.56 in chips) 
Seat 7: Andorrior ($0.92 in chips) 
Seat 8: troyano422 ($0.45 in chips) 
Seat 9: Dorex2007 ($2.21 in chips) 
Aflil1966: posts small blind $0.01
Andorrior: posts big blind $0.02
*** HOLE CARDS ***
Dealt to Dorex2007 [Tc 3d]
troyano422: folds 
Dorex2007: folds 
Catonajack: folds 
DeSyncH843: folds 
Rumb1eFish: folds 
Coyote1895: folds 
floggymog: calls $0.02
Aflil1966: calls $0.01
Andorrior: checks 
*** FLOP *** [7h As Qs]
Aflil1966: bets $0.06
Andorrior: folds 
floggymog: calls $0.06
*** TURN *** [7h As Qs] [Ac]
Aflil1966: bets $0.09
floggymog: folds 
Uncalled bet ($0.09) returned to Aflil1966
Aflil1966 collected $0.17 from pot
Aflil1966: doesn't show hand 
*** SUMMARY ***
Total pot $0.18 | Rake $0.01 
Board [7h As Qs Ac]
Seat 1: Catonajack folded before Flop (didn't bet)
Seat 2: DeSyncH843 folded before Flop (didn't bet)
Seat 3: Rumb1eFish folded before Flop (didn't bet)
Seat 4: Coyote1895 folded before Flop (didn't bet)
Seat 5: floggymog (button) folded on the Turn
Seat 6: Aflil1966 (small blind) collected ($0.17)
Seat 7: Andorrior (big blind) folded on the Flop
Seat 8: troyano422 folded before Flop (didn't bet)
Seat 9: Dorex2007 folded before Flop (didn't bet)



PokerStars Hand #234777832093:  Hold'em No Limit ($0.01/$0.02 USD) - 2022/03/13 16:37:29 PT [2022/03/13 19:37:29 ET]
Table 'Porthan' 9-max Seat #1 is the button
Seat 1: Catonajack ($1.49 in chips) 
Seat 3: luizZz801 ($0.80 in chips) 
Seat 5: floggymog ($1.07 in chips) 
Seat 6: Aflil1966 ($1.44 in chips) 
Seat 7: Andorrior ($0.91 in chips) 
Seat 8: troyano422 ($0.77 in chips) 
Seat 9: Dorex2007 ($2.21 in chips) 
luizZz801: posts small blind $0.01
floggymog: posts big blind $0.02
Dorex2007: posts small & big blinds $0.03
*** HOLE CARDS ***
Dealt to Dorex2007 [3c Js]
Aflil1966: folds 
Andorrior: folds 
troyano422: folds 
Dorex2007: checks 
Catonajack: folds 
luizZz801: calls $0.01
floggymog: checks 
*** FLOP *** [Ad 6c 9h]
luizZz801: checks 
floggymog: checks 
Dorex2007: checks 
*** TURN *** [Ad 6c 9h] [9d]
luizZz801: checks 
floggymog: checks 
Dorex2007: checks 
*** RIVER *** [Ad 6c 9h 9d] [7d]
luizZz801: bets $0.02
floggymog: folds 
Dorex2007: folds 
Uncalled bet ($0.02) returned to luizZz801
luizZz801 collected $0.07 from pot
luizZz801: doesn't show hand 
*** SUMMARY ***
Total pot $0.07 | Rake $0 
Board [Ad 6c 9h 9d 7d]
Seat 1: Catonajack (button) folded before Flop (didn't bet)
Seat 3: luizZz801 (small blind) collected ($0.07)
Seat 5: floggymog (big blind) folded on the River
Seat 6: Aflil1966 folded before Flop (didn't bet)
Seat 7: Andorrior folded before Flop (didn't bet)
Seat 8: troyano422 folded before Flop (didn't bet)
Seat 9: Dorex2007 folded on the River (didn't bet)



PokerStars Hand #234777852118:  Hold'em No Limit ($0.01/$0.02 USD) - 2022/03/13 16:38:29 PT [2022/03/13 19:38:29 ET]
Table 'Porthan' 9-max Seat #3 is the button
Seat 1: Catonajack ($1.49 in chips) 
Seat 2: DeSyncH843 ($2.76 in chips) 
Seat 3: luizZz801 ($0.85 in chips) 
Seat 6: Aflil1966 ($1.44 in chips) 
Seat 7: Andorrior ($0.91 in chips) 
Seat 8: troyano422 ($0.77 in chips) 
Seat 9: Dorex2007 ($2.18 in chips) 
Aflil1966: posts small blind $0.01
Andorrior: posts big blind $0.02
DeSyncH843: posts small & big blinds $0.03
*** HOLE CARDS ***
Dealt to Dorex2007 [4d 9c]
troyano422: folds 
Dorex2007: folds 
Catonajack: folds 
DeSyncH843: checks 
luizZz801: folds 
Aflil1966: calls $0.01
Andorrior: checks 
*** FLOP *** [9d 5d 9h]
Aflil1966: checks 
Andorrior: checks 
DeSyncH843: checks 
*** TURN *** [9d 5d 9h] [Ts]
Aflil1966: checks 
Andorrior: checks 
DeSyncH843: bets $0.06
Aflil1966: folds 
Andorrior: folds 
Uncalled bet ($0.06) returned to DeSyncH843
DeSyncH843 collected $0.07 from pot
DeSyncH843: doesn't show hand 
*** SUMMARY ***
Total pot $0.07 | Rake $0 
Board [9d 5d 9h Ts]
Seat 1: Catonajack folded before Flop (didn't bet)
Seat 2: DeSyncH843 collected ($0.07)
Seat 3: luizZz801 (button) folded before Flop (didn't bet)
Seat 6: Aflil1966 (small blind) folded on the Turn
Seat 7: Andorrior (big blind) folded on the Turn
Seat 8: troyano422 folded before Flop (didn't bet)
Seat 9: Dorex2007 folded before Flop (didn't bet)



PokerStars Hand #234777874057:  Hold'em No Limit ($0.01/$0.02 USD) - 2022/03/13 16:39:16 PT [2022/03/13 19:39:16 ET]
Table 'Porthan' 9-max Seat #6 is the button
Seat 1: Catonajack ($1.49 in chips) 
Seat 2: DeSyncH843 ($2.80 in chips) 
Seat 3: luizZz801 ($0.85 in chips) 
Seat 6: Aflil1966 ($1.42 in chips) 
Seat 7: Andorrior ($0.89 in chips) 
Seat 8: troyano422 ($0.77 in chips) 
Seat 9: Dorex2007 ($2.18 in chips) 
Andorrior: posts small blind $0.01
troyano422: posts big blind $0.02
Coyote1895: sits out 
*** HOLE CARDS ***
Dealt to Dorex2007 [Kc 8c]
Dorex2007: folds 
Catonajack: folds 
DeSyncH843: folds 
luizZz801: folds 
Aflil1966: folds 
Andorrior: folds 
Uncalled bet ($0.01) returned to troyano422
troyano422 collected $0.02 from pot
troyano422: doesn't show hand 
*** SUMMARY ***
Total pot $0.02 | Rake $0 
Seat 1: Catonajack folded before Flop (didn't bet)
Seat 2: DeSyncH843 folded before Flop (didn't bet)
Seat 3: luizZz801 folded before Flop (didn't bet)
Seat 6: Aflil1966 (button) folded before Flop (didn't bet)
Seat 7: Andorrior (small blind) folded before Flop
Seat 8: troyano422 (big blind) collected ($0.02)
Seat 9: Dorex2007 folded before Flop (didn't bet)



PokerStars Hand #234777880688:  Hold'em No Limit ($0.01/$0.02 USD) - 2022/03/13 16:39:36 PT [2022/03/13 19:39:36 ET]
Table 'Porthan' 9-max Seat #7 is the button
Seat 2: DeSyncH843 ($2.80 in chips) 
Seat 3: luizZz801 ($0.85 in chips) 
Seat 6: Aflil1966 ($1.42 in chips) 
Seat 7: Andorrior ($0.88 in chips) 
Seat 8: troyano422 ($0.78 in chips) 
Seat 9: Dorex2007 ($2.18 in chips) 
troyano422: posts small blind $0.01
Dorex2007: posts big blind $0.02
Coyote1895: sits out 
*** HOLE CARDS ***
Dealt to Dorex2007 [Qs 9c]
DeSyncH843: folds 
luizZz801: folds 
Aflil1966: calls $0.02
Andorrior: calls $0.02
troyano422: folds 
Dorex2007: checks 
*** FLOP *** [Jd 9d Ah]
Dorex2007: checks 
Aflil1966: bets $0.02
Andorrior: calls $0.02
Dorex2007: calls $0.02
*** TURN *** [Jd 9d Ah] [6c]
Dorex2007: checks 
Aflil1966: checks 
Andorrior: bets $0.02
Dorex2007: folds 
Aflil1966: calls $0.02
*** RIVER *** [Jd 9d Ah 6c] [Qd]
Aflil1966: checks 
Andorrior: bets $0.06
Aflil1966: calls $0.06
*** SHOW DOWN ***
Andorrior: shows [6d Ad] (a flush, Ace high)
Aflil1966: mucks hand 
Andorrior collected $0.28 from pot
*** SUMMARY ***
Total pot $0.29 | Rake $0.01 
Board [Jd 9d Ah 6c Qd]
Seat 2: DeSyncH843 folded before Flop (didn't bet)
Seat 3: luizZz801 folded before Flop (didn't bet)
Seat 6: Aflil1966 mucked [Ac 4c]
Seat 7: Andorrior (button) showed [6d Ad] and won ($0.28) with a flush, Ace high
Seat 8: troyano422 (small blind) folded before Flop
Seat 9: Dorex2007 (big blind) folded on the Turn



PokerStars Hand #234777900587:  Hold'em No Limit ($0.01/$0.02 USD) - 2022/03/13 16:40:35 PT [2022/03/13 19:40:35 ET]
Table 'Porthan' 9-max Seat #8 is the button
Seat 1: Catonajack ($1.49 in chips) 
Seat 2: DeSyncH843 ($2.80 in chips) 
Seat 3: luizZz801 ($0.85 in chips) 
Seat 6: Aflil1966 ($1.30 in chips) 
Seat 7: Andorrior ($1.04 in chips) 
Seat 8: troyano422 ($0.77 in chips) 
Seat 9: Dorex2007 ($2.14 in chips) 
Dorex2007: posts small blind $0.01
Catonajack: posts big blind $0.02
Coyote1895: sits out 
floggymog: sits out 
*** HOLE CARDS ***
Dealt to Dorex2007 [7s 8s]
DeSyncH843: folds 
luizZz801: folds 
Aflil1966: folds 
Andorrior: folds 
troyano422: folds 
Dorex2007: folds 
Uncalled bet ($0.01) returned to Catonajack
Catonajack collected $0.02 from pot
Catonajack: doesn't show hand 
*** SUMMARY ***
Total pot $0.02 | Rake $0 
Seat 1: Catonajack (big blind) collected ($0.02)
Seat 2: DeSyncH843 folded before Flop (didn't bet)
Seat 3: luizZz801 folded before Flop (didn't bet)
Seat 6: Aflil1966 folded before Flop (didn't bet)
Seat 7: Andorrior folded before Flop (didn't bet)
Seat 8: troyano422 (button) folded before Flop (didn't bet)
Seat 9: Dorex2007 (small blind) folded before Flop



PokerStars Hand #234777905228:  Hold'em No Limit ($0.01/$0.02 USD) - 2022/03/13 16:40:49 PT [2022/03/13 19:40:49 ET]
Table 'Porthan' 9-max Seat #9 is the button
Seat 1: Catonajack ($1.50 in chips) 
Seat 2: DeSyncH843 ($2.80 in chips) 
Seat 3: luizZz801 ($0.85 in chips) 
Seat 5: floggymog ($1.05 in chips) 
Seat 6: Aflil1966 ($1.30 in chips) 
Seat 7: Andorrior ($1.04 in chips) 
Seat 8: troyano422 ($0.77 in chips) 
Seat 9: Dorex2007 ($2.13 in chips) 
Catonajack: posts small blind $0.01
DeSyncH843: posts big blind $0.02
Coyote1895: sits out 
floggymog: posts small blind $0.01
*** HOLE CARDS ***
Dealt to Dorex2007 [6h Ks]
Aflil1966 said, "bingo party ?"
luizZz801: raises $0.02 to $0.04
floggymog: folds 
Aflil1966: calls $0.04
Andorrior: folds 
troyano422: folds 
Dorex2007: folds 
Catonajack: calls $0.03
DeSyncH843: folds 
*** FLOP *** [5c 8d 3h]
troyano422 leaves the table
Catonajack: checks 
luizZz801: checks 
Aflil1966: checks 
*** TURN *** [5c 8d 3h] [7s]
Catonajack: bets $0.07
luizZz801: folds 
chacalay1 joins the table at seat #8 
Aflil1966: calls $0.07
*** RIVER *** [5c 8d 3h 7s] [8h]
Catonajack: checks 
Aflil1966: bets $0.28
Catonajack: folds 
Uncalled bet ($0.28) returned to Aflil1966
Aflil1966 collected $0.28 from pot
Aflil1966: doesn't show hand 
*** SUMMARY ***
Total pot $0.29 | Rake $0.01 
Board [5c 8d 3h 7s 8h]
Seat 1: Catonajack (small blind) folded on the River
Seat 2: DeSyncH843 (big blind) folded before Flop
Seat 3: luizZz801 folded on the Turn
Seat 5: floggymog folded before Flop (didn't bet)
Seat 6: Aflil1966 collected ($0.28)
Seat 7: Andorrior folded before Flop (didn't bet)
Seat 8: troyano422 folded before Flop (didn't bet)
Seat 9: Dorex2007 (button) folded before Flop (didn't bet)



PokerStars Hand #234777920718:  Hold'em No Limit ($0.01/$0.02 USD) - 2022/03/13 16:41:36 PT [2022/03/13 19:41:36 ET]
Table 'Porthan' 9-max Seat #1 is the button
Seat 1: Catonajack ($1.39 in chips) 
Seat 2: DeSyncH843 ($2.78 in chips) 
Seat 3: luizZz801 ($0.81 in chips) 
Seat 5: floggymog ($1.04 in chips) 
Seat 6: Aflil1966 ($1.47 in chips) 
Seat 7: Andorrior ($1.04 in chips) 
Seat 9: Dorex2007 ($2.13 in chips) 
DeSyncH843: posts small blind $0.01
luizZz801: posts big blind $0.02
Coyote1895: sits out 
chacalay1: sits out 
*** HOLE CARDS ***
Dealt to Dorex2007 [4d 5h]
floggymog: calls $0.02
Aflil1966: folds 
Andorrior: folds 
Dorex2007: folds 
Catonajack: raises $0.02 to $0.04
DeSyncH843: calls $0.03
luizZz801: calls $0.02
floggymog: calls $0.02
*** FLOP *** [Qh 8c As]
DeSyncH843: checks 
luizZz801: checks 
floggymog: checks 
Catonajack: bets $0.08
DeSyncH843: calls $0.08
luizZz801: folds 
floggymog: calls $0.08
*** TURN *** [Qh 8c As] [2h]
DeSyncH843: checks 
Dorex2007 said, "the games in the muck without the Russians"
floggymog: bets $0.02
Catonajack: calls $0.02
DeSyncH843: calls $0.02
*** RIVER *** [Qh 8c As 2h] [5d]
DeSyncH843: checks 
floggymog: bets $0.02
Catonajack: calls $0.02
DeSyncH843: folds 
*** SHOW DOWN ***
floggymog: shows [Qs Tc] (a pair of Queens)
Catonajack: shows [Ad 9h] (a pair of Aces)
Catonajack collected $0.48 from pot
*** SUMMARY ***
Total pot $0.50 | Rake $0.02 
Board [Qh 8c As 2h 5d]
Seat 1: Catonajack (button) showed [Ad 9h] and won ($0.48) with a pair of Aces
Seat 2: DeSyncH843 (small blind) folded on the River
Seat 3: luizZz801 (big blind) folded on the Flop
Seat 5: floggymog showed [Qs Tc] and lost with a pair of Queens
Seat 6: Aflil1966 folded before Flop (didn't bet)
Seat 7: Andorrior folded before Flop (didn't bet)
Seat 9: Dorex2007 folded before Flop (didn't bet)



PokerStars Hand #234777945588:  Hold'em No Limit ($0.01/$0.02 USD) - 2022/03/13 16:42:51 PT [2022/03/13 19:42:51 ET]
Table 'Porthan' 9-max Seat #2 is the button
Seat 1: Catonajack ($1.71 in chips) 
Seat 2: DeSyncH843 ($2.64 in chips) 
Seat 3: luizZz801 ($0.77 in chips) 
Seat 4: Coyote1895 ($4.59 in chips) 
Seat 5: floggymog ($0.88 in chips) 
Seat 6: Aflil1966 ($1.47 in chips) 
Seat 7: Andorrior ($1.04 in chips) 
Seat 9: Dorex2007 ($2.13 in chips) 
luizZz801: posts small blind $0.01
Coyote1895: posts big blind $0.02
chacalay1 said, "im in russiam mode"
chacalay1: sits out 
*** HOLE CARDS ***
Dealt to Dorex2007 [Kc 2d]
floggymog: folds 
Aflil1966: folds 
Andorrior: folds 
Dorex2007: folds 
Catonajack: folds 
DeSyncH843: folds 
luizZz801: raises $0.02 to $0.04
Coyote1895: folds 
Uncalled bet ($0.02) returned to luizZz801
luizZz801 collected $0.04 from pot
luizZz801: doesn't show hand 
*** SUMMARY ***
Total pot $0.04 | Rake $0 
Seat 1: Catonajack folded before Flop (didn't bet)
Seat 2: DeSyncH843 (button) folded before Flop (didn't bet)
Seat 3: luizZz801 (small blind) collected ($0.04)
Seat 4: Coyote1895 (big blind) folded before Flop
Seat 5: floggymog folded before Flop (didn't bet)
Seat 6: Aflil1966 folded before Flop (didn't bet)
Seat 7: Andorrior folded before Flop (didn't bet)
Seat 9: Dorex2007 folded before Flop (didn't bet)



PokerStars Hand #234777953851:  Hold'em No Limit ($0.01/$0.02 USD) - 2022/03/13 16:43:16 PT [2022/03/13 19:43:16 ET]
Table 'Porthan' 9-max Seat #3 is the button
Seat 1: Catonajack ($1.71 in chips) 
Seat 2: DeSyncH843 ($2.64 in chips) 
Seat 3: luizZz801 ($0.79 in chips) 
Seat 4: Coyote1895 ($4.57 in chips) 
Seat 5: floggymog ($0.88 in chips) 
Seat 6: Aflil1966 ($1.47 in chips) 
Seat 7: Andorrior ($1.04 in chips) 
Seat 9: Dorex2007 ($2.13 in chips) 
Coyote1895: posts small blind $0.01
floggymog: posts big blind $0.02
chacalay1: sits out 
*** HOLE CARDS ***
Dealt to Dorex2007 [Ks 7c]
Aflil1966: folds 
Andorrior: folds 
Dorex2007: folds 
Catonajack: folds 
Dorex2007 said, "yeah, but you suck :)"
DeSyncH843: folds 
luizZz801: folds 
Coyote1895: folds 
Uncalled bet ($0.01) returned to floggymog
floggymog collected $0.02 from pot
*** SUMMARY ***
Total pot $0.02 | Rake $0 
Seat 1: Catonajack folded before Flop (didn't bet)
Seat 2: DeSyncH843 folded before Flop (didn't bet)
Seat 3: luizZz801 (button) folded before Flop (didn't bet)
Seat 4: Coyote1895 (small blind) folded before Flop
Seat 5: floggymog (big blind) collected ($0.02)
Seat 6: Aflil1966 folded before Flop (didn't bet)
Seat 7: Andorrior folded before Flop (didn't bet)
Seat 9: Dorex2007 folded before Flop (didn't bet)



PokerStars Hand #234777963342:  Hold'em No Limit ($0.01/$0.02 USD) - 2022/03/13 16:43:45 PT [2022/03/13 19:43:45 ET]
Table 'Porthan' 9-max Seat #4 is the button
Seat 2: DeSyncH843 ($2.64 in chips) 
Seat 3: luizZz801 ($0.79 in chips) 
Seat 4: Coyote1895 ($4.56 in chips) 
Seat 5: floggymog ($0.89 in chips) 
Seat 6: Aflil1966 ($1.47 in chips) 
Seat 7: Andorrior ($1.04 in chips) 
Seat 9: Dorex2007 ($2.13 in chips) 
floggymog: posts small blind $0.01
Aflil1966: posts big blind $0.02
chacalay1: sits out 
*** HOLE CARDS ***
Dealt to Dorex2007 [Jh 4d]
chacalay1 said, "yes,"
Andorrior: folds 
Dorex2007: folds 
DeSyncH843: folds 
luizZz801: raises $0.02 to $0.04
Coyote1895: calls $0.04
floggymog: calls $0.03
Aflil1966: folds 
*** FLOP *** [2s 2h 3h]
floggymog: checks 
luizZz801: checks 
Coyote1895: checks 
*** TURN *** [2s 2h 3h] [Kd]
floggymog: checks 
luizZz801: bets $0.04
Coyote1895: calls $0.04
floggymog: calls $0.04
*** RIVER *** [2s 2h 3h Kd] [8h]
floggymog: checks 
luizZz801: checks 
Coyote1895: bets $0.25
floggymog: folds 
chacalay1 said, "what a bunch oF NITS"
luizZz801: folds 
Uncalled bet ($0.25) returned to Coyote1895
Coyote1895 collected $0.25 from pot
Coyote1895: doesn't show hand 
*** SUMMARY ***
Total pot $0.26 | Rake $0.01 
Board [2s 2h 3h Kd 8h]
Seat 2: DeSyncH843 folded before Flop (didn't bet)
Seat 3: luizZz801 folded on the River
Seat 4: Coyote1895 (button) collected ($0.25)
Seat 5: floggymog (small blind) folded on the River
Seat 6: Aflil1966 (big blind) folded before Flop
Seat 7: Andorrior folded before Flop (didn't bet)
Seat 9: Dorex2007 folded before Flop (didn't bet)



PokerStars Hand #234777990513:  Hold'em No Limit ($0.01/$0.02 USD) - 2022/03/13 16:44:50 PT [2022/03/13 19:44:50 ET]
Table 'Porthan' 9-max Seat #5 is the button
Seat 2: DeSyncH843 ($2.64 in chips) 
Seat 3: luizZz801 ($0.71 in chips) 
Seat 4: Coyote1895 ($4.73 in chips) 
Seat 5: floggymog ($0.81 in chips) 
Seat 6: Aflil1966 ($1.45 in chips) 
Seat 7: Andorrior ($1.04 in chips) 
Seat 9: Dorex2007 ($2.13 in chips) 
Aflil1966: posts small blind $0.01
Andorrior: posts big blind $0.02
chacalay1: sits out 
*** HOLE CARDS ***
Dealt to Dorex2007 [9s 4d]
Dorex2007: folds 
DeSyncH843: folds 
luizZz801: raises $0.02 to $0.04
Coyote1895: folds 
floggymog: calls $0.04
Aflil1966: folds 
Andorrior: folds 
*** FLOP *** [Qc 8c 6s]
luizZz801: bets $0.02
floggymog: raises $0.02 to $0.04
luizZz801: calls $0.02
*** TURN *** [Qc 8c 6s] [Ts]
luizZz801: checks 
floggymog: bets $0.02
chacalay1 said, "i have party  gg winamax and 888 stil"
luizZz801: calls $0.02
*** RIVER *** [Qc 8c 6s Ts] [5s]
luizZz801: checks 
floggymog: bets $0.02
luizZz801: folds 
Uncalled bet ($0.02) returned to floggymog
floggymog collected $0.22 from pot
*** SUMMARY ***
Total pot $0.23 | Rake $0.01 
Board [Qc 8c 6s Ts 5s]
Seat 2: DeSyncH843 folded before Flop (didn't bet)
Seat 3: luizZz801 folded on the River
Seat 4: Coyote1895 folded before Flop (didn't bet)
Seat 5: floggymog (button) collected ($0.22)
Seat 6: Aflil1966 (small blind) folded before Flop
Seat 7: Andorrior (big blind) folded before Flop
Seat 9: Dorex2007 folded before Flop (didn't bet)



PokerStars Hand #234778007960:  Hold'em No Limit ($0.01/$0.02 USD) - 2022/03/13 16:45:43 PT [2022/03/13 19:45:43 ET]
Table 'Porthan' 9-max Seat #6 is the button
Seat 2: DeSyncH843 ($2.64 in chips) 
Seat 3: luizZz801 ($0.61 in chips) 
Seat 4: Coyote1895 ($4.73 in chips) 
Seat 5: floggymog ($0.93 in chips) 
Seat 6: Aflil1966 ($1.44 in chips) 
Seat 7: Andorrior ($1.02 in chips) 
Seat 8: chacalay1 ($1.60 in chips) 
Seat 9: Dorex2007 ($2.13 in chips) 
Andorrior: posts small blind $0.01
chacalay1: posts big blind $0.02
*** HOLE CARDS ***
Dealt to Dorex2007 [6c 2s]
Dorex2007: folds 
DeSyncH843: raises $0.04 to $0.06
luizZz801: folds 
Coyote1895: folds 
floggymog: folds 
Aflil1966: folds 
chacalay1 said, "im not sure if they still play there"
Andorrior: folds 
chacalay1: folds 
Uncalled bet ($0.04) returned to DeSyncH843
DeSyncH843 collected $0.05 from pot
DeSyncH843: doesn't show hand 
*** SUMMARY ***
Total pot $0.05 | Rake $0 
Seat 2: DeSyncH843 collected ($0.05)
Seat 3: luizZz801 folded before Flop (didn't bet)
Seat 4: Coyote1895 folded before Flop (didn't bet)
Seat 5: floggymog folded before Flop (didn't bet)
Seat 6: Aflil1966 (button) folded before Flop (didn't bet)
Seat 7: Andorrior (small blind) folded before Flop
Seat 8: chacalay1 (big blind) folded before Flop
Seat 9: Dorex2007 folded before Flop (didn't bet)



PokerStars Hand #234778020243:  Hold'em No Limit ($0.01/$0.02 USD) - 2022/03/13 16:46:20 PT [2022/03/13 19:46:20 ET]
Table 'Porthan' 9-max Seat #7 is the button
Seat 2: DeSyncH843 ($2.67 in chips) 
Seat 3: luizZz801 ($0.61 in chips) 
Seat 4: Coyote1895 ($4.73 in chips) 
Seat 5: floggymog ($0.93 in chips) 
Seat 7: Andorrior ($1.01 in chips) 
Seat 8: chacalay1 ($1.60 in chips) 
Seat 9: Dorex2007 ($2.13 in chips) 
chacalay1: posts small blind $0.01
Dorex2007: posts big blind $0.02
*** HOLE CARDS ***
Dealt to Dorex2007 [Ac Ks]
DeSyncH843: folds 
luizZz801: folds 
Dorex2007 said, "did they ban the Russians also?"
Coyote1895: raises $0.04 to $0.06
floggymog: folds 
Andorrior: folds 
chacalay1: folds 
Dorex2007: calls $0.04
*** FLOP *** [3h Kh 2h]
Dorex2007: checks 
Coyote1895: bets $0.13
Dorex2007: raises $0.39 to $0.52
Coyote1895: folds 
Uncalled bet ($0.39) returned to Dorex2007
Dorex2007 collected $0.38 from pot
Dorex2007: doesn't show hand 
*** SUMMARY ***
Total pot $0.39 | Rake $0.01 
Board [3h Kh 2h]
Seat 2: DeSyncH843 folded before Flop (didn't bet)
Seat 3: luizZz801 folded before Flop (didn't bet)
Seat 4: Coyote1895 folded on the Flop
Seat 5: floggymog folded before Flop (didn't bet)
Seat 7: Andorrior (button) folded before Flop (didn't bet)
Seat 8: chacalay1 (small blind) folded before Flop
Seat 9: Dorex2007 (big blind) collected ($0.38)



PokerStars Hand #234778028818:  Hold'em No Limit ($0.01/$0.02 USD) - 2022/03/13 16:46:47 PT [2022/03/13 19:46:47 ET]
Table 'Porthan' 9-max Seat #8 is the button
Seat 2: DeSyncH843 ($2.67 in chips) 
Seat 3: luizZz801 ($0.61 in chips) 
Seat 4: Coyote1895 ($4.54 in chips) 
Seat 5: floggymog ($0.93 in chips) 
Seat 6: Aflil1966 ($1.44 in chips) 
Seat 7: Andorrior ($1.01 in chips) 
Seat 8: chacalay1 ($1.60 in chips) 
Seat 9: Dorex2007 ($2.32 in chips) 
Dorex2007: posts small blind $0.01
DeSyncH843: posts big blind $0.02
*** HOLE CARDS ***
Dealt to Dorex2007 [2c Ks]
chacalay1 said, "i dont know, i will probably find out later"
luizZz801: folds 
Coyote1895: folds 
floggymog: calls $0.02
Aflil1966: folds 
Andorrior: folds 
chacalay1: calls $0.02
Dorex2007: folds 
DeSyncH843: checks 
*** FLOP *** [Jh 3c 6c]
DeSyncH843: checks 
floggymog: bets $0.02
chacalay1: folds 
DeSyncH843: calls $0.02
*** TURN *** [Jh 3c 6c] [Jc]
DeSyncH843: checks 
floggymog: bets $0.08
DeSyncH843: folds 
Uncalled bet ($0.08) returned to floggymog
floggymog collected $0.11 from pot
*** SUMMARY ***
Total pot $0.11 | Rake $0 
Board [Jh 3c 6c Jc]
Seat 2: DeSyncH843 (big blind) folded on the Turn
Seat 3: luizZz801 folded before Flop (didn't bet)
Seat 4: Coyote1895 folded before Flop (didn't bet)
Seat 5: floggymog collected ($0.11)
Seat 6: Aflil1966 folded before Flop (didn't bet)
Seat 7: Andorrior folded before Flop (didn't bet)
Seat 8: chacalay1 (button) folded on the Flop
Seat 9: Dorex2007 (small blind) folded before Flop



PokerStars Hand #234778050472:  Hold'em No Limit ($0.01/$0.02 USD) - 2022/03/13 16:47:54 PT [2022/03/13 19:47:54 ET]
Table 'Porthan' 9-max Seat #9 is the button
Seat 2: DeSyncH843 ($2.63 in chips) 
Seat 3: luizZz801 ($0.61 in chips) 
Seat 4: Coyote1895 ($4.54 in chips) 
Seat 5: floggymog ($1 in chips) 
Seat 6: Aflil1966 ($1.44 in chips) 
Seat 7: Andorrior ($1.01 in chips) 
Seat 8: chacalay1 ($1.60 in chips) 
Seat 9: Dorex2007 ($2.31 in chips) 
DeSyncH843: posts small blind $0.01
luizZz801: posts big blind $0.02
*** HOLE CARDS ***
Dealt to Dorex2007 [Th Qh]
Coyote1895: folds 
floggymog: calls $0.02
Aflil1966: folds 
Andorrior: folds 
chacalay1: folds 
Dorex2007: raises $0.04 to $0.06
DeSyncH843: folds 
luizZz801: folds 
floggymog: calls $0.04
*** FLOP *** [2h 7s 9s]
floggymog: checks 
Dorex2007: bets $0.09
floggymog: folds 
Uncalled bet ($0.09) returned to Dorex2007
Dorex2007 collected $0.14 from pot
Dorex2007: doesn't show hand 
*** SUMMARY ***
Total pot $0.15 | Rake $0.01 
Board [2h 7s 9s]
Seat 2: DeSyncH843 (small blind) folded before Flop
Seat 3: luizZz801 (big blind) folded before Flop
Seat 4: Coyote1895 folded before Flop (didn't bet)
Seat 5: floggymog folded on the Flop
Seat 6: Aflil1966 folded before Flop (didn't bet)
Seat 7: Andorrior folded before Flop (didn't bet)
Seat 8: chacalay1 folded before Flop (didn't bet)
Seat 9: Dorex2007 (button) collected ($0.14)



PokerStars Hand #234778066461:  Hold'em No Limit ($0.01/$0.02 USD) - 2022/03/13 16:48:43 PT [2022/03/13 19:48:43 ET]
Table 'Porthan' 9-max Seat #2 is the button
Seat 2: DeSyncH843 ($2.62 in chips) 
Seat 3: luizZz801 ($0.59 in chips) 
Seat 4: Coyote1895 ($4.54 in chips) 
Seat 5: floggymog ($0.94 in chips) 
Seat 6: Aflil1966 ($1.44 in chips) 
Seat 7: Andorrior ($1.01 in chips) 
Seat 8: chacalay1 ($1.60 in chips) 
Seat 9: Dorex2007 ($2.39 in chips) 
luizZz801: posts small blind $0.01
Coyote1895: posts big blind $0.02
*** HOLE CARDS ***
Dealt to Dorex2007 [4c 8h]
floggymog: calls $0.02
Aflil1966: folds 
Andorrior: calls $0.02
chacalay1: calls $0.02
Dorex2007: folds 
DeSyncH843: raises $0.10 to $0.12
luizZz801: folds 
Coyote1895: folds 
floggymog: folds 
Andorrior: folds 
chacalay1: folds 
Uncalled bet ($0.10) returned to DeSyncH843
DeSyncH843 collected $0.11 from pot
DeSyncH843: doesn't show hand 
*** SUMMARY ***
Total pot $0.11 | Rake $0 
Seat 2: DeSyncH843 (button) collected ($0.11)
Seat 3: luizZz801 (small blind) folded before Flop
Seat 4: Coyote1895 (big blind) folded before Flop
Seat 5: floggymog folded before Flop
Seat 6: Aflil1966 folded before Flop (didn't bet)
Seat 7: Andorrior folded before Flop
Seat 8: chacalay1 folded before Flop
Seat 9: Dorex2007 folded before Flop (didn't bet)



PokerStars Hand #234778077745:  Hold'em No Limit ($0.01/$0.02 USD) - 2022/03/13 16:49:18 PT [2022/03/13 19:49:18 ET]
Table 'Porthan' 9-max Seat #3 is the button
Seat 2: DeSyncH843 ($2.71 in chips) 
Seat 3: luizZz801 ($0.58 in chips) 
Seat 4: Coyote1895 ($4.52 in chips) 
Seat 5: floggymog ($0.92 in chips) 
Seat 6: Aflil1966 ($1.44 in chips) 
Seat 7: Andorrior ($0.99 in chips) 
Seat 8: chacalay1 ($1.60 in chips) 
Seat 9: Dorex2007 ($2.39 in chips) 
Coyote1895: posts small blind $0.01
floggymog: posts big blind $0.02
*** HOLE CARDS ***
Dealt to Dorex2007 [Js Ad]
Aflil1966: folds 
Andorrior: folds 
chacalay1: raises $0.04 to $0.06
Dorex2007: calls $0.06
DeSyncH843: folds 
luizZz801: raises $0.04 to $0.10
Coyote1895: folds 
floggymog: calls $0.08
chacalay1: calls $0.04
Dorex2007: calls $0.04
*** FLOP *** [6c Ts 3s]
floggymog: checks 
chacalay1: checks 
Dorex2007: checks 
luizZz801: checks 
*** TURN *** [6c Ts 3s] [8h]
floggymog: checks 
chacalay1: bets $0.10
Dorex2007: folds 
luizZz801: folds 
floggymog: folds 
Uncalled bet ($0.10) returned to chacalay1
chacalay1 collected $0.40 from pot
chacalay1: doesn't show hand 
*** SUMMARY ***
Total pot $0.41 | Rake $0.01 
Board [6c Ts 3s 8h]
Seat 2: DeSyncH843 folded before Flop (didn't bet)
Seat 3: luizZz801 (button) folded on the Turn
Seat 4: Coyote1895 (small blind) folded before Flop
Seat 5: floggymog (big blind) folded on the Turn
Seat 6: Aflil1966 folded before Flop (didn't bet)
Seat 7: Andorrior folded before Flop (didn't bet)
Seat 8: chacalay1 collected ($0.40)
Seat 9: Dorex2007 folded on the Turn



PokerStars Hand #234778102568:  Hold'em No Limit ($0.01/$0.02 USD) - 2022/03/13 16:50:35 PT [2022/03/13 19:50:35 ET]
Table 'Porthan' 9-max Seat #4 is the button
Seat 2: DeSyncH843 ($2.71 in chips) 
Seat 3: luizZz801 ($0.48 in chips) 
Seat 4: Coyote1895 ($4.51 in chips) 
Seat 5: floggymog ($0.82 in chips) 
Seat 6: Aflil1966 ($1.44 in chips) 
Seat 7: Andorrior ($0.99 in chips) 
Seat 8: chacalay1 ($1.90 in chips) 
Seat 9: Dorex2007 ($2.29 in chips) 
floggymog: posts small blind $0.01
Aflil1966: posts big blind $0.02
*** HOLE CARDS ***
Dealt to Dorex2007 [Kd Jd]
Andorrior: folds 
chacalay1: folds 
Dorex2007: raises $0.04 to $0.06
DeSyncH843: folds 
luizZz801: raises $0.42 to $0.48 and is all-in
Coyote1895: folds 
floggymog: folds 
Aflil1966: folds 
Dorex2007: calls $0.42
*** FLOP *** [7d 7c 2s]
*** TURN *** [7d 7c 2s] [Qd]
*** RIVER *** [7d 7c 2s Qd] [Qh]
*** SHOW DOWN ***
Dorex2007: shows [Kd Jd] (two pair, Queens and Sevens)
luizZz801: shows [Ts Kh] (two pair, Queens and Sevens)
luizZz801 cashed out the hand for $0.24
Dorex2007 cashed out the hand for $0.71 | Cash Out Fee $0.01
*** SUMMARY ***
Total pot $0.99 | Rake $0.03 
Board [7d 7c 2s Qd Qh]
Seat 2: DeSyncH843 folded before Flop (didn't bet)
Seat 3: luizZz801 showed [Ts Kh] and won ($0.48) with two pair, Queens and Sevens (pot not awarded as player cashed out)
Seat 4: Coyote1895 (button) folded before Flop (didn't bet)
Seat 5: floggymog (small blind) folded before Flop
Seat 6: Aflil1966 (big blind) folded before Flop
Seat 7: Andorrior folded before Flop (didn't bet)
Seat 8: chacalay1 folded before Flop (didn't bet)
Seat 9: Dorex2007 showed [Kd Jd] and won ($0.48) with two pair, Queens and Sevens (pot not awarded as player cashed out)



PokerStars Hand #234778116060:  Hold'em No Limit ($0.01/$0.02 USD) - 2022/03/13 16:51:17 PT [2022/03/13 19:51:17 ET]
Table 'Porthan' 9-max Seat #5 is the button
Seat 2: DeSyncH843 ($2.71 in chips) 
Seat 3: luizZz801 ($0.24 in chips) 
Seat 4: Coyote1895 ($4.51 in chips) 
Seat 5: floggymog ($0.81 in chips) 
Seat 6: Aflil1966 ($1.42 in chips) 
Seat 7: Andorrior ($0.99 in chips) 
Seat 8: chacalay1 ($1.90 in chips) 
Seat 9: Dorex2007 ($2.52 in chips) 
Aflil1966: posts small blind $0.01
Andorrior: posts big blind $0.02
*** HOLE CARDS ***
Dealt to Dorex2007 [5h 7h]
chacalay1: raises $0.04 to $0.06
Dorex2007: folds 
DeSyncH843: folds 
luizZz801: raises $0.18 to $0.24 and is all-in
Coyote1895: folds 
floggymog: folds 
Aflil1966: folds 
Andorrior: folds 
chacalay1: calls $0.18
*** FLOP *** [4d 4h 4s]
*** TURN *** [4d 4h 4s] [2h]
*** RIVER *** [4d 4h 4s 2h] [2s]
*** SHOW DOWN ***
chacalay1: shows [Tc Th] (a full house, Fours full of Tens)
luizZz801: shows [3h Ah] (a full house, Fours full of Deuces)
chacalay1 cashed out the hand for $0.34
*** SUMMARY ***
Total pot $0.51 | Rake $0.02 
Board [4d 4h 4s 2h 2s]
Seat 2: DeSyncH843 folded before Flop (didn't bet)
Seat 3: luizZz801 showed [3h Ah] and lost with a full house, Fours full of Deuces
Seat 4: Coyote1895 folded before Flop (didn't bet)
Seat 5: floggymog (button) folded before Flop (didn't bet)
Seat 6: Aflil1966 (small blind) folded before Flop
Seat 7: Andorrior (big blind) folded before Flop
Seat 8: chacalay1 showed [Tc Th] and won ($0.49) with a full house, Fours full of Tens (pot not awarded as player cashed out)
Seat 9: Dorex2007 folded before Flop (didn't bet)



PokerStars Hand #234778137285:  Hold'em No Limit ($0.01/$0.02 USD) - 2022/03/13 16:51:57 PT [2022/03/13 19:51:57 ET]
Table 'Porthan' 9-max Seat #6 is the button
Seat 2: DeSyncH843 ($2.71 in chips) 
Seat 4: Coyote1895 ($4.51 in chips) 
Seat 5: floggymog ($0.81 in chips) 
Seat 6: Aflil1966 ($1.41 in chips) 
Seat 7: Andorrior ($0.97 in chips) 
Seat 8: chacalay1 ($2 in chips) 
Seat 9: Dorex2007 ($2.52 in chips) 
Andorrior: posts small blind $0.01
chacalay1 said, "u made money there"
chacalay1: posts big blind $0.02
*** HOLE CARDS ***
Dealt to Dorex2007 [4h 3c]
Dorex2007: folds 
DeSyncH843: folds 
Coyote1895: folds 
luizZz801 leaves the table
floggymog: calls $0.02
Aflil1966: raises $0.08 to $0.10
Andorrior: folds 
jaonne joins the table at seat #3 
chacalay1: folds 
floggymog: calls $0.08
*** FLOP *** [Jc 7s 5d]
floggymog: checks 
Aflil1966: bets $1.31 and is all-in
floggymog: folds 
Uncalled bet ($1.31) returned to Aflil1966
Aflil1966 collected $0.22 from pot
Aflil1966: doesn't show hand 
*** SUMMARY ***
Total pot $0.23 | Rake $0.01 
Board [Jc 7s 5d]
Seat 2: DeSyncH843 folded before Flop (didn't bet)
Seat 4: Coyote1895 folded before Flop (didn't bet)
Seat 5: floggymog folded on the Flop
Seat 6: Aflil1966 (button) collected ($0.22)
Seat 7: Andorrior (small blind) folded before Flop
Seat 8: chacalay1 (big blind) folded before Flop
Seat 9: Dorex2007 folded before Flop (didn't bet)



PokerStars Hand #234778155298:  Hold'em No Limit ($0.01/$0.02 USD) - 2022/03/13 16:52:48 PT [2022/03/13 19:52:48 ET]
Table 'Porthan' 9-max Seat #7 is the button
Seat 2: DeSyncH843 ($2.71 in chips) 
Seat 5: floggymog ($0.71 in chips) 
Seat 6: Aflil1966 ($1.53 in chips) 
Seat 7: Andorrior ($0.96 in chips) 
Seat 8: chacalay1 ($1.98 in chips) 
Seat 9: Dorex2007 ($2.52 in chips) 
chacalay1: posts small blind $0.01
Dorex2007: posts big blind $0.02
jaonne: sits out 
*** HOLE CARDS ***
Dealt to Dorex2007 [8h 3s]
DeSyncH843: folds 
floggymog: calls $0.02
Aflil1966: calls $0.02
Andorrior: calls $0.02
chacalay1: folds 
Dorex2007: checks 
*** FLOP *** [Jh Js Qc]
Dorex2007: checks 
floggymog: checks 
Aflil1966: checks 
Andorrior: checks 
*** TURN *** [Jh Js Qc] [6c]
Dorex2007: checks 
floggymog: checks 
Aflil1966: bets $0.02
Andorrior: calls $0.02
Dorex2007: folds 
floggymog: folds 
*** RIVER *** [Jh Js Qc 6c] [Qd]
Aflil1966: checks 
Andorrior: checks 
*** SHOW DOWN ***
Aflil1966: shows [Tc Th] (two pair, Queens and Jacks)
Andorrior: shows [Jd Ah] (a full house, Jacks full of Queens)
Andorrior collected $0.13 from pot
*** SUMMARY ***
Total pot $0.13 | Rake $0 
Board [Jh Js Qc 6c Qd]
Seat 2: DeSyncH843 folded before Flop (didn't bet)
Seat 5: floggymog folded on the Turn
Seat 6: Aflil1966 showed [Tc Th] and lost with two pair, Queens and Jacks
Seat 7: Andorrior (button) showed [Jd Ah] and won ($0.13) with a full house, Jacks full of Queens
Seat 8: chacalay1 (small blind) folded before Flop
Seat 9: Dorex2007 (big blind) folded on the Turn



PokerStars Hand #234778180728:  Hold'em No Limit ($0.01/$0.02 USD) - 2022/03/13 16:53:56 PT [2022/03/13 19:53:56 ET]
Table 'Porthan' 9-max Seat #8 is the button
Seat 1: Catonajack ($1.71 in chips) 
Seat 2: DeSyncH843 ($2.71 in chips) 
Seat 6: Aflil1966 ($1.49 in chips) 
Seat 7: Andorrior ($1.05 in chips) 
Seat 8: chacalay1 ($1.97 in chips) 
Seat 9: Dorex2007 ($2.50 in chips) 
Dorex2007: posts small blind $0.01
Catonajack: posts big blind $0.02
jaonne: sits out 
*** HOLE CARDS ***
Dealt to Dorex2007 [8s 7h]
DeSyncH843: folds 
Aflil1966: calls $0.02
Andorrior: folds 
chacalay1: raises $0.08 to $0.10
Dorex2007: folds 
Catonajack: folds 
Aflil1966 said, "bingo again..... win with nothing"
Aflil1966: folds 
Uncalled bet ($0.08) returned to chacalay1
chacalay1 collected $0.07 from pot
chacalay1: doesn't show hand 
*** SUMMARY ***
Total pot $0.07 | Rake $0 
Seat 1: Catonajack (big blind) folded before Flop
Seat 2: DeSyncH843 folded before Flop (didn't bet)
Seat 6: Aflil1966 folded before Flop
Seat 7: Andorrior folded before Flop (didn't bet)
Seat 8: chacalay1 (button) collected ($0.07)
Seat 9: Dorex2007 (small blind) folded before Flop



PokerStars Hand #234778193673:  Hold'em No Limit ($0.01/$0.02 USD) - 2022/03/13 16:54:38 PT [2022/03/13 19:54:38 ET]
Table 'Porthan' 9-max Seat #9 is the button
Seat 1: Catonajack ($1.69 in chips) 
Seat 2: DeSyncH843 ($2.71 in chips) 
Seat 6: Aflil1966 ($1.47 in chips) 
Seat 7: Andorrior ($1.05 in chips) 
Seat 8: chacalay1 ($2.02 in chips) 
Seat 9: Dorex2007 ($2.49 in chips) 
Catonajack: posts small blind $0.01
DeSyncH843: posts big blind $0.02
jaonne: sits out 
*** HOLE CARDS ***
Dealt to Dorex2007 [2s 6h]
Aflil1966: folds 
Andorrior: folds 
chacalay1: folds 
Dorex2007: folds 
Catonajack: raises $0.02 to $0.04
DeSyncH843: calls $0.02
*** FLOP *** [Td 7c Ts]
Catonajack: bets $0.04
DeSyncH843: calls $0.04
*** TURN *** [Td 7c Ts] [Jc]
Catonajack: checks 
DeSyncH843: bets $0.05
Catonajack: calls $0.05
*** RIVER *** [Td 7c Ts Jc] [9s]
Catonajack: checks 
DeSyncH843: bets $0.12
Catonajack: folds 
Uncalled bet ($0.12) returned to DeSyncH843
DeSyncH843 collected $0.25 from pot
DeSyncH843: doesn't show hand 
*** SUMMARY ***
Total pot $0.26 | Rake $0.01 
Board [Td 7c Ts Jc 9s]
Seat 1: Catonajack (small blind) folded on the River
Seat 2: DeSyncH843 (big blind) collected ($0.25)
Seat 6: Aflil1966 folded before Flop (didn't bet)
Seat 7: Andorrior folded before Flop (didn't bet)
Seat 8: chacalay1 folded before Flop (didn't bet)
Seat 9: Dorex2007 (button) folded before Flop (didn't bet)



PokerStars Hand #234778208393:  Hold'em No Limit ($0.01/$0.02 USD) - 2022/03/13 16:55:31 PT [2022/03/13 19:55:31 ET]
Table 'Porthan' 9-max Seat #1 is the button
Seat 1: Catonajack ($1.56 in chips) 
Seat 2: DeSyncH843 ($2.83 in chips) 
Seat 3: jaonne ($0.80 in chips) 
Seat 6: Aflil1966 ($1.47 in chips) 
Seat 7: Andorrior ($1.05 in chips) 
Seat 8: chacalay1 ($2.02 in chips) 
Seat 9: Dorex2007 ($2.49 in chips) 
DeSyncH843: posts small blind $0.01
jaonne: posts big blind $0.02
*** HOLE CARDS ***
Dealt to Dorex2007 [Qd 5d]
Aflil1966: folds 
Andorrior: folds 
chacalay1: raises $0.04 to $0.06
Dorex2007: folds 
Catonajack: folds 
DeSyncH843: folds 
jaonne: folds 
Uncalled bet ($0.04) returned to chacalay1
chacalay1 collected $0.05 from pot
chacalay1: doesn't show hand 
*** SUMMARY ***
Total pot $0.05 | Rake $0 
Seat 1: Catonajack (button) folded before Flop (didn't bet)
Seat 2: DeSyncH843 (small blind) folded before Flop
Seat 3: jaonne (big blind) folded before Flop
Seat 6: Aflil1966 folded before Flop (didn't bet)
Seat 7: Andorrior folded before Flop (didn't bet)
Seat 8: chacalay1 collected ($0.05)
Seat 9: Dorex2007 folded before Flop (didn't bet)



PokerStars Hand #234778216609:  Hold'em No Limit ($0.01/$0.02 USD) - 2022/03/13 16:56:05 PT [2022/03/13 19:56:05 ET]
Table 'Porthan' 9-max Seat #2 is the button
Seat 1: Catonajack ($1.56 in chips) 
Seat 2: DeSyncH843 ($2.82 in chips) 
Seat 3: jaonne ($0.78 in chips) 
Seat 4: Coyote1895 ($4.51 in chips) 
Seat 6: Aflil1966 ($1.47 in chips) 
Seat 7: Andorrior ($1.05 in chips) 
Seat 8: chacalay1 ($2.05 in chips) 
Seat 9: Dorex2007 ($2.49 in chips) 
jaonne: posts small blind $0.01
Coyote1895: posts big blind $0.02
*** HOLE CARDS ***
Dealt to Dorex2007 [3c Kd]
Aflil1966: calls $0.02
Andorrior: folds 
chacalay1: folds 
Dorex2007: folds 
Catonajack: folds 
DeSyncH843: calls $0.02
jaonne: folds 
Coyote1895: checks 
*** FLOP *** [9d 3s 8s]
Coyote1895: bets $0.05
Aflil1966: folds 
DeSyncH843: folds 
Uncalled bet ($0.05) returned to Coyote1895
Coyote1895 collected $0.07 from pot
Coyote1895: doesn't show hand 
*** SUMMARY ***
Total pot $0.07 | Rake $0 
Board [9d 3s 8s]
Seat 1: Catonajack folded before Flop (didn't bet)
Seat 2: DeSyncH843 (button) folded on the Flop
Seat 3: jaonne (small blind) folded before Flop
Seat 4: Coyote1895 (big blind) collected ($0.07)
Seat 6: Aflil1966 folded on the Flop
Seat 7: Andorrior folded before Flop (didn't bet)
Seat 8: chacalay1 folded before Flop (didn't bet)
Seat 9: Dorex2007 folded before Flop (didn't bet)



PokerStars Hand #234778225320:  Hold'em No Limit ($0.01/$0.02 USD) - 2022/03/13 16:56:40 PT [2022/03/13 19:56:40 ET]
Table 'Porthan' 9-max Seat #3 is the button
Seat 1: Catonajack ($1.56 in chips) 
Seat 2: DeSyncH843 ($2.80 in chips) 
Seat 3: jaonne ($0.77 in chips) 
Seat 4: Coyote1895 ($4.56 in chips) 
Seat 6: Aflil1966 ($1.45 in chips) 
Seat 7: Andorrior ($1.05 in chips) 
Seat 8: chacalay1 ($2.05 in chips) 
Seat 9: Dorex2007 ($2.49 in chips) 
Coyote1895: posts small blind $0.01
Aflil1966: posts big blind $0.02
*** HOLE CARDS ***
Dealt to Dorex2007 [Jd 9d]
Andorrior: folds 
chacalay1: raises $0.04 to $0.06
Dorex2007: folds 
Catonajack: folds 
DeSyncH843: folds 
jaonne: folds 
Coyote1895: folds 
Aflil1966: folds 
Uncalled bet ($0.04) returned to chacalay1
chacalay1 collected $0.05 from pot
chacalay1: doesn't show hand 
*** SUMMARY ***
Total pot $0.05 | Rake $0 
Seat 1: Catonajack folded before Flop (didn't bet)
Seat 2: DeSyncH843 folded before Flop (didn't bet)
Seat 3: jaonne (button) folded before Flop (didn't bet)
Seat 4: Coyote1895 (small blind) folded before Flop
Seat 6: Aflil1966 (big blind) folded before Flop
Seat 7: Andorrior folded before Flop (didn't bet)
Seat 8: chacalay1 collected ($0.05)
Seat 9: Dorex2007 folded before Flop (didn't bet)



PokerStars Hand #234778230770:  Hold'em No Limit ($0.01/$0.02 USD) - 2022/03/13 16:57:03 PT [2022/03/13 19:57:03 ET]
Table 'Porthan' 9-max Seat #4 is the button
Seat 1: Catonajack ($1.56 in chips) 
Seat 2: DeSyncH843 ($2.80 in chips) 
Seat 3: jaonne ($0.77 in chips) 
Seat 4: Coyote1895 ($4.55 in chips) 
Seat 6: Aflil1966 ($1.43 in chips) 
Seat 7: Andorrior ($1.05 in chips) 
Seat 8: chacalay1 ($2.08 in chips) 
Seat 9: Dorex2007 ($2.49 in chips) 
Aflil1966: posts small blind $0.01
Andorrior: posts big blind $0.02
*** HOLE CARDS ***
Dealt to Dorex2007 [8h 6d]
chacalay1: folds 
Dorex2007: folds 
Catonajack: folds 
DeSyncH843: folds 
jaonne: folds 
Coyote1895: raises $0.04 to $0.06
Aflil1966: folds 
Andorrior: folds 
Uncalled bet ($0.04) returned to Coyote1895
Coyote1895 collected $0.05 from pot
Coyote1895: doesn't show hand 
*** SUMMARY ***
Total pot $0.05 | Rake $0 
Seat 1: Catonajack folded before Flop (didn't bet)
Seat 2: DeSyncH843 folded before Flop (didn't bet)
Seat 3: jaonne folded before Flop (didn't bet)
Seat 4: Coyote1895 (button) collected ($0.05)
Seat 6: Aflil1966 (small blind) folded before Flop
Seat 7: Andorrior (big blind) folded before Flop
Seat 8: chacalay1 folded before Flop (didn't bet)
Seat 9: Dorex2007 folded before Flop (didn't bet)



PokerStars Hand #234778234717:  Hold'em No Limit ($0.01/$0.02 USD) - 2022/03/13 16:57:19 PT [2022/03/13 19:57:19 ET]
Table 'Porthan' 9-max Seat #6 is the button
Seat 1: Catonajack ($1.56 in chips) 
Seat 2: DeSyncH843 ($2.80 in chips) 
Seat 3: jaonne ($0.77 in chips) 
Seat 4: Coyote1895 ($4.58 in chips) 
Seat 6: Aflil1966 ($1.42 in chips) 
Seat 7: Andorrior ($1.03 in chips) 
Seat 8: chacalay1 ($2.08 in chips) 
Seat 9: Dorex2007 ($2.49 in chips) 
Andorrior: posts small blind $0.01
chacalay1: posts big blind $0.02
*** HOLE CARDS ***
Dealt to Dorex2007 [6h Ac]
Dorex2007: folds 
Catonajack: folds 
DeSyncH843: folds 
jaonne: folds 
Coyote1895: raises $0.04 to $0.06
Aflil1966: folds 
Andorrior: folds 
chacalay1: folds 
Uncalled bet ($0.04) returned to Coyote1895
Coyote1895 collected $0.05 from pot
Coyote1895: doesn't show hand 
*** SUMMARY ***
Total pot $0.05 | Rake $0 
Seat 1: Catonajack folded before Flop (didn't bet)
Seat 2: DeSyncH843 folded before Flop (didn't bet)
Seat 3: jaonne folded before Flop (didn't bet)
Seat 4: Coyote1895 collected ($0.05)
Seat 6: Aflil1966 (button) folded before Flop (didn't bet)
Seat 7: Andorrior (small blind) folded before Flop
Seat 8: chacalay1 (big blind) folded before Flop
Seat 9: Dorex2007 folded before Flop (didn't bet)



PokerStars Hand #234778240692:  Hold'em No Limit ($0.01/$0.02 USD) - 2022/03/13 16:57:44 PT [2022/03/13 19:57:44 ET]
Table 'Porthan' 9-max Seat #7 is the button
Seat 1: Catonajack ($1.56 in chips) 
Seat 2: DeSyncH843 ($2.80 in chips) 
Seat 3: jaonne ($0.77 in chips) 
Seat 4: Coyote1895 ($4.61 in chips) 
Seat 6: Aflil1966 ($1.42 in chips) 
Seat 7: Andorrior ($1.02 in chips) 
Seat 8: chacalay1 ($2.06 in chips) 
Seat 9: Dorex2007 ($2.49 in chips) 
chacalay1: posts small blind $0.01
Dorex2007: posts big blind $0.02
*** HOLE CARDS ***
Dealt to Dorex2007 [8s 2s]
Catonajack: raises $0.02 to $0.04
DeSyncH843: folds 
jaonne: folds 
Coyote1895: calls $0.04
Aflil1966: folds 
Andorrior: folds 
chacalay1: calls $0.03
Dorex2007: folds 
*** FLOP *** [8c Kd 4d]
chacalay1: checks 
Catonajack: bets $0.16
Coyote1895: calls $0.16
chacalay1: calls $0.16
*** TURN *** [8c Kd 4d] [4c]
chacalay1: checks 
Catonajack: checks 
Coyote1895: checks 
*** RIVER *** [8c Kd 4d 4c] [As]
chacalay1: checks 
Catonajack: bets $0.30
Coyote1895: calls $0.30
chacalay1: folds 
*** SHOW DOWN ***
Catonajack: shows [Ad Kh] (two pair, Aces and Kings)
Coyote1895: mucks hand 
Catonajack collected $1.18 from pot
*** SUMMARY ***
Total pot $1.22 | Rake $0.04 
Board [8c Kd 4d 4c As]
Seat 1: Catonajack showed [Ad Kh] and won ($1.18) with two pair, Aces and Kings
Seat 2: DeSyncH843 folded before Flop (didn't bet)
Seat 3: jaonne folded before Flop (didn't bet)
Seat 4: Coyote1895 mucked [Ts Ks]
Seat 6: Aflil1966 folded before Flop (didn't bet)
Seat 7: Andorrior (button) folded before Flop (didn't bet)
Seat 8: chacalay1 (small blind) folded on the River
Seat 9: Dorex2007 (big blind) folded before Flop



PokerStars Hand #234778272020:  Hold'em No Limit ($0.01/$0.02 USD) - 2022/03/13 16:59:47 PT [2022/03/13 19:59:47 ET]
Table 'Porthan' 9-max Seat #8 is the button
Seat 1: Catonajack ($2.24 in chips) 
Seat 2: DeSyncH843 ($2.80 in chips) 
Seat 3: jaonne ($0.77 in chips) 
Seat 4: Coyote1895 ($4.11 in chips) 
Seat 6: Aflil1966 ($1.42 in chips) 
Seat 7: Andorrior ($1.02 in chips) 
Seat 8: chacalay1 ($1.86 in chips) 
Seat 9: Dorex2007 ($2.47 in chips) 
Dorex2007: posts small blind $0.01
Catonajack: posts big blind $0.02
*** HOLE CARDS ***
Dealt to Dorex2007 [Kh Ad]
DeSyncH843: folds 
jaonne: folds 
Coyote1895: folds 
Aflil1966: folds 
Andorrior: folds 
chacalay1 said, "what a read kq"
chacalay1: raises $0.04 to $0.06
Dorex2007: calls $0.05
Catonajack: folds 
*** FLOP *** [7s 7c 3d]
Dorex2007: bets $0.07
chacalay1: folds 
Uncalled bet ($0.07) returned to Dorex2007
Dorex2007 collected $0.14 from pot
Dorex2007: doesn't show hand 
*** SUMMARY ***
Total pot $0.14 | Rake $0 
Board [7s 7c 3d]
Seat 1: Catonajack (big blind) folded before Flop
Seat 2: DeSyncH843 folded before Flop (didn't bet)
Seat 3: jaonne folded before Flop (didn't bet)
Seat 4: Coyote1895 folded before Flop (didn't bet)
Seat 6: Aflil1966 folded before Flop (didn't bet)
Seat 7: Andorrior folded before Flop (didn't bet)
Seat 8: chacalay1 (button) folded on the Flop
Seat 9: Dorex2007 (small blind) collected ($0.14)



PokerStars Hand #234778281091:  Hold'em No Limit ($0.01/$0.02 USD) - 2022/03/13 17:00:24 PT [2022/03/13 20:00:24 ET]
Table 'Porthan' 9-max Seat #9 is the button
Seat 1: Catonajack ($2.22 in chips) 
Seat 2: DeSyncH843 ($2.80 in chips) 
Seat 3: jaonne ($0.77 in chips) 
Seat 4: Coyote1895 ($4.11 in chips) 
Seat 6: Aflil1966 ($1.42 in chips) 
Seat 7: Andorrior ($1.02 in chips) 
Seat 8: chacalay1 ($1.80 in chips) 
Seat 9: Dorex2007 ($2.55 in chips) 
Catonajack: posts small blind $0.01
DeSyncH843: posts big blind $0.02
*** HOLE CARDS ***
Dealt to Dorex2007 [Jc 3c]
jaonne: folds 
Coyote1895: folds 
chacalay1 said, "thatis why im the fng bst around here dorex"
Aflil1966: calls $0.02
Andorrior: folds 
chacalay1: folds 
Dorex2007: folds 
Catonajack: calls $0.01
DeSyncH843: checks 
*** FLOP *** [9c 8c Kd]
Catonajack: checks 
chacalay1 said, "and flush draw"
DeSyncH843: checks 
Aflil1966: checks 
*** TURN *** [9c 8c Kd] [7s]
Catonajack: bets $0.03
Dorex2007 said, "good job ;)"
DeSyncH843: calls $0.03
Aflil1966: folds 
*** RIVER *** [9c 8c Kd 7s] [3s]
chacalay1 said, "the goat"
Catonajack: checks 
chacalay1 said, "nl2"
DeSyncH843: bets $0.08
Catonajack: folds 
Uncalled bet ($0.08) returned to DeSyncH843
DeSyncH843 collected $0.12 from pot
DeSyncH843: doesn't show hand 
*** SUMMARY ***
Total pot $0.12 | Rake $0 
Board [9c 8c Kd 7s 3s]
Seat 1: Catonajack (small blind) folded on the River
Seat 2: DeSyncH843 (big blind) collected ($0.12)
Seat 3: jaonne folded before Flop (didn't bet)
Seat 4: Coyote1895 folded before Flop (didn't bet)
Seat 6: Aflil1966 folded on the Turn
Seat 7: Andorrior folded before Flop (didn't bet)
Seat 8: chacalay1 folded before Flop (didn't bet)
Seat 9: Dorex2007 (button) folded before Flop (didn't bet)



PokerStars Hand #234778296856:  Hold'em No Limit ($0.01/$0.02 USD) - 2022/03/13 17:01:22 PT [2022/03/13 20:01:22 ET]
Table 'Porthan' 9-max Seat #1 is the button
Seat 1: Catonajack ($2.17 in chips) 
Seat 2: DeSyncH843 ($2.87 in chips) 
Seat 3: jaonne ($0.77 in chips) 
Seat 4: Coyote1895 ($4.11 in chips) 
Seat 6: Aflil1966 ($1.40 in chips) 
Seat 7: Andorrior ($1.02 in chips) 
Seat 8: chacalay1 ($1.80 in chips) 
Seat 9: Dorex2007 ($2.55 in chips) 
DeSyncH843: posts small blind $0.01
jaonne: posts big blind $0.02
*** HOLE CARDS ***
Dealt to Dorex2007 [4h Ah]
Coyote1895: folds 
Aflil1966: folds 
Andorrior: folds 
chacalay1: folds 
Dorex2007 said, "you just keep folding to my bluffs :)"
Dorex2007: folds 
Catonajack: folds 
DeSyncH843: folds 
Uncalled bet ($0.01) returned to jaonne
jaonne collected $0.02 from pot
jaonne: doesn't show hand 
*** SUMMARY ***
Total pot $0.02 | Rake $0 
Seat 1: Catonajack (button) folded before Flop (didn't bet)
Seat 2: DeSyncH843 (small blind) folded before Flop
Seat 3: jaonne (big blind) collected ($0.02)
Seat 4: Coyote1895 folded before Flop (didn't bet)
Seat 6: Aflil1966 folded before Flop (didn't bet)
Seat 7: Andorrior folded before Flop (didn't bet)
Seat 8: chacalay1 folded before Flop (didn't bet)
Seat 9: Dorex2007 folded before Flop (didn't bet)



PokerStars Hand #234778300670:  Hold'em No Limit ($0.01/$0.02 USD) - 2022/03/13 17:01:34 PT [2022/03/13 20:01:34 ET]
Table 'Porthan' 9-max Seat #2 is the button
Seat 1: Catonajack ($2.17 in chips) 
Seat 2: DeSyncH843 ($2.86 in chips) 
Seat 3: jaonne ($0.78 in chips) 
Seat 4: Coyote1895 ($4.11 in chips) 
Seat 6: Aflil1966 ($1.40 in chips) 
Seat 7: Andorrior ($1.02 in chips) 
Seat 8: chacalay1 ($1.80 in chips) 
Seat 9: Dorex2007 ($2.55 in chips) 
jaonne: posts small blind $0.01
Coyote1895: posts big blind $0.02
*** HOLE CARDS ***
Dealt to Dorex2007 [Qh Ad]
Aflil1966: folds 
Andorrior: folds 
chacalay1: folds 
Dorex2007: raises $0.04 to $0.06
Catonajack: folds 
DeSyncH843: folds 
jaonne: folds 
Coyote1895: folds 
Uncalled bet ($0.04) returned to Dorex2007
Dorex2007 collected $0.05 from pot
Dorex2007: doesn't show hand 
*** SUMMARY ***
Total pot $0.05 | Rake $0 
Seat 1: Catonajack folded before Flop (didn't bet)
Seat 2: DeSyncH843 (button) folded before Flop (didn't bet)
Seat 3: jaonne (small blind) folded before Flop
Seat 4: Coyote1895 (big blind) folded before Flop
Seat 6: Aflil1966 folded before Flop (didn't bet)
Seat 7: Andorrior folded before Flop (didn't bet)
Seat 8: chacalay1 folded before Flop (didn't bet)
Seat 9: Dorex2007 collected ($0.05)



PokerStars Hand #234778306943:  Hold'em No Limit ($0.01/$0.02 USD) - 2022/03/13 17:01:56 PT [2022/03/13 20:01:56 ET]
Table 'Porthan' 9-max Seat #3 is the button
Seat 1: Catonajack ($2.17 in chips) 
Seat 2: DeSyncH843 ($2.86 in chips) 
Seat 3: jaonne ($0.77 in chips) 
Seat 4: Coyote1895 ($4.09 in chips) 
Seat 6: Aflil1966 ($1.40 in chips) 
Seat 7: Andorrior ($1.02 in chips) 
Seat 8: chacalay1 ($1.80 in chips) 
Seat 9: Dorex2007 ($2.58 in chips) 
Coyote1895: posts small blind $0.01
Aflil1966: posts big blind $0.02
*** HOLE CARDS ***
Dealt to Dorex2007 [Jc 8h]
Andorrior: folds 
chacalay1 said, "yep couse i like u"
chacalay1: folds 
Dorex2007: folds 
Catonajack: raises $0.02 to $0.04
DeSyncH843: folds 
jaonne: folds 
Coyote1895: calls $0.03
Aflil1966: calls $0.02
*** FLOP *** [Jh 3c Ah]
Coyote1895: checks 
Aflil1966: checks 
Catonajack: checks 
*** TURN *** [Jh 3c Ah] [Kh]
Coyote1895: checks 
Aflil1966: checks 
Catonajack: bets $0.06
Coyote1895: folds 
Aflil1966: folds 
Uncalled bet ($0.06) returned to Catonajack
Catonajack collected $0.12 from pot
Catonajack: doesn't show hand 
*** SUMMARY ***
Total pot $0.12 | Rake $0 
Board [Jh 3c Ah Kh]
Seat 1: Catonajack collected ($0.12)
Seat 2: DeSyncH843 folded before Flop (didn't bet)
Seat 3: jaonne (button) folded before Flop (didn't bet)
Seat 4: Coyote1895 (small blind) folded on the Turn
Seat 6: Aflil1966 (big blind) folded on the Turn
Seat 7: Andorrior folded before Flop (didn't bet)
Seat 8: chacalay1 folded before Flop (didn't bet)
Seat 9: Dorex2007 folded before Flop (didn't bet)



PokerStars Hand #234778321138:  Hold'em No Limit ($0.01/$0.02 USD) - 2022/03/13 17:02:41 PT [2022/03/13 20:02:41 ET]
Table 'Porthan' 9-max Seat #4 is the button
Seat 1: Catonajack ($2.25 in chips) 
Seat 2: DeSyncH843 ($2.86 in chips) 
Seat 3: jaonne ($0.77 in chips) 
Seat 4: Coyote1895 ($4.05 in chips) 
Seat 6: Aflil1966 ($1.36 in chips) 
Seat 7: Andorrior ($1.02 in chips) 
Seat 8: chacalay1 ($1.80 in chips) 
Seat 9: Dorex2007 ($2.58 in chips) 
Aflil1966: posts small blind $0.01
Andorrior: posts big blind $0.02
*** HOLE CARDS ***
Dealt to Dorex2007 [2d 9d]
chacalay1 said, "i may be leaving u guys, im moving up soon"
chacalay1: folds 
Dorex2007: folds 
Catonajack: folds 
DeSyncH843: raises $0.04 to $0.06
jaonne: folds 
Coyote1895: folds 
Aflil1966: folds 
Andorrior: folds 
Uncalled bet ($0.04) returned to DeSyncH843
DeSyncH843 collected $0.05 from pot
DeSyncH843: doesn't show hand 
*** SUMMARY ***
Total pot $0.05 | Rake $0 
Seat 1: Catonajack folded before Flop (didn't bet)
Seat 2: DeSyncH843 collected ($0.05)
Seat 3: jaonne folded before Flop (didn't bet)
Seat 4: Coyote1895 (button) folded before Flop (didn't bet)
Seat 6: Aflil1966 (small blind) folded before Flop
Seat 7: Andorrior (big blind) folded before Flop
Seat 8: chacalay1 folded before Flop (didn't bet)
Seat 9: Dorex2007 folded before Flop (didn't bet)



PokerStars Hand #234778324400:  Hold'em No Limit ($0.01/$0.02 USD) - 2022/03/13 17:02:51 PT [2022/03/13 20:02:51 ET]
Table 'Porthan' 9-max Seat #6 is the button
Seat 1: Catonajack ($2.25 in chips) 
Seat 2: DeSyncH843 ($2.89 in chips) 
Seat 3: jaonne ($0.77 in chips) 
Seat 4: Coyote1895 ($4.05 in chips) 
Seat 6: Aflil1966 ($1.35 in chips) 
Seat 7: Andorrior ($1 in chips) 
Seat 8: chacalay1 ($1.80 in chips) 
Seat 9: Dorex2007 ($2.58 in chips) 
Andorrior: posts small blind $0.01
chacalay1: posts big blind $0.02
*** HOLE CARDS ***
Dealt to Dorex2007 [6h Kd]
Dorex2007: folds 
Catonajack: folds 
DeSyncH843: folds 
jaonne: folds 
Coyote1895: folds 
Aflil1966: folds 
Andorrior: calls $0.01
Dorex2007 said, "yeah, I'm a peach."
chacalay1: checks 
*** FLOP *** [2c Jh Kh]
Andorrior: checks 
chacalay1: checks 
*** TURN *** [2c Jh Kh] [4c]
Andorrior: checks 
chacalay1: checks 
*** RIVER *** [2c Jh Kh 4c] [Qh]
chacalay1 said, "lol"
Andorrior: bets $0.04
chacalay1: folds 
Uncalled bet ($0.04) returned to Andorrior
Andorrior collected $0.04 from pot
*** SUMMARY ***
Total pot $0.04 | Rake $0 
Board [2c Jh Kh 4c Qh]
Seat 1: Catonajack folded before Flop (didn't bet)
Seat 2: DeSyncH843 folded before Flop (didn't bet)
Seat 3: jaonne folded before Flop (didn't bet)
Seat 4: Coyote1895 folded before Flop (didn't bet)
Seat 6: Aflil1966 (button) folded before Flop (didn't bet)
Seat 7: Andorrior (small blind) collected ($0.04)
Seat 8: chacalay1 (big blind) folded on the River
Seat 9: Dorex2007 folded before Flop (didn't bet)



PokerStars Hand #234778340364:  Hold'em No Limit ($0.01/$0.02 USD) - 2022/03/13 17:03:44 PT [2022/03/13 20:03:44 ET]
Table 'Porthan' 9-max Seat #7 is the button
Seat 1: Catonajack ($2.25 in chips) 
Seat 2: DeSyncH843 ($2.89 in chips) 
Seat 3: jaonne ($0.77 in chips) 
Seat 4: Coyote1895 ($4.05 in chips) 
Seat 6: Aflil1966 ($1.35 in chips) 
Seat 7: Andorrior ($1.02 in chips) 
Seat 8: chacalay1 ($1.78 in chips) 
Seat 9: Dorex2007 ($2.58 in chips) 
chacalay1: posts small blind $0.01
Dorex2007: posts big blind $0.02
*** HOLE CARDS ***
Dealt to Dorex2007 [9s Jc]
Catonajack: folds 
DeSyncH843: folds 
jaonne: folds 
Coyote1895: raises $0.04 to $0.06
Aflil1966: folds 
Andorrior: folds 
chacalay1: folds 
Dorex2007: folds 
Uncalled bet ($0.04) returned to Coyote1895
Coyote1895 collected $0.05 from pot
Coyote1895: doesn't show hand 
*** SUMMARY ***
Total pot $0.05 | Rake $0 
Seat 1: Catonajack folded before Flop (didn't bet)
Seat 2: DeSyncH843 folded before Flop (didn't bet)
Seat 3: jaonne folded before Flop (didn't bet)
Seat 4: Coyote1895 collected ($0.05)
Seat 6: Aflil1966 folded before Flop (didn't bet)
Seat 7: Andorrior (button) folded before Flop (didn't bet)
Seat 8: chacalay1 (small blind) folded before Flop
Seat 9: Dorex2007 (big blind) folded before Flop



PokerStars Hand #234778364807:  Hold'em No Limit ($0.01/$0.02 USD) - 2022/03/13 17:04:12 PT [2022/03/13 20:04:12 ET]
Table 'Porthan' 9-max Seat #8 is the button
Seat 1: Catonajack ($2.25 in chips) 
Seat 2: DeSyncH843 ($2.89 in chips) 
Seat 3: jaonne ($0.77 in chips) 
Seat 4: Coyote1895 ($4.08 in chips) 
Seat 6: Aflil1966 ($1.35 in chips) 
Seat 7: Andorrior ($1.02 in chips) 
Seat 8: chacalay1 ($1.77 in chips) 
Seat 9: Dorex2007 ($2.56 in chips) 
Dorex2007: posts small blind $0.01
Catonajack: posts big blind $0.02
*** HOLE CARDS ***
Dealt to Dorex2007 [4h 9h]
DeSyncH843: folds 
jaonne: folds 
Coyote1895: raises $0.04 to $0.06
Aflil1966: folds 
Andorrior: folds 
chacalay1: folds 
Dorex2007: folds 
Catonajack: calls $0.04
*** FLOP *** [8h 3s 6c]
Catonajack: checks 
Coyote1895: checks 
*** TURN *** [8h 3s 6c] [Jh]
Catonajack: bets $0.06
Coyote1895: raises $0.13 to $0.19
Catonajack: folds 
Uncalled bet ($0.13) returned to Coyote1895
Coyote1895 collected $0.24 from pot
Coyote1895: doesn't show hand 
*** SUMMARY ***
Total pot $0.25 | Rake $0.01 
Board [8h 3s 6c Jh]
Seat 1: Catonajack (big blind) folded on the Turn
Seat 2: DeSyncH843 folded before Flop (didn't bet)
Seat 3: jaonne folded before Flop (didn't bet)
Seat 4: Coyote1895 collected ($0.24)
Seat 6: Aflil1966 folded before Flop (didn't bet)
Seat 7: Andorrior folded before Flop (didn't bet)
Seat 8: chacalay1 (button) folded before Flop (didn't bet)
Seat 9: Dorex2007 (small blind) folded before Flop



PokerStars Hand #234778375021:  Hold'em No Limit ($0.01/$0.02 USD) - 2022/03/13 17:04:46 PT [2022/03/13 20:04:46 ET]
Table 'Porthan' 9-max Seat #9 is the button
Seat 1: Catonajack ($2.13 in chips) 
Seat 2: DeSyncH843 ($2.89 in chips) 
Seat 3: jaonne ($0.77 in chips) 
Seat 4: Coyote1895 ($4.20 in chips) 
Seat 6: Aflil1966 ($1.35 in chips) 
Seat 7: Andorrior ($1.02 in chips) 
Seat 8: chacalay1 ($1.77 in chips) 
Seat 9: Dorex2007 ($2.55 in chips) 
Catonajack: posts small blind $0.01
DeSyncH843: posts big blind $0.02
*** HOLE CARDS ***
Dealt to Dorex2007 [6s 3h]
jaonne: folds 
Coyote1895: raises $0.04 to $0.06
Aflil1966: folds 
Andorrior: folds 
chacalay1: folds 
Dorex2007: folds 
Catonajack: folds 
DeSyncH843: calls $0.04
*** FLOP *** [9c 9h Ks]
DeSyncH843: checks 
Coyote1895: checks 
*** TURN *** [9c 9h Ks] [7d]
DeSyncH843: bets $0.09
Coyote1895: calls $0.09
*** RIVER *** [9c 9h Ks 7d] [8d]
DeSyncH843: bets $0.36
Coyote1895: folds 
Uncalled bet ($0.36) returned to DeSyncH843
DeSyncH843 collected $0.30 from pot
DeSyncH843: doesn't show hand 
*** SUMMARY ***
Total pot $0.31 | Rake $0.01 
Board [9c 9h Ks 7d 8d]
Seat 1: Catonajack (small blind) folded before Flop
Seat 2: DeSyncH843 (big blind) collected ($0.30)
Seat 3: jaonne folded before Flop (didn't bet)
Seat 4: Coyote1895 folded on the River
Seat 6: Aflil1966 folded before Flop (didn't bet)
Seat 7: Andorrior folded before Flop (didn't bet)
Seat 8: chacalay1 folded before Flop (didn't bet)
Seat 9: Dorex2007 (button) folded before Flop (didn't bet)



PokerStars Hand #234778388932:  Hold'em No Limit ($0.01/$0.02 USD) - 2022/03/13 17:05:33 PT [2022/03/13 20:05:33 ET]
Table 'Porthan' 9-max Seat #1 is the button
Seat 1: Catonajack ($2.12 in chips) 
Seat 2: DeSyncH843 ($3.04 in chips) 
Seat 3: jaonne ($0.77 in chips) 
Seat 4: Coyote1895 ($4.05 in chips) 
Seat 6: Aflil1966 ($1.35 in chips) 
Seat 7: Andorrior ($1.02 in chips) 
Seat 8: chacalay1 ($1.77 in chips) 
Seat 9: Dorex2007 ($2.55 in chips) 
DeSyncH843: posts small blind $0.01
jaonne: posts big blind $0.02
*** HOLE CARDS ***
Dealt to Dorex2007 [5h 2h]
Coyote1895: folds 
Aflil1966: folds 
Andorrior: folds 
chacalay1: raises $0.04 to $0.06
Dorex2007: folds 
Catonajack: folds 
DeSyncH843: calls $0.05
jaonne: calls $0.04
*** FLOP *** [Th Qh Ks]
DeSyncH843: checks 
jaonne: checks 
chacalay1: checks 
*** TURN *** [Th Qh Ks] [9c]
DeSyncH843: checks 
jaonne: bets $0.09
chacalay1: folds 
DeSyncH843: folds 
Uncalled bet ($0.09) returned to jaonne
jaonne collected $0.17 from pot
jaonne: doesn't show hand 
*** SUMMARY ***
Total pot $0.18 | Rake $0.01 
Board [Th Qh Ks 9c]
Seat 1: Catonajack (button) folded before Flop (didn't bet)
Seat 2: DeSyncH843 (small blind) folded on the Turn
Seat 3: jaonne (big blind) collected ($0.17)
Seat 4: Coyote1895 folded before Flop (didn't bet)
Seat 6: Aflil1966 folded before Flop (didn't bet)
Seat 7: Andorrior folded before Flop (didn't bet)
Seat 8: chacalay1 folded on the Turn
Seat 9: Dorex2007 folded before Flop (didn't bet)



PokerStars Hand #234778410557:  Hold'em No Limit ($0.01/$0.02 USD) - 2022/03/13 17:06:45 PT [2022/03/13 20:06:45 ET]
Table 'Porthan' 9-max Seat #2 is the button
Seat 1: Catonajack ($2.12 in chips) 
Seat 2: DeSyncH843 ($2.98 in chips) 
Seat 3: jaonne ($0.88 in chips) 
Seat 4: Coyote1895 ($4.05 in chips) 
Seat 6: Aflil1966 ($1.35 in chips) 
Seat 7: Andorrior ($1.02 in chips) 
Seat 8: chacalay1 ($1.71 in chips) 
Seat 9: Dorex2007 ($2.55 in chips) 
jaonne: posts small blind $0.01
Coyote1895: posts big blind $0.02
*** HOLE CARDS ***
Dealt to Dorex2007 [Jc 6h]
Aflil1966: folds 
Andorrior: folds 
chacalay1: folds 
Dorex2007: folds 
Catonajack: folds 
DeSyncH843: folds 
jaonne: folds 
Uncalled bet ($0.01) returned to Coyote1895
Coyote1895 collected $0.02 from pot
Coyote1895: doesn't show hand 
*** SUMMARY ***
Total pot $0.02 | Rake $0 
Seat 1: Catonajack folded before Flop (didn't bet)
Seat 2: DeSyncH843 (button) folded before Flop (didn't bet)
Seat 3: jaonne (small blind) folded before Flop
Seat 4: Coyote1895 (big blind) collected ($0.02)
Seat 6: Aflil1966 folded before Flop (didn't bet)
Seat 7: Andorrior folded before Flop (didn't bet)
Seat 8: chacalay1 folded before Flop (didn't bet)
Seat 9: Dorex2007 folded before Flop (didn't bet)



PokerStars Hand #234778415465:  Hold'em No Limit ($0.01/$0.02 USD) - 2022/03/13 17:07:01 PT [2022/03/13 20:07:01 ET]
Table 'Porthan' 9-max Seat #3 is the button
Seat 1: Catonajack ($2.12 in chips) 
Seat 2: DeSyncH843 ($2.98 in chips) 
Seat 3: jaonne ($0.87 in chips) 
Seat 4: Coyote1895 ($4.06 in chips) 
Seat 6: Aflil1966 ($1.35 in chips) 
Seat 7: Andorrior ($1.02 in chips) 
Seat 8: chacalay1 ($1.71 in chips) 
Seat 9: Dorex2007 ($2.55 in chips) 
Coyote1895: posts small blind $0.01
Aflil1966: posts big blind $0.02
*** HOLE CARDS ***
Dealt to Dorex2007 [4s 5c]
Andorrior: folds 
chacalay1: folds 
Dorex2007: folds 
Catonajack: folds 
DeSyncH843: folds 
jaonne: folds 
Coyote1895: folds 
Uncalled bet ($0.01) returned to Aflil1966
Aflil1966 collected $0.02 from pot
Aflil1966: doesn't show hand 
*** SUMMARY ***
Total pot $0.02 | Rake $0 
Seat 1: Catonajack folded before Flop (didn't bet)
Seat 2: DeSyncH843 folded before Flop (didn't bet)
Seat 3: jaonne (button) folded before Flop (didn't bet)
Seat 4: Coyote1895 (small blind) folded before Flop
Seat 6: Aflil1966 (big blind) collected ($0.02)
Seat 7: Andorrior folded before Flop (didn't bet)
Seat 8: chacalay1 folded before Flop (didn't bet)
Seat 9: Dorex2007 folded before Flop (didn't bet)



PokerStars Hand #234778418130:  Hold'em No Limit ($0.01/$0.02 USD) - 2022/03/13 17:07:10 PT [2022/03/13 20:07:10 ET]
Table 'Porthan' 9-max Seat #4 is the button
Seat 1: Catonajack ($2.12 in chips) 
Seat 2: DeSyncH843 ($2.98 in chips) 
Seat 3: jaonne ($0.87 in chips) 
Seat 4: Coyote1895 ($4.05 in chips) 
Seat 6: Aflil1966 ($1.36 in chips) 
Seat 7: Andorrior ($1.02 in chips) 
Seat 8: chacalay1 ($1.71 in chips) 
Seat 9: Dorex2007 ($2.55 in chips) 
Aflil1966: posts small blind $0.01
Andorrior: posts big blind $0.02
*** HOLE CARDS ***
Dealt to Dorex2007 [Jh Qc]
chacalay1: folds 
Dorex2007: folds 
Catonajack: folds 
DeSyncH843: raises $0.04 to $0.06
jaonne: folds 
Coyote1895: folds 
Aflil1966: folds 
Andorrior: calls $0.04
*** FLOP *** [Jd 4c 8s]
Andorrior: checks 
DeSyncH843: checks 
*** TURN *** [Jd 4c 8s] [9h]
Andorrior: checks 
DeSyncH843: checks 
*** RIVER *** [Jd 4c 8s 9h] [5c]
Andorrior: checks 
DeSyncH843: bets $0.06
Andorrior: folds 
Uncalled bet ($0.06) returned to DeSyncH843
DeSyncH843 collected $0.13 from pot
DeSyncH843: doesn't show hand 
*** SUMMARY ***
Total pot $0.13 | Rake $0 
Board [Jd 4c 8s 9h 5c]
Seat 1: Catonajack folded before Flop (didn't bet)
Seat 2: DeSyncH843 collected ($0.13)
Seat 3: jaonne folded before Flop (didn't bet)
Seat 4: Coyote1895 (button) folded before Flop (didn't bet)
Seat 6: Aflil1966 (small blind) folded before Flop
Seat 7: Andorrior (big blind) folded on the River
Seat 8: chacalay1 folded before Flop (didn't bet)
Seat 9: Dorex2007 folded before Flop (didn't bet)



PokerStars Hand #234778445794:  Hold'em No Limit ($0.01/$0.02 USD) - 2022/03/13 17:08:44 PT [2022/03/13 20:08:44 ET]
Table 'Porthan' 9-max Seat #6 is the button
Seat 1: Catonajack ($2.12 in chips) 
Seat 2: DeSyncH843 ($3.05 in chips) 
Seat 3: jaonne ($0.87 in chips) 
Seat 4: Coyote1895 ($4.05 in chips) 
Seat 6: Aflil1966 ($1.35 in chips) 
Seat 7: Andorrior ($0.96 in chips) 
Seat 8: chacalay1 ($1.71 in chips) 
Seat 9: Dorex2007 ($2.55 in chips) 
Andorrior: posts small blind $0.01
chacalay1: posts big blind $0.02
*** HOLE CARDS ***
Dealt to Dorex2007 [3c Kc]
Dorex2007: folds 
Catonajack: folds 
DeSyncH843: folds 
jaonne: folds 
Coyote1895: raises $0.04 to $0.06
Aflil1966: folds 
Andorrior: folds 
chacalay1: folds 
Uncalled bet ($0.04) returned to Coyote1895
Coyote1895 collected $0.05 from pot
Coyote1895: doesn't show hand 
*** SUMMARY ***
Total pot $0.05 | Rake $0 
Seat 1: Catonajack folded before Flop (didn't bet)
Seat 2: DeSyncH843 folded before Flop (didn't bet)
Seat 3: jaonne folded before Flop (didn't bet)
Seat 4: Coyote1895 collected ($0.05)
Seat 6: Aflil1966 (button) folded before Flop (didn't bet)
Seat 7: Andorrior (small blind) folded before Flop
Seat 8: chacalay1 (big blind) folded before Flop
Seat 9: Dorex2007 folded before Flop (didn't bet)



PokerStars Hand #234778452511:  Hold'em No Limit ($0.01/$0.02 USD) - 2022/03/13 17:09:06 PT [2022/03/13 20:09:06 ET]
Table 'Porthan' 9-max Seat #7 is the button
Seat 1: Catonajack ($2.12 in chips) 
Seat 2: DeSyncH843 ($3.05 in chips) 
Seat 3: jaonne ($0.87 in chips) 
Seat 4: Coyote1895 ($4.08 in chips) 
Seat 6: Aflil1966 ($1.35 in chips) 
Seat 7: Andorrior ($0.95 in chips) 
Seat 8: chacalay1 ($1.69 in chips) 
Seat 9: Dorex2007 ($2.55 in chips) 
chacalay1: posts small blind $0.01
Dorex2007: posts big blind $0.02
*** HOLE CARDS ***
Dealt to Dorex2007 [2d 4h]
Catonajack: folds 
DeSyncH843: folds 
Catonajack leaves the table
jaonne: folds 
Coyote1895: raises $0.04 to $0.06
Aflil1966: folds 
Andorrior: folds 
chacalay1: raises $0.18 to $0.24
Dorex2007: folds 
Coyote1895: folds 
Uncalled bet ($0.18) returned to chacalay1
chacalay1 collected $0.14 from pot
*** SUMMARY ***
Total pot $0.14 | Rake $0 
Seat 1: Catonajack folded before Flop (didn't bet)
Seat 2: DeSyncH843 folded before Flop (didn't bet)
Seat 3: jaonne folded before Flop (didn't bet)
Seat 4: Coyote1895 folded before Flop
Seat 6: Aflil1966 folded before Flop (didn't bet)
Seat 7: Andorrior (button) folded before Flop (didn't bet)
Seat 8: chacalay1 (small blind) collected ($0.14)
Seat 9: Dorex2007 (big blind) folded before Flop



PokerStars Hand #234778459277:  Hold'em No Limit ($0.01/$0.02 USD) - 2022/03/13 17:09:29 PT [2022/03/13 20:09:29 ET]
Table 'Porthan' 9-max Seat #8 is the button
Seat 2: DeSyncH843 ($3.05 in chips) 
Seat 3: jaonne ($0.87 in chips) 
Seat 4: Coyote1895 ($4.02 in chips) 
Seat 6: Aflil1966 ($1.35 in chips) 
Seat 7: Andorrior ($0.95 in chips) 
Seat 8: chacalay1 ($1.77 in chips) 
Seat 9: Dorex2007 ($2.53 in chips) 
Dorex2007: posts small blind $0.01
DeSyncH843: posts big blind $0.02
*** HOLE CARDS ***
Dealt to Dorex2007 [Ts 2h]
jaonne: folds 
Coyote1895: raises $0.04 to $0.06
Aflil1966: folds 
Andorrior: folds 
chacalay1: folds 
Dorex2007: folds 
DeSyncH843: calls $0.04
*** FLOP *** [Th 8c Ah]
DeSyncH843: checks 
alonsoJunior joins the table at seat #1 
Coyote1895: bets $0.09
DeSyncH843: calls $0.09
*** TURN *** [Th 8c Ah] [9h]
DeSyncH843: checks 
Coyote1895: bets $0.15
DeSyncH843: calls $0.15
*** RIVER *** [Th 8c Ah 9h] [4c]
DeSyncH843: checks 
Coyote1895: checks 
*** SHOW DOWN ***
DeSyncH843: shows [6h 7c] (a straight, Six to Ten)
Coyote1895: mucks hand 
DeSyncH843 collected $0.59 from pot
*** SUMMARY ***
Total pot $0.61 | Rake $0.02 
Board [Th 8c Ah 9h 4c]
Seat 2: DeSyncH843 (big blind) showed [6h 7c] and won ($0.59) with a straight, Six to Ten
Seat 3: jaonne folded before Flop (didn't bet)
Seat 4: Coyote1895 mucked [Ad 7d]
Seat 6: Aflil1966 folded before Flop (didn't bet)
Seat 7: Andorrior folded before Flop (didn't bet)
Seat 8: chacalay1 (button) folded before Flop (didn't bet)
Seat 9: Dorex2007 (small blind) folded before Flop



PokerStars Hand #234778490164:  Hold'em No Limit ($0.01/$0.02 USD) - 2022/03/13 17:11:12 PT [2022/03/13 20:11:12 ET]
Table 'Porthan' 9-max Seat #9 is the button
Seat 2: DeSyncH843 ($3.34 in chips) 
Seat 3: jaonne ($0.87 in chips) 
Seat 4: Coyote1895 ($3.72 in chips) 
Seat 6: Aflil1966 ($1.35 in chips) 
Seat 7: Andorrior ($0.95 in chips) 
Seat 8: chacalay1 ($1.77 in chips) 
Seat 9: Dorex2007 ($2.52 in chips) 
DeSyncH843: posts small blind $0.01
jaonne: posts big blind $0.02
*** HOLE CARDS ***
Dealt to Dorex2007 [8h 8s]
Coyote1895: folds 
Aflil1966: calls $0.02
Andorrior: folds 
chacalay1: folds 
Dorex2007: calls $0.02
DeSyncH843: folds 
jaonne: checks 
*** FLOP *** [Td 4d 3d]
jaonne: checks 
Aflil1966: checks 
Dorex2007: checks 
*** TURN *** [Td 4d 3d] [Ac]
jaonne: checks 
Aflil1966: checks 
Dorex2007: checks 
*** RIVER *** [Td 4d 3d Ac] [7d]
jaonne: checks 
Aflil1966: checks 
Dorex2007: checks 
*** SHOW DOWN ***
jaonne: shows [9h 7c] (a pair of Sevens)
Aflil1966: mucks hand 
Dorex2007: shows [8h 8s] (a pair of Eights)
Dorex2007 collected $0.07 from pot
*** SUMMARY ***
Total pot $0.07 | Rake $0 
Board [Td 4d 3d Ac 7d]
Seat 2: DeSyncH843 (small blind) folded before Flop
Seat 3: jaonne (big blind) showed [9h 7c] and lost with a pair of Sevens
Seat 4: Coyote1895 folded before Flop (didn't bet)
Seat 6: Aflil1966 mucked [Qh Jc]
Seat 7: Andorrior folded before Flop (didn't bet)
Seat 8: chacalay1 folded before Flop (didn't bet)
Seat 9: Dorex2007 (button) showed [8h 8s] and won ($0.07) with a pair of Eights



PokerStars Hand #234778510050:  Hold'em No Limit ($0.01/$0.02 USD) - 2022/03/13 17:12:19 PT [2022/03/13 20:12:19 ET]
Table 'Porthan' 9-max Seat #2 is the button
Seat 1: alonsoJunior ($1 in chips) 
Seat 2: DeSyncH843 ($3.33 in chips) 
Seat 3: jaonne ($0.85 in chips) 
Seat 4: Coyote1895 ($3.72 in chips) 
Seat 6: Aflil1966 ($1.33 in chips) 
Seat 7: Andorrior ($0.95 in chips) 
Seat 8: chacalay1 ($1.77 in chips) 
Seat 9: Dorex2007 ($2.57 in chips) 
jaonne: posts small blind $0.01
Coyote1895: posts big blind $0.02
alonsoJunior: posts big blind $0.02
*** HOLE CARDS ***
Dealt to Dorex2007 [As 5d]
Aflil1966: folds 
Andorrior: folds 
chacalay1: folds 
Dorex2007: folds 
alonsoJunior: checks 
DeSyncH843: folds 
jaonne: folds 
Coyote1895: checks 
*** FLOP *** [8h 4c 8d]
Coyote1895: checks 
alonsoJunior: checks 
*** TURN *** [8h 4c 8d] [4h]
Coyote1895: bets $0.05
alonsoJunior: folds 
Uncalled bet ($0.05) returned to Coyote1895
Coyote1895 collected $0.05 from pot
Coyote1895: doesn't show hand 
*** SUMMARY ***
Total pot $0.05 | Rake $0 
Board [8h 4c 8d 4h]
Seat 1: alonsoJunior folded on the Turn (didn't bet)
Seat 2: DeSyncH843 (button) folded before Flop (didn't bet)
Seat 3: jaonne (small blind) folded before Flop
Seat 4: Coyote1895 (big blind) collected ($0.05)
Seat 6: Aflil1966 folded before Flop (didn't bet)
Seat 7: Andorrior folded before Flop (didn't bet)
Seat 8: chacalay1 folded before Flop (didn't bet)
Seat 9: Dorex2007 folded before Flop (didn't bet)



PokerStars Hand #234778522440:  Hold'em No Limit ($0.01/$0.02 USD) - 2022/03/13 17:13:01 PT [2022/03/13 20:13:01 ET]
Table 'Porthan' 9-max Seat #3 is the button
Seat 1: alonsoJunior ($0.98 in chips) 
Seat 2: DeSyncH843 ($3.33 in chips) 
Seat 3: jaonne ($0.84 in chips) 
Seat 4: Coyote1895 ($3.75 in chips) 
Seat 6: Aflil1966 ($1.33 in chips) 
Seat 7: Andorrior ($0.95 in chips) 
Seat 8: chacalay1 ($1.77 in chips) 
Seat 9: Dorex2007 ($2.57 in chips) 
Coyote1895: posts small blind $0.01
Aflil1966: posts big blind $0.02
*** HOLE CARDS ***
Dealt to Dorex2007 [Kh Ad]
Andorrior: folds 
chacalay1: raises $0.04 to $0.06
Dorex2007: calls $0.06
alonsoJunior: folds 
DeSyncH843: folds 
jaonne: folds 
Coyote1895: calls $0.05
Aflil1966: folds 
*** FLOP *** [Jd 6h 3d]
Coyote1895: checks 
chacalay1: checks 
Dorex2007: checks 
*** TURN *** [Jd 6h 3d] [8s]
Coyote1895: checks 
chacalay1: checks 
Dorex2007: bets $0.10
Coyote1895: calls $0.10
chacalay1: folds 
*** RIVER *** [Jd 6h 3d 8s] [9d]
Coyote1895: bets $0.20
Dorex2007: folds 
Uncalled bet ($0.20) returned to Coyote1895
Coyote1895 collected $0.39 from pot
floggymog leaves the table
Coyote1895: doesn't show hand 
*** SUMMARY ***
Total pot $0.40 | Rake $0.01 
Board [Jd 6h 3d 8s 9d]
Seat 1: alonsoJunior folded before Flop (didn't bet)
Seat 2: DeSyncH843 folded before Flop (didn't bet)
Seat 3: jaonne (button) folded before Flop (didn't bet)
Seat 4: Coyote1895 (small blind) collected ($0.39)
Seat 6: Aflil1966 (big blind) folded before Flop
Seat 7: Andorrior folded before Flop (didn't bet)
Seat 8: chacalay1 folded on the Turn
Seat 9: Dorex2007 folded on the River



PokerStars Hand #234778535865:  Hold'em No Limit ($0.01/$0.02 USD) - 2022/03/13 17:13:46 PT [2022/03/13 20:13:46 ET]
Table 'Porthan' 9-max Seat #4 is the button
Seat 1: alonsoJunior ($0.98 in chips) 
Seat 2: DeSyncH843 ($3.33 in chips) 
Seat 3: jaonne ($0.84 in chips) 
Seat 4: Coyote1895 ($3.98 in chips) 
Seat 6: Aflil1966 ($1.31 in chips) 
Seat 7: Andorrior ($0.95 in chips) 
Seat 8: chacalay1 ($1.71 in chips) 
Seat 9: Dorex2007 ($2.41 in chips) 
Aflil1966: posts small blind $0.01
Andorrior: posts big blind $0.02
*** HOLE CARDS ***
Dealt to Dorex2007 [6c 3s]
chacalay1: folds 
Dorex2007: folds 
alonsoJunior: raises $0.04 to $0.06
DeSyncH843: folds 
jaonne: folds 
Coyote1895: folds 
Aflil1966: folds 
Andorrior: folds 
Uncalled bet ($0.04) returned to alonsoJunior
alonsoJunior collected $0.05 from pot
alonsoJunior: doesn't show hand 
*** SUMMARY ***
Total pot $0.05 | Rake $0 
Seat 1: alonsoJunior collected ($0.05)
Seat 2: DeSyncH843 folded before Flop (didn't bet)
Seat 3: jaonne folded before Flop (didn't bet)
Seat 4: Coyote1895 (button) folded before Flop (didn't bet)
Seat 6: Aflil1966 (small blind) folded before Flop
Seat 7: Andorrior (big blind) folded before Flop
Seat 8: chacalay1 folded before Flop (didn't bet)
Seat 9: Dorex2007 folded before Flop (didn't bet)



PokerStars Hand #234778540363:  Hold'em No Limit ($0.01/$0.02 USD) - 2022/03/13 17:14:01 PT [2022/03/13 20:14:01 ET]
Table 'Porthan' 9-max Seat #6 is the button
Seat 1: alonsoJunior ($1.01 in chips) 
Seat 2: DeSyncH843 ($3.33 in chips) 
Seat 3: jaonne ($0.84 in chips) 
Seat 4: Coyote1895 ($3.98 in chips) 
Seat 6: Aflil1966 ($1.30 in chips) 
Seat 7: Andorrior ($0.93 in chips) 
Seat 8: chacalay1 ($1.71 in chips) 
Seat 9: Dorex2007 ($2.41 in chips) 
Andorrior: posts small blind $0.01
chacalay1: posts big blind $0.02
*** HOLE CARDS ***
Dealt to Dorex2007 [Kd Js]
Dorex2007: folds 
alonsoJunior: raises $0.04 to $0.06
DeSyncH843: folds 
jaonne: calls $0.06
Coyote1895: folds 
Aflil1966: folds 
Andorrior: folds 
chacalay1: raises $1.65 to $1.71 and is all-in
alonsoJunior: folds 
jaonne: folds 
Uncalled bet ($1.65) returned to chacalay1
chacalay1 collected $0.19 from pot
*** SUMMARY ***
Total pot $0.19 | Rake $0 
Seat 1: alonsoJunior folded before Flop
Seat 2: DeSyncH843 folded before Flop (didn't bet)
Seat 3: jaonne folded before Flop
Seat 4: Coyote1895 folded before Flop (didn't bet)
Seat 6: Aflil1966 (button) folded before Flop (didn't bet)
Seat 7: Andorrior (small blind) folded before Flop
Seat 8: chacalay1 (big blind) collected ($0.19)
Seat 9: Dorex2007 folded before Flop (didn't bet)



PokerStars Hand #234778554425:  Hold'em No Limit ($0.01/$0.02 USD) - 2022/03/13 17:14:48 PT [2022/03/13 20:14:48 ET]
Table 'Porthan' 9-max Seat #7 is the button
Seat 1: alonsoJunior ($0.95 in chips) 
Seat 2: DeSyncH843 ($3.33 in chips) 
Seat 3: jaonne ($0.78 in chips) 
Seat 4: Coyote1895 ($3.98 in chips) 
Seat 6: Aflil1966 ($1.30 in chips) 
Seat 7: Andorrior ($0.92 in chips) 
Seat 8: chacalay1 ($1.84 in chips) 
Seat 9: Dorex2007 ($2.41 in chips) 
chacalay1: posts small blind $0.01
Dorex2007: posts big blind $0.02
*** HOLE CARDS ***
Dealt to Dorex2007 [3h Ts]
alonsoJunior: raises $0.04 to $0.06
DeSyncH843 has timed out
DeSyncH843: folds 
jaonne: folds 
Coyote1895: folds 
Aflil1966: calls $0.06
Andorrior: folds 
chacalay1: folds 
Dorex2007: folds 
*** FLOP *** [Ad Qc Jd]
yohanmb joins the table at seat #5 
alonsoJunior: checks 
Aflil1966: checks 
*** TURN *** [Ad Qc Jd] [Jh]
alonsoJunior: checks 
Aflil1966: checks 
*** RIVER *** [Ad Qc Jd Jh] [9h]
alonsoJunior: bets $0.14
Aflil1966: folds 
Uncalled bet ($0.14) returned to alonsoJunior
alonsoJunior collected $0.14 from pot
alonsoJunior: doesn't show hand 
*** SUMMARY ***
Total pot $0.15 | Rake $0.01 
Board [Ad Qc Jd Jh 9h]
Seat 1: alonsoJunior collected ($0.14)
Seat 2: DeSyncH843 folded before Flop (didn't bet)
Seat 3: jaonne folded before Flop (didn't bet)
Seat 4: Coyote1895 folded before Flop (didn't bet)
Seat 6: Aflil1966 folded on the River
Seat 7: Andorrior (button) folded before Flop (didn't bet)
Seat 8: chacalay1 (small blind) folded before Flop
Seat 9: Dorex2007 (big blind) folded before Flop



PokerStars Hand #234778573859:  Hold'em No Limit ($0.01/$0.02 USD) - 2022/03/13 17:15:53 PT [2022/03/13 20:15:53 ET]
Table 'Porthan' 9-max Seat #8 is the button
Seat 1: alonsoJunior ($1.03 in chips) 
Seat 2: DeSyncH843 ($3.33 in chips) 
Seat 3: jaonne ($0.78 in chips) 
Seat 4: Coyote1895 ($3.98 in chips) 
Seat 5: yohanmb ($1.60 in chips) 
Seat 6: Aflil1966 ($1.24 in chips) 
Seat 7: Andorrior ($0.92 in chips) 
Seat 8: chacalay1 ($1.83 in chips) 
Seat 9: Dorex2007 ($2.39 in chips) 
Dorex2007: posts small blind $0.01
alonsoJunior: posts big blind $0.02
yohanmb: posts big blind $0.02
*** HOLE CARDS ***
Dealt to Dorex2007 [6d 4d]
DeSyncH843: folds 
jaonne: folds 
Coyote1895: folds 
yohanmb: checks 
Aflil1966: folds 
Andorrior: folds 
chacalay1: folds 
Dorex2007: folds 
alonsoJunior: raises $0.04 to $0.06
yohanmb: calls $0.04
*** FLOP *** [Qh Kh Ts]
alonsoJunior: bets $0.06
yohanmb: folds 
Uncalled bet ($0.06) returned to alonsoJunior
alonsoJunior collected $0.13 from pot
alonsoJunior: doesn't show hand 
*** SUMMARY ***
Total pot $0.13 | Rake $0 
Board [Qh Kh Ts]
Seat 1: alonsoJunior (big blind) collected ($0.13)
Seat 2: DeSyncH843 folded before Flop (didn't bet)
Seat 3: jaonne folded before Flop (didn't bet)
Seat 4: Coyote1895 folded before Flop (didn't bet)
Seat 5: yohanmb folded on the Flop
Seat 6: Aflil1966 folded before Flop (didn't bet)
Seat 7: Andorrior folded before Flop (didn't bet)
Seat 8: chacalay1 (button) folded before Flop (didn't bet)
Seat 9: Dorex2007 (small blind) folded before Flop



PokerStars Hand #234778582933:  Hold'em No Limit ($0.01/$0.02 USD) - 2022/03/13 17:16:23 PT [2022/03/13 20:16:23 ET]
Table 'Porthan' 9-max Seat #9 is the button
Seat 1: alonsoJunior ($1.10 in chips) 
Seat 2: DeSyncH843 ($3.33 in chips) 
Seat 3: jaonne ($0.78 in chips) 
Seat 4: Coyote1895 ($3.98 in chips) 
Seat 5: yohanmb ($1.54 in chips) 
Seat 6: Aflil1966 ($1.24 in chips) 
Seat 7: Andorrior ($0.92 in chips) 
Seat 8: chacalay1 ($1.83 in chips) 
Seat 9: Dorex2007 ($2.38 in chips) 
alonsoJunior: posts small blind $0.01
DeSyncH843: posts big blind $0.02
*** HOLE CARDS ***
Dealt to Dorex2007 [2s 9d]
jaonne has timed out
jaonne: folds 
Coyote1895: folds 
yohanmb: calls $0.02
Aflil1966: folds 
Andorrior: folds 
chacalay1: folds 
Dorex2007: folds 
alonsoJunior: calls $0.01
DeSyncH843: checks 
*** FLOP *** [8h 7s 3d]
alonsoJunior: bets $0.03
DeSyncH843: folds 
yohanmb: calls $0.03
*** TURN *** [8h 7s 3d] [8c]
alonsoJunior: checks 
yohanmb: checks 
*** RIVER *** [8h 7s 3d 8c] [Qh]
alonsoJunior: checks 
yohanmb: checks 
*** SHOW DOWN ***
alonsoJunior: shows [6h 4c] (a pair of Eights)
yohanmb: shows [7d As] (two pair, Eights and Sevens)
yohanmb collected $0.12 from pot
*** SUMMARY ***
Total pot $0.12 | Rake $0 
Board [8h 7s 3d 8c Qh]
Seat 1: alonsoJunior (small blind) showed [6h 4c] and lost with a pair of Eights
Seat 2: DeSyncH843 (big blind) folded on the Flop
Seat 3: jaonne folded before Flop (didn't bet)
Seat 4: Coyote1895 folded before Flop (didn't bet)
Seat 5: yohanmb showed [7d As] and won ($0.12) with two pair, Eights and Sevens
Seat 6: Aflil1966 folded before Flop (didn't bet)
Seat 7: Andorrior folded before Flop (didn't bet)
Seat 8: chacalay1 folded before Flop (didn't bet)
Seat 9: Dorex2007 (button) folded before Flop (didn't bet)



PokerStars Hand #234778599384:  Hold'em No Limit ($0.01/$0.02 USD) - 2022/03/13 17:17:19 PT [2022/03/13 20:17:19 ET]
Table 'Porthan' 9-max Seat #1 is the button
Seat 1: alonsoJunior ($1.05 in chips) 
Seat 2: DeSyncH843 ($3.31 in chips) 
Seat 3: jaonne ($0.78 in chips) 
Seat 4: Coyote1895 ($3.98 in chips) 
Seat 5: yohanmb ($1.61 in chips) 
Seat 6: Aflil1966 ($1.24 in chips) 
Seat 7: Andorrior ($0.92 in chips) 
Seat 8: chacalay1 ($1.83 in chips) 
Seat 9: Dorex2007 ($2.38 in chips) 
DeSyncH843: posts small blind $0.01
jaonne: posts big blind $0.02
*** HOLE CARDS ***
Dealt to Dorex2007 [Jh Js]
Coyote1895: raises $0.04 to $0.06
yohanmb: folds 
Aflil1966: folds 
Andorrior: folds 
chacalay1: folds 
Dorex2007: calls $0.06
alonsoJunior: folds 
DeSyncH843: calls $0.05
jaonne: calls $0.04
*** FLOP *** [As 9s 4c]
DeSyncH843: checks 
jaonne: checks 
Coyote1895: bets $0.23
Dorex2007: folds 
DeSyncH843: folds 
jaonne: folds 
Uncalled bet ($0.23) returned to Coyote1895
Coyote1895 collected $0.23 from pot
Coyote1895: doesn't show hand 
*** SUMMARY ***
Total pot $0.24 | Rake $0.01 
Board [As 9s 4c]
Seat 1: alonsoJunior (button) folded before Flop (didn't bet)
Seat 2: DeSyncH843 (small blind) folded on the Flop
Seat 3: jaonne (big blind) folded on the Flop
Seat 4: Coyote1895 collected ($0.23)
Seat 5: yohanmb folded before Flop (didn't bet)
Seat 6: Aflil1966 folded before Flop (didn't bet)
Seat 7: Andorrior folded before Flop (didn't bet)
Seat 8: chacalay1 folded before Flop (didn't bet)
Seat 9: Dorex2007 folded on the Flop



PokerStars Hand #234778622758:  Hold'em No Limit ($0.01/$0.02 USD) - 2022/03/13 17:18:06 PT [2022/03/13 20:18:06 ET]
Table 'Porthan' 9-max Seat #2 is the button
Seat 1: alonsoJunior ($1.05 in chips) 
Seat 2: DeSyncH843 ($3.25 in chips) 
Seat 3: jaonne ($0.72 in chips) 
Seat 4: Coyote1895 ($4.15 in chips) 
Seat 5: yohanmb ($1.61 in chips) 
Seat 6: Aflil1966 ($1.24 in chips) 
Seat 7: Andorrior ($0.92 in chips) 
Seat 8: chacalay1 ($1.83 in chips) 
Seat 9: Dorex2007 ($2.32 in chips) 
jaonne: posts small blind $0.01
Coyote1895: posts big blind $0.02
*** HOLE CARDS ***
Dealt to Dorex2007 [6h Jc]
yohanmb has timed out
yohanmb: folds 
Aflil1966: calls $0.02
Andorrior: folds 
chacalay1: folds 
Dorex2007: folds 
alonsoJunior: folds 
DeSyncH843: folds 
jaonne: folds 
Coyote1895: checks 
*** FLOP *** [6s Ks 2s]
Coyote1895: checks 
Aflil1966: bets $0.05
Coyote1895: folds 
Uncalled bet ($0.05) returned to Aflil1966
Aflil1966 collected $0.05 from pot
Aflil1966: doesn't show hand 
*** SUMMARY ***
Total pot $0.05 | Rake $0 
Board [6s Ks 2s]
Seat 1: alonsoJunior folded before Flop (didn't bet)
Seat 2: DeSyncH843 (button) folded before Flop (didn't bet)
Seat 3: jaonne (small blind) folded before Flop
Seat 4: Coyote1895 (big blind) folded on the Flop
Seat 5: yohanmb folded before Flop (didn't bet)
Seat 6: Aflil1966 collected ($0.05)
Seat 7: Andorrior folded before Flop (didn't bet)
Seat 8: chacalay1 folded before Flop (didn't bet)
Seat 9: Dorex2007 folded before Flop (didn't bet)



PokerStars Hand #234778632500:  Hold'em No Limit ($0.01/$0.02 USD) - 2022/03/13 17:18:38 PT [2022/03/13 20:18:38 ET]
Table 'Porthan' 9-max Seat #3 is the button
Seat 1: alonsoJunior ($1.05 in chips) 
Seat 2: DeSyncH843 ($3.25 in chips) 
Seat 3: jaonne ($0.71 in chips) 
Seat 4: Coyote1895 ($4.13 in chips) 
Seat 5: yohanmb ($1.61 in chips) 
Seat 6: Aflil1966 ($1.27 in chips) 
Seat 7: Andorrior ($0.92 in chips) 
Seat 8: chacalay1 ($1.83 in chips) 
Seat 9: Dorex2007 ($2.32 in chips) 
Coyote1895: posts small blind $0.01
yohanmb: posts big blind $0.02
*** HOLE CARDS ***
Dealt to Dorex2007 [Kh 4d]
Aflil1966: folds 
Andorrior: folds 
chacalay1: raises $0.04 to $0.06
Dorex2007: folds 
alonsoJunior: folds 
DeSyncH843: folds 
jaonne: folds 
Coyote1895: calls $0.05
yohanmb: calls $0.04
*** FLOP *** [Qc Ad 2s]
Coyote1895: bets $0.17
yohanmb: folds 
chacalay1: folds 
Uncalled bet ($0.17) returned to Coyote1895
Coyote1895 collected $0.17 from pot
Coyote1895: doesn't show hand 
*** SUMMARY ***
Total pot $0.18 | Rake $0.01 
Board [Qc Ad 2s]
Seat 1: alonsoJunior folded before Flop (didn't bet)
Seat 2: DeSyncH843 folded before Flop (didn't bet)
Seat 3: jaonne (button) folded before Flop (didn't bet)
Seat 4: Coyote1895 (small blind) collected ($0.17)
Seat 5: yohanmb (big blind) folded on the Flop
Seat 6: Aflil1966 folded before Flop (didn't bet)
Seat 7: Andorrior folded before Flop (didn't bet)
Seat 8: chacalay1 folded on the Flop
Seat 9: Dorex2007 folded before Flop (didn't bet)



PokerStars Hand #234778648532:  Hold'em No Limit ($0.01/$0.02 USD) - 2022/03/13 17:19:33 PT [2022/03/13 20:19:33 ET]
Table 'Porthan' 9-max Seat #4 is the button
Seat 1: alonsoJunior ($1.05 in chips) 
Seat 2: DeSyncH843 ($3.25 in chips) 
Seat 3: jaonne ($0.71 in chips) 
Seat 4: Coyote1895 ($4.24 in chips) 
Seat 5: yohanmb ($1.55 in chips) 
Seat 6: Aflil1966 ($1.27 in chips) 
Seat 7: Andorrior ($0.92 in chips) 
Seat 8: chacalay1 ($1.77 in chips) 
Seat 9: Dorex2007 ($2.32 in chips) 
yohanmb: posts small blind $0.01
Aflil1966: posts big blind $0.02
*** HOLE CARDS ***
Dealt to Dorex2007 [7s 5s]
Andorrior: folds 
chacalay1: folds 
Dorex2007: folds 
alonsoJunior: folds 
DeSyncH843: folds 
jaonne: folds 
Coyote1895: folds 
yohanmb: calls $0.01
Aflil1966: checks 
*** FLOP *** [4d Tc Ad]
yohanmb: bets $0.04
Aflil1966: calls $0.04
*** TURN *** [4d Tc Ad] [6h]
yohanmb: bets $0.04
Aflil1966: calls $0.04
*** RIVER *** [4d Tc Ad 6h] [Qc]
yohanmb: bets $0.06
Aflil1966: calls $0.06
*** SHOW DOWN ***
yohanmb: shows [9h Ac] (a pair of Aces)
Aflil1966: mucks hand 
yohanmb collected $0.31 from pot
*** SUMMARY ***
Total pot $0.32 | Rake $0.01 
Board [4d Tc Ad 6h Qc]
Seat 1: alonsoJunior folded before Flop (didn't bet)
Seat 2: DeSyncH843 folded before Flop (didn't bet)
Seat 3: jaonne folded before Flop (didn't bet)
Seat 4: Coyote1895 (button) folded before Flop (didn't bet)
Seat 5: yohanmb (small blind) showed [9h Ac] and won ($0.31) with a pair of Aces
Seat 6: Aflil1966 (big blind) mucked [8h As]
Seat 7: Andorrior folded before Flop (didn't bet)
Seat 8: chacalay1 folded before Flop (didn't bet)
Seat 9: Dorex2007 folded before Flop (didn't bet)



PokerStars Hand #234778660166:  Hold'em No Limit ($0.01/$0.02 USD) - 2022/03/13 17:20:12 PT [2022/03/13 20:20:12 ET]
Table 'Porthan' 9-max Seat #5 is the button
Seat 1: alonsoJunior ($1.05 in chips) 
Seat 2: DeSyncH843 ($3.25 in chips) 
Seat 3: jaonne ($0.71 in chips) 
Seat 4: Coyote1895 ($4.24 in chips) 
Seat 5: yohanmb ($1.70 in chips) 
Seat 6: Aflil1966 ($1.11 in chips) 
Seat 8: chacalay1 ($1.77 in chips) 
Seat 9: Dorex2007 ($2.32 in chips) 
Aflil1966: posts small blind $0.01
Andorrior: is sitting out 
chacalay1: posts big blind $0.02
*** HOLE CARDS ***
Dealt to Dorex2007 [2c 9h]
Dorex2007: folds 
alonsoJunior: folds 
DeSyncH843: folds 
Coyote1895 said, "Sorry for playing with my cards opened up, but I 've seen incredible suckouts at these low stakes"
jaonne: calls $0.02
Coyote1895: raises $0.07 to $0.09
yohanmb: folds 
Aflil1966: folds 
chacalay1: folds 
jaonne: calls $0.07
*** FLOP *** [Qs 5c 3h]
jaonne: checks 
Coyote1895: bets $0.20
jaonne: folds 
Uncalled bet ($0.20) returned to Coyote1895
Coyote1895 collected $0.20 from pot
Coyote1895: doesn't show hand 
*** SUMMARY ***
Total pot $0.21 | Rake $0.01 
Board [Qs 5c 3h]
Seat 1: alonsoJunior folded before Flop (didn't bet)
Seat 2: DeSyncH843 folded before Flop (didn't bet)
Seat 3: jaonne folded on the Flop
Seat 4: Coyote1895 collected ($0.20)
Seat 5: yohanmb (button) folded before Flop (didn't bet)
Seat 6: Aflil1966 (small blind) folded before Flop
Seat 8: chacalay1 (big blind) folded before Flop
Seat 9: Dorex2007 folded before Flop (didn't bet)



PokerStars Hand #234778677293:  Hold'em No Limit ($0.01/$0.02 USD) - 2022/03/13 17:21:11 PT [2022/03/13 20:21:11 ET]
Table 'Porthan' 9-max Seat #6 is the button
Seat 1: alonsoJunior ($1.05 in chips) 
Seat 2: DeSyncH843 ($3.25 in chips) 
Seat 3: jaonne ($0.62 in chips) 
Seat 4: Coyote1895 ($4.35 in chips) 
Seat 5: yohanmb ($1.70 in chips) 
Seat 6: Aflil1966 ($1.10 in chips) 
Seat 8: chacalay1 ($1.75 in chips) 
Seat 9: Dorex2007 ($2.32 in chips) 
chacalay1: posts small blind $0.01
Dorex2007: posts big blind $0.02
*** HOLE CARDS ***
Dealt to Dorex2007 [Kd Ts]
alonsoJunior: folds 
DeSyncH843: folds 
jaonne: folds 
Coyote1895: folds 
yohanmb: folds 
Aflil1966: calls $0.02
chacalay1: calls $0.01
Dorex2007: checks 
*** FLOP *** [6h Ks 9h]
chacalay1: checks 
Dorex2007: checks 
Aflil1966: checks 
*** TURN *** [6h Ks 9h] [8c]
chacalay1: checks 
Dorex2007 said, "that's true!"
Dorex2007: checks 
Aflil1966: checks 
*** RIVER *** [6h Ks 9h 8c] [As]
chacalay1 is disconnected 
chacalay1 is connected 
chacalay1: checks 
Dorex2007: checks 
Aflil1966: checks 
*** SHOW DOWN ***
chacalay1: shows [Ad 7d] (a pair of Aces)
Dorex2007: mucks hand 
Aflil1966: shows [Ah 5d] (a pair of Aces)
chacalay1 collected $0.03 from pot
Aflil1966 collected $0.03 from pot
*** SUMMARY ***
Total pot $0.06 | Rake $0 
Board [6h Ks 9h 8c As]
Seat 1: alonsoJunior folded before Flop (didn't bet)
Seat 2: DeSyncH843 folded before Flop (didn't bet)
Seat 3: jaonne folded before Flop (didn't bet)
Seat 4: Coyote1895 folded before Flop (didn't bet)
Seat 5: yohanmb folded before Flop (didn't bet)
Seat 6: Aflil1966 (button) showed [Ah 5d] and won ($0.03) with a pair of Aces
Seat 8: chacalay1 (small blind) showed [Ad 7d] and won ($0.03) with a pair of Aces
Seat 9: Dorex2007 (big blind) mucked [Kd Ts]



PokerStars Hand #234778709911:  Hold'em No Limit ($0.01/$0.02 USD) - 2022/03/13 17:22:44 PT [2022/03/13 20:22:44 ET]
Table 'Porthan' 9-max Seat #8 is the button
Seat 1: alonsoJunior ($1.05 in chips) 
Seat 2: DeSyncH843 ($3.25 in chips) 
Seat 3: jaonne ($0.62 in chips) 
Seat 4: Coyote1895 ($4.35 in chips) 
Seat 5: yohanmb ($1.70 in chips) 
Seat 6: Aflil1966 ($1.11 in chips) 
Seat 8: chacalay1 ($1.76 in chips) 
Seat 9: Dorex2007 ($2.30 in chips) 
Dorex2007: posts small blind $0.01
alonsoJunior: posts big blind $0.02
*** HOLE CARDS ***
Dealt to Dorex2007 [3h 6s]
DeSyncH843: folds 
jaonne: folds 
Coyote1895: folds 
yohanmb: calls $0.02
Aflil1966: folds 
chacalay1 has timed out
chacalay1: folds 
Dorex2007: folds 
alonsoJunior: checks 
*** FLOP *** [9s 3s Ad]
alonsoJunior: checks 
yohanmb: checks 
*** TURN *** [9s 3s Ad] [Jd]
alonsoJunior: checks 
yohanmb: checks 
*** RIVER *** [9s 3s Ad Jd] [2s]
alonsoJunior: checks 
yohanmb: checks 
*** SHOW DOWN ***
alonsoJunior: shows [8d 3d] (a pair of Threes)
yohanmb: shows [5h Jh] (a pair of Jacks)
yohanmb collected $0.05 from pot
*** SUMMARY ***
Total pot $0.05 | Rake $0 
Board [9s 3s Ad Jd 2s]
Seat 1: alonsoJunior (big blind) showed [8d 3d] and lost with a pair of Threes
Seat 2: DeSyncH843 folded before Flop (didn't bet)
Seat 3: jaonne folded before Flop (didn't bet)
Seat 4: Coyote1895 folded before Flop (didn't bet)
Seat 5: yohanmb showed [5h Jh] and won ($0.05) with a pair of Jacks
Seat 6: Aflil1966 folded before Flop (didn't bet)
Seat 8: chacalay1 (button) folded before Flop (didn't bet)
Seat 9: Dorex2007 (small blind) folded before Flop



PokerStars Hand #234778720760:  Hold'em No Limit ($0.01/$0.02 USD) - 2022/03/13 17:23:21 PT [2022/03/13 20:23:21 ET]
Table 'Porthan' 9-max Seat #9 is the button
Seat 1: alonsoJunior ($1.03 in chips) 
Seat 2: DeSyncH843 ($3.25 in chips) 
Seat 3: jaonne ($0.62 in chips) 
Seat 4: Coyote1895 ($4.35 in chips) 
Seat 5: yohanmb ($1.73 in chips) 
Seat 6: Aflil1966 ($1.11 in chips) 
Seat 8: chacalay1 ($1.76 in chips) 
Seat 9: Dorex2007 ($2.29 in chips) 
alonsoJunior: posts small blind $0.01
DeSyncH843: posts big blind $0.02
*** HOLE CARDS ***
Dealt to Dorex2007 [5h 8s]
jaonne: folds 
Coyote1895: folds 
yohanmb: calls $0.02
Aflil1966: folds 
chacalay1: folds 
Dorex2007: folds 
alonsoJunior: calls $0.01
DeSyncH843: checks 
*** FLOP *** [6d 7s Ts]
alonsoJunior: bets $0.06
DeSyncH843: calls $0.06
yohanmb: calls $0.06
*** TURN *** [6d 7s Ts] [Qh]
alonsoJunior: bets $0.23
DeSyncH843: folds 
yohanmb: calls $0.23
*** RIVER *** [6d 7s Ts Qh] [9d]
alonsoJunior: bets $0.72 and is all-in
yohanmb: folds 
Uncalled bet ($0.72) returned to alonsoJunior
alonsoJunior collected $0.68 from pot
alonsoJunior: doesn't show hand 
*** SUMMARY ***
Total pot $0.70 | Rake $0.02 
Board [6d 7s Ts Qh 9d]
Seat 1: alonsoJunior (small blind) collected ($0.68)
Seat 2: DeSyncH843 (big blind) folded on the Turn
Seat 3: jaonne folded before Flop (didn't bet)
Seat 4: Coyote1895 folded before Flop (didn't bet)
Seat 5: yohanmb folded on the River
Seat 6: Aflil1966 folded before Flop (didn't bet)
Seat 8: chacalay1 folded before Flop (didn't bet)
Seat 9: Dorex2007 (button) folded before Flop (didn't bet)



PokerStars Hand #234778737796:  Hold'em No Limit ($0.01/$0.02 USD) - 2022/03/13 17:24:20 PT [2022/03/13 20:24:20 ET]
Table 'Porthan' 9-max Seat #1 is the button
Seat 1: alonsoJunior ($1.40 in chips) 
Seat 2: DeSyncH843 ($3.17 in chips) 
Seat 3: jaonne ($0.62 in chips) 
Seat 4: Coyote1895 ($4.35 in chips) 
Seat 5: yohanmb ($1.42 in chips) 
Seat 6: Aflil1966 ($1.11 in chips) 
Seat 8: chacalay1 ($1.76 in chips) 
Seat 9: Dorex2007 ($2.29 in chips) 
DeSyncH843: posts small blind $0.01
jaonne: posts big blind $0.02
*** HOLE CARDS ***
Dealt to Dorex2007 [4c 4h]
Coyote1895: folds 
yohanmb: folds 
Aflil1966: folds 
chacalay1: folds 
Dorex2007: raises $0.04 to $0.06
alonsoJunior: calls $0.06
DeSyncH843: folds 
jaonne: folds 
*** FLOP *** [Ah Ts Qc]
Dorex2007: checks 
alonsoJunior: bets $0.07
Dorex2007: folds 
Uncalled bet ($0.07) returned to alonsoJunior
alonsoJunior collected $0.14 from pot
alonsoJunior: doesn't show hand 
*** SUMMARY ***
Total pot $0.15 | Rake $0.01 
Board [Ah Ts Qc]
Seat 1: alonsoJunior (button) collected ($0.14)
Seat 2: DeSyncH843 (small blind) folded before Flop
Seat 3: jaonne (big blind) folded before Flop
Seat 4: Coyote1895 folded before Flop (didn't bet)
Seat 5: yohanmb folded before Flop (didn't bet)
Seat 6: Aflil1966 folded before Flop (didn't bet)
Seat 8: chacalay1 folded before Flop (didn't bet)
Seat 9: Dorex2007 folded on the Flop



PokerStars Hand #234778746538:  Hold'em No Limit ($0.01/$0.02 USD) - 2022/03/13 17:24:51 PT [2022/03/13 20:24:51 ET]
Table 'Porthan' 9-max Seat #2 is the button
Seat 1: alonsoJunior ($1.48 in chips) 
Seat 2: DeSyncH843 ($3.16 in chips) 
Seat 3: jaonne ($0.60 in chips) 
Seat 4: Coyote1895 ($4.35 in chips) 
Seat 5: yohanmb ($1.42 in chips) 
Seat 6: Aflil1966 ($1.11 in chips) 
Seat 8: chacalay1 ($1.76 in chips) 
Seat 9: Dorex2007 ($2.23 in chips) 
jaonne: posts small blind $0.01
Coyote1895: posts big blind $0.02
*** HOLE CARDS ***
Dealt to Dorex2007 [8s 8d]
yohanmb: folds 
Aflil1966: folds 
chacalay1: folds 
Dorex2007: raises $0.02 to $0.04
alonsoJunior: folds 
DeSyncH843: folds 
jaonne: folds 
Coyote1895: calls $0.02
*** FLOP *** [3d 9s Jc]
Coyote1895: bets $0.06
Dorex2007: calls $0.06
*** TURN *** [3d 9s Jc] [As]
Coyote1895: bets $0.20
Dorex2007: folds 
Uncalled bet ($0.20) returned to Coyote1895
Coyote1895 collected $0.20 from pot
Coyote1895: doesn't show hand 
*** SUMMARY ***
Total pot $0.21 | Rake $0.01 
Board [3d 9s Jc As]
Seat 1: alonsoJunior folded before Flop (didn't bet)
Seat 2: DeSyncH843 (button) folded before Flop (didn't bet)
Seat 3: jaonne (small blind) folded before Flop
Seat 4: Coyote1895 (big blind) collected ($0.20)
Seat 5: yohanmb folded before Flop (didn't bet)
Seat 6: Aflil1966 folded before Flop (didn't bet)
Seat 8: chacalay1 folded before Flop (didn't bet)
Seat 9: Dorex2007 folded on the Turn



PokerStars Hand #234778754262:  Hold'em No Limit ($0.01/$0.02 USD) - 2022/03/13 17:25:18 PT [2022/03/13 20:25:18 ET]
Table 'Porthan' 9-max Seat #3 is the button
Seat 1: alonsoJunior ($1.48 in chips) 
Seat 2: DeSyncH843 ($3.16 in chips) 
Seat 3: jaonne ($0.59 in chips) 
Seat 4: Coyote1895 ($4.45 in chips) 
Seat 5: yohanmb ($1.42 in chips) 
Seat 6: Aflil1966 ($1.11 in chips) 
Seat 8: chacalay1 ($1.76 in chips) 
Seat 9: Dorex2007 ($2.13 in chips) 
Coyote1895: posts small blind $0.01
yohanmb: posts big blind $0.02
*** HOLE CARDS ***
Dealt to Dorex2007 [4h Tc]
Aflil1966: folds 
chacalay1: folds 
Dorex2007: folds 
alonsoJunior: raises $0.04 to $0.06
DeSyncH843: folds 
jaonne: folds 
Coyote1895: folds 
yohanmb: calls $0.04
*** FLOP *** [Ts Ac 7d]
yohanmb: checks 
alonsoJunior: checks 
*** TURN *** [Ts Ac 7d] [7s]
yohanmb: bets $0.04
alonsoJunior: calls $0.04
*** RIVER *** [Ts Ac 7d 7s] [4d]
yohanmb: bets $0.08
alonsoJunior: calls $0.08
*** SHOW DOWN ***
yohanmb: shows [6s 6d] (two pair, Sevens and Sixes)
alonsoJunior: mucks hand 
yohanmb collected $0.36 from pot
*** SUMMARY ***
Total pot $0.37 | Rake $0.01 
Board [Ts Ac 7d 7s 4d]
Seat 1: alonsoJunior mucked [5s 5h]
Seat 2: DeSyncH843 folded before Flop (didn't bet)
Seat 3: jaonne (button) folded before Flop (didn't bet)
Seat 4: Coyote1895 (small blind) folded before Flop
Seat 5: yohanmb (big blind) showed [6s 6d] and won ($0.36) with two pair, Sevens and Sixes
Seat 6: Aflil1966 folded before Flop (didn't bet)
Seat 8: chacalay1 folded before Flop (didn't bet)
Seat 9: Dorex2007 folded before Flop (didn't bet)



PokerStars Hand #234778769018:  Hold'em No Limit ($0.01/$0.02 USD) - 2022/03/13 17:26:09 PT [2022/03/13 20:26:09 ET]
Table 'Porthan' 9-max Seat #4 is the button
Seat 1: alonsoJunior ($1.30 in chips) 
Seat 2: DeSyncH843 ($3.16 in chips) 
Seat 3: jaonne ($0.59 in chips) 
Seat 4: Coyote1895 ($4.44 in chips) 
Seat 5: yohanmb ($1.60 in chips) 
Seat 6: Aflil1966 ($1.11 in chips) 
Seat 8: chacalay1 ($1.76 in chips) 
Seat 9: Dorex2007 ($2.13 in chips) 
yohanmb: posts small blind $0.01
Aflil1966: posts big blind $0.02
*** HOLE CARDS ***
Dealt to Dorex2007 [8s Qs]
chacalay1: folds 
Dorex2007: folds 
alonsoJunior: folds 
DeSyncH843: folds 
jaonne: folds 
Coyote1895: folds 
yohanmb: calls $0.01
Aflil1966: checks 
*** FLOP *** [Jc 4s 9c]
yohanmb: checks 
Aflil1966: checks 
*** TURN *** [Jc 4s 9c] [5h]
yohanmb: checks 
Aflil1966: bets $0.02
yohanmb: calls $0.02
*** RIVER *** [Jc 4s 9c 5h] [Jd]
yohanmb: checks 
Aflil1966: checks 
*** SHOW DOWN ***
yohanmb: shows [Qh 8h] (a pair of Jacks)
Aflil1966: shows [2h 9s] (two pair, Jacks and Nines)
Aflil1966 collected $0.08 from pot
*** SUMMARY ***
Total pot $0.08 | Rake $0 
Board [Jc 4s 9c 5h Jd]
Seat 1: alonsoJunior folded before Flop (didn't bet)
Seat 2: DeSyncH843 folded before Flop (didn't bet)
Seat 3: jaonne folded before Flop (didn't bet)
Seat 4: Coyote1895 (button) folded before Flop (didn't bet)
Seat 5: yohanmb (small blind) showed [Qh 8h] and lost with a pair of Jacks
Seat 6: Aflil1966 (big blind) showed [2h 9s] and won ($0.08) with two pair, Jacks and Nines
Seat 8: chacalay1 folded before Flop (didn't bet)
Seat 9: Dorex2007 folded before Flop (didn't bet)



