PokerStars Hand #237652465528:  Hold'em No Limit ($0.02/$0.05 USD) - 2022/07/28 19:30:10 PT [2022/07/28 22:30:10 ET]
Table 'Probitas II' 9-max Seat #7 is the button
Seat 1: SMUTJAN72 ($2.94 in chips) 
Seat 2: guiaoms ($3.77 in chips) 
Seat 3: Obumbrador ($5.83 in chips) 
Seat 4: laureano290 ($5.51 in chips) 
Seat 5: jane235975 ($4.58 in chips) 
Seat 6: Dorex2007 ($5 in chips) 
Seat 7: Almanza63 ($7.57 in chips) 
Seat 9: Luigiams ($12.01 in chips) 
Luigiams: posts small blind $0.02
SMUTJAN72: posts big blind $0.05
Dorex2007: posts big blind $0.05
*** HOLE CARDS ***
Dealt to Dorex2007 [9h Tc]
guiaoms: folds 
Obumbrador: folds 
laureano290: folds 
jane235975: folds 
Dorex2007: checks 
VOGR3 joins the table at seat #8 
Almanza63: raises $0.10 to $0.15
Luigiams: calls $0.13
SMUTJAN72: folds 
Dorex2007: folds 
*** FLOP *** [Kc 3h Ac]
Luigiams: checks 
Almanza63: checks 
*** TURN *** [Kc 3h Ac] [9s]
Luigiams: checks 
Almanza63: checks 
*** RIVER *** [Kc 3h Ac 9s] [8s]
Luigiams: checks 
Almanza63: bets $0.15
Luigiams: folds 
Uncalled bet ($0.15) returned to Almanza63
Almanza63 collected $0.38 from pot
Almanza63: doesn't show hand 
*** SUMMARY ***
Total pot $0.40 | Rake $0.02 
Board [Kc 3h Ac 9s 8s]
Seat 1: SMUTJAN72 (big blind) folded before Flop
Seat 2: guiaoms folded before Flop (didn't bet)
Seat 3: Obumbrador folded before Flop (didn't bet)
Seat 4: laureano290 folded before Flop (didn't bet)
Seat 5: jane235975 folded before Flop (didn't bet)
Seat 6: Dorex2007 folded before Flop (didn't bet)
Seat 7: Almanza63 (button) collected ($0.38)
Seat 9: Luigiams (small blind) folded on the River



PokerStars Hand #237652473650:  Hold'em No Limit ($0.02/$0.05 USD) - 2022/07/28 19:30:55 PT [2022/07/28 22:30:55 ET]
Table 'Probitas II' 9-max Seat #9 is the button
Seat 1: SMUTJAN72 ($2.89 in chips) 
Seat 2: guiaoms ($3.77 in chips) 
Seat 3: Obumbrador ($5.83 in chips) 
Seat 4: laureano290 ($5.51 in chips) 
Seat 5: jane235975 ($4.58 in chips) 
Seat 6: Dorex2007 ($5 in chips) 
Seat 7: Almanza63 ($7.80 in chips) 
Seat 9: Luigiams ($11.86 in chips) 
SMUTJAN72: posts small blind $0.02
guiaoms: posts big blind $0.05
VOGR3: sits out 
*** HOLE CARDS ***
Dealt to Dorex2007 [Ah 6d]
Obumbrador: folds 
laureano290: folds 
jane235975: calls $0.05
Dorex2007: folds 
Almanza63: folds 
Luigiams: folds 
SMUTJAN72: folds 
guiaoms: checks 
*** FLOP *** [6h Kc 5c]
guiaoms: checks 
jane235975: checks 
*** TURN *** [6h Kc 5c] [Qc]
guiaoms: checks 
jane235975: checks 
*** RIVER *** [6h Kc 5c Qc] [Jc]
guiaoms: checks 
jane235975: checks 
*** SHOW DOWN ***
guiaoms: shows [Ts 4d] (high card King)
jane235975: shows [Ad 3h] (high card Ace)
jane235975 collected $0.12 from pot
*** SUMMARY ***
Total pot $0.12 | Rake $0 
Board [6h Kc 5c Qc Jc]
Seat 1: SMUTJAN72 (small blind) folded before Flop
Seat 2: guiaoms (big blind) showed [Ts 4d] and lost with high card King
Seat 3: Obumbrador folded before Flop (didn't bet)
Seat 4: laureano290 folded before Flop (didn't bet)
Seat 5: jane235975 showed [Ad 3h] and won ($0.12) with high card Ace
Seat 6: Dorex2007 folded before Flop (didn't bet)
Seat 7: Almanza63 folded before Flop (didn't bet)
Seat 9: Luigiams (button) folded before Flop (didn't bet)



PokerStars Hand #237652479626:  Hold'em No Limit ($0.02/$0.05 USD) - 2022/07/28 19:31:27 PT [2022/07/28 22:31:27 ET]
Table 'Probitas II' 9-max Seat #1 is the button
Seat 1: SMUTJAN72 ($2.87 in chips) 
Seat 2: guiaoms ($3.72 in chips) 
Seat 3: Obumbrador ($5.83 in chips) 
Seat 4: laureano290 ($5.51 in chips) 
Seat 5: jane235975 ($4.65 in chips) 
Seat 6: Dorex2007 ($5 in chips) 
Seat 7: Almanza63 ($7.80 in chips) 
Seat 8: VOGR3 ($4 in chips) 
Seat 9: Luigiams ($11.86 in chips) 
guiaoms: posts small blind $0.02
Obumbrador: posts big blind $0.05
VOGR3: posts big blind $0.05
*** HOLE CARDS ***
Dealt to Dorex2007 [5s 3h]
laureano290: calls $0.05
jane235975: raises $0.05 to $0.10
Dorex2007: folds 
Almanza63: calls $0.10
VOGR3: folds 
Luigiams: folds 
SMUTJAN72: folds 
guiaoms: folds 
Obumbrador: calls $0.05
laureano290: calls $0.05
*** FLOP *** [Ac 4c Kc]
Obumbrador: checks 
laureano290: checks 
jane235975: bets $0.05
Almanza63: calls $0.05
Obumbrador: calls $0.05
laureano290: folds 
*** TURN *** [Ac 4c Kc] [7h]
Obumbrador: checks 
jane235975: bets $0.05
Almanza63: calls $0.05
Obumbrador: calls $0.05
*** RIVER *** [Ac 4c Kc 7h] [5d]
Obumbrador: checks 
jane235975: bets $0.05
Almanza63: calls $0.05
Obumbrador: folds 
*** SHOW DOWN ***
jane235975: shows [Ks 8s] (a pair of Kings)
Almanza63: shows [3d Ad] (a pair of Aces)
Almanza63 collected $0.83 from pot
*** SUMMARY ***
Total pot $0.87 | Rake $0.04 
Board [Ac 4c Kc 7h 5d]
Seat 1: SMUTJAN72 (button) folded before Flop (didn't bet)
Seat 2: guiaoms (small blind) folded before Flop
Seat 3: Obumbrador (big blind) folded on the River
Seat 4: laureano290 folded on the Flop
Seat 5: jane235975 showed [Ks 8s] and lost with a pair of Kings
Seat 6: Dorex2007 folded before Flop (didn't bet)
Seat 7: Almanza63 showed [3d Ad] and won ($0.83) with a pair of Aces
Seat 8: VOGR3 folded before Flop (didn't bet)
Seat 9: Luigiams folded before Flop (didn't bet)



PokerStars Hand #237652491173:  Hold'em No Limit ($0.02/$0.05 USD) - 2022/07/28 19:32:29 PT [2022/07/28 22:32:29 ET]
Table 'Probitas II' 9-max Seat #2 is the button
Seat 1: SMUTJAN72 ($2.87 in chips) 
Seat 2: guiaoms ($3.70 in chips) 
Seat 3: Obumbrador ($5.63 in chips) 
Seat 5: jane235975 ($4.40 in chips) 
Seat 6: Dorex2007 ($5 in chips) 
Seat 7: Almanza63 ($8.38 in chips) 
Seat 8: VOGR3 ($3.95 in chips) 
Seat 9: Luigiams ($11.86 in chips) 
Obumbrador: posts small blind $0.02
laureano290: is sitting out 
jane235975: posts big blind $0.05
*** HOLE CARDS ***
Dealt to Dorex2007 [3s 4s]
Dorex2007: folds 
Almanza63: folds 
laureano290 leaves the table
VOGR3: calls $0.05
Luigiams: folds 
Georgi Inkov joins the table at seat #4 
SMUTJAN72: folds 
guiaoms: folds 
Obumbrador: calls $0.03
jane235975: checks 
*** FLOP *** [Ac Kc 9s]
Obumbrador: checks 
jane235975: checks 
VOGR3: checks 
*** TURN *** [Ac Kc 9s] [As]
Obumbrador: checks 
jane235975: checks 
VOGR3: checks 
*** RIVER *** [Ac Kc 9s As] [9c]
Obumbrador: checks 
jane235975: checks 
VOGR3: bets $0.05
Obumbrador: calls $0.05
jane235975: folds 
*** SHOW DOWN ***
VOGR3: shows [Qs Qh] (two pair, Aces and Queens)
Obumbrador: mucks hand 
VOGR3 collected $0.24 from pot
*** SUMMARY ***
Total pot $0.25 | Rake $0.01 
Board [Ac Kc 9s As 9c]
Seat 1: SMUTJAN72 folded before Flop (didn't bet)
Seat 2: guiaoms (button) folded before Flop (didn't bet)
Seat 3: Obumbrador (small blind) mucked [6h Jc]
Seat 5: jane235975 (big blind) folded on the River
Seat 6: Dorex2007 folded before Flop (didn't bet)
Seat 7: Almanza63 folded before Flop (didn't bet)
Seat 8: VOGR3 showed [Qs Qh] and won ($0.24) with two pair, Aces and Queens
Seat 9: Luigiams folded before Flop (didn't bet)



PokerStars Hand #237652503735:  Hold'em No Limit ($0.02/$0.05 USD) - 2022/07/28 19:33:37 PT [2022/07/28 22:33:37 ET]
Table 'Probitas II' 9-max Seat #3 is the button
Seat 1: SMUTJAN72 ($2.87 in chips) 
Seat 2: guiaoms ($3.70 in chips) 
Seat 3: Obumbrador ($5.53 in chips) 
Seat 5: jane235975 ($4.35 in chips) 
Seat 6: Dorex2007 ($5 in chips) 
Seat 7: Almanza63 ($8.38 in chips) 
Seat 8: VOGR3 ($4.09 in chips) 
Seat 9: Luigiams ($11.86 in chips) 
jane235975: posts small blind $0.02
Dorex2007: posts big blind $0.05
*** HOLE CARDS ***
Dealt to Dorex2007 [3c Ah]
Almanza63: folds 
VOGR3: calls $0.05
Luigiams: raises $0.10 to $0.15
SMUTJAN72: folds 
guiaoms: folds 
Obumbrador: calls $0.15
jane235975: folds 
Dorex2007: folds 
VOGR3: calls $0.10
*** FLOP *** [2s 7c 4h]
VOGR3: checks 
Luigiams: checks 
Obumbrador: checks 
*** TURN *** [2s 7c 4h] [7s]
VOGR3: checks 
Luigiams: bets $0.15
Obumbrador: folds 
VOGR3: folds 
Uncalled bet ($0.15) returned to Luigiams
Luigiams collected $0.50 from pot
*** SUMMARY ***
Total pot $0.52 | Rake $0.02 
Board [2s 7c 4h 7s]
Seat 1: SMUTJAN72 folded before Flop (didn't bet)
Seat 2: guiaoms folded before Flop (didn't bet)
Seat 3: Obumbrador (button) folded on the Turn
Seat 5: jane235975 (small blind) folded before Flop
Seat 6: Dorex2007 (big blind) folded before Flop
Seat 7: Almanza63 folded before Flop (didn't bet)
Seat 8: VOGR3 folded on the Turn
Seat 9: Luigiams collected ($0.50)



PokerStars Hand #237652512078:  Hold'em No Limit ($0.02/$0.05 USD) - 2022/07/28 19:34:23 PT [2022/07/28 22:34:23 ET]
Table 'Probitas II' 9-max Seat #5 is the button
Seat 1: SMUTJAN72 ($2.87 in chips) 
Seat 2: guiaoms ($3.70 in chips) 
Seat 3: Obumbrador ($5.38 in chips) 
Seat 4: Georgi Inkov ($5 in chips) 
Seat 5: jane235975 ($4.33 in chips) 
Seat 6: Dorex2007 ($5 in chips) 
Seat 7: Almanza63 ($8.38 in chips) 
Seat 8: VOGR3 ($3.94 in chips) 
Seat 9: Luigiams ($12.21 in chips) 
Dorex2007: posts small blind $0.02
Almanza63: posts big blind $0.05
Georgi Inkov: posts big blind $0.05
*** HOLE CARDS ***
Dealt to Dorex2007 [Ts 3d]
VOGR3: folds 
Luigiams: folds 
SMUTJAN72: folds 
guiaoms: raises $0.10 to $0.15
Obumbrador: folds 
Georgi Inkov: folds 
jane235975: calls $0.15
Dorex2007: folds 
Almanza63: calls $0.10
*** FLOP *** [6d 4s Qs]
Almanza63: checks 
guiaoms: bets $0.10
jane235975: calls $0.10
Almanza63: calls $0.10
*** TURN *** [6d 4s Qs] [6s]
Almanza63: bets $0.39
guiaoms: folds 
jane235975: folds 
Uncalled bet ($0.39) returned to Almanza63
Almanza63 collected $0.79 from pot
Almanza63: doesn't show hand 
*** SUMMARY ***
Total pot $0.82 | Rake $0.03 
Board [6d 4s Qs 6s]
Seat 1: SMUTJAN72 folded before Flop (didn't bet)
Seat 2: guiaoms folded on the Turn
Seat 3: Obumbrador folded before Flop (didn't bet)
Seat 4: Georgi Inkov folded before Flop (didn't bet)
Seat 5: jane235975 (button) folded on the Turn
Seat 6: Dorex2007 (small blind) folded before Flop
Seat 7: Almanza63 (big blind) collected ($0.79)
Seat 8: VOGR3 folded before Flop (didn't bet)
Seat 9: Luigiams folded before Flop (didn't bet)



PokerStars Hand #237652523954:  Hold'em No Limit ($0.02/$0.05 USD) - 2022/07/28 19:35:27 PT [2022/07/28 22:35:27 ET]
Table 'Probitas II' 9-max Seat #6 is the button
Seat 1: SMUTJAN72 ($2.87 in chips) 
Seat 2: guiaoms ($3.45 in chips) 
Seat 3: Obumbrador ($5.38 in chips) 
Seat 4: Georgi Inkov ($4.95 in chips) 
Seat 5: jane235975 ($4.08 in chips) 
Seat 6: Dorex2007 ($5 in chips) 
Seat 7: Almanza63 ($8.92 in chips) 
Seat 8: VOGR3 ($3.94 in chips) 
Seat 9: Luigiams ($12.21 in chips) 
Almanza63: posts small blind $0.02
VOGR3: posts big blind $0.05
*** HOLE CARDS ***
Dealt to Dorex2007 [4s Tc]
Luigiams: folds 
SMUTJAN72: folds 
guiaoms: folds 
Obumbrador: folds 
Georgi Inkov: raises $0.10 to $0.15
jane235975: folds 
Dorex2007: folds 
Almanza63: folds 
VOGR3: folds 
Uncalled bet ($0.10) returned to Georgi Inkov
Georgi Inkov collected $0.12 from pot
Georgi Inkov: doesn't show hand 
*** SUMMARY ***
Total pot $0.12 | Rake $0 
Seat 1: SMUTJAN72 folded before Flop (didn't bet)
Seat 2: guiaoms folded before Flop (didn't bet)
Seat 3: Obumbrador folded before Flop (didn't bet)
Seat 4: Georgi Inkov collected ($0.12)
Seat 5: jane235975 folded before Flop (didn't bet)
Seat 6: Dorex2007 (button) folded before Flop (didn't bet)
Seat 7: Almanza63 (small blind) folded before Flop
Seat 8: VOGR3 (big blind) folded before Flop
Seat 9: Luigiams folded before Flop (didn't bet)



PokerStars Hand #237652527579:  Hold'em No Limit ($0.02/$0.05 USD) - 2022/07/28 19:35:47 PT [2022/07/28 22:35:47 ET]
Table 'Probitas II' 9-max Seat #7 is the button
Seat 1: SMUTJAN72 ($2.87 in chips) 
Seat 2: guiaoms ($3.45 in chips) 
Seat 3: Obumbrador ($5.38 in chips) 
Seat 4: Georgi Inkov ($5.02 in chips) 
Seat 5: jane235975 ($4.08 in chips) 
Seat 6: Dorex2007 ($5 in chips) 
Seat 7: Almanza63 ($8.90 in chips) 
Seat 8: VOGR3 ($3.89 in chips) 
Seat 9: Luigiams ($12.21 in chips) 
VOGR3: posts small blind $0.02
Luigiams: posts big blind $0.05
*** HOLE CARDS ***
Dealt to Dorex2007 [9h 4d]
SMUTJAN72: folds 
guiaoms: folds 
Obumbrador: folds 
Georgi Inkov: folds 
jane235975: calls $0.05
Dorex2007: folds 
Almanza63: raises $0.15 to $0.20
VOGR3: folds 
Luigiams: calls $0.15
jane235975: folds 
*** FLOP *** [7d Ad 3c]
Luigiams: checks 
Almanza63: bets $0.22
Luigiams: folds 
Uncalled bet ($0.22) returned to Almanza63
Almanza63 collected $0.45 from pot
Almanza63: doesn't show hand 
*** SUMMARY ***
Total pot $0.47 | Rake $0.02 
Board [7d Ad 3c]
Seat 1: SMUTJAN72 folded before Flop (didn't bet)
Seat 2: guiaoms folded before Flop (didn't bet)
Seat 3: Obumbrador folded before Flop (didn't bet)
Seat 4: Georgi Inkov folded before Flop (didn't bet)
Seat 5: jane235975 folded before Flop
Seat 6: Dorex2007 folded before Flop (didn't bet)
Seat 7: Almanza63 (button) collected ($0.45)
Seat 8: VOGR3 (small blind) folded before Flop
Seat 9: Luigiams (big blind) folded on the Flop



PokerStars Hand #237652536621:  Hold'em No Limit ($0.02/$0.05 USD) - 2022/07/28 19:36:37 PT [2022/07/28 22:36:37 ET]
Table 'Probitas II' 9-max Seat #8 is the button
Seat 1: SMUTJAN72 ($2.87 in chips) 
Seat 2: guiaoms ($3.45 in chips) 
Seat 3: Obumbrador ($5.38 in chips) 
Seat 4: Georgi Inkov ($5.02 in chips) 
Seat 5: jane235975 ($4.03 in chips) 
Seat 6: Dorex2007 ($5 in chips) 
Seat 7: Almanza63 ($9.15 in chips) 
Seat 8: VOGR3 ($3.87 in chips) 
Seat 9: Luigiams ($12.01 in chips) 
Luigiams: posts small blind $0.02
SMUTJAN72: posts big blind $0.05
*** HOLE CARDS ***
Dealt to Dorex2007 [3c Kd]
guiaoms: folds 
Obumbrador: folds 
Georgi Inkov: folds 
jane235975: raises $0.05 to $0.10
Dorex2007: folds 
Almanza63: folds 
VOGR3: folds 
Luigiams: folds 
SMUTJAN72: folds 
Uncalled bet ($0.05) returned to jane235975
jane235975 collected $0.12 from pot
jane235975: doesn't show hand 
*** SUMMARY ***
Total pot $0.12 | Rake $0 
Seat 1: SMUTJAN72 (big blind) folded before Flop
Seat 2: guiaoms folded before Flop (didn't bet)
Seat 3: Obumbrador folded before Flop (didn't bet)
Seat 4: Georgi Inkov folded before Flop (didn't bet)
Seat 5: jane235975 collected ($0.12)
Seat 6: Dorex2007 folded before Flop (didn't bet)
Seat 7: Almanza63 folded before Flop (didn't bet)
Seat 8: VOGR3 (button) folded before Flop (didn't bet)
Seat 9: Luigiams (small blind) folded before Flop



PokerStars Hand #237652539622:  Hold'em No Limit ($0.02/$0.05 USD) - 2022/07/28 19:36:54 PT [2022/07/28 22:36:54 ET]
Table 'Probitas II' 9-max Seat #9 is the button
Seat 1: SMUTJAN72 ($2.82 in chips) 
Seat 2: guiaoms ($3.45 in chips) 
Seat 3: Obumbrador ($5.38 in chips) 
Seat 4: Georgi Inkov ($5.02 in chips) 
Seat 5: jane235975 ($4.10 in chips) 
Seat 6: Dorex2007 ($5 in chips) 
Seat 7: Almanza63 ($9.15 in chips) 
Seat 8: VOGR3 ($3.87 in chips) 
Seat 9: Luigiams ($11.99 in chips) 
SMUTJAN72: posts small blind $0.02
guiaoms: posts big blind $0.05
*** HOLE CARDS ***
Dealt to Dorex2007 [4s 7h]
Obumbrador: folds 
Georgi Inkov: raises $0.10 to $0.15
jane235975: calls $0.15
Dorex2007: folds 
Almanza63: folds 
VOGR3: folds 
Luigiams: folds 
SMUTJAN72: calls $0.13
guiaoms: folds 
*** FLOP *** [Jd Jh 8c]
SMUTJAN72: checks 
Georgi Inkov: checks 
jane235975: checks 
*** TURN *** [Jd Jh 8c] [2d]
SMUTJAN72: bets $0.05
Georgi Inkov: raises $0.05 to $0.10
jane235975: calls $0.10
SMUTJAN72: raises $0.15 to $0.25
Georgi Inkov: raises $0.15 to $0.40
jane235975: folds 
SMUTJAN72: raises $0.15 to $0.55
Georgi Inkov: raises $4.32 to $4.87 and is all-in
SMUTJAN72: calls $2.12 and is all-in
Uncalled bet ($2.20) returned to Georgi Inkov
SMUTJAN72 has timed out
*** RIVER *** [Jd Jh 8c 2d] [3d]
*** SHOW DOWN ***
SMUTJAN72: shows [8h 8s] (a full house, Eights full of Jacks)
Georgi Inkov: shows [Js Ah] (three of a kind, Jacks)
SMUTJAN72 collected $5.69 from pot
*** SUMMARY ***
Total pot $5.94 | Rake $0.25 
Board [Jd Jh 8c 2d 3d]
Seat 1: SMUTJAN72 (small blind) showed [8h 8s] and won ($5.69) with a full house, Eights full of Jacks
Seat 2: guiaoms (big blind) folded before Flop
Seat 3: Obumbrador folded before Flop (didn't bet)
Seat 4: Georgi Inkov showed [Js Ah] and lost with three of a kind, Jacks
Seat 5: jane235975 folded on the Turn
Seat 6: Dorex2007 folded before Flop (didn't bet)
Seat 7: Almanza63 folded before Flop (didn't bet)
Seat 8: VOGR3 folded before Flop (didn't bet)
Seat 9: Luigiams (button) folded before Flop (didn't bet)



PokerStars Hand #237652554649:  Hold'em No Limit ($0.02/$0.05 USD) - 2022/07/28 19:38:17 PT [2022/07/28 22:38:17 ET]
Table 'Probitas II' 9-max Seat #1 is the button
Seat 1: SMUTJAN72 ($5.69 in chips) 
Seat 2: guiaoms ($3.40 in chips) 
Seat 3: Obumbrador ($5.38 in chips) 
Seat 4: Georgi Inkov ($2.20 in chips) 
Seat 5: jane235975 ($3.85 in chips) 
Seat 6: Dorex2007 ($5 in chips) 
Seat 7: Almanza63 ($9.15 in chips) 
Seat 8: VOGR3 ($3.87 in chips) 
Seat 9: Luigiams ($11.99 in chips) 
guiaoms: posts small blind $0.02
Obumbrador: posts big blind $0.05
*** HOLE CARDS ***
Dealt to Dorex2007 [7s 3h]
Georgi Inkov: folds 
jane235975: folds 
Dorex2007 has timed out
Dorex2007: folds 
Almanza63: folds 
VOGR3: folds 
Luigiams: raises $0.05 to $0.10
jane235975 leaves the table
SMUTJAN72: raises $0.15 to $0.25
guiaoms: folds 
Obumbrador: folds 
Luigiams: calls $0.15
*** FLOP *** [Td 3s 8s]
Maxr_2992 joins the table at seat #5 
Luigiams: checks 
SMUTJAN72: checks 
*** TURN *** [Td 3s 8s] [Kc]
Luigiams: checks 
SMUTJAN72: bets $0.15
Luigiams: calls $0.15
*** RIVER *** [Td 3s 8s Kc] [5s]
Luigiams: checks 
SMUTJAN72: bets $0.15
Luigiams: calls $0.15
*** SHOW DOWN ***
SMUTJAN72: shows [Ks Ac] (a pair of Kings)
Luigiams: mucks hand 
SMUTJAN72 collected $1.12 from pot
*** SUMMARY ***
Total pot $1.17 | Rake $0.05 
Board [Td 3s 8s Kc 5s]
Seat 1: SMUTJAN72 (button) showed [Ks Ac] and won ($1.12) with a pair of Kings
Seat 2: guiaoms (small blind) folded before Flop
Seat 3: Obumbrador (big blind) folded before Flop
Seat 4: Georgi Inkov folded before Flop (didn't bet)
Seat 5: jane235975 folded before Flop (didn't bet)
Seat 6: Dorex2007 folded before Flop (didn't bet)
Seat 7: Almanza63 folded before Flop (didn't bet)
Seat 8: VOGR3 folded before Flop (didn't bet)
Seat 9: Luigiams mucked [Kd 9d]



PokerStars Hand #237652565450:  Hold'em No Limit ($0.02/$0.05 USD) - 2022/07/28 19:39:17 PT [2022/07/28 22:39:17 ET]
Table 'Probitas II' 9-max Seat #2 is the button
Seat 1: SMUTJAN72 ($6.26 in chips) 
Seat 2: guiaoms ($3.38 in chips) 
Seat 3: Obumbrador ($5.33 in chips) 
Seat 4: Georgi Inkov ($2.20 in chips) 
Seat 6: Dorex2007 ($5 in chips) 
Seat 7: Almanza63 ($9.15 in chips) 
Seat 8: VOGR3 ($3.87 in chips) 
Seat 9: Luigiams ($11.44 in chips) 
Obumbrador: posts small blind $0.02
Georgi Inkov: posts big blind $0.05
Maxr_2992: sits out 
*** HOLE CARDS ***
Dealt to Dorex2007 [Jh Qd]
Dorex2007: folds 
Almanza63: folds 
VOGR3: folds 
Luigiams: calls $0.05
SMUTJAN72: folds 
guiaoms: folds 
Obumbrador: calls $0.03
Georgi Inkov: checks 
*** FLOP *** [9h 8c 9s]
Obumbrador: checks 
Georgi Inkov: checks 
Luigiams: checks 
*** TURN *** [9h 8c 9s] [Ac]
Obumbrador: bets $0.05
Georgi Inkov: folds 
Luigiams: folds 
Uncalled bet ($0.05) returned to Obumbrador
Obumbrador collected $0.14 from pot
Obumbrador: doesn't show hand 
*** SUMMARY ***
Total pot $0.15 | Rake $0.01 
Board [9h 8c 9s Ac]
Seat 1: SMUTJAN72 folded before Flop (didn't bet)
Seat 2: guiaoms (button) folded before Flop (didn't bet)
Seat 3: Obumbrador (small blind) collected ($0.14)
Seat 4: Georgi Inkov (big blind) folded on the Turn
Seat 6: Dorex2007 folded before Flop (didn't bet)
Seat 7: Almanza63 folded before Flop (didn't bet)
Seat 8: VOGR3 folded before Flop (didn't bet)
Seat 9: Luigiams folded on the Turn



PokerStars Hand #237652572369:  Hold'em No Limit ($0.02/$0.05 USD) - 2022/07/28 19:39:56 PT [2022/07/28 22:39:56 ET]
Table 'Probitas II' 9-max Seat #3 is the button
Seat 1: SMUTJAN72 ($6.26 in chips) 
Seat 2: guiaoms ($3.38 in chips) 
Seat 3: Obumbrador ($5.42 in chips) 
Seat 4: Georgi Inkov ($2.15 in chips) 
Seat 5: Maxr_2992 ($5 in chips) 
Seat 6: Dorex2007 ($5 in chips) 
Seat 7: Almanza63 ($9.15 in chips) 
Seat 8: VOGR3 ($3.87 in chips) 
Seat 9: Luigiams ($11.39 in chips) 
Georgi Inkov: posts small blind $0.02
Maxr_2992: posts big blind $0.05
*** HOLE CARDS ***
Dealt to Dorex2007 [9h 4h]
Dorex2007: folds 
Almanza63: folds 
VOGR3: calls $0.05
Luigiams: folds 
SMUTJAN72: folds 
guiaoms: folds 
Obumbrador: raises $0.15 to $0.20
Georgi Inkov: calls $0.18
Maxr_2992: folds 
VOGR3: calls $0.15
*** FLOP *** [Qd Tc Js]
Georgi Inkov: checks 
VOGR3: checks 
Obumbrador: bets $0.31
Georgi Inkov: folds 
VOGR3: folds 
Uncalled bet ($0.31) returned to Obumbrador
Obumbrador collected $0.62 from pot
Obumbrador: doesn't show hand 
*** SUMMARY ***
Total pot $0.65 | Rake $0.03 
Board [Qd Tc Js]
Seat 1: SMUTJAN72 folded before Flop (didn't bet)
Seat 2: guiaoms folded before Flop (didn't bet)
Seat 3: Obumbrador (button) collected ($0.62)
Seat 4: Georgi Inkov (small blind) folded on the Flop
Seat 5: Maxr_2992 (big blind) folded before Flop
Seat 6: Dorex2007 folded before Flop (didn't bet)
Seat 7: Almanza63 folded before Flop (didn't bet)
Seat 8: VOGR3 folded on the Flop
Seat 9: Luigiams folded before Flop (didn't bet)



PokerStars Hand #237652580383:  Hold'em No Limit ($0.02/$0.05 USD) - 2022/07/28 19:40:41 PT [2022/07/28 22:40:41 ET]
Table 'Probitas II' 9-max Seat #4 is the button
Seat 1: SMUTJAN72 ($6.26 in chips) 
Seat 2: guiaoms ($3.38 in chips) 
Seat 3: Obumbrador ($5.84 in chips) 
Seat 4: Georgi Inkov ($1.95 in chips) 
Seat 5: Maxr_2992 ($4.95 in chips) 
Seat 6: Dorex2007 ($5 in chips) 
Seat 7: Almanza63 ($9.15 in chips) 
Seat 8: VOGR3 ($3.67 in chips) 
Seat 9: Luigiams ($11.39 in chips) 
Maxr_2992: posts small blind $0.02
Dorex2007: posts big blind $0.05
*** HOLE CARDS ***
Dealt to Dorex2007 [Qs 6d]
Almanza63: folds 
VOGR3: folds 
Luigiams: folds 
SMUTJAN72: folds 
guiaoms: folds 
Obumbrador: folds 
Georgi Inkov: folds 
Maxr_2992: calls $0.03
Dorex2007: checks 
*** FLOP *** [8h Ks 6c]
Maxr_2992: bets $0.15
Dorex2007: folds 
Uncalled bet ($0.15) returned to Maxr_2992
Maxr_2992 collected $0.10 from pot
Maxr_2992: doesn't show hand 
*** SUMMARY ***
Total pot $0.10 | Rake $0 
Board [8h Ks 6c]
Seat 1: SMUTJAN72 folded before Flop (didn't bet)
Seat 2: guiaoms folded before Flop (didn't bet)
Seat 3: Obumbrador folded before Flop (didn't bet)
Seat 4: Georgi Inkov (button) folded before Flop (didn't bet)
Seat 5: Maxr_2992 (small blind) collected ($0.10)
Seat 6: Dorex2007 (big blind) folded on the Flop
Seat 7: Almanza63 folded before Flop (didn't bet)
Seat 8: VOGR3 folded before Flop (didn't bet)
Seat 9: Luigiams folded before Flop (didn't bet)



PokerStars Hand #237652585960:  Hold'em No Limit ($0.02/$0.05 USD) - 2022/07/28 19:41:12 PT [2022/07/28 22:41:12 ET]
Table 'Probitas II' 9-max Seat #5 is the button
Seat 1: SMUTJAN72 ($6.26 in chips) 
Seat 2: guiaoms ($3.38 in chips) 
Seat 3: Obumbrador ($5.84 in chips) 
Seat 4: Georgi Inkov ($1.95 in chips) 
Seat 5: Maxr_2992 ($5 in chips) 
Seat 6: Dorex2007 ($5 in chips) 
Seat 7: Almanza63 ($9.15 in chips) 
Seat 8: VOGR3 ($3.67 in chips) 
Seat 9: Luigiams ($11.39 in chips) 
Dorex2007: posts small blind $0.02
Almanza63: posts big blind $0.05
*** HOLE CARDS ***
Dealt to Dorex2007 [2s 6h]
VOGR3: folds 
Luigiams: calls $0.05
SMUTJAN72: folds 
guiaoms: folds 
Obumbrador: folds 
Georgi Inkov: folds 
Maxr_2992: folds 
Dorex2007: folds 
Almanza63: checks 
*** FLOP *** [Ah 7c 5s]
Almanza63: checks 
Luigiams: bets $0.05
Almanza63: folds 
Uncalled bet ($0.05) returned to Luigiams
Luigiams collected $0.12 from pot
*** SUMMARY ***
Total pot $0.12 | Rake $0 
Board [Ah 7c 5s]
Seat 1: SMUTJAN72 folded before Flop (didn't bet)
Seat 2: guiaoms folded before Flop (didn't bet)
Seat 3: Obumbrador folded before Flop (didn't bet)
Seat 4: Georgi Inkov folded before Flop (didn't bet)
Seat 5: Maxr_2992 (button) folded before Flop (didn't bet)
Seat 6: Dorex2007 (small blind) folded before Flop
Seat 7: Almanza63 (big blind) folded on the Flop
Seat 8: VOGR3 folded before Flop (didn't bet)
Seat 9: Luigiams collected ($0.12)



PokerStars Hand #237652591678:  Hold'em No Limit ($0.02/$0.05 USD) - 2022/07/28 19:41:44 PT [2022/07/28 22:41:44 ET]
Table 'Probitas II' 9-max Seat #6 is the button
Seat 1: SMUTJAN72 ($6.26 in chips) 
Seat 2: guiaoms ($3.38 in chips) 
Seat 3: Obumbrador ($5.84 in chips) 
Seat 4: Georgi Inkov ($1.95 in chips) 
Seat 5: Maxr_2992 ($5 in chips) 
Seat 6: Dorex2007 ($5 in chips) 
Seat 7: Almanza63 ($9.10 in chips) 
Seat 8: VOGR3 ($3.67 in chips) 
Seat 9: Luigiams ($11.46 in chips) 
Almanza63: posts small blind $0.02
VOGR3: posts big blind $0.05
*** HOLE CARDS ***
Dealt to Dorex2007 [5h Ah]
Luigiams: folds 
SMUTJAN72: folds 
guiaoms: raises $0.10 to $0.15
Obumbrador: calls $0.15
Georgi Inkov: folds 
Maxr_2992: folds 
Dorex2007: calls $0.15
Almanza63: folds 
VOGR3: folds 
*** FLOP *** [Th 4c 2h]
guiaoms: checks 
Obumbrador: bets $0.25
Dorex2007: calls $0.25
guiaoms: folds 
*** TURN *** [Th 4c 2h] [4d]
Obumbrador: bets $0.49
Dorex2007: calls $0.49
*** RIVER *** [Th 4c 2h 4d] [9c]
Obumbrador: bets $0.96
Dorex2007: folds 
Uncalled bet ($0.96) returned to Obumbrador
Obumbrador collected $1.92 from pot
Obumbrador: doesn't show hand 
*** SUMMARY ***
Total pot $2 | Rake $0.08 
Board [Th 4c 2h 4d 9c]
Seat 1: SMUTJAN72 folded before Flop (didn't bet)
Seat 2: guiaoms folded on the Flop
Seat 3: Obumbrador collected ($1.92)
Seat 4: Georgi Inkov folded before Flop (didn't bet)
Seat 5: Maxr_2992 folded before Flop (didn't bet)
Seat 6: Dorex2007 (button) folded on the River
Seat 7: Almanza63 (small blind) folded before Flop
Seat 8: VOGR3 (big blind) folded before Flop
Seat 9: Luigiams folded before Flop (didn't bet)



PokerStars Hand #237652600931:  Hold'em No Limit ($0.02/$0.05 USD) - 2022/07/28 19:42:37 PT [2022/07/28 22:42:37 ET]
Table 'Probitas II' 9-max Seat #7 is the button
Seat 1: SMUTJAN72 ($6.26 in chips) 
Seat 2: guiaoms ($3.23 in chips) 
Seat 3: Obumbrador ($6.87 in chips) 
Seat 4: Georgi Inkov ($1.95 in chips) 
Seat 5: Maxr_2992 ($5 in chips) 
Seat 6: Dorex2007 ($5 in chips) 
Seat 7: Almanza63 ($9.08 in chips) 
Seat 8: VOGR3 ($3.62 in chips) 
Seat 9: Luigiams ($11.46 in chips) 
VOGR3: posts small blind $0.02
Luigiams: posts big blind $0.05
*** HOLE CARDS ***
Dealt to Dorex2007 [7d 2s]
SMUTJAN72: folds 
guiaoms: folds 
Obumbrador: folds 
Georgi Inkov: folds 
Maxr_2992: folds 
Dorex2007: folds 
Almanza63: folds 
VOGR3: folds 
Uncalled bet ($0.03) returned to Luigiams
Luigiams collected $0.04 from pot
*** SUMMARY ***
Total pot $0.04 | Rake $0 
Seat 1: SMUTJAN72 folded before Flop (didn't bet)
Seat 2: guiaoms folded before Flop (didn't bet)
Seat 3: Obumbrador folded before Flop (didn't bet)
Seat 4: Georgi Inkov folded before Flop (didn't bet)
Seat 5: Maxr_2992 folded before Flop (didn't bet)
Seat 6: Dorex2007 folded before Flop (didn't bet)
Seat 7: Almanza63 (button) folded before Flop (didn't bet)
Seat 8: VOGR3 (small blind) folded before Flop
Seat 9: Luigiams (big blind) collected ($0.04)



PokerStars Hand #237652604210:  Hold'em No Limit ($0.02/$0.05 USD) - 2022/07/28 19:42:55 PT [2022/07/28 22:42:55 ET]
Table 'Probitas II' 9-max Seat #8 is the button
Seat 1: SMUTJAN72 ($6.26 in chips) 
Seat 2: guiaoms ($3.23 in chips) 
Seat 3: Obumbrador ($6.87 in chips) 
Seat 4: Georgi Inkov ($1.95 in chips) 
Seat 5: Maxr_2992 ($5 in chips) 
Seat 6: Dorex2007 ($5 in chips) 
Seat 7: Almanza63 ($9.08 in chips) 
Seat 8: VOGR3 ($3.60 in chips) 
Seat 9: Luigiams ($11.48 in chips) 
Luigiams: posts small blind $0.02
SMUTJAN72: posts big blind $0.05
*** HOLE CARDS ***
Dealt to Dorex2007 [7h 3c]
guiaoms: folds 
Obumbrador: folds 
Georgi Inkov: folds 
Maxr_2992: folds 
Dorex2007: folds 
Almanza63: raises $0.10 to $0.15
VOGR3: folds 
Luigiams: folds 
SMUTJAN72: folds 
Uncalled bet ($0.10) returned to Almanza63
Almanza63 collected $0.12 from pot
Almanza63: doesn't show hand 
*** SUMMARY ***
Total pot $0.12 | Rake $0 
Seat 1: SMUTJAN72 (big blind) folded before Flop
Seat 2: guiaoms folded before Flop (didn't bet)
Seat 3: Obumbrador folded before Flop (didn't bet)
Seat 4: Georgi Inkov folded before Flop (didn't bet)
Seat 5: Maxr_2992 folded before Flop (didn't bet)
Seat 6: Dorex2007 folded before Flop (didn't bet)
Seat 7: Almanza63 collected ($0.12)
Seat 8: VOGR3 (button) folded before Flop (didn't bet)
Seat 9: Luigiams (small blind) folded before Flop



PokerStars Hand #237652607916:  Hold'em No Limit ($0.02/$0.05 USD) - 2022/07/28 19:43:17 PT [2022/07/28 22:43:17 ET]
Table 'Probitas II' 9-max Seat #9 is the button
Seat 1: SMUTJAN72 ($6.21 in chips) 
Seat 2: guiaoms ($3.23 in chips) 
Seat 3: Obumbrador ($6.87 in chips) 
Seat 4: Georgi Inkov ($1.95 in chips) 
Seat 5: Maxr_2992 ($5 in chips) 
Seat 6: Dorex2007 ($5 in chips) 
Seat 7: Almanza63 ($9.15 in chips) 
Seat 8: VOGR3 ($3.60 in chips) 
Seat 9: Luigiams ($11.46 in chips) 
SMUTJAN72: posts small blind $0.02
guiaoms: posts big blind $0.05
*** HOLE CARDS ***
Dealt to Dorex2007 [7d Ks]
Obumbrador: folds 
Georgi Inkov: folds 
Maxr_2992 has timed out
Maxr_2992: folds 
Dorex2007: folds 
Almanza63: folds 
VOGR3: folds 
Luigiams: raises $0.05 to $0.10
SMUTJAN72: folds 
guiaoms: folds 
Uncalled bet ($0.05) returned to Luigiams
Luigiams collected $0.12 from pot
*** SUMMARY ***
Total pot $0.12 | Rake $0 
Seat 1: SMUTJAN72 (small blind) folded before Flop
Seat 2: guiaoms (big blind) folded before Flop
Seat 3: Obumbrador folded before Flop (didn't bet)
Seat 4: Georgi Inkov folded before Flop (didn't bet)
Seat 5: Maxr_2992 folded before Flop (didn't bet)
Seat 6: Dorex2007 folded before Flop (didn't bet)
Seat 7: Almanza63 folded before Flop (didn't bet)
Seat 8: VOGR3 folded before Flop (didn't bet)
Seat 9: Luigiams (button) collected ($0.12)



PokerStars Hand #237652614100:  Hold'em No Limit ($0.02/$0.05 USD) - 2022/07/28 19:43:52 PT [2022/07/28 22:43:52 ET]
Table 'Probitas II' 9-max Seat #1 is the button
Seat 1: SMUTJAN72 ($6.19 in chips) 
Seat 2: guiaoms ($3.18 in chips) 
Seat 3: Obumbrador ($6.87 in chips) 
Seat 4: Georgi Inkov ($1.95 in chips) 
Seat 6: Dorex2007 ($5 in chips) 
Seat 7: Almanza63 ($9.15 in chips) 
Seat 8: VOGR3 ($3.60 in chips) 
Seat 9: Luigiams ($11.53 in chips) 
guiaoms: posts small blind $0.02
Obumbrador: posts big blind $0.05
*** HOLE CARDS ***
Dealt to Dorex2007 [7c 6h]
Georgi Inkov: folds 
Dorex2007: folds 
Almanza63: folds 
VOGR3: folds 
Luigiams: folds 
SMUTJAN72: folds 
guiaoms: raises $0.05 to $0.10
Obumbrador: calls $0.05
*** FLOP *** [4s Td 8d]
guiaoms: bets $0.10
Obumbrador: folds 
Uncalled bet ($0.10) returned to guiaoms
guiaoms collected $0.19 from pot
guiaoms: doesn't show hand 
*** SUMMARY ***
Total pot $0.20 | Rake $0.01 
Board [4s Td 8d]
Seat 1: SMUTJAN72 (button) folded before Flop (didn't bet)
Seat 2: guiaoms (small blind) collected ($0.19)
Seat 3: Obumbrador (big blind) folded on the Flop
Seat 4: Georgi Inkov folded before Flop (didn't bet)
Seat 6: Dorex2007 folded before Flop (didn't bet)
Seat 7: Almanza63 folded before Flop (didn't bet)
Seat 8: VOGR3 folded before Flop (didn't bet)
Seat 9: Luigiams folded before Flop (didn't bet)



PokerStars Hand #237652618956:  Hold'em No Limit ($0.02/$0.05 USD) - 2022/07/28 19:44:20 PT [2022/07/28 22:44:20 ET]
Table 'Probitas II' 9-max Seat #2 is the button
Seat 1: SMUTJAN72 ($6.19 in chips) 
Seat 2: guiaoms ($3.27 in chips) 
Seat 3: Obumbrador ($6.77 in chips) 
Seat 4: Georgi Inkov ($1.95 in chips) 
Seat 6: Dorex2007 ($5 in chips) 
Seat 7: Almanza63 ($9.15 in chips) 
Seat 8: VOGR3 ($3.60 in chips) 
Seat 9: Luigiams ($11.53 in chips) 
Obumbrador: posts small blind $0.02
Georgi Inkov: posts big blind $0.05
*** HOLE CARDS ***
Dealt to Dorex2007 [3s Ks]
Dorex2007 has timed out
Dorex2007: folds 
Almanza63: folds 
VOGR3: folds 
Luigiams: raises $0.05 to $0.10
SMUTJAN72: folds 
guiaoms: folds 
Obumbrador: raises $0.25 to $0.35
Georgi Inkov: raises $1.60 to $1.95 and is all-in
Luigiams: folds 
Obumbrador: folds 
Uncalled bet ($1.60) returned to Georgi Inkov
Georgi Inkov collected $0.80 from pot
Georgi Inkov: doesn't show hand 
*** SUMMARY ***
Total pot $0.80 | Rake $0 
Seat 1: SMUTJAN72 folded before Flop (didn't bet)
Seat 2: guiaoms (button) folded before Flop (didn't bet)
Seat 3: Obumbrador (small blind) folded before Flop
Seat 4: Georgi Inkov (big blind) collected ($0.80)
Seat 6: Dorex2007 folded before Flop (didn't bet)
Seat 7: Almanza63 folded before Flop (didn't bet)
Seat 8: VOGR3 folded before Flop (didn't bet)
Seat 9: Luigiams folded before Flop



PokerStars Hand #237652632847:  Hold'em No Limit ($0.02/$0.05 USD) - 2022/07/28 19:45:06 PT [2022/07/28 22:45:06 ET]
Table 'Probitas II' 9-max Seat #3 is the button
Seat 1: SMUTJAN72 ($6.19 in chips) 
Seat 2: guiaoms ($3.27 in chips) 
Seat 3: Obumbrador ($6.42 in chips) 
Seat 4: Georgi Inkov ($2.40 in chips) 
Seat 6: Dorex2007 ($5 in chips) 
Seat 7: Almanza63 ($9.15 in chips) 
Seat 8: VOGR3 ($3.60 in chips) 
Seat 9: Luigiams ($11.43 in chips) 
Georgi Inkov: posts small blind $0.02
Dorex2007: posts big blind $0.05
*** HOLE CARDS ***
Dealt to Dorex2007 [Ks 3c]
Almanza63: folds 
VOGR3: folds 
Luigiams: folds 
SMUTJAN72: calls $0.05
guiaoms: folds 
Obumbrador: calls $0.05
Georgi Inkov: folds 
Dorex2007: checks 
*** FLOP *** [7s 3d 9c]
Dorex2007: checks 
SMUTJAN72: checks 
Obumbrador: bets $0.10
Dorex2007: folds 
SMUTJAN72: folds 
Uncalled bet ($0.10) returned to Obumbrador
Obumbrador collected $0.16 from pot
Obumbrador: doesn't show hand 
*** SUMMARY ***
Total pot $0.17 | Rake $0.01 
Board [7s 3d 9c]
Seat 1: SMUTJAN72 folded on the Flop
Seat 2: guiaoms folded before Flop (didn't bet)
Seat 3: Obumbrador (button) collected ($0.16)
Seat 4: Georgi Inkov (small blind) folded before Flop
Seat 6: Dorex2007 (big blind) folded on the Flop
Seat 7: Almanza63 folded before Flop (didn't bet)
Seat 8: VOGR3 folded before Flop (didn't bet)
Seat 9: Luigiams folded before Flop (didn't bet)



PokerStars Hand #237652645325:  Hold'em No Limit ($0.02/$0.05 USD) - 2022/07/28 19:45:41 PT [2022/07/28 22:45:41 ET]
Table 'Probitas II' 9-max Seat #4 is the button
Seat 1: SMUTJAN72 ($6.14 in chips) 
Seat 2: guiaoms ($3.27 in chips) 
Seat 3: Obumbrador ($6.53 in chips) 
Seat 4: Georgi Inkov ($2.38 in chips) 
Seat 6: Dorex2007 ($5 in chips) 
Seat 7: Almanza63 ($9.15 in chips) 
Seat 8: VOGR3 ($3.60 in chips) 
Seat 9: Luigiams ($11.43 in chips) 
Dorex2007: posts small blind $0.02
Almanza63: posts big blind $0.05
*** HOLE CARDS ***
Dealt to Dorex2007 [As Jh]
VOGR3: folds 
Luigiams: folds 
SMUTJAN72: raises $0.05 to $0.10
guiaoms: folds 
Obumbrador: folds 
Georgi Inkov: calls $0.10
Dorex2007: calls $0.08
Almanza63: folds 
*** FLOP *** [Jd Kh 6s]
Dorex2007: checks 
SMUTJAN72: bets $0.17
Georgi Inkov: folds 
Dorex2007: calls $0.17
*** TURN *** [Jd Kh 6s] [3s]
Dorex2007: checks 
SMUTJAN72: bets $0.20
Dorex2007: calls $0.20
*** RIVER *** [Jd Kh 6s 3s] [2c]
Dorex2007: bets $0.20
SMUTJAN72: calls $0.20
*** SHOW DOWN ***
Dorex2007: shows [As Jh] (a pair of Jacks)
SMUTJAN72: shows [Ks Qd] (a pair of Kings)
SMUTJAN72 collected $1.43 from pot
*** SUMMARY ***
Total pot $1.49 | Rake $0.06 
Board [Jd Kh 6s 3s 2c]
Seat 1: SMUTJAN72 showed [Ks Qd] and won ($1.43) with a pair of Kings
Seat 2: guiaoms folded before Flop (didn't bet)
Seat 3: Obumbrador folded before Flop (didn't bet)
Seat 4: Georgi Inkov (button) folded on the Flop
Seat 6: Dorex2007 (small blind) showed [As Jh] and lost with a pair of Jacks
Seat 7: Almanza63 (big blind) folded before Flop
Seat 8: VOGR3 folded before Flop (didn't bet)
Seat 9: Luigiams folded before Flop (didn't bet)



PokerStars Hand #237652657301:  Hold'em No Limit ($0.02/$0.05 USD) - 2022/07/28 19:46:52 PT [2022/07/28 22:46:52 ET]
Table 'Probitas II' 9-max Seat #6 is the button
Seat 1: SMUTJAN72 ($6.90 in chips) 
Seat 2: guiaoms ($3.27 in chips) 
Seat 3: Obumbrador ($6.53 in chips) 
Seat 4: Georgi Inkov ($2.28 in chips) 
Seat 6: Dorex2007 ($5 in chips) 
Seat 7: Almanza63 ($9.10 in chips) 
Seat 8: VOGR3 ($3.60 in chips) 
Seat 9: Luigiams ($11.43 in chips) 
Almanza63: posts small blind $0.02
VOGR3: posts big blind $0.05
Maxr_2992: sits out 
*** HOLE CARDS ***
Dealt to Dorex2007 [3d 9h]
Luigiams: raises $0.05 to $0.10
SMUTJAN72: folds 
guiaoms: folds 
Obumbrador: folds 
Georgi Inkov: folds 
Dorex2007: folds 
Almanza63: folds 
VOGR3: folds 
Uncalled bet ($0.05) returned to Luigiams
Luigiams collected $0.12 from pot
*** SUMMARY ***
Total pot $0.12 | Rake $0 
Seat 1: SMUTJAN72 folded before Flop (didn't bet)
Seat 2: guiaoms folded before Flop (didn't bet)
Seat 3: Obumbrador folded before Flop (didn't bet)
Seat 4: Georgi Inkov folded before Flop (didn't bet)
Seat 6: Dorex2007 (button) folded before Flop (didn't bet)
Seat 7: Almanza63 (small blind) folded before Flop
Seat 8: VOGR3 (big blind) folded before Flop
Seat 9: Luigiams collected ($0.12)



PokerStars Hand #237652660411:  Hold'em No Limit ($0.02/$0.05 USD) - 2022/07/28 19:47:11 PT [2022/07/28 22:47:11 ET]
Table 'Probitas II' 9-max Seat #7 is the button
Seat 1: SMUTJAN72 ($6.90 in chips) 
Seat 2: guiaoms ($3.27 in chips) 
Seat 3: Obumbrador ($6.53 in chips) 
Seat 4: Georgi Inkov ($2.28 in chips) 
Seat 5: Maxr_2992 ($5 in chips) 
Seat 6: Dorex2007 ($5 in chips) 
Seat 7: Almanza63 ($9.08 in chips) 
Seat 8: VOGR3 ($3.55 in chips) 
Seat 9: Luigiams ($11.50 in chips) 
VOGR3: posts small blind $0.02
Luigiams: posts big blind $0.05
Maxr_2992: posts small & big blinds $0.07
*** HOLE CARDS ***
Dealt to Dorex2007 [Ad Kc]
SMUTJAN72: folds 
guiaoms: raises $0.10 to $0.15
Obumbrador: folds 
Georgi Inkov: calls $0.15
Maxr_2992: folds 
Dorex2007: calls $0.15
Almanza63: folds 
VOGR3: folds 
Luigiams: folds 
*** FLOP *** [5c Kd Tc]
guiaoms: checks 
Georgi Inkov: checks 
Dorex2007: bets $0.28
guiaoms: calls $0.28
Georgi Inkov: folds 
*** TURN *** [5c Kd Tc] [5d]
guiaoms: checks 
Dorex2007: bets $1.10
guiaoms: raises $1.10 to $2.20
Dorex2007: calls $1.10
*** RIVER *** [5c Kd Tc 5d] [Ks]
guiaoms: checks 
Dorex2007: bets $0.70
guiaoms: calls $0.64 and is all-in
Uncalled bet ($0.06) returned to Dorex2007
*** SHOW DOWN ***
Dorex2007: shows [Ad Kc] (a full house, Kings full of Fives)
guiaoms: shows [Ah Ac] (two pair, Aces and Kings)
Dorex2007 collected $6.55 from pot
*** SUMMARY ***
Total pot $6.83 | Rake $0.28 
Board [5c Kd Tc 5d Ks]
Seat 1: SMUTJAN72 folded before Flop (didn't bet)
Seat 2: guiaoms showed [Ah Ac] and lost with two pair, Aces and Kings
Seat 3: Obumbrador folded before Flop (didn't bet)
Seat 4: Georgi Inkov folded on the Flop
Seat 5: Maxr_2992 folded before Flop (didn't bet)
Seat 6: Dorex2007 showed [Ad Kc] and won ($6.55) with a full house, Kings full of Fives
Seat 7: Almanza63 (button) folded before Flop (didn't bet)
Seat 8: VOGR3 (small blind) folded before Flop
Seat 9: Luigiams (big blind) folded before Flop



PokerStars Hand #237652675366:  Hold'em No Limit ($0.02/$0.05 USD) - 2022/07/28 19:48:40 PT [2022/07/28 22:48:40 ET]
Table 'Probitas II' 9-max Seat #8 is the button
Seat 1: SMUTJAN72 ($6.90 in chips) 
Seat 3: Obumbrador ($6.53 in chips) 
Seat 4: Georgi Inkov ($2.13 in chips) 
Seat 5: Maxr_2992 ($4.93 in chips) 
Seat 6: Dorex2007 ($8.28 in chips) 
Seat 7: Almanza63 ($9.08 in chips) 
Seat 8: VOGR3 ($3.53 in chips) 
Seat 9: Luigiams ($11.45 in chips) 
Luigiams: posts small blind $0.02
SMUTJAN72: posts big blind $0.05
*** HOLE CARDS ***
Dealt to Dorex2007 [2h 9d]
Obumbrador: raises $0.05 to $0.10
guiaoms leaves the table
Georgi Inkov: raises $0.05 to $0.15
Maxr_2992: folds 
Dorex2007: calls $0.15
Almanza63: folds 
VOGR3: folds 
Luigiams: folds 
SMUTJAN72: folds 
Obumbrador: calls $0.05
*** FLOP *** [Tc Ks Ac]
Obumbrador: checks 
Georgi Inkov: bets $0.25
Dorex2007: folds 
Obumbrador: calls $0.25
*** TURN *** [Tc Ks Ac] [Kd]
Obumbrador: checks 
Georgi Inkov: bets $1.73 and is all-in
Obumbrador: folds 
Uncalled bet ($1.73) returned to Georgi Inkov
Georgi Inkov collected $0.98 from pot
Georgi Inkov: doesn't show hand 
*** SUMMARY ***
Total pot $1.02 | Rake $0.04 
Board [Tc Ks Ac Kd]
Seat 1: SMUTJAN72 (big blind) folded before Flop
Seat 3: Obumbrador folded on the Turn
Seat 4: Georgi Inkov collected ($0.98)
Seat 5: Maxr_2992 folded before Flop (didn't bet)
Seat 6: Dorex2007 folded on the Flop
Seat 7: Almanza63 folded before Flop (didn't bet)
Seat 8: VOGR3 (button) folded before Flop (didn't bet)
Seat 9: Luigiams (small blind) folded before Flop



PokerStars Hand #237652683766:  Hold'em No Limit ($0.02/$0.05 USD) - 2022/07/28 19:49:30 PT [2022/07/28 22:49:30 ET]
Table 'Probitas II' 9-max Seat #9 is the button
Seat 1: SMUTJAN72 ($6.85 in chips) 
Seat 3: Obumbrador ($6.13 in chips) 
Seat 4: Georgi Inkov ($2.71 in chips) 
Seat 5: Maxr_2992 ($4.93 in chips) 
Seat 6: Dorex2007 ($8.13 in chips) 
Seat 7: Almanza63 ($9.08 in chips) 
Seat 8: VOGR3 ($3.53 in chips) 
Seat 9: Luigiams ($11.43 in chips) 
SMUTJAN72: posts small blind $0.02
Obumbrador: posts big blind $0.05
*** HOLE CARDS ***
Dealt to Dorex2007 [Td 6d]
Georgi Inkov: folds 
Maxr_2992: raises $0.05 to $0.10
Dorex2007: folds 
Almanza63: folds 
VOGR3: folds 
Luigiams: folds 
SMUTJAN72: folds 
Obumbrador: calls $0.05
*** FLOP *** [9d Th 3c]
Obumbrador: checks 
Maxr_2992: bets $0.10
Obumbrador: folds 
Uncalled bet ($0.10) returned to Maxr_2992
Maxr_2992 collected $0.21 from pot
Maxr_2992: doesn't show hand 
*** SUMMARY ***
Total pot $0.22 | Rake $0.01 
Board [9d Th 3c]
Seat 1: SMUTJAN72 (small blind) folded before Flop
Seat 3: Obumbrador (big blind) folded on the Flop
Seat 4: Georgi Inkov folded before Flop (didn't bet)
Seat 5: Maxr_2992 collected ($0.21)
Seat 6: Dorex2007 folded before Flop (didn't bet)
Seat 7: Almanza63 folded before Flop (didn't bet)
Seat 8: VOGR3 folded before Flop (didn't bet)
Seat 9: Luigiams (button) folded before Flop (didn't bet)



PokerStars Hand #237652688419:  Hold'em No Limit ($0.02/$0.05 USD) - 2022/07/28 19:49:57 PT [2022/07/28 22:49:57 ET]
Table 'Probitas II' 9-max Seat #1 is the button
Seat 1: SMUTJAN72 ($6.83 in chips) 
Seat 3: Obumbrador ($6.03 in chips) 
Seat 4: Georgi Inkov ($2.71 in chips) 
Seat 5: Maxr_2992 ($5.04 in chips) 
Seat 6: Dorex2007 ($8.13 in chips) 
Seat 7: Almanza63 ($9.08 in chips) 
Seat 8: VOGR3 ($3.53 in chips) 
Seat 9: Luigiams ($11.43 in chips) 
Obumbrador: posts small blind $0.02
Georgi Inkov: posts big blind $0.05
*** HOLE CARDS ***
Dealt to Dorex2007 [Td 3c]
Maxr_2992: calls $0.05
Dorex2007: folds 
Almanza63: folds 
VOGR3: folds 
Luigiams: raises $0.15 to $0.20
SMUTJAN72: folds 
Obumbrador: folds 
Georgi Inkov: folds 
Maxr_2992: calls $0.15
*** FLOP *** [Jh Kh 4s]
Maxr_2992: checks 
Luigiams: bets $0.20
Maxr_2992: folds 
Uncalled bet ($0.20) returned to Luigiams
Luigiams collected $0.45 from pot
*** SUMMARY ***
Total pot $0.47 | Rake $0.02 
Board [Jh Kh 4s]
Seat 1: SMUTJAN72 (button) folded before Flop (didn't bet)
Seat 3: Obumbrador (small blind) folded before Flop
Seat 4: Georgi Inkov (big blind) folded before Flop
Seat 5: Maxr_2992 folded on the Flop
Seat 6: Dorex2007 folded before Flop (didn't bet)
Seat 7: Almanza63 folded before Flop (didn't bet)
Seat 8: VOGR3 folded before Flop (didn't bet)
Seat 9: Luigiams collected ($0.45)



PokerStars Hand #237652692640:  Hold'em No Limit ($0.02/$0.05 USD) - 2022/07/28 19:50:23 PT [2022/07/28 22:50:23 ET]
Table 'Probitas II' 9-max Seat #3 is the button
Seat 1: SMUTJAN72 ($6.83 in chips) 
Seat 3: Obumbrador ($6.01 in chips) 
Seat 4: Georgi Inkov ($2.66 in chips) 
Seat 5: Maxr_2992 ($4.84 in chips) 
Seat 6: Dorex2007 ($8.13 in chips) 
Seat 7: Almanza63 ($9.08 in chips) 
Seat 8: VOGR3 ($3.53 in chips) 
Seat 9: Luigiams ($11.68 in chips) 
Georgi Inkov: posts small blind $0.02
Maxr_2992: posts big blind $0.05
*** HOLE CARDS ***
Dealt to Dorex2007 [7s 2h]
Dorex2007: folds 
Almanza63: folds 
VOGR3: folds 
Luigiams: folds 
SMUTJAN72: folds 
Obumbrador: folds 
Georgi Inkov: calls $0.03
Maxr_2992: checks 
*** FLOP *** [4s 4c Kh]
Georgi Inkov: checks 
Maxr_2992: bets $0.10
Georgi Inkov: folds 
Uncalled bet ($0.10) returned to Maxr_2992
Maxr_2992 collected $0.10 from pot
Maxr_2992: doesn't show hand 
*** SUMMARY ***
Total pot $0.10 | Rake $0 
Board [4s 4c Kh]
Seat 1: SMUTJAN72 folded before Flop (didn't bet)
Seat 3: Obumbrador (button) folded before Flop (didn't bet)
Seat 4: Georgi Inkov (small blind) folded on the Flop
Seat 5: Maxr_2992 (big blind) collected ($0.10)
Seat 6: Dorex2007 folded before Flop (didn't bet)
Seat 7: Almanza63 folded before Flop (didn't bet)
Seat 8: VOGR3 folded before Flop (didn't bet)
Seat 9: Luigiams folded before Flop (didn't bet)



PokerStars Hand #237652696464:  Hold'em No Limit ($0.02/$0.05 USD) - 2022/07/28 19:50:45 PT [2022/07/28 22:50:45 ET]
Table 'Probitas II' 9-max Seat #4 is the button
Seat 1: SMUTJAN72 ($6.83 in chips) 
Seat 3: Obumbrador ($6.01 in chips) 
Seat 4: Georgi Inkov ($2.61 in chips) 
Seat 5: Maxr_2992 ($4.89 in chips) 
Seat 6: Dorex2007 ($8.13 in chips) 
Seat 7: Almanza63 ($9.08 in chips) 
Seat 8: VOGR3 ($3.53 in chips) 
Seat 9: Luigiams ($11.68 in chips) 
Maxr_2992: posts small blind $0.02
Dorex2007: posts big blind $0.05
*** HOLE CARDS ***
Dealt to Dorex2007 [9c Ad]
Almanza63: folds 
VOGR3: folds 
Luigiams: calls $0.05
SMUTJAN72: folds 
Obumbrador: folds 
Georgi Inkov: folds 
Maxr_2992: calls $0.03
Dorex2007: checks 
*** FLOP *** [5h 5c 3h]
Maxr_2992: bets $0.15
Dorex2007: folds 
Luigiams: folds 
Uncalled bet ($0.15) returned to Maxr_2992
Maxr_2992 collected $0.14 from pot
Maxr_2992: doesn't show hand 
*** SUMMARY ***
Total pot $0.15 | Rake $0.01 
Board [5h 5c 3h]
Seat 1: SMUTJAN72 folded before Flop (didn't bet)
Seat 3: Obumbrador folded before Flop (didn't bet)
Seat 4: Georgi Inkov (button) folded before Flop (didn't bet)
Seat 5: Maxr_2992 (small blind) collected ($0.14)
Seat 6: Dorex2007 (big blind) folded on the Flop
Seat 7: Almanza63 folded before Flop (didn't bet)
Seat 8: VOGR3 folded before Flop (didn't bet)
Seat 9: Luigiams folded on the Flop



PokerStars Hand #237652701012:  Hold'em No Limit ($0.02/$0.05 USD) - 2022/07/28 19:51:12 PT [2022/07/28 22:51:12 ET]
Table 'Probitas II' 9-max Seat #5 is the button
Seat 1: SMUTJAN72 ($6.83 in chips) 
Seat 3: Obumbrador ($6.01 in chips) 
Seat 4: Georgi Inkov ($2.61 in chips) 
Seat 5: Maxr_2992 ($4.98 in chips) 
Seat 6: Dorex2007 ($8.08 in chips) 
Seat 7: Almanza63 ($9.08 in chips) 
Seat 8: VOGR3 ($3.53 in chips) 
Seat 9: Luigiams ($11.63 in chips) 
Dorex2007: posts small blind $0.02
Almanza63: posts big blind $0.05
*** HOLE CARDS ***
Dealt to Dorex2007 [8s 5h]
VOGR3: folds 
Luigiams: folds 
SMUTJAN72: folds 
Obumbrador: raises $0.05 to $0.10
Georgi Inkov: folds 
Maxr_2992: folds 
Dorex2007: folds 
POTENTIAL_24 joins the table at seat #2 
Almanza63: calls $0.05
*** FLOP *** [4s 2d 6d]
POTENTIAL_24 leaves the table
Almanza63: checks 
Obumbrador: checks 
*** TURN *** [4s 2d 6d] [2c]
felipe.se857 joins the table at seat #2 
Almanza63: checks 
Obumbrador: checks 
*** RIVER *** [4s 2d 6d 2c] [6c]
Almanza63: checks 
Obumbrador: bets $0.10
Almanza63: folds 
Uncalled bet ($0.10) returned to Obumbrador
Obumbrador collected $0.21 from pot
Obumbrador: doesn't show hand 
*** SUMMARY ***
Total pot $0.22 | Rake $0.01 
Board [4s 2d 6d 2c 6c]
Seat 1: SMUTJAN72 folded before Flop (didn't bet)
Seat 3: Obumbrador collected ($0.21)
Seat 4: Georgi Inkov folded before Flop (didn't bet)
Seat 5: Maxr_2992 (button) folded before Flop (didn't bet)
Seat 6: Dorex2007 (small blind) folded before Flop
Seat 7: Almanza63 (big blind) folded on the River
Seat 8: VOGR3 folded before Flop (didn't bet)
Seat 9: Luigiams folded before Flop (didn't bet)



PokerStars Hand #237652719744:  Hold'em No Limit ($0.02/$0.05 USD) - 2022/07/28 19:52:34 PT [2022/07/28 22:52:34 ET]
Table 'Probitas II' 9-max Seat #6 is the button
Seat 1: SMUTJAN72 ($6.83 in chips) 
Seat 2: felipe.se857 ($5 in chips) 
Seat 3: Obumbrador ($6.12 in chips) 
Seat 4: Georgi Inkov ($2.61 in chips) 
Seat 5: Maxr_2992 ($4.98 in chips) 
Seat 6: Dorex2007 ($8.06 in chips) 
Seat 7: Almanza63 ($8.98 in chips) 
Seat 8: VOGR3 ($3.53 in chips) 
Seat 9: Luigiams ($11.63 in chips) 
Almanza63: posts small blind $0.02
VOGR3: posts big blind $0.05
felipe.se857: posts big blind $0.05
*** HOLE CARDS ***
Dealt to Dorex2007 [8c 9d]
Luigiams: folds 
SMUTJAN72: folds 
felipe.se857: raises $0.12 to $0.17
Obumbrador: folds 
Georgi Inkov: folds 
Maxr_2992: calls $0.17
Dorex2007: folds 
Almanza63: folds 
VOGR3: folds 
*** FLOP *** [4c Ah 8d]
felipe.se857: bets $0.19
Maxr_2992: folds 
Uncalled bet ($0.19) returned to felipe.se857
felipe.se857 collected $0.39 from pot
*** SUMMARY ***
Total pot $0.41 | Rake $0.02 
Board [4c Ah 8d]
Seat 1: SMUTJAN72 folded before Flop (didn't bet)
Seat 2: felipe.se857 collected ($0.39)
Seat 3: Obumbrador folded before Flop (didn't bet)
Seat 4: Georgi Inkov folded before Flop (didn't bet)
Seat 5: Maxr_2992 folded on the Flop
Seat 6: Dorex2007 (button) folded before Flop (didn't bet)
Seat 7: Almanza63 (small blind) folded before Flop
Seat 8: VOGR3 (big blind) folded before Flop
Seat 9: Luigiams folded before Flop (didn't bet)



PokerStars Hand #237652725939:  Hold'em No Limit ($0.02/$0.05 USD) - 2022/07/28 19:53:11 PT [2022/07/28 22:53:11 ET]
Table 'Probitas II' 9-max Seat #7 is the button
Seat 1: SMUTJAN72 ($6.83 in chips) 
Seat 2: felipe.se857 ($5.22 in chips) 
Seat 3: Obumbrador ($6.12 in chips) 
Seat 4: Georgi Inkov ($2.61 in chips) 
Seat 5: Maxr_2992 ($4.81 in chips) 
Seat 6: Dorex2007 ($8.06 in chips) 
Seat 7: Almanza63 ($8.96 in chips) 
Seat 8: VOGR3 ($3.48 in chips) 
Seat 9: Luigiams ($11.63 in chips) 
VOGR3: posts small blind $0.02
Luigiams: posts big blind $0.05
*** HOLE CARDS ***
Dealt to Dorex2007 [Ks Kd]
SMUTJAN72: folds 
felipe.se857: raises $0.12 to $0.17
Obumbrador: calls $0.17
Georgi Inkov: folds 
Maxr_2992: folds 
Dorex2007: raises $0.43 to $0.60
Almanza63: folds 
VOGR3: folds 
Luigiams: calls $0.55
felipe.se857: calls $0.43
Obumbrador: calls $0.43
*** FLOP *** [8s 2s 4c]
Luigiams: checks 
felipe.se857: bets $2.35
Obumbrador: folds 
Dorex2007: folds 
Luigiams: raises $2.35 to $4.70
felipe.se857: calls $2.27 and is all-in
Uncalled bet ($0.08) returned to Luigiams
*** TURN *** [8s 2s 4c] [Tc]
*** RIVER *** [8s 2s 4c Tc] [4h]
*** SHOW DOWN ***
Luigiams: shows [Qc Qs] (two pair, Queens and Fours)
felipe.se857: shows [8c As] (two pair, Eights and Fours)
Luigiams cashed out the hand for $8.27 | Cash Out Fee $0.08
*** SUMMARY ***
Total pot $11.66 | Rake $0.48 
Board [8s 2s 4c Tc 4h]
Seat 1: SMUTJAN72 folded before Flop (didn't bet)
Seat 2: felipe.se857 showed [8c As] and lost with two pair, Eights and Fours
Seat 3: Obumbrador folded on the Flop
Seat 4: Georgi Inkov folded before Flop (didn't bet)
Seat 5: Maxr_2992 folded before Flop (didn't bet)
Seat 6: Dorex2007 folded on the Flop
Seat 7: Almanza63 (button) folded before Flop (didn't bet)
Seat 8: VOGR3 (small blind) folded before Flop
Seat 9: Luigiams (big blind) showed [Qc Qs] and won ($11.18) with two pair, Queens and Fours (pot not awarded as player cashed out)



PokerStars Hand #237652740241:  Hold'em No Limit ($0.02/$0.05 USD) - 2022/07/28 19:54:37 PT [2022/07/28 22:54:37 ET]
Table 'Probitas II' 9-max Seat #8 is the button
Seat 1: SMUTJAN72 ($6.83 in chips) 
Seat 3: Obumbrador ($5.52 in chips) 
Seat 4: Georgi Inkov ($2.61 in chips) 
Seat 5: Maxr_2992 ($4.81 in chips) 
Seat 6: Dorex2007 ($7.46 in chips) 
Seat 7: Almanza63 ($8.96 in chips) 
Seat 8: VOGR3 ($3.46 in chips) 
Seat 9: Luigiams ($14.68 in chips) 
Luigiams: posts small blind $0.02
SMUTJAN72: posts big blind $0.05
*** HOLE CARDS ***
Dealt to Dorex2007 [Ks 4h]
Obumbrador: folds 
Georgi Inkov: folds 
Maxr_2992: calls $0.05
Dorex2007: folds 
Almanza63: raises $0.15 to $0.20
felipe.se857 leaves the table
VOGR3: folds 
Luigiams: folds 
SMUTJAN72: folds 
Maxr_2992: calls $0.15
*** FLOP *** [7d 8h Jd]
Maxr_2992: checks 
Almanza63: bets $0.27
Maxr_2992: folds 
Uncalled bet ($0.27) returned to Almanza63
Almanza63 collected $0.45 from pot
Almanza63: doesn't show hand 
*** SUMMARY ***
Total pot $0.47 | Rake $0.02 
Board [7d 8h Jd]
Seat 1: SMUTJAN72 (big blind) folded before Flop
Seat 3: Obumbrador folded before Flop (didn't bet)
Seat 4: Georgi Inkov folded before Flop (didn't bet)
Seat 5: Maxr_2992 folded on the Flop
Seat 6: Dorex2007 folded before Flop (didn't bet)
Seat 7: Almanza63 collected ($0.45)
Seat 8: VOGR3 (button) folded before Flop (didn't bet)
Seat 9: Luigiams (small blind) folded before Flop



PokerStars Hand #237652747692:  Hold'em No Limit ($0.02/$0.05 USD) - 2022/07/28 19:55:23 PT [2022/07/28 22:55:23 ET]
Table 'Probitas II' 9-max Seat #9 is the button
Seat 1: SMUTJAN72 ($6.78 in chips) 
Seat 3: Obumbrador ($5.52 in chips) 
Seat 4: Georgi Inkov ($2.61 in chips) 
Seat 5: Maxr_2992 ($4.61 in chips) 
Seat 6: Dorex2007 ($7.46 in chips) 
Seat 7: Almanza63 ($9.21 in chips) 
Seat 8: VOGR3 ($3.46 in chips) 
Seat 9: Luigiams ($14.66 in chips) 
SMUTJAN72: posts small blind $0.02
Obumbrador: posts big blind $0.05
*** HOLE CARDS ***
Dealt to Dorex2007 [7h 7d]
Georgi Inkov: folds 
VANDEL67 joins the table at seat #2 
Maxr_2992: folds 
Dorex2007: raises $0.05 to $0.10
Almanza63: calls $0.10
VOGR3: folds 
Luigiams: folds 
SMUTJAN72: calls $0.08
Obumbrador: calls $0.05
*** FLOP *** [Ah 6s Jc]
SMUTJAN72: checks 
Obumbrador: checks 
Dorex2007: checks 
Almanza63: checks 
*** TURN *** [Ah 6s Jc] [Qd]
SMUTJAN72: bets $0.05
Obumbrador: folds 
Dorex2007: folds 
Almanza63: raises $0.20 to $0.25
SMUTJAN72: raises $0.30 to $0.55
Almanza63: calls $0.30
*** RIVER *** [Ah 6s Jc Qd] [7c]
SMUTJAN72: bets $0.72
Almanza63: raises $1.42 to $2.14
SMUTJAN72: raises $3.99 to $6.13 and is all-in
Almanza63: calls $3.99
*** SHOW DOWN ***
SMUTJAN72: shows [Ks Th] (a straight, Ten to Ace)
Almanza63: shows [Kd Td] (a straight, Ten to Ace)
SMUTJAN72 collected $6.60 from pot
Almanza63 collected $6.59 from pot
*** SUMMARY ***
Total pot $13.76 | Rake $0.57 
Board [Ah 6s Jc Qd 7c]
Seat 1: SMUTJAN72 (small blind) showed [Ks Th] and won ($6.60) with a straight, Ten to Ace
Seat 3: Obumbrador (big blind) folded on the Turn
Seat 4: Georgi Inkov folded before Flop (didn't bet)
Seat 5: Maxr_2992 folded before Flop (didn't bet)
Seat 6: Dorex2007 folded on the Turn
Seat 7: Almanza63 showed [Kd Td] and won ($6.59) with a straight, Ten to Ace
Seat 8: VOGR3 folded before Flop (didn't bet)
Seat 9: Luigiams (button) folded before Flop (didn't bet)



PokerStars Hand #237652761979:  Hold'em No Limit ($0.02/$0.05 USD) - 2022/07/28 19:57:05 PT [2022/07/28 22:57:05 ET]
Table 'Probitas II' 9-max Seat #1 is the button
Seat 1: SMUTJAN72 ($6.60 in chips) 
Seat 3: Obumbrador ($5.42 in chips) 
Seat 4: Georgi Inkov ($2.61 in chips) 
Seat 5: Maxr_2992 ($4.61 in chips) 
Seat 6: Dorex2007 ($7.36 in chips) 
Seat 7: Almanza63 ($9.02 in chips) 
Seat 8: VOGR3 ($3.46 in chips) 
Seat 9: Luigiams ($14.66 in chips) 
Obumbrador: posts small blind $0.02
Georgi Inkov: posts big blind $0.05
*** HOLE CARDS ***
Dealt to Dorex2007 [Qd 6c]
Maxr_2992: calls $0.05
Dorex2007: folds 
Almanza63: folds 
VOGR3: calls $0.05
Luigiams: folds 
SMUTJAN72: folds 
Obumbrador: calls $0.03
Georgi Inkov: raises $0.10 to $0.15
Maxr_2992: calls $0.10
VOGR3: calls $0.10
Obumbrador: folds 
*** FLOP *** [Ah Qc Jc]
Georgi Inkov: checks 
Maxr_2992: bets $0.15
VOGR3: calls $0.15
Georgi Inkov: folds 
*** TURN *** [Ah Qc Jc] [4s]
Maxr_2992: bets $0.25
VOGR3: calls $0.25
*** RIVER *** [Ah Qc Jc 4s] [7h]
Maxr_2992: bets $0.65
VOGR3: calls $0.65
*** SHOW DOWN ***
Maxr_2992: shows [Ks Ad] (a pair of Aces)
VOGR3: mucks hand 
Maxr_2992 collected $2.49 from pot
*** SUMMARY ***
Total pot $2.60 | Rake $0.11 
Board [Ah Qc Jc 4s 7h]
Seat 1: SMUTJAN72 (button) folded before Flop (didn't bet)
Seat 3: Obumbrador (small blind) folded before Flop
Seat 4: Georgi Inkov (big blind) folded on the Flop
Seat 5: Maxr_2992 showed [Ks Ad] and won ($2.49) with a pair of Aces
Seat 6: Dorex2007 folded before Flop (didn't bet)
Seat 7: Almanza63 folded before Flop (didn't bet)
Seat 8: VOGR3 mucked [9c Ac]
Seat 9: Luigiams folded before Flop (didn't bet)



PokerStars Hand #237652771788:  Hold'em No Limit ($0.02/$0.05 USD) - 2022/07/28 19:58:15 PT [2022/07/28 22:58:15 ET]
Table 'Probitas II' 9-max Seat #3 is the button
Seat 1: SMUTJAN72 ($6.60 in chips) 
Seat 2: VANDEL67 ($2 in chips) 
Seat 3: Obumbrador ($5.37 in chips) 
Seat 4: Georgi Inkov ($2.46 in chips) 
Seat 5: Maxr_2992 ($5.90 in chips) 
Seat 6: Dorex2007 ($7.36 in chips) 
Seat 7: Almanza63 ($9.02 in chips) 
Seat 8: VOGR3 ($2.26 in chips) 
Seat 9: Luigiams ($14.66 in chips) 
Georgi Inkov: posts small blind $0.02
Maxr_2992: posts big blind $0.05
VANDEL67: posts big blind $0.05
*** HOLE CARDS ***
Dealt to Dorex2007 [9s 5d]
Dorex2007: folds 
Almanza63: folds 
VOGR3: folds 
Luigiams: folds 
SMUTJAN72: folds 
VANDEL67: checks 
Obumbrador: raises $0.17 to $0.22
Georgi Inkov: folds 
Maxr_2992: calls $0.17
VANDEL67: folds 
*** FLOP *** [Ts 4h Qc]
Georgi Inkov leaves the table
Maxr_2992: checks 
Obumbrador: bets $0.24
Maxr_2992: folds 
Uncalled bet ($0.24) returned to Obumbrador
Obumbrador collected $0.49 from pot
Obumbrador: doesn't show hand 
*** SUMMARY ***
Total pot $0.51 | Rake $0.02 
Board [Ts 4h Qc]
Seat 1: SMUTJAN72 folded before Flop (didn't bet)
Seat 2: VANDEL67 folded before Flop (didn't bet)
Seat 3: Obumbrador (button) collected ($0.49)
Seat 4: Georgi Inkov (small blind) folded before Flop
Seat 5: Maxr_2992 (big blind) folded on the Flop
Seat 6: Dorex2007 folded before Flop (didn't bet)
Seat 7: Almanza63 folded before Flop (didn't bet)
Seat 8: VOGR3 folded before Flop (didn't bet)
Seat 9: Luigiams folded before Flop (didn't bet)



PokerStars Hand #237652778203:  Hold'em No Limit ($0.02/$0.05 USD) - 2022/07/28 19:59:01 PT [2022/07/28 22:59:01 ET]
Table 'Probitas II' 9-max Seat #5 is the button
Seat 1: SMUTJAN72 ($6.60 in chips) 
Seat 2: VANDEL67 ($1.95 in chips) 
Seat 3: Obumbrador ($5.64 in chips) 
Seat 5: Maxr_2992 ($5.68 in chips) 
Seat 6: Dorex2007 ($7.36 in chips) 
Seat 7: Almanza63 ($9.02 in chips) 
Seat 8: VOGR3 ($2.26 in chips) 
Seat 9: Luigiams ($14.66 in chips) 
Dorex2007: posts small blind $0.02
Almanza63: posts big blind $0.05
*** HOLE CARDS ***
Dealt to Dorex2007 [Kh Qh]
VOGR3: folds 
Luigiams: calls $0.05
SMUTJAN72: folds 
VANDEL67: folds 
Obumbrador: folds 
Maxr_2992: calls $0.05
Dorex2007: raises $0.15 to $0.20
Almanza63: folds 
Luigiams: folds 
POTENTIAL_24 joins the table at seat #4 
Maxr_2992: folds 
Uncalled bet ($0.15) returned to Dorex2007
Dorex2007 collected $0.20 from pot
Dorex2007: doesn't show hand 
*** SUMMARY ***
Total pot $0.20 | Rake $0 
Seat 1: SMUTJAN72 folded before Flop (didn't bet)
Seat 2: VANDEL67 folded before Flop (didn't bet)
Seat 3: Obumbrador folded before Flop (didn't bet)
Seat 5: Maxr_2992 (button) folded before Flop
Seat 6: Dorex2007 (small blind) collected ($0.20)
Seat 7: Almanza63 (big blind) folded before Flop
Seat 8: VOGR3 folded before Flop (didn't bet)
Seat 9: Luigiams folded before Flop



PokerStars Hand #237652784678:  Hold'em No Limit ($0.02/$0.05 USD) - 2022/07/28 19:59:49 PT [2022/07/28 22:59:49 ET]
Table 'Probitas II' 9-max Seat #6 is the button
Seat 1: SMUTJAN72 ($6.60 in chips) 
Seat 2: VANDEL67 ($1.95 in chips) 
Seat 3: Obumbrador ($5.64 in chips) 
Seat 5: Maxr_2992 ($5.63 in chips) 
Seat 6: Dorex2007 ($7.51 in chips) 
Seat 7: Almanza63 ($8.97 in chips) 
Seat 8: VOGR3 ($2.26 in chips) 
Seat 9: Luigiams ($14.61 in chips) 
Almanza63: posts small blind $0.02
VOGR3: posts big blind $0.05
POTENTIAL_24: sits out 
*** HOLE CARDS ***
Dealt to Dorex2007 [Jd 4d]
Luigiams: calls $0.05
SMUTJAN72: folds 
VANDEL67: calls $0.05
Obumbrador: folds 
Maxr_2992: folds 
Dorex2007 has timed out
Dorex2007: folds 
Almanza63: calls $0.03
VOGR3: checks 
*** FLOP *** [8c Qc As]
Almanza63: checks 
VOGR3: bets $0.15
Luigiams: calls $0.15
VANDEL67: calls $0.15
Almanza63: folds 
*** TURN *** [8c Qc As] [Qd]
VOGR3: checks 
Luigiams: bets $0.10
VANDEL67: calls $0.10
VOGR3: calls $0.10
*** RIVER *** [8c Qc As Qd] [4s]
VOGR3: checks 
Luigiams: checks 
VANDEL67: checks 
*** SHOW DOWN ***
VOGR3: shows [Jh Ad] (two pair, Aces and Queens)
Luigiams: mucks hand 
VANDEL67: mucks hand 
VOGR3 collected $0.91 from pot
*** SUMMARY ***
Total pot $0.95 | Rake $0.04 
Board [8c Qc As Qd 4s]
Seat 1: SMUTJAN72 folded before Flop (didn't bet)
Seat 2: VANDEL67 mucked [Js 9h]
Seat 3: Obumbrador folded before Flop (didn't bet)
Seat 5: Maxr_2992 folded before Flop (didn't bet)
Seat 6: Dorex2007 (button) folded before Flop (didn't bet)
Seat 7: Almanza63 (small blind) folded on the Flop
Seat 8: VOGR3 (big blind) showed [Jh Ad] and won ($0.91) with two pair, Aces and Queens
Seat 9: Luigiams mucked [Ah 7c]



PokerStars Hand #237652795513:  Hold'em No Limit ($0.02/$0.05 USD) - 2022/07/28 20:01:02 PT [2022/07/28 23:01:02 ET]
Table 'Probitas II' 9-max Seat #7 is the button
Seat 1: SMUTJAN72 ($6.60 in chips) 
Seat 2: VANDEL67 ($1.65 in chips) 
Seat 3: Obumbrador ($5.64 in chips) 
Seat 5: Maxr_2992 ($5.63 in chips) 
Seat 6: Dorex2007 ($7.51 in chips) 
Seat 7: Almanza63 ($8.92 in chips) 
Seat 8: VOGR3 ($2.87 in chips) 
Seat 9: Luigiams ($14.31 in chips) 
VOGR3: posts small blind $0.02
Luigiams: posts big blind $0.05
POTENTIAL_24: sits out 
*** HOLE CARDS ***
Dealt to Dorex2007 [3d 4c]
SMUTJAN72: folds 
VANDEL67: folds 
Obumbrador: folds 
Maxr_2992: calls $0.05
Dorex2007: folds 
Almanza63: folds 
VOGR3: folds 
Luigiams: checks 
*** FLOP *** [Kd Th 8s]
Luigiams: bets $0.05
Maxr_2992: folds 
Uncalled bet ($0.05) returned to Luigiams
Luigiams collected $0.12 from pot
*** SUMMARY ***
Total pot $0.12 | Rake $0 
Board [Kd Th 8s]
Seat 1: SMUTJAN72 folded before Flop (didn't bet)
Seat 2: VANDEL67 folded before Flop (didn't bet)
Seat 3: Obumbrador folded before Flop (didn't bet)
Seat 5: Maxr_2992 folded on the Flop
Seat 6: Dorex2007 folded before Flop (didn't bet)
Seat 7: Almanza63 (button) folded before Flop (didn't bet)
Seat 8: VOGR3 (small blind) folded before Flop
Seat 9: Luigiams (big blind) collected ($0.12)



PokerStars Hand #237652799620:  Hold'em No Limit ($0.02/$0.05 USD) - 2022/07/28 20:01:29 PT [2022/07/28 23:01:29 ET]
Table 'Probitas II' 9-max Seat #8 is the button
Seat 1: SMUTJAN72 ($6.60 in chips) 
Seat 2: VANDEL67 ($1.65 in chips) 
Seat 3: Obumbrador ($5.64 in chips) 
Seat 5: Maxr_2992 ($5.58 in chips) 
Seat 6: Dorex2007 ($7.51 in chips) 
Seat 7: Almanza63 ($8.92 in chips) 
Seat 8: VOGR3 ($2.85 in chips) 
Seat 9: Luigiams ($14.38 in chips) 
Luigiams: posts small blind $0.02
SMUTJAN72: posts big blind $0.05
POTENTIAL_24: sits out 
*** HOLE CARDS ***
Dealt to Dorex2007 [Ad 7c]
VANDEL67: raises $0.05 to $0.10
Obumbrador: folds 
Maxr_2992: folds 
Dorex2007: folds 
Almanza63: calls $0.10
VOGR3: folds 
Luigiams: folds 
SMUTJAN72: raises $0.40 to $0.50
VANDEL67: folds 
Almanza63: folds 
Uncalled bet ($0.40) returned to SMUTJAN72
SMUTJAN72 collected $0.32 from pot
*** SUMMARY ***
Total pot $0.32 | Rake $0 
Seat 1: SMUTJAN72 (big blind) collected ($0.32)
Seat 2: VANDEL67 folded before Flop
Seat 3: Obumbrador folded before Flop (didn't bet)
Seat 5: Maxr_2992 folded before Flop (didn't bet)
Seat 6: Dorex2007 folded before Flop (didn't bet)
Seat 7: Almanza63 folded before Flop
Seat 8: VOGR3 (button) folded before Flop (didn't bet)
Seat 9: Luigiams (small blind) folded before Flop



PokerStars Hand #237652804406:  Hold'em No Limit ($0.02/$0.05 USD) - 2022/07/28 20:01:59 PT [2022/07/28 23:01:59 ET]
Table 'Probitas II' 9-max Seat #9 is the button
Seat 1: SMUTJAN72 ($6.82 in chips) 
Seat 2: VANDEL67 ($1.55 in chips) 
Seat 3: Obumbrador ($5.64 in chips) 
Seat 5: Maxr_2992 ($5.58 in chips) 
Seat 6: Dorex2007 ($7.51 in chips) 
Seat 7: Almanza63 ($8.82 in chips) 
Seat 8: VOGR3 ($2.85 in chips) 
Seat 9: Luigiams ($14.36 in chips) 
SMUTJAN72: posts small blind $0.02
VANDEL67: posts big blind $0.05
POTENTIAL_24: sits out 
*** HOLE CARDS ***
Dealt to Dorex2007 [3d Qc]
Obumbrador has timed out
Obumbrador: folds 
Maxr_2992: folds 
Dorex2007: folds 
Almanza63: folds 
VOGR3: folds 
Luigiams: raises $0.05 to $0.10
SMUTJAN72: calls $0.08
VANDEL67: calls $0.05
*** FLOP *** [6s 2c 6h]
SMUTJAN72: checks 
VANDEL67: checks 
Luigiams: bets $0.10
SMUTJAN72: folds 
VANDEL67: folds 
Uncalled bet ($0.10) returned to Luigiams
Luigiams collected $0.29 from pot
*** SUMMARY ***
Total pot $0.30 | Rake $0.01 
Board [6s 2c 6h]
Seat 1: SMUTJAN72 (small blind) folded on the Flop
Seat 2: VANDEL67 (big blind) folded on the Flop
Seat 3: Obumbrador folded before Flop (didn't bet)
Seat 5: Maxr_2992 folded before Flop (didn't bet)
Seat 6: Dorex2007 folded before Flop (didn't bet)
Seat 7: Almanza63 folded before Flop (didn't bet)
Seat 8: VOGR3 folded before Flop (didn't bet)
Seat 9: Luigiams (button) collected ($0.29)



PokerStars Hand #237652812217:  Hold'em No Limit ($0.02/$0.05 USD) - 2022/07/28 20:02:49 PT [2022/07/28 23:02:49 ET]
Table 'Probitas II' 9-max Seat #1 is the button
Seat 1: SMUTJAN72 ($6.72 in chips) 
Seat 2: VANDEL67 ($1.45 in chips) 
Seat 3: Obumbrador ($5.64 in chips) 
Seat 5: Maxr_2992 ($5.58 in chips) 
Seat 6: Dorex2007 ($7.51 in chips) 
Seat 7: Almanza63 ($8.82 in chips) 
Seat 8: VOGR3 ($2.85 in chips) 
Seat 9: Luigiams ($14.55 in chips) 
VANDEL67: posts small blind $0.02
Obumbrador: posts big blind $0.05
POTENTIAL_24: sits out 
*** HOLE CARDS ***
Dealt to Dorex2007 [Qh 5c]
Maxr_2992: folds 
Dorex2007: folds 
Almanza63: folds 
VOGR3: folds 
Luigiams: raises $0.05 to $0.10
SMUTJAN72: folds 
VANDEL67: calls $0.08
Obumbrador has timed out
Obumbrador: folds 
*** FLOP *** [Jd Qd 4d]
VANDEL67: bets $0.05
Luigiams: folds 
Uncalled bet ($0.05) returned to VANDEL67
VANDEL67 collected $0.24 from pot
VANDEL67: doesn't show hand 
*** SUMMARY ***
Total pot $0.25 | Rake $0.01 
Board [Jd Qd 4d]
Seat 1: SMUTJAN72 (button) folded before Flop (didn't bet)
Seat 2: VANDEL67 (small blind) collected ($0.24)
Seat 3: Obumbrador (big blind) folded before Flop
Seat 5: Maxr_2992 folded before Flop (didn't bet)
Seat 6: Dorex2007 folded before Flop (didn't bet)
Seat 7: Almanza63 folded before Flop (didn't bet)
Seat 8: VOGR3 folded before Flop (didn't bet)
Seat 9: Luigiams folded on the Flop



PokerStars Hand #237652830843:  Hold'em No Limit ($0.02/$0.05 USD) - 2022/07/28 20:04:11 PT [2022/07/28 23:04:11 ET]
Table 'Probitas II' 9-max Seat #2 is the button
Seat 1: SMUTJAN72 ($6.72 in chips) 
Seat 2: VANDEL67 ($1.59 in chips) 
Seat 5: Maxr_2992 ($5.58 in chips) 
Seat 6: Dorex2007 ($7.51 in chips) 
Seat 7: Almanza63 ($8.82 in chips) 
Seat 8: VOGR3 ($2.85 in chips) 
Seat 9: Luigiams ($14.45 in chips) 
Maxr_2992: posts small blind $0.02
Dorex2007: posts big blind $0.05
*** HOLE CARDS ***
Dealt to Dorex2007 [3c 8s]
Almanza63: folds 
VOGR3: folds 
Luigiams: calls $0.05
SMUTJAN72: calls $0.05
VANDEL67: calls $0.05
Maxr_2992: calls $0.03
Dorex2007: checks 
*** FLOP *** [As Kc 9c]
Maxr_2992: checks 
Dorex2007: checks 
Luigiams: checks 
SMUTJAN72: bets $0.24
VANDEL67: folds 
Maxr_2992: folds 
Dorex2007: folds 
Luigiams: folds 
Uncalled bet ($0.24) returned to SMUTJAN72
SMUTJAN72 collected $0.24 from pot
*** SUMMARY ***
Total pot $0.25 | Rake $0.01 
Board [As Kc 9c]
Seat 1: SMUTJAN72 collected ($0.24)
Seat 2: VANDEL67 (button) folded on the Flop
Seat 5: Maxr_2992 (small blind) folded on the Flop
Seat 6: Dorex2007 (big blind) folded on the Flop
Seat 7: Almanza63 folded before Flop (didn't bet)
Seat 8: VOGR3 folded before Flop (didn't bet)
Seat 9: Luigiams folded on the Flop



PokerStars Hand #237652838492:  Hold'em No Limit ($0.02/$0.05 USD) - 2022/07/28 20:05:00 PT [2022/07/28 23:05:00 ET]
Table 'Probitas II' 9-max Seat #5 is the button
Seat 1: SMUTJAN72 ($6.91 in chips) 
Seat 2: VANDEL67 ($1.54 in chips) 
Seat 5: Maxr_2992 ($5.53 in chips) 
Seat 6: Dorex2007 ($7.46 in chips) 
Seat 7: Almanza63 ($8.82 in chips) 
Seat 8: VOGR3 ($2.85 in chips) 
Seat 9: Luigiams ($14.40 in chips) 
Dorex2007: posts small blind $0.02
Almanza63: posts big blind $0.05
POTENTIAL_24: sits out 
*** HOLE CARDS ***
Dealt to Dorex2007 [Td 6c]
VOGR3: folds 
Luigiams: calls $0.05
SMUTJAN72: folds 
VANDEL67: folds 
Maxr_2992: calls $0.05
Dorex2007: folds 
Almanza63: raises $0.15 to $0.20
Luigiams: calls $0.15
Maxr_2992: calls $0.15
*** FLOP *** [Jh 2h 7d]
Almanza63: bets $0.29
Luigiams: folds 
Maxr_2992: calls $0.29
*** TURN *** [Jh 2h 7d] [Kh]
Almanza63: bets $0.57
Maxr_2992: calls $0.57
*** RIVER *** [Jh 2h 7d Kh] [6s]
Almanza63: checks 
Maxr_2992: bets $1.40
Almanza63: calls $1.40
*** SHOW DOWN ***
Maxr_2992: shows [Ad Ks] (a pair of Kings)
Almanza63: shows [7c 7s] (three of a kind, Sevens)
Almanza63 collected $4.93 from pot
*** SUMMARY ***
Total pot $5.14 | Rake $0.21 
Board [Jh 2h 7d Kh 6s]
Seat 1: SMUTJAN72 folded before Flop (didn't bet)
Seat 2: VANDEL67 folded before Flop (didn't bet)
Seat 5: Maxr_2992 (button) showed [Ad Ks] and lost with a pair of Kings
Seat 6: Dorex2007 (small blind) folded before Flop
Seat 7: Almanza63 (big blind) showed [7c 7s] and won ($4.93) with three of a kind, Sevens
Seat 8: VOGR3 folded before Flop (didn't bet)
Seat 9: Luigiams folded on the Flop



PokerStars Hand #237652852933:  Hold'em No Limit ($0.02/$0.05 USD) - 2022/07/28 20:06:31 PT [2022/07/28 23:06:31 ET]
Table 'Probitas II' 9-max Seat #6 is the button
Seat 1: SMUTJAN72 ($6.91 in chips) 
Seat 2: VANDEL67 ($1.54 in chips) 
Seat 5: Maxr_2992 ($3.07 in chips) 
Seat 6: Dorex2007 ($7.44 in chips) 
Seat 7: Almanza63 ($11.29 in chips) 
Seat 8: VOGR3 ($2.85 in chips) 
Seat 9: Luigiams ($14.20 in chips) 
Almanza63: posts small blind $0.02
VOGR3: posts big blind $0.05
POTENTIAL_24: sits out 
*** HOLE CARDS ***
Dealt to Dorex2007 [6c Kd]
Luigiams: folds 
SMUTJAN72: folds 
VANDEL67: folds 
Maxr_2992: folds 
Dorex2007: folds 
Almanza63: raises $0.10 to $0.15
VOGR3: raises $0.10 to $0.25
Almanza63: calls $0.10
*** FLOP *** [5h 9h Ac]
Almanza63: checks 
VOGR3: bets $0.20
Almanza63: calls $0.20
*** TURN *** [5h 9h Ac] [Qc]
Almanza63: checks 
VOGR3: checks 
*** RIVER *** [5h 9h Ac Qc] [8s]
Almanza63: bets $0.53
VOGR3: calls $0.53
*** SHOW DOWN ***
Almanza63: shows [Qh 6h] (a pair of Queens)
VOGR3: mucks hand 
Almanza63 collected $1.88 from pot
*** SUMMARY ***
Total pot $1.96 | Rake $0.08 
Board [5h 9h Ac Qc 8s]
Seat 1: SMUTJAN72 folded before Flop (didn't bet)
Seat 2: VANDEL67 folded before Flop (didn't bet)
Seat 5: Maxr_2992 folded before Flop (didn't bet)
Seat 6: Dorex2007 (button) folded before Flop (didn't bet)
Seat 7: Almanza63 (small blind) showed [Qh 6h] and won ($1.88) with a pair of Queens
Seat 8: VOGR3 (big blind) mucked [Tc Td]
Seat 9: Luigiams folded before Flop (didn't bet)



PokerStars Hand #237652860596:  Hold'em No Limit ($0.02/$0.05 USD) - 2022/07/28 20:07:19 PT [2022/07/28 23:07:19 ET]
Table 'Probitas II' 9-max Seat #7 is the button
Seat 1: SMUTJAN72 ($6.91 in chips) 
Seat 2: VANDEL67 ($1.54 in chips) 
Seat 5: Maxr_2992 ($3.07 in chips) 
Seat 6: Dorex2007 ($7.44 in chips) 
Seat 7: Almanza63 ($12.19 in chips) 
Seat 8: VOGR3 ($1.87 in chips) 
Seat 9: Luigiams ($14.20 in chips) 
VOGR3: posts small blind $0.02
Luigiams: posts big blind $0.05
POTENTIAL_24: sits out 
*** HOLE CARDS ***
Dealt to Dorex2007 [Jc Js]
SMUTJAN72: folds 
VANDEL67: raises $0.05 to $0.10
Maxr_2992: raises $0.05 to $0.15
Dorex2007: calls $0.15
Almanza63: folds 
VOGR3: raises $1.72 to $1.87 and is all-in
Luigiams: folds 
VANDEL67: folds 
Maxr_2992: raises $1.20 to $3.07 and is all-in
Dorex2007: folds 
Uncalled bet ($1.20) returned to Maxr_2992
*** FLOP *** [4s Kd 5c]
*** TURN *** [4s Kd 5c] [2s]
*** RIVER *** [4s Kd 5c 2s] [8c]
*** SHOW DOWN ***
VOGR3: shows [9s Ah] (high card Ace)
Maxr_2992: shows [9h 9c] (a pair of Nines)
Maxr_2992 cashed out the hand for $2.69 | Cash Out Fee $0.03
VOGR3 cashed out the hand for $1.14 | Cash Out Fee $0.01
*** SUMMARY ***
Total pot $4.04 | Rake $0.17 
Board [4s Kd 5c 2s 8c]
Seat 1: SMUTJAN72 folded before Flop (didn't bet)
Seat 2: VANDEL67 folded before Flop
Seat 5: Maxr_2992 showed [9h 9c] and won ($3.87) with a pair of Nines (pot not awarded as player cashed out)
Seat 6: Dorex2007 folded before Flop
Seat 7: Almanza63 (button) folded before Flop (didn't bet)
Seat 8: VOGR3 (small blind) showed [9s Ah] and lost with high card Ace (cashed out).
Seat 9: Luigiams (big blind) folded before Flop



PokerStars Hand #237652868567:  Hold'em No Limit ($0.02/$0.05 USD) - 2022/07/28 20:08:10 PT [2022/07/28 23:08:10 ET]
Table 'Probitas II' 9-max Seat #8 is the button
Seat 1: SMUTJAN72 ($6.91 in chips) 
Seat 2: VANDEL67 ($1.44 in chips) 
Seat 5: Maxr_2992 ($3.89 in chips) 
Seat 6: Dorex2007 ($7.29 in chips) 
Seat 7: Almanza63 ($12.19 in chips) 
Seat 8: VOGR3 ($1.14 in chips) 
Seat 9: Luigiams ($14.15 in chips) 
Luigiams: posts small blind $0.02
SMUTJAN72: posts big blind $0.05
POTENTIAL_24: sits out 
*** HOLE CARDS ***
Dealt to Dorex2007 [Js As]
VANDEL67: folds 
Maxr_2992: folds 
Dorex2007: raises $0.10 to $0.15
Almanza63: folds 
VOGR3: folds 
Luigiams: folds 
SMUTJAN72: folds 
Uncalled bet ($0.10) returned to Dorex2007
Dorex2007 collected $0.12 from pot
Dorex2007: doesn't show hand 
*** SUMMARY ***
Total pot $0.12 | Rake $0 
Seat 1: SMUTJAN72 (big blind) folded before Flop
Seat 2: VANDEL67 folded before Flop (didn't bet)
Seat 5: Maxr_2992 folded before Flop (didn't bet)
Seat 6: Dorex2007 collected ($0.12)
Seat 7: Almanza63 folded before Flop (didn't bet)
Seat 8: VOGR3 (button) folded before Flop (didn't bet)
Seat 9: Luigiams (small blind) folded before Flop



PokerStars Hand #237652873000:  Hold'em No Limit ($0.02/$0.05 USD) - 2022/07/28 20:08:37 PT [2022/07/28 23:08:37 ET]
Table 'Probitas II' 9-max Seat #9 is the button
Seat 1: SMUTJAN72 ($6.86 in chips) 
Seat 2: VANDEL67 ($1.44 in chips) 
Seat 5: Maxr_2992 ($3.89 in chips) 
Seat 6: Dorex2007 ($7.36 in chips) 
Seat 7: Almanza63 ($12.19 in chips) 
Seat 8: VOGR3 ($1.14 in chips) 
Seat 9: Luigiams ($14.13 in chips) 
SMUTJAN72: posts small blind $0.02
VANDEL67: posts big blind $0.05
POTENTIAL_24: sits out 
*** HOLE CARDS ***
Dealt to Dorex2007 [Ah 8d]
Maxr_2992: raises $0.12 to $0.17
Dorex2007: folds 
Almanza63: folds 
VOGR3: raises $0.97 to $1.14 and is all-in
Luigiams: folds 
SMUTJAN72: folds 
VANDEL67: folds 
Maxr_2992: calls $0.97
*** FLOP *** [4s Jd 8c]
*** TURN *** [4s Jd 8c] [9d]
*** RIVER *** [4s Jd 8c 9d] [Ad]
*** SHOW DOWN ***
Maxr_2992: shows [Qd Ks] (high card Ace)
VOGR3: shows [Kh Jh] (a pair of Jacks)
VOGR3 cashed out the hand for $0.67 | Cash Out Fee $0.01
*** SUMMARY ***
Total pot $2.35 | Rake $0.10 
Board [4s Jd 8c 9d Ad]
Seat 1: SMUTJAN72 (small blind) folded before Flop
Seat 2: VANDEL67 (big blind) folded before Flop
Seat 5: Maxr_2992 showed [Qd Ks] and lost with high card Ace
Seat 6: Dorex2007 folded before Flop (didn't bet)
Seat 7: Almanza63 folded before Flop (didn't bet)
Seat 8: VOGR3 showed [Kh Jh] and won ($2.25) with a pair of Jacks (pot not awarded as player cashed out)
Seat 9: Luigiams (button) folded before Flop (didn't bet)



PokerStars Hand #237652879854:  Hold'em No Limit ($0.02/$0.05 USD) - 2022/07/28 20:09:21 PT [2022/07/28 23:09:21 ET]
Table 'Probitas II' 9-max Seat #1 is the button
Seat 1: SMUTJAN72 ($6.84 in chips) 
Seat 2: VANDEL67 ($1.39 in chips) 
Seat 4: POTENTIAL_24 ($5 in chips) 
Seat 5: Maxr_2992 ($2.75 in chips) 
Seat 6: Dorex2007 ($7.36 in chips) 
Seat 7: Almanza63 ($12.19 in chips) 
Seat 8: VOGR3 ($0.67 in chips) 
Seat 9: Luigiams ($14.13 in chips) 
VANDEL67: posts small blind $0.02
POTENTIAL_24: posts big blind $0.05
*** HOLE CARDS ***
Dealt to Dorex2007 [Kd 8c]
Maxr_2992: calls $0.05
Dorex2007: folds 
Almanza63: folds 
VOGR3: folds 
Luigiams: folds 
SMUTJAN72: calls $0.05
VANDEL67: calls $0.03
POTENTIAL_24: checks 
*** FLOP *** [Qh 6c 8d]
VANDEL67: bets $0.09
POTENTIAL_24: calls $0.09
Maxr_2992: folds 
SMUTJAN72: folds 
*** TURN *** [Qh 6c 8d] [Th]
VANDEL67: bets $0.10
POTENTIAL_24: folds 
Uncalled bet ($0.10) returned to VANDEL67
VANDEL67 collected $0.36 from pot
VANDEL67: doesn't show hand 
*** SUMMARY ***
Total pot $0.38 | Rake $0.02 
Board [Qh 6c 8d Th]
Seat 1: SMUTJAN72 (button) folded on the Flop
Seat 2: VANDEL67 (small blind) collected ($0.36)
Seat 4: POTENTIAL_24 (big blind) folded on the Turn
Seat 5: Maxr_2992 folded on the Flop
Seat 6: Dorex2007 folded before Flop (didn't bet)
Seat 7: Almanza63 folded before Flop (didn't bet)
Seat 8: VOGR3 folded before Flop (didn't bet)
Seat 9: Luigiams folded before Flop (didn't bet)



PokerStars Hand #237652900543:  Hold'em No Limit ($0.02/$0.05 USD) - 2022/07/28 20:10:39 PT [2022/07/28 23:10:39 ET]
Table 'Probitas II' 9-max Seat #2 is the button
Seat 1: SMUTJAN72 ($6.79 in chips) 
Seat 2: VANDEL67 ($1.61 in chips) 
Seat 4: POTENTIAL_24 ($4.86 in chips) 
Seat 5: Maxr_2992 ($2.70 in chips) 
Seat 6: Dorex2007 ($7.36 in chips) 
Seat 7: Almanza63 ($12.19 in chips) 
Seat 8: VOGR3 ($0.67 in chips) 
Seat 9: Luigiams ($14.13 in chips) 
POTENTIAL_24: posts small blind $0.02
Maxr_2992: posts big blind $0.05
*** HOLE CARDS ***
Dealt to Dorex2007 [2h Tc]
Dorex2007: folds 
Almanza63: folds 
VOGR3: folds 
Luigiams: folds 
SMUTJAN72: raises $0.05 to $0.10
VANDEL67: calls $0.10
POTENTIAL_24: folds 
Maxr_2992: calls $0.05
*** FLOP *** [7d 9h 8c]
Maxr_2992: bets $0.31
SMUTJAN72: folds 
VANDEL67: folds 
Uncalled bet ($0.31) returned to Maxr_2992
Maxr_2992 collected $0.31 from pot
Maxr_2992: doesn't show hand 
*** SUMMARY ***
Total pot $0.32 | Rake $0.01 
Board [7d 9h 8c]
Seat 1: SMUTJAN72 folded on the Flop
Seat 2: VANDEL67 (button) folded on the Flop
Seat 4: POTENTIAL_24 (small blind) folded before Flop
Seat 5: Maxr_2992 (big blind) collected ($0.31)
Seat 6: Dorex2007 folded before Flop (didn't bet)
Seat 7: Almanza63 folded before Flop (didn't bet)
Seat 8: VOGR3 folded before Flop (didn't bet)
Seat 9: Luigiams folded before Flop (didn't bet)



PokerStars Hand #237652905033:  Hold'em No Limit ($0.02/$0.05 USD) - 2022/07/28 20:11:08 PT [2022/07/28 23:11:08 ET]
Table 'Probitas II' 9-max Seat #4 is the button
Seat 1: SMUTJAN72 ($6.69 in chips) 
Seat 2: VANDEL67 ($1.51 in chips) 
Seat 4: POTENTIAL_24 ($4.84 in chips) 
Seat 5: Maxr_2992 ($2.91 in chips) 
Seat 6: Dorex2007 ($7.36 in chips) 
Seat 7: Almanza63 ($12.19 in chips) 
Seat 8: VOGR3 ($0.67 in chips) 
Seat 9: Luigiams ($14.13 in chips) 
Maxr_2992: posts small blind $0.02
Dorex2007: posts big blind $0.05
*** HOLE CARDS ***
Dealt to Dorex2007 [Ah Ac]
Almanza63: folds 
VOGR3: folds 
Luigiams: folds 
SMUTJAN72: folds 
VANDEL67: folds 
POTENTIAL_24: folds 
Maxr_2992: raises $0.10 to $0.15
Dorex2007: raises $0.15 to $0.30
Maxr_2992: raises $0.60 to $0.90
Dorex2007: raises $6.46 to $7.36 and is all-in
Maxr_2992: calls $2.01 and is all-in
Uncalled bet ($4.45) returned to Dorex2007
*** FLOP *** [3d 5h Kc]
*** TURN *** [3d 5h Kc] [3h]
*** RIVER *** [3d 5h Kc 3h] [7s]
*** SHOW DOWN ***
Maxr_2992: shows [Qs As] (a pair of Threes)
Dorex2007: shows [Ah Ac] (two pair, Aces and Threes)
Dorex2007 cashed out the hand for $4.83 | Cash Out Fee $0.05
*** SUMMARY ***
Total pot $5.82 | Rake $0.24 
Board [3d 5h Kc 3h 7s]
Seat 1: SMUTJAN72 folded before Flop (didn't bet)
Seat 2: VANDEL67 folded before Flop (didn't bet)
Seat 4: POTENTIAL_24 (button) folded before Flop (didn't bet)
Seat 5: Maxr_2992 (small blind) showed [Qs As] and lost with a pair of Threes
Seat 6: Dorex2007 (big blind) showed [Ah Ac] and won ($5.58) with two pair, Aces and Threes (pot not awarded as player cashed out)
Seat 7: Almanza63 folded before Flop (didn't bet)
Seat 8: VOGR3 folded before Flop (didn't bet)
Seat 9: Luigiams folded before Flop (didn't bet)



PokerStars Hand #237652913723:  Hold'em No Limit ($0.02/$0.05 USD) - 2022/07/28 20:12:02 PT [2022/07/28 23:12:02 ET]
Table 'Probitas II' 9-max Seat #6 is the button
Seat 1: SMUTJAN72 ($6.69 in chips) 
Seat 2: VANDEL67 ($1.51 in chips) 
Seat 4: POTENTIAL_24 ($4.84 in chips) 
Seat 6: Dorex2007 ($9.28 in chips) 
Seat 7: Almanza63 ($12.19 in chips) 
Seat 8: VOGR3 ($0.67 in chips) 
Seat 9: Luigiams ($14.13 in chips) 
Almanza63: posts small blind $0.02
VOGR3: posts big blind $0.05
*** HOLE CARDS ***
Dealt to Dorex2007 [3s Td]
Maxr_2992 leaves the table
Luigiams: folds 
SMUTJAN72: folds 
VANDEL67: calls $0.05
BluffOnTable joins the table at seat #5 
POTENTIAL_24: folds 
Dorex2007: folds 
Almanza63: raises $0.10 to $0.15
VOGR3: raises $0.52 to $0.67 and is all-in
VANDEL67: folds 
Almanza63: calls $0.52
*** FLOP *** [5d 7h Ts]
*** TURN *** [5d 7h Ts] [4h]
*** RIVER *** [5d 7h Ts 4h] [Ah]
*** SHOW DOWN ***
Almanza63: shows [7c Ac] (two pair, Aces and Sevens)
VOGR3: shows [Js Qc] (high card Ace)
Almanza63 collected $1.33 from pot
*** SUMMARY ***
Total pot $1.39 | Rake $0.06 
Board [5d 7h Ts 4h Ah]
Seat 1: SMUTJAN72 folded before Flop (didn't bet)
Seat 2: VANDEL67 folded before Flop
Seat 4: POTENTIAL_24 folded before Flop (didn't bet)
Seat 6: Dorex2007 (button) folded before Flop (didn't bet)
Seat 7: Almanza63 (small blind) showed [7c Ac] and won ($1.33) with two pair, Aces and Sevens
Seat 8: VOGR3 (big blind) showed [Js Qc] and lost with high card Ace
Seat 9: Luigiams folded before Flop (didn't bet)



PokerStars Hand #237652921680:  Hold'em No Limit ($0.02/$0.05 USD) - 2022/07/28 20:12:53 PT [2022/07/28 23:12:53 ET]
Table 'Probitas II' 9-max Seat #7 is the button
Seat 1: SMUTJAN72 ($6.69 in chips) 
Seat 2: VANDEL67 ($1.46 in chips) 
Seat 4: POTENTIAL_24 ($4.84 in chips) 
Seat 6: Dorex2007 ($9.28 in chips) 
Seat 7: Almanza63 ($12.85 in chips) 
Seat 9: Luigiams ($14.13 in chips) 
Luigiams: posts small blind $0.02
SMUTJAN72: posts big blind $0.05
BluffOnTable: sits out 
*** HOLE CARDS ***
Dealt to Dorex2007 [7d Kd]
VANDEL67: calls $0.05
POTENTIAL_24: folds 
Dorex2007: folds 
Almanza63: folds 
Luigiams: calls $0.03
SMUTJAN72: checks 
*** FLOP *** [6d Jc 4h]
Luigiams: checks 
SMUTJAN72: checks 
VANDEL67: bets $0.07
Luigiams: folds 
SMUTJAN72: folds 
Uncalled bet ($0.07) returned to VANDEL67
VANDEL67 collected $0.14 from pot
VANDEL67: doesn't show hand 
*** SUMMARY ***
Total pot $0.15 | Rake $0.01 
Board [6d Jc 4h]
Seat 1: SMUTJAN72 (big blind) folded on the Flop
Seat 2: VANDEL67 collected ($0.14)
Seat 4: POTENTIAL_24 folded before Flop (didn't bet)
Seat 6: Dorex2007 folded before Flop (didn't bet)
Seat 7: Almanza63 (button) folded before Flop (didn't bet)
Seat 9: Luigiams (small blind) folded on the Flop



PokerStars Hand #237652927754:  Hold'em No Limit ($0.02/$0.05 USD) - 2022/07/28 20:13:32 PT [2022/07/28 23:13:32 ET]
Table 'Probitas II' 9-max Seat #9 is the button
Seat 1: SMUTJAN72 ($6.64 in chips) 
Seat 2: VANDEL67 ($1.55 in chips) 
Seat 4: POTENTIAL_24 ($4.84 in chips) 
Seat 6: Dorex2007 ($9.28 in chips) 
Seat 7: Almanza63 ($12.85 in chips) 
Seat 9: Luigiams ($14.08 in chips) 
SMUTJAN72: posts small blind $0.02
VANDEL67: posts big blind $0.05
BluffOnTable: sits out 
*** HOLE CARDS ***
Dealt to Dorex2007 [7h Qd]
POTENTIAL_24: folds 
Dorex2007: folds 
Almanza63: folds 
Luigiams: folds 
SMUTJAN72: folds 
Uncalled bet ($0.03) returned to VANDEL67
VANDEL67 collected $0.04 from pot
VANDEL67: doesn't show hand 
*** SUMMARY ***
Total pot $0.04 | Rake $0 
Seat 1: SMUTJAN72 (small blind) folded before Flop
Seat 2: VANDEL67 (big blind) collected ($0.04)
Seat 4: POTENTIAL_24 folded before Flop (didn't bet)
Seat 6: Dorex2007 folded before Flop (didn't bet)
Seat 7: Almanza63 folded before Flop (didn't bet)
Seat 9: Luigiams (button) folded before Flop (didn't bet)



PokerStars Hand #237652932616:  Hold'em No Limit ($0.02/$0.05 USD) - 2022/07/28 20:14:03 PT [2022/07/28 23:14:03 ET]
Table 'Probitas II' 9-max Seat #1 is the button
Seat 1: SMUTJAN72 ($6.62 in chips) 
Seat 2: VANDEL67 ($1.57 in chips) 
Seat 4: POTENTIAL_24 ($4.84 in chips) 
Seat 6: Dorex2007 ($9.28 in chips) 
Seat 7: Almanza63 ($12.85 in chips) 
Seat 9: Luigiams ($14.08 in chips) 
VANDEL67: posts small blind $0.02
POTENTIAL_24: posts big blind $0.05
BluffOnTable: sits out 
*** HOLE CARDS ***
Dealt to Dorex2007 [8s 4c]
Dorex2007: folds 
Almanza63: folds 
Luigiams: folds 
SMUTJAN72: folds 
VANDEL67: folds 
Uncalled bet ($0.03) returned to POTENTIAL_24
POTENTIAL_24 collected $0.04 from pot
*** SUMMARY ***
Total pot $0.04 | Rake $0 
Seat 1: SMUTJAN72 (button) folded before Flop (didn't bet)
Seat 2: VANDEL67 (small blind) folded before Flop
Seat 4: POTENTIAL_24 (big blind) collected ($0.04)
Seat 6: Dorex2007 folded before Flop (didn't bet)
Seat 7: Almanza63 folded before Flop (didn't bet)
Seat 9: Luigiams folded before Flop (didn't bet)



PokerStars Hand #237652935113:  Hold'em No Limit ($0.02/$0.05 USD) - 2022/07/28 20:14:19 PT [2022/07/28 23:14:19 ET]
Table 'Probitas II' 9-max Seat #2 is the button
Seat 1: SMUTJAN72 ($6.62 in chips) 
Seat 2: VANDEL67 ($1.55 in chips) 
Seat 4: POTENTIAL_24 ($4.86 in chips) 
Seat 5: BluffOnTable ($5 in chips) 
Seat 6: Dorex2007 ($9.28 in chips) 
Seat 7: Almanza63 ($12.85 in chips) 
Seat 9: Luigiams ($14.08 in chips) 
POTENTIAL_24: posts small blind $0.02
BluffOnTable: posts big blind $0.05
*** HOLE CARDS ***
Dealt to Dorex2007 [Js 3h]
Dorex2007: folds 
Almanza63: folds 
VOGR3 leaves the table
Luigiams: folds 
SMUTJAN72: raises $0.05 to $0.10
VANDEL67: folds 
POTENTIAL_24: raises $0.16 to $0.26
BluffOnTable: folds 
SMUTJAN72: folds 
Uncalled bet ($0.16) returned to POTENTIAL_24
POTENTIAL_24 collected $0.25 from pot
*** SUMMARY ***
Total pot $0.25 | Rake $0 
Seat 1: SMUTJAN72 folded before Flop
Seat 2: VANDEL67 (button) folded before Flop (didn't bet)
Seat 4: POTENTIAL_24 (small blind) collected ($0.25)
Seat 5: BluffOnTable (big blind) folded before Flop
Seat 6: Dorex2007 folded before Flop (didn't bet)
Seat 7: Almanza63 folded before Flop (didn't bet)
Seat 9: Luigiams folded before Flop (didn't bet)



PokerStars Hand #237652940467:  Hold'em No Limit ($0.02/$0.05 USD) - 2022/07/28 20:14:53 PT [2022/07/28 23:14:53 ET]
Table 'Probitas II' 9-max Seat #4 is the button
Seat 1: SMUTJAN72 ($6.52 in chips) 
Seat 2: VANDEL67 ($1.55 in chips) 
Seat 4: POTENTIAL_24 ($5.01 in chips) 
Seat 5: BluffOnTable ($5 in chips) 
Seat 6: Dorex2007 ($9.28 in chips) 
Seat 7: Almanza63 ($12.85 in chips) 
Seat 9: Luigiams ($14.08 in chips) 
BluffOnTable: posts small blind $0.02
Dorex2007: posts big blind $0.05
*** HOLE CARDS ***
Dealt to Dorex2007 [6h Ad]
uuMMee22 joins the table at seat #8 
Almanza63: folds 
Luigiams: folds 
SMUTJAN72: folds 
VANDEL67: folds 
POTENTIAL_24: folds 
BluffOnTable: folds 
Uncalled bet ($0.03) returned to Dorex2007
Dorex2007 collected $0.04 from pot
Dorex2007: doesn't show hand 
*** SUMMARY ***
Total pot $0.04 | Rake $0 
Seat 1: SMUTJAN72 folded before Flop (didn't bet)
Seat 2: VANDEL67 folded before Flop (didn't bet)
Seat 4: POTENTIAL_24 (button) folded before Flop (didn't bet)
Seat 5: BluffOnTable (small blind) folded before Flop
Seat 6: Dorex2007 (big blind) collected ($0.04)
Seat 7: Almanza63 folded before Flop (didn't bet)
Seat 9: Luigiams folded before Flop (didn't bet)



PokerStars Hand #237652942530:  Hold'em No Limit ($0.02/$0.05 USD) - 2022/07/28 20:15:06 PT [2022/07/28 23:15:06 ET]
Table 'Probitas II' 9-max Seat #5 is the button
Seat 1: SMUTJAN72 ($6.52 in chips) 
Seat 2: VANDEL67 ($1.55 in chips) 
Seat 4: POTENTIAL_24 ($5.01 in chips) 
Seat 5: BluffOnTable ($5 in chips) 
Seat 6: Dorex2007 ($9.30 in chips) 
Seat 7: Almanza63 ($12.85 in chips) 
Seat 8: uuMMee22 ($3 in chips) 
Seat 9: Luigiams ($14.08 in chips) 
Dorex2007: posts small blind $0.02
Almanza63: posts big blind $0.05
uuMMee22: posts big blind $0.05
*** HOLE CARDS ***
Dealt to Dorex2007 [6h 4s]
uuMMee22: checks 
Luigiams: folds 
SMUTJAN72: folds 
VANDEL67: calls $0.05
POTENTIAL_24: folds 
BluffOnTable: folds 
Dorex2007: folds 
Almanza63: raises $0.10 to $0.15
uuMMee22: calls $0.10
VANDEL67: folds 
*** FLOP *** [2c Ad 3d]
Almanza63: checks 
uuMMee22: bets $0.20
Almanza63: calls $0.20
*** TURN *** [2c Ad 3d] [Jd]
Almanza63: checks 
uuMMee22: checks 
*** RIVER *** [2c Ad 3d Jd] [Jc]
Almanza63: bets $0.47
uuMMee22: folds 
Uncalled bet ($0.47) returned to Almanza63
Almanza63 collected $0.74 from pot
Almanza63: doesn't show hand 
*** SUMMARY ***
Total pot $0.77 | Rake $0.03 
Board [2c Ad 3d Jd Jc]
Seat 1: SMUTJAN72 folded before Flop (didn't bet)
Seat 2: VANDEL67 folded before Flop
Seat 4: POTENTIAL_24 folded before Flop (didn't bet)
Seat 5: BluffOnTable (button) folded before Flop (didn't bet)
Seat 6: Dorex2007 (small blind) folded before Flop
Seat 7: Almanza63 (big blind) collected ($0.74)
Seat 8: uuMMee22 folded on the River
Seat 9: Luigiams folded before Flop (didn't bet)



PokerStars Hand #237652953273:  Hold'em No Limit ($0.02/$0.05 USD) - 2022/07/28 20:16:14 PT [2022/07/28 23:16:14 ET]
Table 'Probitas II' 9-max Seat #6 is the button
Seat 1: SMUTJAN72 ($6.52 in chips) 
Seat 2: VANDEL67 ($1.50 in chips) 
Seat 4: POTENTIAL_24 ($5.01 in chips) 
Seat 5: BluffOnTable ($5 in chips) 
Seat 6: Dorex2007 ($9.28 in chips) 
Seat 7: Almanza63 ($13.24 in chips) 
Seat 8: uuMMee22 ($2.65 in chips) 
Seat 9: Luigiams ($14.08 in chips) 
Almanza63: posts small blind $0.02
uuMMee22: posts big blind $0.05
*** HOLE CARDS ***
Dealt to Dorex2007 [2s Kh]
Luigiams: folds 
SMUTJAN72: folds 
VANDEL67: folds 
POTENTIAL_24: folds 
BluffOnTable: folds 
Dorex2007: folds 
Almanza63: raises $0.10 to $0.15
uuMMee22: calls $0.10
*** FLOP *** [3s Ks 6h]
Almanza63: bets $0.18
uuMMee22: folds 
Uncalled bet ($0.18) returned to Almanza63
Almanza63 collected $0.29 from pot
Almanza63: doesn't show hand 
*** SUMMARY ***
Total pot $0.30 | Rake $0.01 
Board [3s Ks 6h]
Seat 1: SMUTJAN72 folded before Flop (didn't bet)
Seat 2: VANDEL67 folded before Flop (didn't bet)
Seat 4: POTENTIAL_24 folded before Flop (didn't bet)
Seat 5: BluffOnTable folded before Flop (didn't bet)
Seat 6: Dorex2007 (button) folded before Flop (didn't bet)
Seat 7: Almanza63 (small blind) collected ($0.29)
Seat 8: uuMMee22 (big blind) folded on the Flop
Seat 9: Luigiams folded before Flop (didn't bet)



PokerStars Hand #237652959320:  Hold'em No Limit ($0.02/$0.05 USD) - 2022/07/28 20:16:52 PT [2022/07/28 23:16:52 ET]
Table 'Probitas II' 9-max Seat #7 is the button
Seat 1: SMUTJAN72 ($6.52 in chips) 
Seat 2: VANDEL67 ($1.50 in chips) 
Seat 4: POTENTIAL_24 ($5.01 in chips) 
Seat 5: BluffOnTable ($5 in chips) 
Seat 6: Dorex2007 ($9.28 in chips) 
Seat 7: Almanza63 ($13.38 in chips) 
Seat 8: uuMMee22 ($2.50 in chips) 
Seat 9: Luigiams ($14.08 in chips) 
uuMMee22: posts small blind $0.02
Luigiams: posts big blind $0.05
*** HOLE CARDS ***
Dealt to Dorex2007 [Qc Js]
SMUTJAN72: folds 
VANDEL67: folds 
POTENTIAL_24: folds 
BluffOnTable: folds 
Dorex2007: raises $0.10 to $0.15
Almanza63: folds 
uuMMee22: calls $0.13
Luigiams: folds 
*** FLOP *** [3d Qd 9s]
uuMMee22: checks 
Dorex2007: bets $0.17
uuMMee22: calls $0.17
*** TURN *** [3d Qd 9s] [5s]
uuMMee22: checks 
Dorex2007: bets $0.33
uuMMee22: calls $0.33
*** RIVER *** [3d Qd 9s 5s] [5d]
uuMMee22: checks 
Dorex2007: bets $0.64
uuMMee22: raises $0.64 to $1.28
Dorex2007: folds 
Uncalled bet ($0.64) returned to uuMMee22
uuMMee22 collected $2.49 from pot
uuMMee22: doesn't show hand 
*** SUMMARY ***
Total pot $2.63 | Rake $0.14 
Board [3d Qd 9s 5s 5d]
Seat 1: SMUTJAN72 folded before Flop (didn't bet)
Seat 2: VANDEL67 folded before Flop (didn't bet)
Seat 4: POTENTIAL_24 folded before Flop (didn't bet)
Seat 5: BluffOnTable folded before Flop (didn't bet)
Seat 6: Dorex2007 folded on the River
Seat 7: Almanza63 (button) folded before Flop (didn't bet)
Seat 8: uuMMee22 (small blind) collected ($2.49)
Seat 9: Luigiams (big blind) folded before Flop



PokerStars Hand #237652971241:  Hold'em No Limit ($0.02/$0.05 USD) - 2022/07/28 20:18:08 PT [2022/07/28 23:18:08 ET]
Table 'Probitas II' 9-max Seat #8 is the button
Seat 1: SMUTJAN72 ($6.52 in chips) 
Seat 2: VANDEL67 ($1.50 in chips) 
Seat 4: POTENTIAL_24 ($5.01 in chips) 
Seat 5: BluffOnTable ($5 in chips) 
Seat 6: Dorex2007 ($7.99 in chips) 
Seat 7: Almanza63 ($13.38 in chips) 
Seat 8: uuMMee22 ($3.70 in chips) 
Seat 9: Luigiams ($14.03 in chips) 
Luigiams: posts small blind $0.02
SMUTJAN72: posts big blind $0.05
*** HOLE CARDS ***
Dealt to Dorex2007 [Kc 7h]
VANDEL67: folds 
POTENTIAL_24: calls $0.05
BluffOnTable: folds 
Dorex2007: folds 
Almanza63: raises $0.25 to $0.30
uuMMee22: folds 
Luigiams: folds 
SMUTJAN72: calls $0.25
POTENTIAL_24: folds 
*** FLOP *** [Jh 5d 8c]
SMUTJAN72: checks 
Almanza63: bets $0.42
SMUTJAN72: folds 
Uncalled bet ($0.42) returned to Almanza63
Almanza63 collected $0.64 from pot
Almanza63: doesn't show hand 
*** SUMMARY ***
Total pot $0.67 | Rake $0.03 
Board [Jh 5d 8c]
Seat 1: SMUTJAN72 (big blind) folded on the Flop
Seat 2: VANDEL67 folded before Flop (didn't bet)
Seat 4: POTENTIAL_24 folded before Flop
Seat 5: BluffOnTable folded before Flop (didn't bet)
Seat 6: Dorex2007 folded before Flop (didn't bet)
Seat 7: Almanza63 collected ($0.64)
Seat 8: uuMMee22 (button) folded before Flop (didn't bet)
Seat 9: Luigiams (small blind) folded before Flop



PokerStars Hand #237652988586:  Hold'em No Limit ($0.02/$0.05 USD) - 2022/07/28 20:19:10 PT [2022/07/28 23:19:10 ET]
Table 'Probitas II' 9-max Seat #9 is the button
Seat 1: SMUTJAN72 ($6.22 in chips) 
Seat 2: VANDEL67 ($1.50 in chips) 
Seat 4: POTENTIAL_24 ($4.96 in chips) 
Seat 5: BluffOnTable ($5 in chips) 
Seat 6: Dorex2007 ($7.99 in chips) 
Seat 7: Almanza63 ($13.72 in chips) 
Seat 8: uuMMee22 ($3.70 in chips) 
Seat 9: Luigiams ($14.01 in chips) 
SMUTJAN72: posts small blind $0.02
VANDEL67: posts big blind $0.05
*** HOLE CARDS ***
Dealt to Dorex2007 [2s 9h]
POTENTIAL_24: folds 
BluffOnTable: folds 
Dorex2007: folds 
Almanza63: folds 
uuMMee22: folds 
Luigiams: raises $0.05 to $0.10
SMUTJAN72: folds 
VANDEL67: folds 
Uncalled bet ($0.05) returned to Luigiams
Luigiams collected $0.12 from pot
*** SUMMARY ***
Total pot $0.12 | Rake $0 
Seat 1: SMUTJAN72 (small blind) folded before Flop
Seat 2: VANDEL67 (big blind) folded before Flop
Seat 4: POTENTIAL_24 folded before Flop (didn't bet)
Seat 5: BluffOnTable folded before Flop (didn't bet)
Seat 6: Dorex2007 folded before Flop (didn't bet)
Seat 7: Almanza63 folded before Flop (didn't bet)
Seat 8: uuMMee22 folded before Flop (didn't bet)
Seat 9: Luigiams (button) collected ($0.12)



PokerStars Hand #237652992498:  Hold'em No Limit ($0.02/$0.05 USD) - 2022/07/28 20:19:35 PT [2022/07/28 23:19:35 ET]
Table 'Probitas II' 9-max Seat #1 is the button
Seat 1: SMUTJAN72 ($6.20 in chips) 
Seat 2: VANDEL67 ($1.45 in chips) 
Seat 4: POTENTIAL_24 ($4.96 in chips) 
Seat 5: BluffOnTable ($5 in chips) 
Seat 6: Dorex2007 ($7.99 in chips) 
Seat 7: Almanza63 ($13.72 in chips) 
Seat 8: uuMMee22 ($3.70 in chips) 
Seat 9: Luigiams ($14.08 in chips) 
VANDEL67: posts small blind $0.02
POTENTIAL_24: posts big blind $0.05
*** HOLE CARDS ***
Dealt to Dorex2007 [Ad 5s]
BluffOnTable: raises $0.10 to $0.15
Dorex2007: folds 
Almanza63: folds 
uuMMee22: calls $0.15
Luigiams: folds 
SMUTJAN72: folds 
VANDEL67: calls $0.13
POTENTIAL_24: folds 
*** FLOP *** [Ts 5d Td]
VANDEL67: bets $0.05
BluffOnTable: raises $0.35 to $0.40
uuMMee22: folds 
VANDEL67: folds 
Uncalled bet ($0.35) returned to BluffOnTable
BluffOnTable collected $0.58 from pot
Obumbrador leaves the table
BluffOnTable: doesn't show hand 
*** SUMMARY ***
Total pot $0.60 | Rake $0.02 
Board [Ts 5d Td]
Seat 1: SMUTJAN72 (button) folded before Flop (didn't bet)
Seat 2: VANDEL67 (small blind) folded on the Flop
Seat 4: POTENTIAL_24 (big blind) folded before Flop
Seat 5: BluffOnTable collected ($0.58)
Seat 6: Dorex2007 folded before Flop (didn't bet)
Seat 7: Almanza63 folded before Flop (didn't bet)
Seat 8: uuMMee22 folded on the Flop
Seat 9: Luigiams folded before Flop (didn't bet)



PokerStars Hand #237652999701:  Hold'em No Limit ($0.02/$0.05 USD) - 2022/07/28 20:20:21 PT [2022/07/28 23:20:21 ET]
Table 'Probitas II' 9-max Seat #2 is the button
Seat 1: SMUTJAN72 ($6.20 in chips) 
Seat 2: VANDEL67 ($1.25 in chips) 
Seat 4: POTENTIAL_24 ($4.91 in chips) 
Seat 5: BluffOnTable ($5.38 in chips) 
Seat 6: Dorex2007 ($7.99 in chips) 
Seat 7: Almanza63 ($13.72 in chips) 
Seat 8: uuMMee22 ($3.55 in chips) 
Seat 9: Luigiams ($14.08 in chips) 
POTENTIAL_24: posts small blind $0.02
BluffOnTable: posts big blind $0.05
*** HOLE CARDS ***
Dealt to Dorex2007 [3s 3d]
Dorex2007: calls $0.05
Almanza63: folds 
uuMMee22: raises $0.15 to $0.20
InLaw27 joins the table at seat #3 
Luigiams: calls $0.20
SMUTJAN72: folds 
VANDEL67: folds 
POTENTIAL_24: folds 
BluffOnTable: folds 
Dorex2007: calls $0.15
*** FLOP *** [Jd Jh Js]
Dorex2007: checks 
uuMMee22: bets $0.35
Luigiams: calls $0.35
Dorex2007: folds 
*** TURN *** [Jd Jh Js] [7h]
uuMMee22: bets $0.65
Luigiams: folds 
Uncalled bet ($0.65) returned to uuMMee22
uuMMee22 collected $1.29 from pot
uuMMee22: doesn't show hand 
*** SUMMARY ***
Total pot $1.37 | Rake $0.08 
Board [Jd Jh Js 7h]
Seat 1: SMUTJAN72 folded before Flop (didn't bet)
Seat 2: VANDEL67 (button) folded before Flop (didn't bet)
Seat 4: POTENTIAL_24 (small blind) folded before Flop
Seat 5: BluffOnTable (big blind) folded before Flop
Seat 6: Dorex2007 folded on the Flop
Seat 7: Almanza63 folded before Flop (didn't bet)
Seat 8: uuMMee22 collected ($1.29)
Seat 9: Luigiams folded on the Turn



PokerStars Hand #237653008718:  Hold'em No Limit ($0.02/$0.05 USD) - 2022/07/28 20:21:19 PT [2022/07/28 23:21:19 ET]
Table 'Probitas II' 9-max Seat #4 is the button
Seat 1: SMUTJAN72 ($6.20 in chips) 
Seat 2: VANDEL67 ($1.25 in chips) 
Seat 3: InLaw27 ($5 in chips) 
Seat 4: POTENTIAL_24 ($4.89 in chips) 
Seat 5: BluffOnTable ($5.33 in chips) 
Seat 6: Dorex2007 ($7.79 in chips) 
Seat 7: Almanza63 ($13.72 in chips) 
Seat 8: uuMMee22 ($4.29 in chips) 
Seat 9: Luigiams ($13.53 in chips) 
BluffOnTable: posts small blind $0.02
Dorex2007: posts big blind $0.05
InLaw27: posts big blind $0.05
*** HOLE CARDS ***
Dealt to Dorex2007 [Jd 6h]
Almanza63: folds 
uuMMee22: folds 
Luigiams: folds 
SMUTJAN72: raises $0.05 to $0.10
VANDEL67: calls $0.10
InLaw27: calls $0.05
POTENTIAL_24: calls $0.10
BluffOnTable: folds 
Dorex2007: folds 
*** FLOP *** [3s 4d 2h]
SMUTJAN72: checks 
VANDEL67: bets $0.05
InLaw27: raises $0.10 to $0.15
POTENTIAL_24: folds 
SMUTJAN72: folds 
VANDEL67: calls $0.10
*** TURN *** [3s 4d 2h] [Tc]
VANDEL67: bets $0.05
InLaw27: calls $0.05
*** RIVER *** [3s 4d 2h Tc] [6s]
VANDEL67: bets $0.05
InLaw27: raises $0.47 to $0.52
VANDEL67: folds 
Uncalled bet ($0.47) returned to InLaw27
InLaw27 collected $0.93 from pot
*** SUMMARY ***
Total pot $0.97 | Rake $0.04 
Board [3s 4d 2h Tc 6s]
Seat 1: SMUTJAN72 folded on the Flop
Seat 2: VANDEL67 folded on the River
Seat 3: InLaw27 collected ($0.93)
Seat 4: POTENTIAL_24 (button) folded on the Flop
Seat 5: BluffOnTable (small blind) folded before Flop
Seat 6: Dorex2007 (big blind) folded before Flop
Seat 7: Almanza63 folded before Flop (didn't bet)
Seat 8: uuMMee22 folded before Flop (didn't bet)
Seat 9: Luigiams folded before Flop (didn't bet)



PokerStars Hand #237653021036:  Hold'em No Limit ($0.02/$0.05 USD) - 2022/07/28 20:22:39 PT [2022/07/28 23:22:39 ET]
Table 'Probitas II' 9-max Seat #5 is the button
Seat 1: SMUTJAN72 ($6.10 in chips) 
Seat 2: VANDEL67 ($0.90 in chips) 
Seat 3: InLaw27 ($5.58 in chips) 
Seat 4: POTENTIAL_24 ($4.79 in chips) 
Seat 5: BluffOnTable ($5.31 in chips) 
Seat 6: Dorex2007 ($7.74 in chips) 
Seat 7: Almanza63 ($13.72 in chips) 
Seat 8: uuMMee22 ($4.29 in chips) 
Seat 9: Luigiams ($13.53 in chips) 
Dorex2007: posts small blind $0.02
Almanza63: posts big blind $0.05
*** HOLE CARDS ***
Dealt to Dorex2007 [Qd Qs]
uuMMee22: calls $0.05
Luigiams: raises $0.15 to $0.20
SMUTJAN72: folds 
VANDEL67: folds 
InLaw27: folds 
POTENTIAL_24: folds 
BluffOnTable: folds 
Dorex2007: raises $0.50 to $0.70
Almanza63: folds 
uuMMee22: folds 
Luigiams: calls $0.50
*** FLOP *** [7s 9c Ah]
Dorex2007: checks 
Luigiams: bets $0.50
Dorex2007: calls $0.50
*** TURN *** [7s 9c Ah] [7d]
Dorex2007: checks 
Luigiams: bets $0.70
Dorex2007: folds 
Uncalled bet ($0.70) returned to Luigiams
Luigiams collected $2.40 from pot
*** SUMMARY ***
Total pot $2.50 | Rake $0.10 
Board [7s 9c Ah 7d]
Seat 1: SMUTJAN72 folded before Flop (didn't bet)
Seat 2: VANDEL67 folded before Flop (didn't bet)
Seat 3: InLaw27 folded before Flop (didn't bet)
Seat 4: POTENTIAL_24 folded before Flop (didn't bet)
Seat 5: BluffOnTable (button) folded before Flop (didn't bet)
Seat 6: Dorex2007 (small blind) folded on the Turn
Seat 7: Almanza63 (big blind) folded before Flop
Seat 8: uuMMee22 folded before Flop
Seat 9: Luigiams collected ($2.40)



PokerStars Hand #237653029613:  Hold'em No Limit ($0.02/$0.05 USD) - 2022/07/28 20:23:34 PT [2022/07/28 23:23:34 ET]
Table 'Probitas II' 9-max Seat #6 is the button
Seat 1: SMUTJAN72 ($6.10 in chips) 
Seat 2: VANDEL67 ($0.90 in chips) 
Seat 3: InLaw27 ($5.58 in chips) 
Seat 4: POTENTIAL_24 ($4.79 in chips) 
Seat 5: BluffOnTable ($5.31 in chips) 
Seat 6: Dorex2007 ($6.54 in chips) 
Seat 7: Almanza63 ($13.67 in chips) 
Seat 8: uuMMee22 ($4.24 in chips) 
Seat 9: Luigiams ($14.73 in chips) 
Almanza63: posts small blind $0.02
uuMMee22: posts big blind $0.05
*** HOLE CARDS ***
Dealt to Dorex2007 [Qs Qd]
Luigiams: folds 
SMUTJAN72: folds 
VANDEL67: calls $0.05
InLaw27: raises $0.10 to $0.15
POTENTIAL_24: folds 
BluffOnTable: calls $0.15
Dorex2007: raises $0.65 to $0.80
Almanza63: folds 
uuMMee22: folds 
VANDEL67: folds 
InLaw27: folds 
BluffOnTable: folds 
Uncalled bet ($0.65) returned to Dorex2007
Dorex2007 collected $0.57 from pot
Dorex2007: doesn't show hand 
*** SUMMARY ***
Total pot $0.57 | Rake $0 
Seat 1: SMUTJAN72 folded before Flop (didn't bet)
Seat 2: VANDEL67 folded before Flop
Seat 3: InLaw27 folded before Flop
Seat 4: POTENTIAL_24 folded before Flop (didn't bet)
Seat 5: BluffOnTable folded before Flop
Seat 6: Dorex2007 (button) collected ($0.57)
Seat 7: Almanza63 (small blind) folded before Flop
Seat 8: uuMMee22 (big blind) folded before Flop
Seat 9: Luigiams folded before Flop (didn't bet)



PokerStars Hand #237653038575:  Hold'em No Limit ($0.02/$0.05 USD) - 2022/07/28 20:24:33 PT [2022/07/28 23:24:33 ET]
Table 'Probitas II' 9-max Seat #7 is the button
Seat 1: SMUTJAN72 ($6.10 in chips) 
Seat 2: VANDEL67 ($0.85 in chips) 
Seat 3: InLaw27 ($5.43 in chips) 
Seat 4: POTENTIAL_24 ($4.79 in chips) 
Seat 5: BluffOnTable ($5.16 in chips) 
Seat 6: Dorex2007 ($6.96 in chips) 
Seat 7: Almanza63 ($13.65 in chips) 
Seat 8: uuMMee22 ($4.19 in chips) 
Seat 9: Luigiams ($14.73 in chips) 
uuMMee22: posts small blind $0.02
Luigiams: posts big blind $0.05
*** HOLE CARDS ***
Dealt to Dorex2007 [5d 3d]
SMUTJAN72: folds 
VANDEL67: folds 
InLaw27: calls $0.05
POTENTIAL_24: folds 
BluffOnTable: folds 
Dorex2007: folds 
Almanza63: raises $0.15 to $0.20
uuMMee22: calls $0.18
Luigiams: calls $0.15
InLaw27: calls $0.15
*** FLOP *** [7h Qs 8d]
uuMMee22: checks 
Luigiams: checks 
InLaw27: checks 
Almanza63: bets $0.38
uuMMee22: calls $0.38
Luigiams: folds 
InLaw27: folds 
*** TURN *** [7h Qs 8d] [9s]
uuMMee22: checks 
Almanza63: bets $0.96
uuMMee22: calls $0.96
*** RIVER *** [7h Qs 8d 9s] [9d]
uuMMee22: checks 
Almanza63: checks 
*** SHOW DOWN ***
uuMMee22: shows [Qd Ad] (two pair, Queens and Nines)
Almanza63: mucks hand 
uuMMee22 collected $3.30 from pot
*** SUMMARY ***
Total pot $3.48 | Rake $0.18 
Board [7h Qs 8d 9s 9d]
Seat 1: SMUTJAN72 folded before Flop (didn't bet)
Seat 2: VANDEL67 folded before Flop (didn't bet)
Seat 3: InLaw27 folded on the Flop
Seat 4: POTENTIAL_24 folded before Flop (didn't bet)
Seat 5: BluffOnTable folded before Flop (didn't bet)
Seat 6: Dorex2007 folded before Flop (didn't bet)
Seat 7: Almanza63 (button) mucked [6h 6s]
Seat 8: uuMMee22 (small blind) showed [Qd Ad] and won ($3.30) with two pair, Queens and Nines
Seat 9: Luigiams (big blind) folded on the Flop



PokerStars Hand #237653049860:  Hold'em No Limit ($0.02/$0.05 USD) - 2022/07/28 20:25:47 PT [2022/07/28 23:25:47 ET]
Table 'Probitas II' 9-max Seat #8 is the button
Seat 1: SMUTJAN72 ($6.10 in chips) 
Seat 2: VANDEL67 ($0.85 in chips) 
Seat 3: InLaw27 ($5.23 in chips) 
Seat 4: POTENTIAL_24 ($4.79 in chips) 
Seat 5: BluffOnTable ($5.16 in chips) 
Seat 6: Dorex2007 ($6.96 in chips) 
Seat 7: Almanza63 ($12.11 in chips) 
Seat 8: uuMMee22 ($5.95 in chips) 
Seat 9: Luigiams ($14.53 in chips) 
Luigiams: posts small blind $0.02
SMUTJAN72: posts big blind $0.05
*** HOLE CARDS ***
Dealt to Dorex2007 [Kh 3s]
VANDEL67: folds 
InLaw27: folds 
POTENTIAL_24: folds 
BluffOnTable: folds 
Dorex2007: folds 
Almanza63: raises $0.15 to $0.20
uuMMee22: calls $0.20
Luigiams: folds 
SMUTJAN72: calls $0.15
*** FLOP *** [Js 9c Th]
SMUTJAN72: checks 
Almanza63: checks 
uuMMee22: checks 
*** TURN *** [Js 9c Th] [6h]
SMUTJAN72: bets $0.59
Almanza63: calls $0.59
uuMMee22: folds 
*** RIVER *** [Js 9c Th 6h] [6c]
SMUTJAN72: checks 
Almanza63: checks 
*** SHOW DOWN ***
SMUTJAN72: shows [9d Td] (two pair, Tens and Nines)
Almanza63: mucks hand 
SMUTJAN72 collected $1.73 from pot
*** SUMMARY ***
Total pot $1.80 | Rake $0.07 
Board [Js 9c Th 6h 6c]
Seat 1: SMUTJAN72 (big blind) showed [9d Td] and won ($1.73) with two pair, Tens and Nines
Seat 2: VANDEL67 folded before Flop (didn't bet)
Seat 3: InLaw27 folded before Flop (didn't bet)
Seat 4: POTENTIAL_24 folded before Flop (didn't bet)
Seat 5: BluffOnTable folded before Flop (didn't bet)
Seat 6: Dorex2007 folded before Flop (didn't bet)
Seat 7: Almanza63 mucked [Ad Qc]
Seat 8: uuMMee22 (button) folded on the Turn
Seat 9: Luigiams (small blind) folded before Flop



PokerStars Hand #237653058619:  Hold'em No Limit ($0.02/$0.05 USD) - 2022/07/28 20:26:45 PT [2022/07/28 23:26:45 ET]
Table 'Probitas II' 9-max Seat #9 is the button
Seat 1: SMUTJAN72 ($7.04 in chips) 
Seat 2: VANDEL67 ($0.85 in chips) 
Seat 3: InLaw27 ($5.23 in chips) 
Seat 4: POTENTIAL_24 ($4.79 in chips) 
Seat 5: BluffOnTable ($5.16 in chips) 
Seat 6: Dorex2007 ($6.96 in chips) 
Seat 7: Almanza63 ($11.32 in chips) 
Seat 8: uuMMee22 ($5.75 in chips) 
Seat 9: Luigiams ($14.51 in chips) 
SMUTJAN72: posts small blind $0.02
VANDEL67: posts big blind $0.05
*** HOLE CARDS ***
Dealt to Dorex2007 [8d Kd]
InLaw27: folds 
POTENTIAL_24: folds 
BluffOnTable: folds 
Dorex2007: folds 
Almanza63: raises $0.10 to $0.15
uuMMee22: folds 
Luigiams: folds 
SMUTJAN72: folds 
VANDEL67: folds 
Uncalled bet ($0.10) returned to Almanza63
Almanza63 collected $0.12 from pot
Almanza63: doesn't show hand 
*** SUMMARY ***
Total pot $0.12 | Rake $0 
Seat 1: SMUTJAN72 (small blind) folded before Flop
Seat 2: VANDEL67 (big blind) folded before Flop
Seat 3: InLaw27 folded before Flop (didn't bet)
Seat 4: POTENTIAL_24 folded before Flop (didn't bet)
Seat 5: BluffOnTable folded before Flop (didn't bet)
Seat 6: Dorex2007 folded before Flop (didn't bet)
Seat 7: Almanza63 collected ($0.12)
Seat 8: uuMMee22 folded before Flop (didn't bet)
Seat 9: Luigiams (button) folded before Flop (didn't bet)



PokerStars Hand #237653065868:  Hold'em No Limit ($0.02/$0.05 USD) - 2022/07/28 20:27:32 PT [2022/07/28 23:27:32 ET]
Table 'Probitas II' 9-max Seat #1 is the button
Seat 1: SMUTJAN72 ($7.02 in chips) 
Seat 2: VANDEL67 ($0.80 in chips) 
Seat 3: InLaw27 ($5.23 in chips) 
Seat 4: POTENTIAL_24 ($4.79 in chips) 
Seat 5: BluffOnTable ($5.16 in chips) 
Seat 6: Dorex2007 ($6.96 in chips) 
Seat 7: Almanza63 ($11.39 in chips) 
Seat 8: uuMMee22 ($5.75 in chips) 
Seat 9: Luigiams ($14.51 in chips) 
VANDEL67: posts small blind $0.02
InLaw27: posts big blind $0.05
*** HOLE CARDS ***
Dealt to Dorex2007 [9c 6h]
POTENTIAL_24: folds 
BluffOnTable: folds 
Dorex2007: folds 
Almanza63: raises $0.15 to $0.20
uuMMee22: calls $0.20
Luigiams: calls $0.20
SMUTJAN72: folds 
VANDEL67: folds 
InLaw27: folds 
*** FLOP *** [7s Kh Jc]
Almanza63: checks 
uuMMee22: checks 
Luigiams: checks 
*** TURN *** [7s Kh Jc] [3c]
Almanza63: checks 
uuMMee22: checks 
Luigiams: checks 
*** RIVER *** [7s Kh Jc 3c] [9s]
Almanza63: checks 
uuMMee22: bets $0.30
Luigiams: folds 
Almanza63: folds 
Uncalled bet ($0.30) returned to uuMMee22
uuMMee22 collected $0.63 from pot
uuMMee22: doesn't show hand 
*** SUMMARY ***
Total pot $0.67 | Rake $0.04 
Board [7s Kh Jc 3c 9s]
Seat 1: SMUTJAN72 (button) folded before Flop (didn't bet)
Seat 2: VANDEL67 (small blind) folded before Flop
Seat 3: InLaw27 (big blind) folded before Flop
Seat 4: POTENTIAL_24 folded before Flop (didn't bet)
Seat 5: BluffOnTable folded before Flop (didn't bet)
Seat 6: Dorex2007 folded before Flop (didn't bet)
Seat 7: Almanza63 folded on the River
Seat 8: uuMMee22 collected ($0.63)
Seat 9: Luigiams folded on the River



PokerStars Hand #237653076345:  Hold'em No Limit ($0.02/$0.05 USD) - 2022/07/28 20:28:41 PT [2022/07/28 23:28:41 ET]
Table 'Probitas II' 9-max Seat #2 is the button
Seat 1: SMUTJAN72 ($7.02 in chips) 
Seat 2: VANDEL67 ($0.78 in chips) 
Seat 3: InLaw27 ($5.18 in chips) 
Seat 4: POTENTIAL_24 ($4.79 in chips) 
Seat 5: BluffOnTable ($5.16 in chips) 
Seat 6: Dorex2007 ($6.96 in chips) 
Seat 7: Almanza63 ($11.19 in chips) 
Seat 8: uuMMee22 ($6.18 in chips) 
Seat 9: Luigiams ($14.31 in chips) 
InLaw27: posts small blind $0.02
POTENTIAL_24: posts big blind $0.05
*** HOLE CARDS ***
Dealt to Dorex2007 [Qh Kh]
BluffOnTable: raises $0.10 to $0.15
Dorex2007: raises $0.15 to $0.30
Almanza63: folds 
uuMMee22: folds 
Luigiams: folds 
SMUTJAN72: folds 
VANDEL67: folds 
InLaw27: folds 
POTENTIAL_24: folds 
BluffOnTable: calls $0.15
*** FLOP *** [6d 6s Js]
BluffOnTable: checks 
Dorex2007: bets $0.32
BluffOnTable: raises $0.33 to $0.65
Dorex2007: folds 
Uncalled bet ($0.33) returned to BluffOnTable
BluffOnTable collected $1.26 from pot
BluffOnTable: doesn't show hand 
*** SUMMARY ***
Total pot $1.31 | Rake $0.05 
Board [6d 6s Js]
Seat 1: SMUTJAN72 folded before Flop (didn't bet)
Seat 2: VANDEL67 (button) folded before Flop (didn't bet)
Seat 3: InLaw27 (small blind) folded before Flop
Seat 4: POTENTIAL_24 (big blind) folded before Flop
Seat 5: BluffOnTable collected ($1.26)
Seat 6: Dorex2007 folded on the Flop
Seat 7: Almanza63 folded before Flop (didn't bet)
Seat 8: uuMMee22 folded before Flop (didn't bet)
Seat 9: Luigiams folded before Flop (didn't bet)



PokerStars Hand #237653083308:  Hold'em No Limit ($0.02/$0.05 USD) - 2022/07/28 20:29:26 PT [2022/07/28 23:29:26 ET]
Table 'Probitas II' 9-max Seat #3 is the button
Seat 1: SMUTJAN72 ($7.02 in chips) 
Seat 2: VANDEL67 ($0.78 in chips) 
Seat 3: InLaw27 ($5.16 in chips) 
Seat 4: POTENTIAL_24 ($4.74 in chips) 
Seat 5: BluffOnTable ($5.80 in chips) 
Seat 6: Dorex2007 ($6.34 in chips) 
Seat 7: Almanza63 ($11.19 in chips) 
Seat 8: uuMMee22 ($6.18 in chips) 
Seat 9: Luigiams ($14.31 in chips) 
POTENTIAL_24: posts small blind $0.02
BluffOnTable: posts big blind $0.05
*** HOLE CARDS ***
Dealt to Dorex2007 [2s 6s]
Dorex2007: folds 
Almanza63: folds 
uuMMee22: calls $0.05
Luigiams: raises $0.05 to $0.10
SMUTJAN72: folds 
VANDEL67: folds 
InLaw27: calls $0.10
POTENTIAL_24: folds 
BluffOnTable: calls $0.05
uuMMee22: calls $0.05
*** FLOP *** [9d 2c As]
BluffOnTable: checks 
uuMMee22: checks 
Luigiams: bets $0.20
InLaw27: folds 
BluffOnTable: raises $0.90 to $1.10
uuMMee22: folds 
Luigiams: folds 
Uncalled bet ($0.90) returned to BluffOnTable
BluffOnTable collected $0.79 from pot
BluffOnTable: doesn't show hand 
*** SUMMARY ***
Total pot $0.82 | Rake $0.03 
Board [9d 2c As]
Seat 1: SMUTJAN72 folded before Flop (didn't bet)
Seat 2: VANDEL67 folded before Flop (didn't bet)
Seat 3: InLaw27 (button) folded on the Flop
Seat 4: POTENTIAL_24 (small blind) folded before Flop
Seat 5: BluffOnTable (big blind) collected ($0.79)
Seat 6: Dorex2007 folded before Flop (didn't bet)
Seat 7: Almanza63 folded before Flop (didn't bet)
Seat 8: uuMMee22 folded on the Flop
Seat 9: Luigiams folded on the Flop



PokerStars Hand #237653093350:  Hold'em No Limit ($0.02/$0.05 USD) - 2022/07/28 20:30:33 PT [2022/07/28 23:30:33 ET]
Table 'Probitas II' 9-max Seat #4 is the button
Seat 1: SMUTJAN72 ($7.02 in chips) 
Seat 2: VANDEL67 ($0.78 in chips) 
Seat 3: InLaw27 ($5.06 in chips) 
Seat 4: POTENTIAL_24 ($4.72 in chips) 
Seat 5: BluffOnTable ($6.29 in chips) 
Seat 6: Dorex2007 ($6.34 in chips) 
Seat 7: Almanza63 ($11.19 in chips) 
Seat 8: uuMMee22 ($6.08 in chips) 
Seat 9: Luigiams ($14.01 in chips) 
BluffOnTable: posts small blind $0.02
Dorex2007: posts big blind $0.05
*** HOLE CARDS ***
Dealt to Dorex2007 [9h Ah]
Almanza63: folds 
uuMMee22: calls $0.05
Luigiams: folds 
SMUTJAN72: folds 
VANDEL67: folds 
InLaw27: folds 
POTENTIAL_24: folds 
BluffOnTable: calls $0.03
Dorex2007: checks 
*** FLOP *** [6d 4s As]
BluffOnTable: checks 
Dorex2007: checks 
uuMMee22: bets $0.10
BluffOnTable: folds 
Dorex2007: raises $0.13 to $0.23
uuMMee22: calls $0.13
*** TURN *** [6d 4s As] [Qh]
Dorex2007: checks 
uuMMee22: bets $0.25
Dorex2007: raises $0.54 to $0.79
uuMMee22: calls $0.54
*** RIVER *** [6d 4s As Qh] [Tc]
Dorex2007: bets $0.60
uuMMee22: calls $0.60
*** SHOW DOWN ***
Dorex2007: shows [9h Ah] (a pair of Aces)
uuMMee22: mucks hand 
Dorex2007 collected $3.25 from pot
*** SUMMARY ***
Total pot $3.39 | Rake $0.14 
Board [6d 4s As Qh Tc]
Seat 1: SMUTJAN72 folded before Flop (didn't bet)
Seat 2: VANDEL67 folded before Flop (didn't bet)
Seat 3: InLaw27 folded before Flop (didn't bet)
Seat 4: POTENTIAL_24 (button) folded before Flop (didn't bet)
Seat 5: BluffOnTable (small blind) folded on the Flop
Seat 6: Dorex2007 (big blind) showed [9h Ah] and won ($3.25) with a pair of Aces
Seat 7: Almanza63 folded before Flop (didn't bet)
Seat 8: uuMMee22 mucked [Qc Ks]
Seat 9: Luigiams folded before Flop (didn't bet)



PokerStars Hand #237653100645:  Hold'em No Limit ($0.02/$0.05 USD) - 2022/07/28 20:31:22 PT [2022/07/28 23:31:22 ET]
Table 'Probitas II' 9-max Seat #5 is the button
Seat 1: SMUTJAN72 ($7.02 in chips) 
Seat 2: VANDEL67 ($0.78 in chips) 
Seat 3: InLaw27 ($5.06 in chips) 
Seat 4: POTENTIAL_24 ($4.72 in chips) 
Seat 5: BluffOnTable ($6.24 in chips) 
Seat 6: Dorex2007 ($7.92 in chips) 
Seat 7: Almanza63 ($11.19 in chips) 
Seat 8: uuMMee22 ($4.41 in chips) 
Seat 9: Luigiams ($14.01 in chips) 
Dorex2007: posts small blind $0.02
Almanza63: posts big blind $0.05
*** HOLE CARDS ***
Dealt to Dorex2007 [2d 6s]
uuMMee22: calls $0.05
Luigiams: folds 
SMUTJAN72: folds 
VANDEL67: raises $0.05 to $0.10
InLaw27: calls $0.10
POTENTIAL_24: folds 
BluffOnTable: calls $0.10
Dorex2007: folds 
Almanza63: calls $0.05
uuMMee22: calls $0.05
*** FLOP *** [5d Qc Kc]
Almanza63: checks 
uuMMee22: checks 
VANDEL67: bets $0.15
InLaw27: calls $0.15
BluffOnTable: folds 
Almanza63: folds 
uuMMee22: calls $0.15
*** TURN *** [5d Qc Kc] [7d]
uuMMee22: checks 
VANDEL67: bets $0.25
InLaw27: calls $0.25
uuMMee22: calls $0.25
*** RIVER *** [5d Qc Kc 7d] [Kd]
uuMMee22: checks 
VANDEL67: bets $0.28 and is all-in
InLaw27: folds 
uuMMee22: folds 
Uncalled bet ($0.28) returned to VANDEL67
VANDEL67 collected $1.65 from pot
VANDEL67: doesn't show hand 
*** SUMMARY ***
Total pot $1.72 | Rake $0.07 
Board [5d Qc Kc 7d Kd]
Seat 1: SMUTJAN72 folded before Flop (didn't bet)
Seat 2: VANDEL67 collected ($1.65)
Seat 3: InLaw27 folded on the River
Seat 4: POTENTIAL_24 folded before Flop (didn't bet)
Seat 5: BluffOnTable (button) folded on the Flop
Seat 6: Dorex2007 (small blind) folded before Flop
Seat 7: Almanza63 (big blind) folded on the Flop
Seat 8: uuMMee22 folded on the River
Seat 9: Luigiams folded before Flop (didn't bet)



PokerStars Hand #237653112486:  Hold'em No Limit ($0.02/$0.05 USD) - 2022/07/28 20:32:41 PT [2022/07/28 23:32:41 ET]
Table 'Probitas II' 9-max Seat #6 is the button
Seat 1: SMUTJAN72 ($7.02 in chips) 
Seat 2: VANDEL67 ($1.93 in chips) 
Seat 3: InLaw27 ($4.56 in chips) 
Seat 4: POTENTIAL_24 ($4.72 in chips) 
Seat 5: BluffOnTable ($6.14 in chips) 
Seat 6: Dorex2007 ($7.90 in chips) 
Seat 7: Almanza63 ($11.09 in chips) 
Seat 8: uuMMee22 ($3.91 in chips) 
Seat 9: Luigiams ($14.01 in chips) 
Almanza63: posts small blind $0.02
uuMMee22: posts big blind $0.05
*** HOLE CARDS ***
Dealt to Dorex2007 [Th 8d]
Luigiams: folds 
SMUTJAN72: raises $0.12 to $0.17
VANDEL67: folds 
InLaw27: folds 
POTENTIAL_24: folds 
BluffOnTable: folds 
Dorex2007: folds 
Almanza63: folds 
uuMMee22: calls $0.12
*** FLOP *** [7s 2c Ts]
uuMMee22: checks 
SMUTJAN72: bets $0.17
uuMMee22: calls $0.17
*** TURN *** [7s 2c Ts] [Ks]
uuMMee22: checks 
SMUTJAN72: bets $0.05
uuMMee22: calls $0.05
*** RIVER *** [7s 2c Ts Ks] [3d]
uuMMee22: checks 
SMUTJAN72: checks 
*** SHOW DOWN ***
uuMMee22: shows [Qd 9s] (high card King)
SMUTJAN72: shows [Qh Qc] (a pair of Queens)
SMUTJAN72 collected $0.77 from pot
*** SUMMARY ***
Total pot $0.80 | Rake $0.03 
Board [7s 2c Ts Ks 3d]
Seat 1: SMUTJAN72 showed [Qh Qc] and won ($0.77) with a pair of Queens
Seat 2: VANDEL67 folded before Flop (didn't bet)
Seat 3: InLaw27 folded before Flop (didn't bet)
Seat 4: POTENTIAL_24 folded before Flop (didn't bet)
Seat 5: BluffOnTable folded before Flop (didn't bet)
Seat 6: Dorex2007 (button) folded before Flop (didn't bet)
Seat 7: Almanza63 (small blind) folded before Flop
Seat 8: uuMMee22 (big blind) showed [Qd 9s] and lost with high card King
Seat 9: Luigiams folded before Flop (didn't bet)



PokerStars Hand #237653120793:  Hold'em No Limit ($0.02/$0.05 USD) - 2022/07/28 20:33:37 PT [2022/07/28 23:33:37 ET]
Table 'Probitas II' 9-max Seat #7 is the button
Seat 1: SMUTJAN72 ($7.40 in chips) 
Seat 2: VANDEL67 ($1.93 in chips) 
Seat 3: InLaw27 ($4.56 in chips) 
Seat 4: POTENTIAL_24 ($4.72 in chips) 
Seat 5: BluffOnTable ($6.14 in chips) 
Seat 6: Dorex2007 ($7.90 in chips) 
Seat 7: Almanza63 ($11.07 in chips) 
Seat 9: Luigiams ($14.01 in chips) 
Luigiams: posts small blind $0.02
SMUTJAN72: posts big blind $0.05
*** HOLE CARDS ***
Dealt to Dorex2007 [5s 8h]
uuMMee22 leaves the table
VANDEL67: calls $0.05
InLaw27: folds 
POTENTIAL_24: folds 
BluffOnTable: folds 
Dorex2007: folds 
Almanza63: folds 
Luigiams: calls $0.03
SMUTJAN72: checks 
*** FLOP *** [Td 3s 4d]
Luigiams: checks 
SMUTJAN72: checks 
VANDEL67: bets $0.10
Luigiams: folds 
SMUTJAN72: folds 
Uncalled bet ($0.10) returned to VANDEL67
VANDEL67 collected $0.14 from pot
VANDEL67: doesn't show hand 
*** SUMMARY ***
Total pot $0.15 | Rake $0.01 
Board [Td 3s 4d]
Seat 1: SMUTJAN72 (big blind) folded on the Flop
Seat 2: VANDEL67 collected ($0.14)
Seat 3: InLaw27 folded before Flop (didn't bet)
Seat 4: POTENTIAL_24 folded before Flop (didn't bet)
Seat 5: BluffOnTable folded before Flop (didn't bet)
Seat 6: Dorex2007 folded before Flop (didn't bet)
Seat 7: Almanza63 (button) folded before Flop (didn't bet)
Seat 9: Luigiams (small blind) folded on the Flop



PokerStars Hand #237653128285:  Hold'em No Limit ($0.02/$0.05 USD) - 2022/07/28 20:34:27 PT [2022/07/28 23:34:27 ET]
Table 'Probitas II' 9-max Seat #9 is the button
Seat 1: SMUTJAN72 ($7.35 in chips) 
Seat 2: VANDEL67 ($2.02 in chips) 
Seat 3: InLaw27 ($4.56 in chips) 
Seat 4: POTENTIAL_24 ($4.72 in chips) 
Seat 5: BluffOnTable ($6.14 in chips) 
Seat 6: Dorex2007 ($7.90 in chips) 
Seat 7: Almanza63 ($11.07 in chips) 
Seat 9: Luigiams ($13.96 in chips) 
SMUTJAN72: posts small blind $0.02
VANDEL67: posts big blind $0.05
*** HOLE CARDS ***
Dealt to Dorex2007 [9s 5c]
fbbjunior joins the table at seat #8 
InLaw27: raises $0.05 to $0.10
POTENTIAL_24: folds 
BluffOnTable: folds 
Dorex2007: folds 
Almanza63: folds 
Luigiams: calls $0.10
SMUTJAN72: folds 
VANDEL67: raises $0.05 to $0.15
InLaw27: calls $0.05
Luigiams: calls $0.05
*** FLOP *** [Qs As 8d]
VANDEL67: checks 
InLaw27: bets $0.22
Luigiams: folds 
VANDEL67: raises $1.65 to $1.87 and is all-in
InLaw27: folds 
Uncalled bet ($1.65) returned to VANDEL67
VANDEL67 collected $0.87 from pot
VANDEL67: doesn't show hand 
*** SUMMARY ***
Total pot $0.91 | Rake $0.04 
Board [Qs As 8d]
Seat 1: SMUTJAN72 (small blind) folded before Flop
Seat 2: VANDEL67 (big blind) collected ($0.87)
Seat 3: InLaw27 folded on the Flop
Seat 4: POTENTIAL_24 folded before Flop (didn't bet)
Seat 5: BluffOnTable folded before Flop (didn't bet)
Seat 6: Dorex2007 folded before Flop (didn't bet)
Seat 7: Almanza63 folded before Flop (didn't bet)
Seat 9: Luigiams (button) folded on the Flop



PokerStars Hand #237653136771:  Hold'em No Limit ($0.02/$0.05 USD) - 2022/07/28 20:35:25 PT [2022/07/28 23:35:25 ET]
Table 'Probitas II' 9-max Seat #1 is the button
Seat 1: SMUTJAN72 ($7.33 in chips) 
Seat 2: VANDEL67 ($2.52 in chips) 
Seat 3: InLaw27 ($4.19 in chips) 
Seat 4: POTENTIAL_24 ($4.72 in chips) 
Seat 5: BluffOnTable ($6.14 in chips) 
Seat 6: Dorex2007 ($7.90 in chips) 
Seat 7: Almanza63 ($11.07 in chips) 
Seat 9: Luigiams ($13.81 in chips) 
VANDEL67: posts small blind $0.02
InLaw27: posts big blind $0.05
fbbjunior: sits out 
*** HOLE CARDS ***
Dealt to Dorex2007 [4h 3c]
POTENTIAL_24: folds 
BluffOnTable: folds 
Dorex2007: folds 
Almanza63: folds 
Luigiams: folds 
SMUTJAN72: raises $0.05 to $0.10
VANDEL67: folds 
InLaw27: calls $0.05
*** FLOP *** [Js 8d Qc]
InLaw27: bets $0.15
SMUTJAN72: folds 
Uncalled bet ($0.15) returned to InLaw27
InLaw27 collected $0.21 from pot
*** SUMMARY ***
Total pot $0.22 | Rake $0.01 
Board [Js 8d Qc]
Seat 1: SMUTJAN72 (button) folded on the Flop
Seat 2: VANDEL67 (small blind) folded before Flop
Seat 3: InLaw27 (big blind) collected ($0.21)
Seat 4: POTENTIAL_24 folded before Flop (didn't bet)
Seat 5: BluffOnTable folded before Flop (didn't bet)
Seat 6: Dorex2007 folded before Flop (didn't bet)
Seat 7: Almanza63 folded before Flop (didn't bet)
Seat 9: Luigiams folded before Flop (didn't bet)



PokerStars Hand #237653141558:  Hold'em No Limit ($0.02/$0.05 USD) - 2022/07/28 20:35:57 PT [2022/07/28 23:35:57 ET]
Table 'Probitas II' 9-max Seat #2 is the button
Seat 1: SMUTJAN72 ($7.23 in chips) 
Seat 2: VANDEL67 ($2.50 in chips) 
Seat 3: InLaw27 ($4.30 in chips) 
Seat 4: POTENTIAL_24 ($4.72 in chips) 
Seat 5: BluffOnTable ($6.14 in chips) 
Seat 6: Dorex2007 ($7.90 in chips) 
Seat 7: Almanza63 ($11.07 in chips) 
Seat 9: Luigiams ($13.81 in chips) 
InLaw27: posts small blind $0.02
POTENTIAL_24: posts big blind $0.05
fbbjunior: sits out 
*** HOLE CARDS ***
Dealt to Dorex2007 [3c 5s]
BluffOnTable: folds 
Dorex2007: folds 
Almanza63: folds 
Luigiams: folds 
SMUTJAN72: folds 
VANDEL67: folds 
InLaw27: calls $0.03
POTENTIAL_24: raises $0.05 to $0.10
InLaw27: calls $0.05
*** FLOP *** [Th 9c 2h]
InLaw27: checks 
POTENTIAL_24: bets $0.09
InLaw27: raises $0.09 to $0.18
POTENTIAL_24: calls $0.09
*** TURN *** [Th 9c 2h] [Jh]
InLaw27: bets $0.27
POTENTIAL_24: folds 
Uncalled bet ($0.27) returned to InLaw27
InLaw27 collected $0.54 from pot
*** SUMMARY ***
Total pot $0.56 | Rake $0.02 
Board [Th 9c 2h Jh]
Seat 1: SMUTJAN72 folded before Flop (didn't bet)
Seat 2: VANDEL67 (button) folded before Flop (didn't bet)
Seat 3: InLaw27 (small blind) collected ($0.54)
Seat 4: POTENTIAL_24 (big blind) folded on the Turn
Seat 5: BluffOnTable folded before Flop (didn't bet)
Seat 6: Dorex2007 folded before Flop (didn't bet)
Seat 7: Almanza63 folded before Flop (didn't bet)
Seat 9: Luigiams folded before Flop (didn't bet)



PokerStars Hand #237653156067:  Hold'em No Limit ($0.02/$0.05 USD) - 2022/07/28 20:37:35 PT [2022/07/28 23:37:35 ET]
Table 'Probitas II' 9-max Seat #3 is the button
Seat 1: SMUTJAN72 ($7.23 in chips) 
Seat 2: VANDEL67 ($2.50 in chips) 
Seat 3: InLaw27 ($4.56 in chips) 
Seat 4: POTENTIAL_24 ($4.44 in chips) 
Seat 5: BluffOnTable ($6.14 in chips) 
Seat 6: Dorex2007 ($7.90 in chips) 
Seat 7: Almanza63 ($11.07 in chips) 
Seat 8: fbbjunior ($4 in chips) 
Seat 9: Luigiams ($13.81 in chips) 
POTENTIAL_24: posts small blind $0.02
BluffOnTable: posts big blind $0.05
fbbjunior: posts big blind $0.05
*** HOLE CARDS ***
Dealt to Dorex2007 [6d Jh]
Dorex2007: folds 
Almanza63: folds 
fbbjunior: raises $0.10 to $0.15
Luigiams: raises $0.20 to $0.35
SMUTJAN72: folds 
VANDEL67: folds 
InLaw27: folds 
POTENTIAL_24: folds 
BluffOnTable: folds 
fbbjunior: calls $0.20
*** FLOP *** [Jc 8s 7c]
fbbjunior: checks 
Luigiams: bets $0.40
fbbjunior: folds 
Uncalled bet ($0.40) returned to Luigiams
Luigiams collected $0.74 from pot
*** SUMMARY ***
Total pot $0.77 | Rake $0.03 
Board [Jc 8s 7c]
Seat 1: SMUTJAN72 folded before Flop (didn't bet)
Seat 2: VANDEL67 folded before Flop (didn't bet)
Seat 3: InLaw27 (button) folded before Flop (didn't bet)
Seat 4: POTENTIAL_24 (small blind) folded before Flop
Seat 5: BluffOnTable (big blind) folded before Flop
Seat 6: Dorex2007 folded before Flop (didn't bet)
Seat 7: Almanza63 folded before Flop (didn't bet)
Seat 8: fbbjunior folded on the Flop
Seat 9: Luigiams collected ($0.74)



PokerStars Hand #237653162790:  Hold'em No Limit ($0.02/$0.05 USD) - 2022/07/28 20:38:20 PT [2022/07/28 23:38:20 ET]
Table 'Probitas II' 9-max Seat #4 is the button
Seat 1: SMUTJAN72 ($7.23 in chips) 
Seat 2: VANDEL67 ($2.50 in chips) 
Seat 3: InLaw27 ($4.56 in chips) 
Seat 4: POTENTIAL_24 ($4.42 in chips) 
Seat 5: BluffOnTable ($6.09 in chips) 
Seat 6: Dorex2007 ($7.90 in chips) 
Seat 7: Almanza63 ($11.07 in chips) 
Seat 8: fbbjunior ($3.65 in chips) 
Seat 9: Luigiams ($14.20 in chips) 
BluffOnTable: posts small blind $0.02
Dorex2007: posts big blind $0.05
*** HOLE CARDS ***
Dealt to Dorex2007 [2s 5d]
Almanza63: folds 
fbbjunior: raises $0.05 to $0.10
Luigiams: folds 
SMUTJAN72: folds 
VANDEL67: folds 
InLaw27: calls $0.10
POTENTIAL_24: folds 
BluffOnTable: folds 
Dorex2007: folds 
*** FLOP *** [5c 4c 3s]
fbbjunior: bets $0.05
InLaw27: raises $0.18 to $0.23
fbbjunior: calls $0.18
*** TURN *** [5c 4c 3s] [Td]
fbbjunior: bets $0.05
InLaw27: raises $0.45 to $0.50
fbbjunior: calls $0.45
*** RIVER *** [5c 4c 3s Td] [8d]
fbbjunior: bets $0.05
InLaw27: raises $0.98 to $1.03
fbbjunior: folds 
Uncalled bet ($0.98) returned to InLaw27
InLaw27 collected $1.75 from pot
*** SUMMARY ***
Total pot $1.83 | Rake $0.08 
Board [5c 4c 3s Td 8d]
Seat 1: SMUTJAN72 folded before Flop (didn't bet)
Seat 2: VANDEL67 folded before Flop (didn't bet)
Seat 3: InLaw27 collected ($1.75)
Seat 4: POTENTIAL_24 (button) folded before Flop (didn't bet)
Seat 5: BluffOnTable (small blind) folded before Flop
Seat 6: Dorex2007 (big blind) folded before Flop
Seat 7: Almanza63 folded before Flop (didn't bet)
Seat 8: fbbjunior folded on the River
Seat 9: Luigiams folded before Flop (didn't bet)



PokerStars Hand #237653180648:  Hold'em No Limit ($0.02/$0.05 USD) - 2022/07/28 20:39:31 PT [2022/07/28 23:39:31 ET]
Table 'Probitas II' 9-max Seat #5 is the button
Seat 1: SMUTJAN72 ($7.23 in chips) 
Seat 2: VANDEL67 ($2.50 in chips) 
Seat 3: InLaw27 ($5.43 in chips) 
Seat 4: POTENTIAL_24 ($4.42 in chips) 
Seat 5: BluffOnTable ($6.07 in chips) 
Seat 6: Dorex2007 ($7.85 in chips) 
Seat 7: Almanza63 ($11.07 in chips) 
Seat 8: fbbjunior ($2.77 in chips) 
Seat 9: Luigiams ($14.20 in chips) 
Dorex2007: posts small blind $0.02
Almanza63: posts big blind $0.05
*** HOLE CARDS ***
Dealt to Dorex2007 [3c Qc]
fbbjunior: folds 
Luigiams: folds 
SMUTJAN72: folds 
VANDEL67: folds 
InLaw27: calls $0.05
POTENTIAL_24: raises $0.12 to $0.17
BluffOnTable: folds 
Dorex2007: folds 
Almanza63: calls $0.12
InLaw27: calls $0.12
*** FLOP *** [Ad 2s 5c]
Almanza63: checks 
InLaw27: checks 
POTENTIAL_24: bets $0.18
Almanza63: calls $0.18
InLaw27: folds 
*** TURN *** [Ad 2s 5c] [Kh]
Almanza63: checks 
POTENTIAL_24: checks 
*** RIVER *** [Ad 2s 5c Kh] [Td]
Almanza63: bets $0.41
POTENTIAL_24: folds 
Uncalled bet ($0.41) returned to Almanza63
Almanza63 collected $0.85 from pot
Almanza63: doesn't show hand 
*** SUMMARY ***
Total pot $0.89 | Rake $0.04 
Board [Ad 2s 5c Kh Td]
Seat 1: SMUTJAN72 folded before Flop (didn't bet)
Seat 2: VANDEL67 folded before Flop (didn't bet)
Seat 3: InLaw27 folded on the Flop
Seat 4: POTENTIAL_24 folded on the River
Seat 5: BluffOnTable (button) folded before Flop (didn't bet)
Seat 6: Dorex2007 (small blind) folded before Flop
Seat 7: Almanza63 (big blind) collected ($0.85)
Seat 8: fbbjunior folded before Flop (didn't bet)
Seat 9: Luigiams folded before Flop (didn't bet)



PokerStars Hand #237653190596:  Hold'em No Limit ($0.02/$0.05 USD) - 2022/07/28 20:40:38 PT [2022/07/28 23:40:38 ET]
Table 'Probitas II' 9-max Seat #6 is the button
Seat 1: SMUTJAN72 ($7.23 in chips) 
Seat 2: VANDEL67 ($2.50 in chips) 
Seat 4: POTENTIAL_24 ($4.07 in chips) 
Seat 5: BluffOnTable ($6.07 in chips) 
Seat 6: Dorex2007 ($7.83 in chips) 
Seat 7: Almanza63 ($11.57 in chips) 
Seat 8: fbbjunior ($2.77 in chips) 
Seat 9: Luigiams ($14.20 in chips) 
Almanza63: posts small blind $0.02
fbbjunior: posts big blind $0.05
*** HOLE CARDS ***
Dealt to Dorex2007 [Th 9c]
Luigiams: folds 
SMUTJAN72: folds 
VANDEL67: raises $0.05 to $0.10
POTENTIAL_24: folds 
BluffOnTable: folds 
Dorex2007: folds 
Almanza63: calls $0.08
fbbjunior: calls $0.05
*** FLOP *** [8d Jd Ad]
Almanza63: checks 
fbbjunior: bets $0.29
VANDEL67: calls $0.29
Almanza63: folds 
*** TURN *** [8d Jd Ad] [5c]
fbbjunior: checks 
VANDEL67: bets $0.15
fbbjunior: raises $1.14 to $1.29
VANDEL67: folds 
Uncalled bet ($1.14) returned to fbbjunior
fbbjunior collected $1.13 from pot
fbbjunior: doesn't show hand 
*** SUMMARY ***
Total pot $1.18 | Rake $0.05 
Board [8d Jd Ad 5c]
Seat 1: SMUTJAN72 folded before Flop (didn't bet)
Seat 2: VANDEL67 folded on the Turn
Seat 4: POTENTIAL_24 folded before Flop (didn't bet)
Seat 5: BluffOnTable folded before Flop (didn't bet)
Seat 6: Dorex2007 (button) folded before Flop (didn't bet)
Seat 7: Almanza63 (small blind) folded on the Flop
Seat 8: fbbjunior (big blind) collected ($1.13)
Seat 9: Luigiams folded before Flop (didn't bet)



PokerStars Hand #237653216824:  Hold'em No Limit ($0.02/$0.05 USD) - 2022/07/28 20:41:42 PT [2022/07/28 23:41:42 ET]
Table 'Probitas II' 9-max Seat #7 is the button
Seat 1: SMUTJAN72 ($7.23 in chips) 
Seat 2: VANDEL67 ($1.96 in chips) 
Seat 4: POTENTIAL_24 ($4.07 in chips) 
Seat 5: BluffOnTable ($6.07 in chips) 
Seat 6: Dorex2007 ($7.83 in chips) 
Seat 7: Almanza63 ($11.47 in chips) 
Seat 8: fbbjunior ($3.36 in chips) 
Seat 9: Luigiams ($14.20 in chips) 
fbbjunior: posts small blind $0.02
Luigiams: posts big blind $0.05
*** HOLE CARDS ***
Dealt to Dorex2007 [2d 4h]
SMUTJAN72: folds 
VANDEL67: calls $0.05
POTENTIAL_24: folds 
BluffOnTable: folds 
Dorex2007: folds 
Almanza63: calls $0.05
fbbjunior: calls $0.03
Luigiams: raises $0.25 to $0.30
VANDEL67: folds 
Almanza63: folds 
fbbjunior: calls $0.25
*** FLOP *** [Qs 9d 2h]
fbbjunior: checks 
Luigiams: bets $0.25
fbbjunior: folds 
Uncalled bet ($0.25) returned to Luigiams
Luigiams collected $0.67 from pot
*** SUMMARY ***
Total pot $0.70 | Rake $0.03 
Board [Qs 9d 2h]
Seat 1: SMUTJAN72 folded before Flop (didn't bet)
Seat 2: VANDEL67 folded before Flop
Seat 4: POTENTIAL_24 folded before Flop (didn't bet)
Seat 5: BluffOnTable folded before Flop (didn't bet)
Seat 6: Dorex2007 folded before Flop (didn't bet)
Seat 7: Almanza63 (button) folded before Flop
Seat 8: fbbjunior (small blind) folded on the Flop
Seat 9: Luigiams (big blind) collected ($0.67)



PokerStars Hand #237653225624:  Hold'em No Limit ($0.02/$0.05 USD) - 2022/07/28 20:42:43 PT [2022/07/28 23:42:43 ET]
Table 'Probitas II' 9-max Seat #8 is the button
Seat 1: SMUTJAN72 ($7.23 in chips) 
Seat 2: VANDEL67 ($1.91 in chips) 
Seat 4: POTENTIAL_24 ($4.07 in chips) 
Seat 5: BluffOnTable ($6.07 in chips) 
Seat 6: Dorex2007 ($7.83 in chips) 
Seat 7: Almanza63 ($11.42 in chips) 
Seat 8: fbbjunior ($3.06 in chips) 
Seat 9: Luigiams ($14.57 in chips) 
Luigiams: posts small blind $0.02
SMUTJAN72: posts big blind $0.05
*** HOLE CARDS ***
Dealt to Dorex2007 [5d 7d]
VANDEL67: raises $0.05 to $0.10
POTENTIAL_24: calls $0.10
BluffOnTable: folds 
Dorex2007: folds 
Almanza63: folds 
fbbjunior: calls $0.10
Luigiams: raises $0.20 to $0.30
SMUTJAN72: folds 
VANDEL67: calls $0.20
POTENTIAL_24: calls $0.20
fbbjunior: calls $0.20
*** FLOP *** [Js Qh Tc]
Luigiams: bets $0.40
VANDEL67: raises $0.40 to $0.80
POTENTIAL_24: folds 
fbbjunior: raises $1.96 to $2.76 and is all-in
Luigiams: folds 
VANDEL67: calls $0.81 and is all-in
Uncalled bet ($1.15) returned to fbbjunior
*** TURN *** [Js Qh Tc] [Td]
*** RIVER *** [Js Qh Tc Td] [Ah]
*** SHOW DOWN ***
VANDEL67: shows [Kd Kc] (a straight, Ten to Ace)
fbbjunior: shows [Jd Ts] (a full house, Tens full of Jacks)
fbbjunior collected $4.67 from pot
VANDEL67 cashed out the hand for $2.27 | Cash Out Fee $0.02
*** SUMMARY ***
Total pot $4.87 | Rake $0.20 
Board [Js Qh Tc Td Ah]
Seat 1: SMUTJAN72 (big blind) folded before Flop
Seat 2: VANDEL67 showed [Kd Kc] and lost with a straight, Ten to Ace (cashed out).
Seat 4: POTENTIAL_24 folded on the Flop
Seat 5: BluffOnTable folded before Flop (didn't bet)
Seat 6: Dorex2007 folded before Flop (didn't bet)
Seat 7: Almanza63 folded before Flop (didn't bet)
Seat 8: fbbjunior (button) showed [Jd Ts] and won ($4.67) with a full house, Tens full of Jacks
Seat 9: Luigiams (small blind) folded on the Flop



PokerStars Hand #237653238218:  Hold'em No Limit ($0.02/$0.05 USD) - 2022/07/28 20:44:11 PT [2022/07/28 23:44:11 ET]
Table 'Probitas II' 9-max Seat #9 is the button
Seat 1: SMUTJAN72 ($7.18 in chips) 
Seat 2: VANDEL67 ($2.27 in chips) 
Seat 4: POTENTIAL_24 ($4.42 in chips) 
Seat 5: BluffOnTable ($6.07 in chips) 
Seat 6: Dorex2007 ($7.83 in chips) 
Seat 7: Almanza63 ($11.42 in chips) 
Seat 8: fbbjunior ($5.82 in chips) 
Seat 9: Luigiams ($13.87 in chips) 
SMUTJAN72: posts small blind $0.02
VANDEL67: posts big blind $0.05
*** HOLE CARDS ***
Dealt to Dorex2007 [Ah 7h]
POTENTIAL_24: folds 
BluffOnTable: folds 
Dorex2007: folds 
Almanza63: raises $0.10 to $0.15
fbbjunior: folds 
Luigiams: folds 
SMUTJAN72: folds 
VANDEL67: folds 
Uncalled bet ($0.10) returned to Almanza63
Almanza63 collected $0.12 from pot
Almanza63: doesn't show hand 
*** SUMMARY ***
Total pot $0.12 | Rake $0 
Seat 1: SMUTJAN72 (small blind) folded before Flop
Seat 2: VANDEL67 (big blind) folded before Flop
Seat 4: POTENTIAL_24 folded before Flop (didn't bet)
Seat 5: BluffOnTable folded before Flop (didn't bet)
Seat 6: Dorex2007 folded before Flop (didn't bet)
Seat 7: Almanza63 collected ($0.12)
Seat 8: fbbjunior folded before Flop (didn't bet)
Seat 9: Luigiams (button) folded before Flop (didn't bet)



PokerStars Hand #237653241647:  Hold'em No Limit ($0.02/$0.05 USD) - 2022/07/28 20:44:36 PT [2022/07/28 23:44:36 ET]
Table 'Probitas II' 9-max Seat #1 is the button
Seat 1: SMUTJAN72 ($7.16 in chips) 
Seat 2: VANDEL67 ($2.22 in chips) 
Seat 4: POTENTIAL_24 ($4.42 in chips) 
Seat 5: BluffOnTable ($6.07 in chips) 
Seat 6: Dorex2007 ($7.83 in chips) 
Seat 7: Almanza63 ($11.49 in chips) 
Seat 8: fbbjunior ($5.82 in chips) 
Seat 9: Luigiams ($13.87 in chips) 
VANDEL67: posts small blind $0.02
POTENTIAL_24: posts big blind $0.05
*** HOLE CARDS ***
Dealt to Dorex2007 [9c 9h]
BluffOnTable: folds 
Dorex2007: calls $0.05
Almanza63: raises $0.10 to $0.15
fbbjunior: folds 
Luigiams: folds 
SMUTJAN72: folds 
VANDEL67: calls $0.13
POTENTIAL_24: folds 
Dorex2007: calls $0.10
*** FLOP *** [Tc Jh 7c]
VANDEL67: bets $0.05
Dorex2007: calls $0.05
Almanza63: raises $0.12 to $0.17
VANDEL67: calls $0.12
Dorex2007: calls $0.12
*** TURN *** [Tc Jh 7c] [Qd]
VANDEL67: bets $0.05
Dorex2007: calls $0.05
Almanza63: raises $0.34 to $0.39
VANDEL67: calls $0.34
Dorex2007: folds 
*** RIVER *** [Tc Jh 7c Qd] [Jc]
VANDEL67: bets $0.05
Almanza63: calls $0.05
*** SHOW DOWN ***
VANDEL67: shows [Th Kd] (two pair, Jacks and Tens)
Almanza63: shows [Kh Qs] (two pair, Queens and Jacks)
Almanza63 collected $1.86 from pot
*** SUMMARY ***
Total pot $1.94 | Rake $0.08 
Board [Tc Jh 7c Qd Jc]
Seat 1: SMUTJAN72 (button) folded before Flop (didn't bet)
Seat 2: VANDEL67 (small blind) showed [Th Kd] and lost with two pair, Jacks and Tens
Seat 4: POTENTIAL_24 (big blind) folded before Flop
Seat 5: BluffOnTable folded before Flop (didn't bet)
Seat 6: Dorex2007 folded on the Turn
Seat 7: Almanza63 showed [Kh Qs] and won ($1.86) with two pair, Queens and Jacks
Seat 8: fbbjunior folded before Flop (didn't bet)
Seat 9: Luigiams folded before Flop (didn't bet)



PokerStars Hand #237653254490:  Hold'em No Limit ($0.02/$0.05 USD) - 2022/07/28 20:46:06 PT [2022/07/28 23:46:06 ET]
Table 'Probitas II' 9-max Seat #2 is the button
Seat 1: SMUTJAN72 ($7.16 in chips) 
Seat 2: VANDEL67 ($1.46 in chips) 
Seat 4: POTENTIAL_24 ($4.37 in chips) 
Seat 5: BluffOnTable ($6.07 in chips) 
Seat 6: Dorex2007 ($7.46 in chips) 
Seat 7: Almanza63 ($12.59 in chips) 
Seat 8: fbbjunior ($5.82 in chips) 
Seat 9: Luigiams ($13.87 in chips) 
POTENTIAL_24: posts small blind $0.02
BluffOnTable: posts big blind $0.05
*** HOLE CARDS ***
Dealt to Dorex2007 [6h Td]
Dorex2007 has timed out
Dorex2007: folds 
Almanza63: folds 
fbbjunior: folds 
Luigiams: folds 
SMUTJAN72: raises $0.05 to $0.10
VANDEL67: folds 
POTENTIAL_24: raises $0.16 to $0.26
BluffOnTable: folds 
SMUTJAN72: calls $0.16
*** FLOP *** [4s 6c 8d]
POTENTIAL_24: checks 
SMUTJAN72: checks 
*** TURN *** [4s 6c 8d] [Kc]
POTENTIAL_24: bets $0.22
SMUTJAN72: folds 
Uncalled bet ($0.22) returned to POTENTIAL_24
POTENTIAL_24 collected $0.55 from pot
*** SUMMARY ***
Total pot $0.57 | Rake $0.02 
Board [4s 6c 8d Kc]
Seat 1: SMUTJAN72 folded on the Turn
Seat 2: VANDEL67 (button) folded before Flop (didn't bet)
Seat 4: POTENTIAL_24 (small blind) collected ($0.55)
Seat 5: BluffOnTable (big blind) folded before Flop
Seat 6: Dorex2007 folded before Flop (didn't bet)
Seat 7: Almanza63 folded before Flop (didn't bet)
Seat 8: fbbjunior folded before Flop (didn't bet)
Seat 9: Luigiams folded before Flop (didn't bet)



PokerStars Hand #237653263349:  Hold'em No Limit ($0.02/$0.05 USD) - 2022/07/28 20:47:10 PT [2022/07/28 23:47:10 ET]
Table 'Probitas II' 9-max Seat #4 is the button
Seat 1: SMUTJAN72 ($6.90 in chips) 
Seat 2: VANDEL67 ($1.46 in chips) 
Seat 4: POTENTIAL_24 ($4.66 in chips) 
Seat 5: BluffOnTable ($6.02 in chips) 
Seat 6: Dorex2007 ($7.46 in chips) 
Seat 7: Almanza63 ($12.59 in chips) 
Seat 8: fbbjunior ($5.82 in chips) 
Seat 9: Luigiams ($13.87 in chips) 
BluffOnTable: posts small blind $0.02
Dorex2007: posts big blind $0.05
*** HOLE CARDS ***
Dealt to Dorex2007 [Qd 7h]
Almanza63: folds 
fbbjunior: folds 
Luigiams: raises $0.20 to $0.25
SMUTJAN72: folds 
VANDEL67: folds 
POTENTIAL_24: folds 
BluffOnTable: folds 
SMUTJAN72 leaves the table
InLaw27 leaves the table
Dorex2007: folds 
Uncalled bet ($0.20) returned to Luigiams
Luigiams collected $0.12 from pot
*** SUMMARY ***
Total pot $0.12 | Rake $0 
Seat 1: SMUTJAN72 folded before Flop (didn't bet)
Seat 2: VANDEL67 folded before Flop (didn't bet)
Seat 4: POTENTIAL_24 (button) folded before Flop (didn't bet)
Seat 5: BluffOnTable (small blind) folded before Flop
Seat 6: Dorex2007 (big blind) folded before Flop
Seat 7: Almanza63 folded before Flop (didn't bet)
Seat 8: fbbjunior folded before Flop (didn't bet)
Seat 9: Luigiams collected ($0.12)



PokerStars Hand #237653267486:  Hold'em No Limit ($0.02/$0.05 USD) - 2022/07/28 20:47:39 PT [2022/07/28 23:47:39 ET]
Table 'Probitas II' 9-max Seat #5 is the button
Seat 2: VANDEL67 ($1.46 in chips) 
Seat 4: POTENTIAL_24 ($4.66 in chips) 
Seat 5: BluffOnTable ($6 in chips) 
Seat 6: Dorex2007 ($7.41 in chips) 
Seat 7: Almanza63 ($12.59 in chips) 
Seat 8: fbbjunior ($5.82 in chips) 
Seat 9: Luigiams ($13.94 in chips) 
Dorex2007: posts small blind $0.02
Almanza63: posts big blind $0.05
*** HOLE CARDS ***
Dealt to Dorex2007 [5d Ad]
fbbjunior: calls $0.05
Luigiams: raises $0.05 to $0.10
VANDEL67: folds 
POTENTIAL_24: folds 
BluffOnTable: folds 
Dorex2007: calls $0.08
Almanza63: folds 
fbbjunior: calls $0.05
*** FLOP *** [Qd 2c 9s]
Dorex2007: checks 
fbbjunior: bets $0.34
Luigiams: folds 
Dorex2007: folds 
Uncalled bet ($0.34) returned to fbbjunior
fbbjunior collected $0.34 from pot
fbbjunior: doesn't show hand 
*** SUMMARY ***
Total pot $0.35 | Rake $0.01 
Board [Qd 2c 9s]
Seat 2: VANDEL67 folded before Flop (didn't bet)
Seat 4: POTENTIAL_24 folded before Flop (didn't bet)
Seat 5: BluffOnTable (button) folded before Flop (didn't bet)
Seat 6: Dorex2007 (small blind) folded on the Flop
Seat 7: Almanza63 (big blind) folded before Flop
Seat 8: fbbjunior collected ($0.34)
Seat 9: Luigiams folded on the Flop



PokerStars Hand #237653272729:  Hold'em No Limit ($0.02/$0.05 USD) - 2022/07/28 20:48:16 PT [2022/07/28 23:48:16 ET]
Table 'Probitas II' 9-max Seat #6 is the button
Seat 2: VANDEL67 ($1.46 in chips) 
Seat 4: POTENTIAL_24 ($4.66 in chips) 
Seat 5: BluffOnTable ($6 in chips) 
Seat 6: Dorex2007 ($7.31 in chips) 
Seat 7: Almanza63 ($12.54 in chips) 
Seat 8: fbbjunior ($6.06 in chips) 
Seat 9: Luigiams ($13.84 in chips) 
Almanza63: posts small blind $0.02
fbbjunior: posts big blind $0.05
*** HOLE CARDS ***
Dealt to Dorex2007 [Ah 2d]
Luigiams: folds 
VANDEL67: calls $0.05
POTENTIAL_24: folds 
BluffOnTable: folds 
Dorex2007: folds 
Almanza63: folds 
fbbjunior: checks 
*** FLOP *** [Qd 8c 8d]
fbbjunior: bets $0.05
VANDEL67: raises $0.05 to $0.10
fbbjunior: calls $0.05
*** TURN *** [Qd 8c 8d] [Jh]
fbbjunior: bets $0.05
VANDEL67: folds 
Uncalled bet ($0.05) returned to fbbjunior
fbbjunior collected $0.31 from pot
JoséGonzález joins the table at seat #3 
fbbjunior: doesn't show hand 
*** SUMMARY ***
Total pot $0.32 | Rake $0.01 
Board [Qd 8c 8d Jh]
Seat 2: VANDEL67 folded on the Turn
Seat 4: POTENTIAL_24 folded before Flop (didn't bet)
Seat 5: BluffOnTable folded before Flop (didn't bet)
Seat 6: Dorex2007 (button) folded before Flop (didn't bet)
Seat 7: Almanza63 (small blind) folded before Flop
Seat 8: fbbjunior (big blind) collected ($0.31)
Seat 9: Luigiams folded before Flop (didn't bet)



PokerStars Hand #237653280187:  Hold'em No Limit ($0.02/$0.05 USD) - 2022/07/28 20:49:09 PT [2022/07/28 23:49:09 ET]
Table 'Probitas II' 9-max Seat #7 is the button
Seat 2: VANDEL67 ($1.31 in chips) 
Seat 4: POTENTIAL_24 ($4.66 in chips) 
Seat 5: BluffOnTable ($6 in chips) 
Seat 6: Dorex2007 ($7.31 in chips) 
Seat 7: Almanza63 ($12.52 in chips) 
Seat 8: fbbjunior ($6.22 in chips) 
Seat 9: Luigiams ($13.84 in chips) 
fbbjunior: posts small blind $0.02
Luigiams: posts big blind $0.05
ASpiror joins the table at seat #1 
JoséGonzález: sits out 
*** HOLE CARDS ***
Dealt to Dorex2007 [2s Jc]
VANDEL67: folds 
POTENTIAL_24: folds 
BluffOnTable: folds 
Dorex2007: folds 
Almanza63: folds 
fbbjunior: raises $0.10 to $0.15
Luigiams: calls $0.10
*** FLOP *** [6d Qc 8s]
fbbjunior: bets $0.29
Luigiams: folds 
Uncalled bet ($0.29) returned to fbbjunior
fbbjunior collected $0.29 from pot
fbbjunior: doesn't show hand 
*** SUMMARY ***
Total pot $0.30 | Rake $0.01 
Board [6d Qc 8s]
Seat 2: VANDEL67 folded before Flop (didn't bet)
Seat 4: POTENTIAL_24 folded before Flop (didn't bet)
Seat 5: BluffOnTable folded before Flop (didn't bet)
Seat 6: Dorex2007 folded before Flop (didn't bet)
Seat 7: Almanza63 (button) folded before Flop (didn't bet)
Seat 8: fbbjunior (small blind) collected ($0.29)
Seat 9: Luigiams (big blind) folded on the Flop



PokerStars Hand #237653284947:  Hold'em No Limit ($0.02/$0.05 USD) - 2022/07/28 20:49:43 PT [2022/07/28 23:49:43 ET]
Table 'Probitas II' 9-max Seat #8 is the button
Seat 1: ASpiror ($5 in chips) 
Seat 2: VANDEL67 ($1.31 in chips) 
Seat 4: POTENTIAL_24 ($4.66 in chips) 
Seat 5: BluffOnTable ($6 in chips) 
Seat 6: Dorex2007 ($7.31 in chips) 
Seat 7: Almanza63 ($12.52 in chips) 
Seat 8: fbbjunior ($6.36 in chips) 
Seat 9: Luigiams ($13.69 in chips) 
Luigiams: posts small blind $0.02
ASpiror: posts big blind $0.05
JoséGonzález: sits out 
*** HOLE CARDS ***
Dealt to Dorex2007 [7c 7h]
VANDEL67: raises $0.05 to $0.10
POTENTIAL_24: folds 
BluffOnTable: calls $0.10
Dorex2007: calls $0.10
Almanza63: folds 
fbbjunior: calls $0.10
Luigiams: calls $0.08
ASpiror: calls $0.05
*** FLOP *** [4h Qs 5c]
Luigiams: checks 
ASpiror: checks 
VANDEL67: bets $0.05
BluffOnTable: raises $0.30 to $0.35
Dorex2007: folds 
fbbjunior: folds 
Luigiams: folds 
ASpiror: folds 
VANDEL67: folds 
Uncalled bet ($0.30) returned to BluffOnTable
BluffOnTable collected $0.67 from pot
BluffOnTable: doesn't show hand 
*** SUMMARY ***
Total pot $0.70 | Rake $0.03 
Board [4h Qs 5c]
Seat 1: ASpiror (big blind) folded on the Flop
Seat 2: VANDEL67 folded on the Flop
Seat 4: POTENTIAL_24 folded before Flop (didn't bet)
Seat 5: BluffOnTable collected ($0.67)
Seat 6: Dorex2007 folded on the Flop
Seat 7: Almanza63 folded before Flop (didn't bet)
Seat 8: fbbjunior (button) folded on the Flop
Seat 9: Luigiams (small blind) folded on the Flop



PokerStars Hand #237653292579:  Hold'em No Limit ($0.02/$0.05 USD) - 2022/07/28 20:50:38 PT [2022/07/28 23:50:38 ET]
Table 'Probitas II' 9-max Seat #9 is the button
Seat 1: ASpiror ($4.90 in chips) 
Seat 2: VANDEL67 ($1.16 in chips) 
Seat 4: POTENTIAL_24 ($4.66 in chips) 
Seat 5: BluffOnTable ($6.52 in chips) 
Seat 6: Dorex2007 ($7.21 in chips) 
Seat 7: Almanza63 ($12.52 in chips) 
Seat 8: fbbjunior ($6.26 in chips) 
Seat 9: Luigiams ($13.59 in chips) 
ASpiror: posts small blind $0.02
VANDEL67: posts big blind $0.05
JoséGonzález: sits out 
*** HOLE CARDS ***
Dealt to Dorex2007 [Td 3h]
POTENTIAL_24: folds 
BluffOnTable: folds 
Dorex2007: folds 
Almanza63: folds 
fbbjunior: raises $0.12 to $0.17
Luigiams: folds 
ASpiror: raises $0.13 to $0.30
VANDEL67: folds 
fbbjunior: calls $0.13
*** FLOP *** [Qs 8s 8c]
ASpiror: checks 
fbbjunior: bets $0.31
ASpiror: folds 
Uncalled bet ($0.31) returned to fbbjunior
fbbjunior collected $0.62 from pot
fbbjunior: doesn't show hand 
*** SUMMARY ***
Total pot $0.65 | Rake $0.03 
Board [Qs 8s 8c]
Seat 1: ASpiror (small blind) folded on the Flop
Seat 2: VANDEL67 (big blind) folded before Flop
Seat 4: POTENTIAL_24 folded before Flop (didn't bet)
Seat 5: BluffOnTable folded before Flop (didn't bet)
Seat 6: Dorex2007 folded before Flop (didn't bet)
Seat 7: Almanza63 folded before Flop (didn't bet)
Seat 8: fbbjunior collected ($0.62)
Seat 9: Luigiams (button) folded before Flop (didn't bet)



PokerStars Hand #237653296590:  Hold'em No Limit ($0.02/$0.05 USD) - 2022/07/28 20:51:07 PT [2022/07/28 23:51:07 ET]
Table 'Probitas II' 9-max Seat #1 is the button
Seat 1: ASpiror ($4.60 in chips) 
Seat 2: VANDEL67 ($1.11 in chips) 
Seat 3: JoséGonzález ($5 in chips) 
Seat 4: POTENTIAL_24 ($4.66 in chips) 
Seat 5: BluffOnTable ($6.52 in chips) 
Seat 6: Dorex2007 ($7.21 in chips) 
Seat 7: Almanza63 ($12.52 in chips) 
Seat 8: fbbjunior ($6.58 in chips) 
Seat 9: Luigiams ($13.59 in chips) 
VANDEL67: posts small blind $0.02
JoséGonzález: posts big blind $0.05
*** HOLE CARDS ***
Dealt to Dorex2007 [4s Ah]
POTENTIAL_24: folds 
BluffOnTable: folds 
Dorex2007 has timed out
Dorex2007: folds 
Almanza63: folds 
fbbjunior: folds 
Luigiams: folds 
ASpiror: folds 
VANDEL67: folds 
Uncalled bet ($0.03) returned to JoséGonzález
JoséGonzález collected $0.04 from pot
JoséGonzález: doesn't show hand 
*** SUMMARY ***
Total pot $0.04 | Rake $0 
Seat 1: ASpiror (button) folded before Flop (didn't bet)
Seat 2: VANDEL67 (small blind) folded before Flop
Seat 3: JoséGonzález (big blind) collected ($0.04)
Seat 4: POTENTIAL_24 folded before Flop (didn't bet)
Seat 5: BluffOnTable folded before Flop (didn't bet)
Seat 6: Dorex2007 folded before Flop (didn't bet)
Seat 7: Almanza63 folded before Flop (didn't bet)
Seat 8: fbbjunior folded before Flop (didn't bet)
Seat 9: Luigiams folded before Flop (didn't bet)



PokerStars Hand #237653303751:  Hold'em No Limit ($0.02/$0.05 USD) - 2022/07/28 20:51:59 PT [2022/07/28 23:51:59 ET]
Table 'Probitas II' 9-max Seat #3 is the button
Seat 1: ASpiror ($4.60 in chips) 
Seat 2: VANDEL67 ($1.09 in chips) 
Seat 3: JoséGonzález ($5 in chips) 
Seat 4: POTENTIAL_24 ($4.61 in chips) 
Seat 5: BluffOnTable ($6.59 in chips) 
Seat 6: Dorex2007 ($7.21 in chips) 
Seat 7: Almanza63 ($12.52 in chips) 
Seat 8: fbbjunior ($6.58 in chips) 
Seat 9: Luigiams ($13.59 in chips) 
POTENTIAL_24: posts small blind $0.02
BluffOnTable: posts big blind $0.05
*** HOLE CARDS ***
Dealt to Dorex2007 [3s 5d]
Dorex2007: folds 
Almanza63: folds 
fbbjunior: raises $0.12 to $0.17
Luigiams: calls $0.17
ASpiror: folds 
VANDEL67: folds 
JoséGonzález: folds 
POTENTIAL_24 has timed out
POTENTIAL_24: folds 
BluffOnTable: folds 
*** FLOP *** [Jd 4h 6d]
fbbjunior: checks 
Luigiams: checks 
*** TURN *** [Jd 4h 6d] [Qd]
fbbjunior: bets $0.19
Luigiams: calls $0.19
*** RIVER *** [Jd 4h 6d Qd] [3h]
fbbjunior: checks 
Luigiams: checks 
*** SHOW DOWN ***
fbbjunior: shows [Th Td] (a pair of Tens)
Luigiams: shows [Qs Tc] (a pair of Queens)
Luigiams collected $0.76 from pot
*** SUMMARY ***
Total pot $0.79 | Rake $0.03 
Board [Jd 4h 6d Qd 3h]
Seat 1: ASpiror folded before Flop (didn't bet)
Seat 2: VANDEL67 folded before Flop (didn't bet)
Seat 3: JoséGonzález (button) folded before Flop (didn't bet)
Seat 4: POTENTIAL_24 (small blind) folded before Flop
Seat 5: BluffOnTable (big blind) folded before Flop
Seat 6: Dorex2007 folded before Flop (didn't bet)
Seat 7: Almanza63 folded before Flop (didn't bet)
Seat 8: fbbjunior showed [Th Td] and lost with a pair of Tens
Seat 9: Luigiams showed [Qs Tc] and won ($0.76) with a pair of Queens



PokerStars Hand #237653315556:  Hold'em No Limit ($0.02/$0.05 USD) - 2022/07/28 20:53:24 PT [2022/07/28 23:53:24 ET]
Table 'Probitas II' 9-max Seat #4 is the button
Seat 1: ASpiror ($4.60 in chips) 
Seat 2: VANDEL67 ($1.09 in chips) 
Seat 3: JoséGonzález ($5 in chips) 
Seat 4: POTENTIAL_24 ($4.59 in chips) 
Seat 5: BluffOnTable ($6.54 in chips) 
Seat 6: Dorex2007 ($7.21 in chips) 
Seat 7: Almanza63 ($12.52 in chips) 
Seat 8: fbbjunior ($6.22 in chips) 
Seat 9: Luigiams ($13.99 in chips) 
BluffOnTable: posts small blind $0.02
Dorex2007: posts big blind $0.05
*** HOLE CARDS ***
Dealt to Dorex2007 [9h Kd]
Almanza63: folds 
fbbjunior: folds 
Luigiams: folds 
ASpiror: folds 
VANDEL67: calls $0.05
JoséGonzález: folds 
POTENTIAL_24: folds 
BluffOnTable: calls $0.03
Dorex2007: checks 
*** FLOP *** [7s Js 8h]
BluffOnTable: checks 
Dorex2007: checks 
VANDEL67: checks 
*** TURN *** [7s Js 8h] [5h]
BluffOnTable: bets $0.10
Dorex2007: calls $0.10
VANDEL67: raises $0.10 to $0.20
BluffOnTable: calls $0.10
Dorex2007: calls $0.10
*** RIVER *** [7s Js 8h 5h] [Ac]
BluffOnTable: checks 
Dorex2007: checks 
VANDEL67: bets $0.84 and is all-in
BluffOnTable: folds 
Dorex2007: folds 
Uncalled bet ($0.84) returned to VANDEL67
VANDEL67 collected $0.72 from pot
VANDEL67: doesn't show hand 
*** SUMMARY ***
Total pot $0.75 | Rake $0.03 
Board [7s Js 8h 5h Ac]
Seat 1: ASpiror folded before Flop (didn't bet)
Seat 2: VANDEL67 collected ($0.72)
Seat 3: JoséGonzález folded before Flop (didn't bet)
Seat 4: POTENTIAL_24 (button) folded before Flop (didn't bet)
Seat 5: BluffOnTable (small blind) folded on the River
Seat 6: Dorex2007 (big blind) folded on the River
Seat 7: Almanza63 folded before Flop (didn't bet)
Seat 8: fbbjunior folded before Flop (didn't bet)
Seat 9: Luigiams folded before Flop (didn't bet)



PokerStars Hand #237653325281:  Hold'em No Limit ($0.02/$0.05 USD) - 2022/07/28 20:54:35 PT [2022/07/28 23:54:35 ET]
Table 'Probitas II' 9-max Seat #5 is the button
Seat 1: ASpiror ($4.60 in chips) 
Seat 2: VANDEL67 ($1.56 in chips) 
Seat 3: JoséGonzález ($5 in chips) 
Seat 4: POTENTIAL_24 ($4.59 in chips) 
Seat 5: BluffOnTable ($6.29 in chips) 
Seat 6: Dorex2007 ($6.96 in chips) 
Seat 7: Almanza63 ($12.52 in chips) 
Seat 8: fbbjunior ($6.22 in chips) 
Seat 9: Luigiams ($13.99 in chips) 
Dorex2007: posts small blind $0.02
Almanza63: posts big blind $0.05
*** HOLE CARDS ***
Dealt to Dorex2007 [Kh 6c]
fbbjunior: raises $0.12 to $0.17
Luigiams: folds 
ASpiror: folds 
VANDEL67: folds 
JoséGonzález: folds 
POTENTIAL_24: raises $0.23 to $0.40
BluffOnTable: folds 
Dorex2007: folds 
Almanza63: folds 
fbbjunior: calls $0.23
*** FLOP *** [9h 7d 6h]
fbbjunior: bets $0.83
POTENTIAL_24: calls $0.83
*** TURN *** [9h 7d 6h] [2d]
fbbjunior: checks 
POTENTIAL_24: bets $3.36 and is all-in
fbbjunior: calls $3.36
*** RIVER *** [9h 7d 6h 2d] [3h]
*** SHOW DOWN ***
fbbjunior: shows [Jd Jh] (a pair of Jacks)
POTENTIAL_24: shows [Qh Qd] (a pair of Queens)
POTENTIAL_24 cashed out the hand for $8.38 | Cash Out Fee $0.08
*** SUMMARY ***
Total pot $9.25 | Rake $0.38 
Board [9h 7d 6h 2d 3h]
Seat 1: ASpiror folded before Flop (didn't bet)
Seat 2: VANDEL67 folded before Flop (didn't bet)
Seat 3: JoséGonzález folded before Flop (didn't bet)
Seat 4: POTENTIAL_24 showed [Qh Qd] and won ($8.87) with a pair of Queens (pot not awarded as player cashed out)
Seat 5: BluffOnTable (button) folded before Flop (didn't bet)
Seat 6: Dorex2007 (small blind) folded before Flop
Seat 7: Almanza63 (big blind) folded before Flop
Seat 8: fbbjunior showed [Jd Jh] and lost with a pair of Jacks
Seat 9: Luigiams folded before Flop (didn't bet)



PokerStars Hand #237653336346:  Hold'em No Limit ($0.02/$0.05 USD) - 2022/07/28 20:56:07 PT [2022/07/28 23:56:07 ET]
Table 'Probitas II' 9-max Seat #6 is the button
Seat 1: ASpiror ($4.60 in chips) 
Seat 2: VANDEL67 ($1.56 in chips) 
Seat 3: JoséGonzález ($5 in chips) 
Seat 4: POTENTIAL_24 ($8.38 in chips) 
Seat 5: BluffOnTable ($6.29 in chips) 
Seat 6: Dorex2007 ($6.94 in chips) 
Seat 7: Almanza63 ($12.47 in chips) 
Seat 9: Luigiams ($13.99 in chips) 
Almanza63: posts small blind $0.02
fbbjunior: is sitting out 
Luigiams: posts big blind $0.05
*** HOLE CARDS ***
Dealt to Dorex2007 [Td 2s]
ASpiror: folds 
fbbjunior leaves the table
VANDEL67: raises $0.05 to $0.10
JoséGonzález: folds 
POTENTIAL_24: folds 
BluffOnTable: folds 
geniuss joins the table at seat #8 
Dorex2007: folds 
Almanza63: folds 
Luigiams: calls $0.05
*** FLOP *** [8c 2c Qs]
Luigiams: checks 
VANDEL67: bets $0.10
Luigiams: folds 
Uncalled bet ($0.10) returned to VANDEL67
VANDEL67 collected $0.21 from pot
VANDEL67: doesn't show hand 
*** SUMMARY ***
Total pot $0.22 | Rake $0.01 
Board [8c 2c Qs]
Seat 1: ASpiror folded before Flop (didn't bet)
Seat 2: VANDEL67 collected ($0.21)
Seat 3: JoséGonzález folded before Flop (didn't bet)
Seat 4: POTENTIAL_24 folded before Flop (didn't bet)
Seat 5: BluffOnTable folded before Flop (didn't bet)
Seat 6: Dorex2007 (button) folded before Flop (didn't bet)
Seat 7: Almanza63 (small blind) folded before Flop
Seat 9: Luigiams (big blind) folded on the Flop



PokerStars Hand #237653339987:  Hold'em No Limit ($0.02/$0.05 USD) - 2022/07/28 20:56:39 PT [2022/07/28 23:56:39 ET]
Table 'Probitas II' 9-max Seat #7 is the button
Seat 1: ASpiror ($4.60 in chips) 
Seat 2: VANDEL67 ($1.67 in chips) 
Seat 3: JoséGonzález ($5 in chips) 
Seat 4: POTENTIAL_24 ($8.38 in chips) 
Seat 5: BluffOnTable ($6.29 in chips) 
Seat 6: Dorex2007 ($6.94 in chips) 
Seat 7: Almanza63 ($12.45 in chips) 
Seat 9: Luigiams ($13.89 in chips) 
Luigiams: posts small blind $0.02
ASpiror: posts big blind $0.05
*** HOLE CARDS ***
Dealt to Dorex2007 [8c 6s]
VANDEL67: calls $0.05
JoséGonzález: folds 
POTENTIAL_24: folds 
BluffOnTable: folds 
Dorex2007: folds 
Almanza63: raises $0.15 to $0.20
Luigiams: folds 
ASpiror: folds 
VANDEL67: calls $0.15
*** FLOP *** [Ad As Ah]
VANDEL67: bets $0.15
Almanza63: calls $0.15
*** TURN *** [Ad As Ah] [Jc]
VANDEL67: bets $0.05
Almanza63: raises $0.20 to $0.25
VANDEL67: folds 
Uncalled bet ($0.20) returned to Almanza63
Almanza63 collected $0.83 from pot
Almanza63: doesn't show hand 
*** SUMMARY ***
Total pot $0.87 | Rake $0.04 
Board [Ad As Ah Jc]
Seat 1: ASpiror (big blind) folded before Flop
Seat 2: VANDEL67 folded on the Turn
Seat 3: JoséGonzález folded before Flop (didn't bet)
Seat 4: POTENTIAL_24 folded before Flop (didn't bet)
Seat 5: BluffOnTable folded before Flop (didn't bet)
Seat 6: Dorex2007 folded before Flop (didn't bet)
Seat 7: Almanza63 (button) collected ($0.83)
Seat 9: Luigiams (small blind) folded before Flop



PokerStars Hand #237653346188:  Hold'em No Limit ($0.02/$0.05 USD) - 2022/07/28 20:57:34 PT [2022/07/28 23:57:34 ET]
Table 'Probitas II' 9-max Seat #9 is the button
Seat 1: ASpiror ($4.55 in chips) 
Seat 2: VANDEL67 ($1.27 in chips) 
Seat 3: JoséGonzález ($5 in chips) 
Seat 4: POTENTIAL_24 ($8.38 in chips) 
Seat 5: BluffOnTable ($6.29 in chips) 
Seat 6: Dorex2007 ($6.94 in chips) 
Seat 7: Almanza63 ($12.88 in chips) 
Seat 9: Luigiams ($13.87 in chips) 
ASpiror: posts small blind $0.02
VANDEL67: posts big blind $0.05
geniuss: sits out 
*** HOLE CARDS ***
Dealt to Dorex2007 [Qd 9c]
JoséGonzález: folds 
POTENTIAL_24: folds 
BluffOnTable: raises $0.10 to $0.15
Dorex2007: folds 
Almanza63: folds 
Luigiams: calls $0.15
ASpiror: folds 
VANDEL67: folds 
*** FLOP *** [7d Kh 8d]
BluffOnTable: checks 
Luigiams: checks 
*** TURN *** [7d Kh 8d] [6d]
BluffOnTable: checks 
Luigiams: checks 
*** RIVER *** [7d Kh 8d 6d] [4c]
BluffOnTable: bets $0.15
Luigiams: folds 
Uncalled bet ($0.15) returned to BluffOnTable
BluffOnTable collected $0.35 from pot
BluffOnTable: doesn't show hand 
*** SUMMARY ***
Total pot $0.37 | Rake $0.02 
Board [7d Kh 8d 6d 4c]
Seat 1: ASpiror (small blind) folded before Flop
Seat 2: VANDEL67 (big blind) folded before Flop
Seat 3: JoséGonzález folded before Flop (didn't bet)
Seat 4: POTENTIAL_24 folded before Flop (didn't bet)
Seat 5: BluffOnTable collected ($0.35)
Seat 6: Dorex2007 folded before Flop (didn't bet)
Seat 7: Almanza63 folded before Flop (didn't bet)
Seat 9: Luigiams (button) folded on the River



PokerStars Hand #237653350316:  Hold'em No Limit ($0.02/$0.05 USD) - 2022/07/28 20:58:11 PT [2022/07/28 23:58:11 ET]
Table 'Probitas II' 9-max Seat #1 is the button
Seat 1: ASpiror ($4.53 in chips) 
Seat 2: VANDEL67 ($1.22 in chips) 
Seat 3: JoséGonzález ($5 in chips) 
Seat 4: POTENTIAL_24 ($8.38 in chips) 
Seat 5: BluffOnTable ($6.49 in chips) 
Seat 6: Dorex2007 ($6.94 in chips) 
Seat 7: Almanza63 ($12.88 in chips) 
Seat 9: Luigiams ($13.72 in chips) 
VANDEL67: posts small blind $0.02
JoséGonzález: posts big blind $0.05
geniuss: sits out 
*** HOLE CARDS ***
Dealt to Dorex2007 [8c 5s]
POTENTIAL_24: folds 
BluffOnTable: folds 
Dorex2007: folds 
Almanza63: raises $0.20 to $0.25
Luigiams: calls $0.25
ASpiror: folds 
VANDEL67: folds 
JoséGonzález: folds 
*** FLOP *** [4s 9d Ts]
Almanza63: bets $0.27
Luigiams: calls $0.27
*** TURN *** [4s 9d Ts] [2s]
Almanza63: checks 
Luigiams: bets $0.53
Almanza63: calls $0.53
*** RIVER *** [4s 9d Ts 2s] [5d]
Almanza63: checks 
Luigiams: checks 
*** SHOW DOWN ***
Almanza63: shows [8s 8h] (a pair of Eights)
Luigiams: mucks hand 
Almanza63 collected $2.08 from pot
*** SUMMARY ***
Total pot $2.17 | Rake $0.09 
Board [4s 9d Ts 2s 5d]
Seat 1: ASpiror (button) folded before Flop (didn't bet)
Seat 2: VANDEL67 (small blind) folded before Flop
Seat 3: JoséGonzález (big blind) folded before Flop
Seat 4: POTENTIAL_24 folded before Flop (didn't bet)
Seat 5: BluffOnTable folded before Flop (didn't bet)
Seat 6: Dorex2007 folded before Flop (didn't bet)
Seat 7: Almanza63 showed [8s 8h] and won ($2.08) with a pair of Eights
Seat 9: Luigiams mucked [Kd Ah]



PokerStars Hand #237653357398:  Hold'em No Limit ($0.02/$0.05 USD) - 2022/07/28 20:59:14 PT [2022/07/28 23:59:14 ET]
Table 'Probitas II' 9-max Seat #2 is the button
Seat 1: ASpiror ($4.53 in chips) 
Seat 2: VANDEL67 ($1.20 in chips) 
Seat 3: JoséGonzález ($4.95 in chips) 
Seat 4: POTENTIAL_24 ($8.38 in chips) 
Seat 5: BluffOnTable ($6.49 in chips) 
Seat 6: Dorex2007 ($6.94 in chips) 
Seat 7: Almanza63 ($13.91 in chips) 
Seat 9: Luigiams ($12.67 in chips) 
JoséGonzález: posts small blind $0.02
POTENTIAL_24: posts big blind $0.05
geniuss: sits out 
*** HOLE CARDS ***
Dealt to Dorex2007 [Ac 3c]
BluffOnTable: folds 
Dorex2007: folds 
Almanza63: folds 
Luigiams: raises $0.05 to $0.10
ASpiror: folds 
VANDEL67: folds 
JoséGonzález: folds 
POTENTIAL_24: folds 
Uncalled bet ($0.05) returned to Luigiams
Luigiams collected $0.12 from pot
*** SUMMARY ***
Total pot $0.12 | Rake $0 
Seat 1: ASpiror folded before Flop (didn't bet)
Seat 2: VANDEL67 (button) folded before Flop (didn't bet)
Seat 3: JoséGonzález (small blind) folded before Flop
Seat 4: POTENTIAL_24 (big blind) folded before Flop
Seat 5: BluffOnTable folded before Flop (didn't bet)
Seat 6: Dorex2007 folded before Flop (didn't bet)
Seat 7: Almanza63 folded before Flop (didn't bet)
Seat 9: Luigiams collected ($0.12)



PokerStars Hand #237653361097:  Hold'em No Limit ($0.02/$0.05 USD) - 2022/07/28 20:59:47 PT [2022/07/28 23:59:47 ET]
Table 'Probitas II' 9-max Seat #3 is the button
Seat 1: ASpiror ($4.53 in chips) 
Seat 2: VANDEL67 ($1.20 in chips) 
Seat 3: JoséGonzález ($4.93 in chips) 
Seat 4: POTENTIAL_24 ($8.33 in chips) 
Seat 5: BluffOnTable ($6.49 in chips) 
Seat 6: Dorex2007 ($6.94 in chips) 
Seat 7: Almanza63 ($13.91 in chips) 
Seat 9: Luigiams ($12.74 in chips) 
POTENTIAL_24: posts small blind $0.02
BluffOnTable: posts big blind $0.05
geniuss: sits out 
*** HOLE CARDS ***
Dealt to Dorex2007 [2s 6d]
Dorex2007: folds 
Almanza63: folds 
Luigiams: calls $0.05
ASpiror: folds 
VANDEL67: raises $0.05 to $0.10
JoséGonzález: raises $4.83 to $4.93 and is all-in
POTENTIAL_24: folds 
BluffOnTable: folds 
Luigiams: folds 
VANDEL67: calls $1.10 and is all-in
Uncalled bet ($3.73) returned to JoséGonzález
*** FLOP *** [9h Ah As]
*** TURN *** [9h Ah As] [5c]
*** RIVER *** [9h Ah As 5c] [Jc]
*** SHOW DOWN ***
VANDEL67: shows [Kc Kh] (two pair, Aces and Kings)
JoséGonzález: shows [6c 6h] (two pair, Aces and Sixes)
VANDEL67 collected $2.42 from pot
*** SUMMARY ***
Total pot $2.52 | Rake $0.10 
Board [9h Ah As 5c Jc]
Seat 1: ASpiror folded before Flop (didn't bet)
Seat 2: VANDEL67 showed [Kc Kh] and won ($2.42) with two pair, Aces and Kings
Seat 3: JoséGonzález (button) showed [6c 6h] and lost with two pair, Aces and Sixes
Seat 4: POTENTIAL_24 (small blind) folded before Flop
Seat 5: BluffOnTable (big blind) folded before Flop
Seat 6: Dorex2007 folded before Flop (didn't bet)
Seat 7: Almanza63 folded before Flop (didn't bet)
Seat 9: Luigiams folded before Flop



