PokerStars Hand #227626703842:  Hold'em No Limit ($0.01/$0.02 USD) - 2021/06/16 11:17:01 PT [2021/06/16 14:17:01 ET]
Table 'Panthoos II' 9-max Seat #4 is the button
Seat 2: neps46 ($1.76 in chips) 
Seat 3: Dorex2007 ($2 in chips) 
Seat 4: andyindie ($3.80 in chips) 
Seat 6: Mtosha ($2.04 in chips) 
Seat 7: lnxea ($2.18 in chips) 
Seat 8: Ne0net ($2.45 in chips) 
Seat 9: Nokrum ($1.63 in chips) 
Mtosha: posts small blind $0.01
lnxea: posts big blind $0.02
Dorex2007: posts big blind $0.02
*** HOLE CARDS ***
Dealt to Dorex2007 [2h 7d]
Ne0net: folds 
Nokrum: folds 
neps46: folds 
Dorex2007: raises $0.04 to $0.06
andyindie: folds 
Mtosha has timed out
Mtosha: folds 
zorro2927 joins the table at seat #5 
lnxea: calls $0.04
*** FLOP *** [Tc 5h Jd]
zocker2307 joins the table at seat #1 
lnxea: checks 
Dorex2007: bets $0.09
lnxea: folds 
Uncalled bet ($0.09) returned to Dorex2007
Dorex2007 collected $0.13 from pot
Dorex2007: doesn't show hand 
*** SUMMARY ***
Total pot $0.13 | Rake $0 
Board [Tc 5h Jd]
Seat 2: neps46 folded before Flop (didn't bet)
Seat 3: Dorex2007 collected ($0.13)
Seat 4: andyindie (button) folded before Flop (didn't bet)
Seat 6: Mtosha (small blind) folded before Flop
Seat 7: lnxea (big blind) folded on the Flop
Seat 8: Ne0net folded before Flop (didn't bet)
Seat 9: Nokrum folded before Flop (didn't bet)



PokerStars Hand #227626724420:  Hold'em No Limit ($0.01/$0.02 USD) - 2021/06/16 11:17:49 PT [2021/06/16 14:17:49 ET]
Table 'Panthoos II' 9-max Seat #6 is the button
Seat 2: neps46 ($1.76 in chips) 
Seat 3: Dorex2007 ($2.07 in chips) 
Seat 4: andyindie ($3.80 in chips) 
Seat 6: Mtosha ($2.03 in chips) 
Seat 7: lnxea ($2.12 in chips) 
Seat 8: Ne0net ($2.45 in chips) 
Seat 9: Nokrum ($1.63 in chips) 
lnxea: posts small blind $0.01
Ne0net: posts big blind $0.02
zocker2307: sits out 
zorro2927: sits out 
*** HOLE CARDS ***
Dealt to Dorex2007 [8c 9s]
Nokrum: folds 
neps46: folds 
Dorex2007: folds 
andyindie: folds 
Mtosha: folds 
lnxea: folds 
Uncalled bet ($0.01) returned to Ne0net
Ne0net collected $0.02 from pot
Ne0net: doesn't show hand 
*** SUMMARY ***
Total pot $0.02 | Rake $0 
Seat 2: neps46 folded before Flop (didn't bet)
Seat 3: Dorex2007 folded before Flop (didn't bet)
Seat 4: andyindie folded before Flop (didn't bet)
Seat 6: Mtosha (button) folded before Flop (didn't bet)
Seat 7: lnxea (small blind) folded before Flop
Seat 8: Ne0net (big blind) collected ($0.02)
Seat 9: Nokrum folded before Flop (didn't bet)



PokerStars Hand #227626729014:  Hold'em No Limit ($0.01/$0.02 USD) - 2021/06/16 11:18:00 PT [2021/06/16 14:18:00 ET]
Table 'Panthoos II' 9-max Seat #7 is the button
Seat 2: neps46 ($1.76 in chips) 
Seat 3: Dorex2007 ($2.07 in chips) 
Seat 4: andyindie ($3.80 in chips) 
Seat 6: Mtosha ($2.03 in chips) 
Seat 7: lnxea ($2.11 in chips) 
Seat 8: Ne0net ($2.46 in chips) 
Seat 9: Nokrum ($1.63 in chips) 
Ne0net: posts small blind $0.01
Nokrum: posts big blind $0.02
zocker2307: sits out 
zorro2927: sits out 
*** HOLE CARDS ***
Dealt to Dorex2007 [8c 9c]
neps46: folds 
Dorex2007: folds 
andyindie: folds 
Mtosha: folds 
lnxea: folds 
Ne0net: folds 
Uncalled bet ($0.01) returned to Nokrum
Nokrum collected $0.02 from pot
Nokrum: doesn't show hand 
*** SUMMARY ***
Total pot $0.02 | Rake $0 
Seat 2: neps46 folded before Flop (didn't bet)
Seat 3: Dorex2007 folded before Flop (didn't bet)
Seat 4: andyindie folded before Flop (didn't bet)
Seat 6: Mtosha folded before Flop (didn't bet)
Seat 7: lnxea (button) folded before Flop (didn't bet)
Seat 8: Ne0net (small blind) folded before Flop
Seat 9: Nokrum (big blind) collected ($0.02)



PokerStars Hand #227626736651:  Hold'em No Limit ($0.01/$0.02 USD) - 2021/06/16 11:18:18 PT [2021/06/16 14:18:18 ET]
Table 'Panthoos II' 9-max Seat #8 is the button
Seat 1: zocker2307 ($0.80 in chips) 
Seat 2: neps46 ($1.76 in chips) 
Seat 3: Dorex2007 ($2.07 in chips) 
Seat 4: andyindie ($3.80 in chips) 
Seat 6: Mtosha ($2.03 in chips) 
Seat 7: lnxea ($2.11 in chips) 
Seat 8: Ne0net ($2.45 in chips) 
Seat 9: Nokrum ($1.64 in chips) 
Nokrum: posts small blind $0.01
zocker2307: posts big blind $0.02
zorro2927: sits out 
*** HOLE CARDS ***
Dealt to Dorex2007 [Qd 6s]
neps46: raises $0.04 to $0.06
Dorex2007: folds 
andyindie: folds 
Mtosha has timed out
Mtosha: folds 
lnxea: folds 
Ne0net: calls $0.06
Nokrum: folds 
zocker2307: calls $0.04
*** FLOP *** [6h 7s 4d]
zocker2307: checks 
neps46: bets $0.09
Ne0net: calls $0.09
zocker2307: folds 
*** TURN *** [6h 7s 4d] [Td]
neps46: checks 
Ne0net: checks 
*** RIVER *** [6h 7s 4d Td] [3h]
neps46: checks 
Ne0net: checks 
*** SHOW DOWN ***
neps46: shows [2h 2s] (a pair of Deuces)
Ne0net: mucks hand 
neps46 collected $0.36 from pot
*** SUMMARY ***
Total pot $0.37 | Rake $0.01 
Board [6h 7s 4d Td 3h]
Seat 1: zocker2307 (big blind) folded on the Flop
Seat 2: neps46 showed [2h 2s] and won ($0.36) with a pair of Deuces
Seat 3: Dorex2007 folded before Flop (didn't bet)
Seat 4: andyindie folded before Flop (didn't bet)
Seat 6: Mtosha folded before Flop (didn't bet)
Seat 7: lnxea folded before Flop (didn't bet)
Seat 8: Ne0net (button) mucked [Jd Ad]
Seat 9: Nokrum (small blind) folded before Flop



PokerStars Hand #227626759616:  Hold'em No Limit ($0.01/$0.02 USD) - 2021/06/16 11:19:13 PT [2021/06/16 14:19:13 ET]
Table 'Panthoos II' 9-max Seat #9 is the button
Seat 1: zocker2307 ($0.74 in chips) 
Seat 2: neps46 ($1.97 in chips) 
Seat 3: Dorex2007 ($2.07 in chips) 
Seat 4: andyindie ($3.80 in chips) 
Seat 6: Mtosha ($2.03 in chips) 
Seat 7: lnxea ($2.11 in chips) 
Seat 8: Ne0net ($2.30 in chips) 
Seat 9: Nokrum ($1.63 in chips) 
zocker2307: posts small blind $0.01
neps46: posts big blind $0.02
zorro2927: sits out 
*** HOLE CARDS ***
Dealt to Dorex2007 [Tc 7c]
Dorex2007: folds 
andyindie: folds 
Mtosha: folds 
lnxea: folds 
Ne0net: folds 
Nokrum: folds 
zocker2307: calls $0.01
neps46: checks 
*** FLOP *** [6s 6d 4s]
zocker2307: checks 
neps46: checks 
*** TURN *** [6s 6d 4s] [7d]
zocker2307: checks 
neps46: bets $0.02
zocker2307: folds 
Uncalled bet ($0.02) returned to neps46
neps46 collected $0.04 from pot
neps46: doesn't show hand 
*** SUMMARY ***
Total pot $0.04 | Rake $0 
Board [6s 6d 4s 7d]
Seat 1: zocker2307 (small blind) folded on the Turn
Seat 2: neps46 (big blind) collected ($0.04)
Seat 3: Dorex2007 folded before Flop (didn't bet)
Seat 4: andyindie folded before Flop (didn't bet)
Seat 6: Mtosha folded before Flop (didn't bet)
Seat 7: lnxea folded before Flop (didn't bet)
Seat 8: Ne0net folded before Flop (didn't bet)
Seat 9: Nokrum (button) folded before Flop (didn't bet)



PokerStars Hand #227626774168:  Hold'em No Limit ($0.01/$0.02 USD) - 2021/06/16 11:19:47 PT [2021/06/16 14:19:47 ET]
Table 'Panthoos II' 9-max Seat #1 is the button
Seat 1: zocker2307 ($0.72 in chips) 
Seat 2: neps46 ($1.99 in chips) 
Seat 3: Dorex2007 ($2.07 in chips) 
Seat 4: andyindie ($3.80 in chips) 
Seat 6: Mtosha ($2.03 in chips) 
Seat 7: lnxea ($2.11 in chips) 
Seat 8: Ne0net ($2.30 in chips) 
Seat 9: Nokrum ($1.63 in chips) 
neps46: posts small blind $0.01
Dorex2007: posts big blind $0.02
zorro2927: sits out 
*** HOLE CARDS ***
Dealt to Dorex2007 [Th 8h]
andyindie: folds 
Mtosha: folds 
lnxea: folds 
Ne0net: folds 
Nokrum: folds 
zocker2307: folds 
neps46: folds 
Uncalled bet ($0.01) returned to Dorex2007
Dorex2007 collected $0.02 from pot
Dorex2007: doesn't show hand 
*** SUMMARY ***
Total pot $0.02 | Rake $0 
Seat 1: zocker2307 (button) folded before Flop (didn't bet)
Seat 2: neps46 (small blind) folded before Flop
Seat 3: Dorex2007 (big blind) collected ($0.02)
Seat 4: andyindie folded before Flop (didn't bet)
Seat 6: Mtosha folded before Flop (didn't bet)
Seat 7: lnxea folded before Flop (didn't bet)
Seat 8: Ne0net folded before Flop (didn't bet)
Seat 9: Nokrum folded before Flop (didn't bet)



PokerStars Hand #227626781058:  Hold'em No Limit ($0.01/$0.02 USD) - 2021/06/16 11:20:03 PT [2021/06/16 14:20:03 ET]
Table 'Panthoos II' 9-max Seat #2 is the button
Seat 1: zocker2307 ($0.72 in chips) 
Seat 2: neps46 ($1.98 in chips) 
Seat 3: Dorex2007 ($2.08 in chips) 
Seat 4: andyindie ($3.80 in chips) 
Seat 6: Mtosha ($2.03 in chips) 
Seat 7: lnxea ($2.11 in chips) 
Seat 8: Ne0net ($2.30 in chips) 
Seat 9: Nokrum ($1.63 in chips) 
Dorex2007: posts small blind $0.01
andyindie: posts big blind $0.02
zorro2927: sits out 
*** HOLE CARDS ***
Dealt to Dorex2007 [2c Qh]
Mtosha: raises $0.04 to $0.06
lnxea: folds 
Ne0net: folds 
Nokrum: folds 
zocker2307: folds 
neps46: calls $0.06
Dorex2007: folds 
andyindie: folds 
*** FLOP *** [Ks 4h Qs]
Mtosha has timed out
Mtosha: checks 
neps46: checks 
*** TURN *** [Ks 4h Qs] [5c]
Mtosha: checks 
neps46: checks 
*** RIVER *** [Ks 4h Qs 5c] [As]
Mtosha has timed out
Mtosha: checks 
neps46: checks 
*** SHOW DOWN ***
Mtosha: shows [2s 2d] (a pair of Deuces)
neps46: mucks hand 
Mtosha collected $0.14 from pot
*** SUMMARY ***
Total pot $0.15 | Rake $0.01 
Board [Ks 4h Qs 5c As]
Seat 1: zocker2307 folded before Flop (didn't bet)
Seat 2: neps46 (button) mucked [6c 8c]
Seat 3: Dorex2007 (small blind) folded before Flop
Seat 4: andyindie (big blind) folded before Flop
Seat 6: Mtosha showed [2s 2d] and won ($0.14) with a pair of Deuces
Seat 7: lnxea folded before Flop (didn't bet)
Seat 8: Ne0net folded before Flop (didn't bet)
Seat 9: Nokrum folded before Flop (didn't bet)



PokerStars Hand #227626816142:  Hold'em No Limit ($0.01/$0.02 USD) - 2021/06/16 11:21:25 PT [2021/06/16 14:21:25 ET]
Table 'Panthoos II' 9-max Seat #3 is the button
Seat 1: zocker2307 ($0.72 in chips) 
Seat 2: neps46 ($1.92 in chips) 
Seat 3: Dorex2007 ($2.07 in chips) 
Seat 4: andyindie ($3.78 in chips) 
Seat 5: zorro2927 ($2 in chips) 
Seat 6: Mtosha ($2.11 in chips) 
Seat 7: lnxea ($2.11 in chips) 
Seat 8: Ne0net ($2.30 in chips) 
Seat 9: Nokrum ($1.63 in chips) 
andyindie: posts small blind $0.01
zorro2927: posts big blind $0.02
*** HOLE CARDS ***
Dealt to Dorex2007 [Ad 4c]
Mtosha has timed out
Mtosha: folds 
lnxea: folds 
Ne0net: folds 
Nokrum: folds 
zocker2307: calls $0.02
neps46: folds 
Dorex2007: folds 
andyindie: calls $0.01
zorro2927: checks 
*** FLOP *** [9d 5s 3h]
andyindie: checks 
zorro2927: checks 
zocker2307: checks 
*** TURN *** [9d 5s 3h] [Kd]
andyindie: checks 
zorro2927: checks 
zocker2307: checks 
*** RIVER *** [9d 5s 3h Kd] [As]
andyindie: checks 
zorro2927: checks 
zocker2307: checks 
*** SHOW DOWN ***
andyindie: shows [Ah 2c] (a pair of Aces)
zorro2927: mucks hand 
zocker2307: mucks hand 
andyindie collected $0.06 from pot
*** SUMMARY ***
Total pot $0.06 | Rake $0 
Board [9d 5s 3h Kd As]
Seat 1: zocker2307 mucked [8s 7c]
Seat 2: neps46 folded before Flop (didn't bet)
Seat 3: Dorex2007 (button) folded before Flop (didn't bet)
Seat 4: andyindie (small blind) showed [Ah 2c] and won ($0.06) with a pair of Aces
Seat 5: zorro2927 (big blind) mucked [8d 3c]
Seat 6: Mtosha folded before Flop (didn't bet)
Seat 7: lnxea folded before Flop (didn't bet)
Seat 8: Ne0net folded before Flop (didn't bet)
Seat 9: Nokrum folded before Flop (didn't bet)



PokerStars Hand #227626837879:  Hold'em No Limit ($0.01/$0.02 USD) - 2021/06/16 11:22:17 PT [2021/06/16 14:22:17 ET]
Table 'Panthoos II' 9-max Seat #4 is the button
Seat 1: zocker2307 ($0.70 in chips) 
Seat 2: neps46 ($1.92 in chips) 
Seat 3: Dorex2007 ($2.07 in chips) 
Seat 4: andyindie ($3.82 in chips) 
Seat 5: zorro2927 ($1.98 in chips) 
Seat 7: lnxea ($2.11 in chips) 
Seat 8: Ne0net ($2.30 in chips) 
Seat 9: Nokrum ($1.63 in chips) 
zorro2927: posts small blind $0.01
lnxea: posts big blind $0.02
*** HOLE CARDS ***
Dealt to Dorex2007 [Ts 6d]
Ne0net: folds 
Nokrum: folds 
zocker2307: calls $0.02
neps46: folds 
Dorex2007: calls $0.02
andyindie: folds 
zorro2927: folds 
lnxea: checks 
*** FLOP *** [Js 7s Jh]
lnxea: checks 
zocker2307: checks 
Dorex2007: checks 
*** TURN *** [Js 7s Jh] [As]
lnxea: checks 
zocker2307: checks 
Dorex2007: bets $0.04
lnxea: folds 
zocker2307: folds 
Uncalled bet ($0.04) returned to Dorex2007
Dorex2007 collected $0.07 from pot
Dorex2007: doesn't show hand 
*** SUMMARY ***
Total pot $0.07 | Rake $0 
Board [Js 7s Jh As]
Seat 1: zocker2307 folded on the Turn
Seat 2: neps46 folded before Flop (didn't bet)
Seat 3: Dorex2007 collected ($0.07)
Seat 4: andyindie (button) folded before Flop (didn't bet)
Seat 5: zorro2927 (small blind) folded before Flop
Seat 7: lnxea (big blind) folded on the Turn
Seat 8: Ne0net folded before Flop (didn't bet)
Seat 9: Nokrum folded before Flop (didn't bet)



PokerStars Hand #227626857755:  Hold'em No Limit ($0.01/$0.02 USD) - 2021/06/16 11:23:03 PT [2021/06/16 14:23:03 ET]
Table 'Panthoos II' 9-max Seat #5 is the button
Seat 1: zocker2307 ($0.68 in chips) 
Seat 2: neps46 ($1.92 in chips) 
Seat 3: Dorex2007 ($2.12 in chips) 
Seat 4: andyindie ($3.82 in chips) 
Seat 5: zorro2927 ($1.97 in chips) 
Seat 7: lnxea ($2.09 in chips) 
Seat 8: Ne0net ($2.30 in chips) 
Seat 9: Nokrum ($1.63 in chips) 
lnxea: posts small blind $0.01
Ne0net: posts big blind $0.02
*** HOLE CARDS ***
Dealt to Dorex2007 [3h 9h]
Nokrum: folds 
zocker2307: folds 
neps46: folds 
Dorex2007: folds 
andyindie: folds 
zorro2927: raises $0.04 to $0.06
lnxea: folds 
Ne0net: folds 
Uncalled bet ($0.04) returned to zorro2927
zorro2927 collected $0.05 from pot
zorro2927: doesn't show hand 
*** SUMMARY ***
Total pot $0.05 | Rake $0 
Seat 1: zocker2307 folded before Flop (didn't bet)
Seat 2: neps46 folded before Flop (didn't bet)
Seat 3: Dorex2007 folded before Flop (didn't bet)
Seat 4: andyindie folded before Flop (didn't bet)
Seat 5: zorro2927 (button) collected ($0.05)
Seat 7: lnxea (small blind) folded before Flop
Seat 8: Ne0net (big blind) folded before Flop
Seat 9: Nokrum folded before Flop (didn't bet)



PokerStars Hand #227626867092:  Hold'em No Limit ($0.01/$0.02 USD) - 2021/06/16 11:23:25 PT [2021/06/16 14:23:25 ET]
Table 'Panthoos II' 9-max Seat #7 is the button
Seat 1: zocker2307 ($0.68 in chips) 
Seat 2: neps46 ($1.92 in chips) 
Seat 3: Dorex2007 ($2.12 in chips) 
Seat 4: andyindie ($3.82 in chips) 
Seat 5: zorro2927 ($2 in chips) 
Seat 7: lnxea ($2.08 in chips) 
Seat 8: Ne0net ($2.28 in chips) 
Seat 9: Nokrum ($1.63 in chips) 
Ne0net: posts small blind $0.01
Nokrum: posts big blind $0.02
Mtosha: sits out 
*** HOLE CARDS ***
Dealt to Dorex2007 [7h 8h]
zocker2307: folds 
neps46: folds 
Dorex2007: calls $0.02
andyindie: folds 
zorro2927: folds 
lnxea: folds 
Ne0net: folds 
Nokrum: checks 
*** FLOP *** [6c 5c 9d]
Nokrum: checks 
Dorex2007: bets $0.05
Nokrum: folds 
Uncalled bet ($0.05) returned to Dorex2007
Dorex2007 collected $0.05 from pot
Dorex2007: doesn't show hand 
*** SUMMARY ***
Total pot $0.05 | Rake $0 
Board [6c 5c 9d]
Seat 1: zocker2307 folded before Flop (didn't bet)
Seat 2: neps46 folded before Flop (didn't bet)
Seat 3: Dorex2007 collected ($0.05)
Seat 4: andyindie folded before Flop (didn't bet)
Seat 5: zorro2927 folded before Flop (didn't bet)
Seat 7: lnxea (button) folded before Flop (didn't bet)
Seat 8: Ne0net (small blind) folded before Flop
Seat 9: Nokrum (big blind) folded on the Flop



PokerStars Hand #227626878134:  Hold'em No Limit ($0.01/$0.02 USD) - 2021/06/16 11:23:51 PT [2021/06/16 14:23:51 ET]
Table 'Panthoos II' 9-max Seat #8 is the button
Seat 1: zocker2307 ($0.68 in chips) 
Seat 2: neps46 ($1.92 in chips) 
Seat 3: Dorex2007 ($2.15 in chips) 
Seat 4: andyindie ($3.82 in chips) 
Seat 5: zorro2927 ($2 in chips) 
Seat 7: lnxea ($2.08 in chips) 
Seat 8: Ne0net ($2.27 in chips) 
Seat 9: Nokrum ($1.61 in chips) 
Nokrum: posts small blind $0.01
zocker2307: posts big blind $0.02
Mtosha: sits out 
*** HOLE CARDS ***
Dealt to Dorex2007 [Td Qc]
neps46: folds 
Dorex2007: folds 
andyindie: folds 
zorro2927: folds 
lnxea: folds 
Ne0net: raises $0.03 to $0.05
Nokrum: folds 
zocker2307: calls $0.03
*** FLOP *** [Kh 8c 9h]
zocker2307: checks 
Ne0net: checks 
*** TURN *** [Kh 8c 9h] [5c]
zocker2307: checks 
Ne0net: checks 
*** RIVER *** [Kh 8c 9h 5c] [3h]
zocker2307: checks 
Ne0net: checks 
*** SHOW DOWN ***
zocker2307: shows [Qd Jd] (high card King)
Ne0net: shows [Jc Ah] (high card Ace)
Ne0net collected $0.11 from pot
*** SUMMARY ***
Total pot $0.11 | Rake $0 
Board [Kh 8c 9h 5c 3h]
Seat 1: zocker2307 (big blind) showed [Qd Jd] and lost with high card King
Seat 2: neps46 folded before Flop (didn't bet)
Seat 3: Dorex2007 folded before Flop (didn't bet)
Seat 4: andyindie folded before Flop (didn't bet)
Seat 5: zorro2927 folded before Flop (didn't bet)
Seat 7: lnxea folded before Flop (didn't bet)
Seat 8: Ne0net (button) showed [Jc Ah] and won ($0.11) with high card Ace
Seat 9: Nokrum (small blind) folded before Flop



PokerStars Hand #227626895961:  Hold'em No Limit ($0.01/$0.02 USD) - 2021/06/16 11:24:33 PT [2021/06/16 14:24:33 ET]
Table 'Panthoos II' 9-max Seat #9 is the button
Seat 1: zocker2307 ($0.63 in chips) 
Seat 2: neps46 ($1.92 in chips) 
Seat 3: Dorex2007 ($2.15 in chips) 
Seat 4: andyindie ($3.82 in chips) 
Seat 5: zorro2927 ($2 in chips) 
Seat 7: lnxea ($2.08 in chips) 
Seat 8: Ne0net ($2.33 in chips) 
Seat 9: Nokrum ($1.60 in chips) 
zocker2307: posts small blind $0.01
neps46: posts big blind $0.02
Mtosha: sits out 
*** HOLE CARDS ***
Dealt to Dorex2007 [Td 5c]
Dorex2007: folds 
andyindie: folds 
zorro2927: folds 
lnxea: folds 
Ne0net: raises $0.04 to $0.06
Nokrum: folds 
zocker2307: calls $0.05
neps46: calls $0.04
*** FLOP *** [6s 6c As]
zocker2307: checks 
neps46: checks 
Ne0net: checks 
*** TURN *** [6s 6c As] [8h]
zocker2307: checks 
neps46: checks 
Ne0net: checks 
*** RIVER *** [6s 6c As 8h] [Ac]
zocker2307: bets $0.09
neps46: folds 
Ne0net: folds 
Uncalled bet ($0.09) returned to zocker2307
zocker2307 collected $0.17 from pot
zocker2307: doesn't show hand 
*** SUMMARY ***
Total pot $0.18 | Rake $0.01 
Board [6s 6c As 8h Ac]
Seat 1: zocker2307 (small blind) collected ($0.17)
Seat 2: neps46 (big blind) folded on the River
Seat 3: Dorex2007 folded before Flop (didn't bet)
Seat 4: andyindie folded before Flop (didn't bet)
Seat 5: zorro2927 folded before Flop (didn't bet)
Seat 7: lnxea folded before Flop (didn't bet)
Seat 8: Ne0net folded on the River
Seat 9: Nokrum (button) folded before Flop (didn't bet)



PokerStars Hand #227626917336:  Hold'em No Limit ($0.01/$0.02 USD) - 2021/06/16 11:25:24 PT [2021/06/16 14:25:24 ET]
Table 'Panthoos II' 9-max Seat #1 is the button
Seat 1: zocker2307 ($0.74 in chips) 
Seat 2: neps46 ($1.86 in chips) 
Seat 3: Dorex2007 ($2.15 in chips) 
Seat 4: andyindie ($3.82 in chips) 
Seat 5: zorro2927 ($2 in chips) 
Seat 7: lnxea ($2.08 in chips) 
Seat 8: Ne0net ($2.27 in chips) 
Seat 9: Nokrum ($1.60 in chips) 
neps46: posts small blind $0.01
Dorex2007: posts big blind $0.02
Mtosha: sits out 
*** HOLE CARDS ***
Dealt to Dorex2007 [Ts 3c]
andyindie: folds 
zorro2927: raises $0.06 to $0.08
lnxea: folds 
Ne0net: folds 
Nokrum: folds 
zocker2307: calls $0.08
neps46: folds 
Dorex2007: folds 
*** FLOP *** [Qh 9s 7h]
zorro2927: bets $0.06
zocker2307: calls $0.06
*** TURN *** [Qh 9s 7h] [3d]
zorro2927: checks 
zocker2307: checks 
*** RIVER *** [Qh 9s 7h 3d] [5s]
zorro2927: checks 
zocker2307: bets $0.30
zorro2927: folds 
Uncalled bet ($0.30) returned to zocker2307
zocker2307 collected $0.30 from pot
zocker2307: doesn't show hand 
*** SUMMARY ***
Total pot $0.31 | Rake $0.01 
Board [Qh 9s 7h 3d 5s]
Seat 1: zocker2307 (button) collected ($0.30)
Seat 2: neps46 (small blind) folded before Flop
Seat 3: Dorex2007 (big blind) folded before Flop
Seat 4: andyindie folded before Flop (didn't bet)
Seat 5: zorro2927 folded on the River
Seat 7: lnxea folded before Flop (didn't bet)
Seat 8: Ne0net folded before Flop (didn't bet)
Seat 9: Nokrum folded before Flop (didn't bet)



PokerStars Hand #227626953868:  Hold'em No Limit ($0.01/$0.02 USD) - 2021/06/16 11:26:43 PT [2021/06/16 14:26:43 ET]
Table 'Panthoos II' 9-max Seat #2 is the button
Seat 1: zocker2307 ($0.90 in chips) 
Seat 2: neps46 ($1.85 in chips) 
Seat 3: Dorex2007 ($2.13 in chips) 
Seat 4: andyindie ($3.82 in chips) 
Seat 5: zorro2927 ($1.86 in chips) 
Seat 7: lnxea ($2.08 in chips) 
Seat 8: Ne0net ($2.27 in chips) 
Seat 9: Nokrum ($1.60 in chips) 
Dorex2007: posts small blind $0.01
andyindie: posts big blind $0.02
Mtosha: sits out 
*** HOLE CARDS ***
Dealt to Dorex2007 [7h 2h]
zorro2927: folds 
lnxea: folds 
Ne0net: raises $0.04 to $0.06
Nokrum: folds 
zocker2307: calls $0.06
neps46: calls $0.06
Dorex2007: folds 
andyindie: calls $0.04
*** FLOP *** [8s 3d 3c]
andyindie: checks 
Ne0net: bets $0.07
zocker2307: calls $0.07
neps46: calls $0.07
andyindie: folds 
*** TURN *** [8s 3d 3c] [Tc]
Ne0net: bets $0.32
zocker2307: folds 
neps46: calls $0.32
*** RIVER *** [8s 3d 3c Tc] [Qc]
Ne0net: bets $1.82 and is all-in
neps46: calls $1.40 and is all-in
Uncalled bet ($0.42) returned to Ne0net
*** SHOW DOWN ***
Ne0net: shows [8h 8c] (a full house, Eights full of Threes)
neps46: shows [3s 3h] (four of a kind, Threes)
neps46 collected $3.76 from pot
*** SUMMARY ***
Total pot $3.90 | Rake $0.14 
Board [8s 3d 3c Tc Qc]
Seat 1: zocker2307 folded on the Turn
Seat 2: neps46 (button) showed [3s 3h] and won ($3.76) with four of a kind, Threes
Seat 3: Dorex2007 (small blind) folded before Flop
Seat 4: andyindie (big blind) folded on the Flop
Seat 5: zorro2927 folded before Flop (didn't bet)
Seat 7: lnxea folded before Flop (didn't bet)
Seat 8: Ne0net showed [8h 8c] and lost with a full house, Eights full of Threes
Seat 9: Nokrum folded before Flop (didn't bet)



PokerStars Hand #227626982142:  Hold'em No Limit ($0.01/$0.02 USD) - 2021/06/16 11:27:50 PT [2021/06/16 14:27:50 ET]
Table 'Panthoos II' 9-max Seat #3 is the button
Seat 1: zocker2307 ($0.77 in chips) 
Seat 2: neps46 ($3.76 in chips) 
Seat 3: Dorex2007 ($2.12 in chips) 
Seat 4: andyindie ($3.76 in chips) 
Seat 5: zorro2927 ($1.86 in chips) 
Seat 7: lnxea ($2.08 in chips) 
Seat 8: Ne0net ($0.42 in chips) 
Seat 9: Nokrum ($1.60 in chips) 
andyindie: posts small blind $0.01
zorro2927: posts big blind $0.02
Mtosha: sits out 
*** HOLE CARDS ***
Dealt to Dorex2007 [8d Jc]
lnxea: folds 
Ne0net: folds 
Nokrum: folds 
zocker2307: folds 
neps46: folds 
Ne0net leaves the table
Dorex2007: folds 
andyindie: folds 
Uncalled bet ($0.01) returned to zorro2927
zorro2927 collected $0.02 from pot
zorro2927: doesn't show hand 
*** SUMMARY ***
Total pot $0.02 | Rake $0 
Seat 1: zocker2307 folded before Flop (didn't bet)
Seat 2: neps46 folded before Flop (didn't bet)
Seat 3: Dorex2007 (button) folded before Flop (didn't bet)
Seat 4: andyindie (small blind) folded before Flop
Seat 5: zorro2927 (big blind) collected ($0.02)
Seat 7: lnxea folded before Flop (didn't bet)
Seat 8: Ne0net folded before Flop (didn't bet)
Seat 9: Nokrum folded before Flop (didn't bet)



PokerStars Hand #227626988601:  Hold'em No Limit ($0.01/$0.02 USD) - 2021/06/16 11:28:05 PT [2021/06/16 14:28:05 ET]
Table 'Panthoos II' 9-max Seat #4 is the button
Seat 1: zocker2307 ($0.77 in chips) 
Seat 2: neps46 ($3.76 in chips) 
Seat 3: Dorex2007 ($2.12 in chips) 
Seat 4: andyindie ($3.75 in chips) 
Seat 5: zorro2927 ($1.87 in chips) 
Seat 6: Mtosha ($2.11 in chips) 
Seat 7: lnxea ($2.08 in chips) 
Seat 9: Nokrum ($1.60 in chips) 
zorro2927: posts small blind $0.01
Mtosha: posts big blind $0.02
*** HOLE CARDS ***
Dealt to Dorex2007 [5h 7c]
lnxea: folds 
Nokrum: folds 
zocker2307: folds 
neps46: raises $0.04 to $0.06
Dorex2007: folds 
andyindie: folds 
donramon9 joins the table at seat #8 
zorro2927: folds 
Mtosha: folds 
Uncalled bet ($0.04) returned to neps46
neps46 collected $0.05 from pot
neps46: doesn't show hand 
*** SUMMARY ***
Total pot $0.05 | Rake $0 
Seat 1: zocker2307 folded before Flop (didn't bet)
Seat 2: neps46 collected ($0.05)
Seat 3: Dorex2007 folded before Flop (didn't bet)
Seat 4: andyindie (button) folded before Flop (didn't bet)
Seat 5: zorro2927 (small blind) folded before Flop
Seat 6: Mtosha (big blind) folded before Flop
Seat 7: lnxea folded before Flop (didn't bet)
Seat 9: Nokrum folded before Flop (didn't bet)



PokerStars Hand #227627003345:  Hold'em No Limit ($0.01/$0.02 USD) - 2021/06/16 11:28:40 PT [2021/06/16 14:28:40 ET]
Table 'Panthoos II' 9-max Seat #5 is the button
Seat 1: zocker2307 ($0.77 in chips) 
Seat 2: neps46 ($3.79 in chips) 
Seat 3: Dorex2007 ($2.12 in chips) 
Seat 4: andyindie ($3.75 in chips) 
Seat 5: zorro2927 ($1.86 in chips) 
Seat 6: Mtosha ($2.09 in chips) 
Seat 7: lnxea ($2.08 in chips) 
Seat 9: Nokrum ($1.60 in chips) 
Mtosha: posts small blind $0.01
lnxea: posts big blind $0.02
donramon9: sits out 
*** HOLE CARDS ***
Dealt to Dorex2007 [5d Qc]
Nokrum: folds 
zocker2307: folds 
neps46: folds 
Dorex2007: folds 
andyindie: raises $0.02 to $0.04
zorro2927: folds 
Mtosha: folds 
lnxea: folds 
Uncalled bet ($0.02) returned to andyindie
andyindie collected $0.05 from pot
andyindie: doesn't show hand 
*** SUMMARY ***
Total pot $0.05 | Rake $0 
Seat 1: zocker2307 folded before Flop (didn't bet)
Seat 2: neps46 folded before Flop (didn't bet)
Seat 3: Dorex2007 folded before Flop (didn't bet)
Seat 4: andyindie collected ($0.05)
Seat 5: zorro2927 (button) folded before Flop (didn't bet)
Seat 6: Mtosha (small blind) folded before Flop
Seat 7: lnxea (big blind) folded before Flop
Seat 9: Nokrum folded before Flop (didn't bet)



PokerStars Hand #227627009741:  Hold'em No Limit ($0.01/$0.02 USD) - 2021/06/16 11:28:55 PT [2021/06/16 14:28:55 ET]
Table 'Panthoos II' 9-max Seat #6 is the button
Seat 1: zocker2307 ($0.77 in chips) 
Seat 2: neps46 ($3.79 in chips) 
Seat 3: Dorex2007 ($2.12 in chips) 
Seat 4: andyindie ($3.78 in chips) 
Seat 5: zorro2927 ($1.86 in chips) 
Seat 6: Mtosha ($2.08 in chips) 
Seat 7: lnxea ($2.06 in chips) 
Seat 8: donramon9 ($1.16 in chips) 
Seat 9: Nokrum ($1.60 in chips) 
lnxea: posts small blind $0.01
donramon9: posts big blind $0.02
*** HOLE CARDS ***
Dealt to Dorex2007 [Qs Td]
Nokrum: folds 
zocker2307: folds 
neps46: folds 
Dorex2007: folds 
andyindie: folds 
zorro2927: folds 
Mtosha: raises $0.04 to $0.06
lnxea: folds 
donramon9: folds 
Uncalled bet ($0.04) returned to Mtosha
Mtosha collected $0.05 from pot
*** SUMMARY ***
Total pot $0.05 | Rake $0 
Seat 1: zocker2307 folded before Flop (didn't bet)
Seat 2: neps46 folded before Flop (didn't bet)
Seat 3: Dorex2007 folded before Flop (didn't bet)
Seat 4: andyindie folded before Flop (didn't bet)
Seat 5: zorro2927 folded before Flop (didn't bet)
Seat 6: Mtosha (button) collected ($0.05)
Seat 7: lnxea (small blind) folded before Flop
Seat 8: donramon9 (big blind) folded before Flop
Seat 9: Nokrum folded before Flop (didn't bet)



PokerStars Hand #227627020423:  Hold'em No Limit ($0.01/$0.02 USD) - 2021/06/16 11:29:21 PT [2021/06/16 14:29:21 ET]
Table 'Panthoos II' 9-max Seat #7 is the button
Seat 1: zocker2307 ($0.77 in chips) 
Seat 2: neps46 ($3.79 in chips) 
Seat 3: Dorex2007 ($2.12 in chips) 
Seat 4: andyindie ($3.78 in chips) 
Seat 5: zorro2927 ($1.86 in chips) 
Seat 6: Mtosha ($2.11 in chips) 
Seat 7: lnxea ($2.05 in chips) 
Seat 8: donramon9 ($1.14 in chips) 
Seat 9: Nokrum ($1.60 in chips) 
donramon9: posts small blind $0.01
Nokrum: posts big blind $0.02
*** HOLE CARDS ***
Dealt to Dorex2007 [7h Kd]
zocker2307: folds 
neps46: folds 
Dorex2007: folds 
andyindie: folds 
zorro2927: folds 
Mtosha has timed out
Mtosha: folds 
lnxea: folds 
donramon9: calls $0.01
Nokrum: checks 
*** FLOP *** [4s Kh 3d]
donramon9: checks 
Nokrum: checks 
*** TURN *** [4s Kh 3d] [7d]
donramon9: checks 
Nokrum: checks 
*** RIVER *** [4s Kh 3d 7d] [7c]
donramon9: checks 
Nokrum: checks 
*** SHOW DOWN ***
donramon9: shows [5s Qs] (a pair of Sevens)
Nokrum: shows [Ah 2d] (a pair of Sevens - Ace kicker)
Nokrum collected $0.04 from pot
*** SUMMARY ***
Total pot $0.04 | Rake $0 
Board [4s Kh 3d 7d 7c]
Seat 1: zocker2307 folded before Flop (didn't bet)
Seat 2: neps46 folded before Flop (didn't bet)
Seat 3: Dorex2007 folded before Flop (didn't bet)
Seat 4: andyindie folded before Flop (didn't bet)
Seat 5: zorro2927 folded before Flop (didn't bet)
Seat 6: Mtosha folded before Flop (didn't bet)
Seat 7: lnxea (button) folded before Flop (didn't bet)
Seat 8: donramon9 (small blind) showed [5s Qs] and lost with a pair of Sevens
Seat 9: Nokrum (big blind) showed [Ah 2d] and won ($0.04) with a pair of Sevens



PokerStars Hand #227627033937:  Hold'em No Limit ($0.01/$0.02 USD) - 2021/06/16 11:29:54 PT [2021/06/16 14:29:54 ET]
Table 'Panthoos II' 9-max Seat #8 is the button
Seat 1: zocker2307 ($0.77 in chips) 
Seat 2: neps46 ($3.79 in chips) 
Seat 3: Dorex2007 ($2.12 in chips) 
Seat 4: andyindie ($3.78 in chips) 
Seat 5: zorro2927 ($1.86 in chips) 
Seat 6: Mtosha ($2.11 in chips) 
Seat 7: lnxea ($2.05 in chips) 
Seat 8: donramon9 ($1.12 in chips) 
Seat 9: Nokrum ($1.62 in chips) 
Nokrum: posts small blind $0.01
zocker2307: posts big blind $0.02
*** HOLE CARDS ***
Dealt to Dorex2007 [9s Kh]
neps46: folds 
Dorex2007: folds 
andyindie: raises $0.02 to $0.04
zorro2927: raises $0.12 to $0.16
Mtosha: folds 
lnxea: folds 
donramon9: calls $0.16
Nokrum: folds 
zocker2307: folds 
andyindie: folds 
*** FLOP *** [Qh Qs 5h]
zorro2927: bets $0.13
donramon9: calls $0.13
*** TURN *** [Qh Qs 5h] [5d]
zorro2927: checks 
Nokrum leaves the table
donramon9: checks 
*** RIVER *** [Qh Qs 5h 5d] [6d]
zorro2927: checks 
donramon9: checks 
*** SHOW DOWN ***
zorro2927: shows [Ks Ad] (two pair, Queens and Fives)
donramon9: shows [9h 9d] (two pair, Queens and Nines)
donramon9 collected $0.63 from pot
*** SUMMARY ***
Total pot $0.65 | Rake $0.02 
Board [Qh Qs 5h 5d 6d]
Seat 1: zocker2307 (big blind) folded before Flop
Seat 2: neps46 folded before Flop (didn't bet)
Seat 3: Dorex2007 folded before Flop (didn't bet)
Seat 4: andyindie folded before Flop
Seat 5: zorro2927 showed [Ks Ad] and lost with two pair, Queens and Fives
Seat 6: Mtosha folded before Flop (didn't bet)
Seat 7: lnxea folded before Flop (didn't bet)
Seat 8: donramon9 (button) showed [9h 9d] and won ($0.63) with two pair, Queens and Nines
Seat 9: Nokrum (small blind) folded before Flop



PokerStars Hand #227627059054:  Hold'em No Limit ($0.01/$0.02 USD) - 2021/06/16 11:30:53 PT [2021/06/16 14:30:53 ET]
Table 'Panthoos II' 9-max Seat #1 is the button
Seat 1: zocker2307 ($0.75 in chips) 
Seat 2: neps46 ($3.79 in chips) 
Seat 3: Dorex2007 ($2.12 in chips) 
Seat 4: andyindie ($3.74 in chips) 
Seat 5: zorro2927 ($1.57 in chips) 
Seat 6: Mtosha ($2.11 in chips) 
Seat 7: lnxea ($2.05 in chips) 
Seat 8: donramon9 ($1.46 in chips) 
neps46: posts small blind $0.01
Dorex2007: posts big blind $0.02
*** HOLE CARDS ***
Dealt to Dorex2007 [Qh Js]
andyindie: folds 
zorro2927: folds 
Mtosha: folds 
lnxea: folds 
donramon9: folds 
zocker2307: calls $0.02
neps46: folds 
Dorex2007: checks 
*** FLOP *** [9h 8h 3d]
Dorex2007: bets $0.03
zocker2307: folds 
Uncalled bet ($0.03) returned to Dorex2007
Dorex2007 collected $0.05 from pot
Dorex2007: doesn't show hand 
*** SUMMARY ***
Total pot $0.05 | Rake $0 
Board [9h 8h 3d]
Seat 1: zocker2307 (button) folded on the Flop
Seat 2: neps46 (small blind) folded before Flop
Seat 3: Dorex2007 (big blind) collected ($0.05)
Seat 4: andyindie folded before Flop (didn't bet)
Seat 5: zorro2927 folded before Flop (didn't bet)
Seat 6: Mtosha folded before Flop (didn't bet)
Seat 7: lnxea folded before Flop (didn't bet)
Seat 8: donramon9 folded before Flop (didn't bet)



PokerStars Hand #227627071163:  Hold'em No Limit ($0.01/$0.02 USD) - 2021/06/16 11:31:21 PT [2021/06/16 14:31:21 ET]
Table 'Panthoos II' 9-max Seat #2 is the button
Seat 1: zocker2307 ($0.73 in chips) 
Seat 2: neps46 ($3.78 in chips) 
Seat 3: Dorex2007 ($2.15 in chips) 
Seat 4: andyindie ($3.74 in chips) 
Seat 5: zorro2927 ($2 in chips) 
Seat 6: Mtosha ($2.11 in chips) 
Seat 7: lnxea ($2.05 in chips) 
Seat 8: donramon9 ($1.46 in chips) 
Dorex2007: posts small blind $0.01
andyindie: posts big blind $0.02
*** HOLE CARDS ***
Dealt to Dorex2007 [Ah Th]
zorro2927: folds 
Mtosha: folds 
lnxea: folds 
donramon9: folds 
zocker2307: folds 
neps46: raises $0.04 to $0.06
Dorex2007: raises $0.06 to $0.12
andyindie: folds 
neps46: calls $0.06
*** FLOP *** [7d Jh Qs]
Dorex2007: bets $0.06
neps46: folds 
Uncalled bet ($0.06) returned to Dorex2007
Dorex2007 collected $0.25 from pot
Dorex2007: doesn't show hand 
*** SUMMARY ***
Total pot $0.26 | Rake $0.01 
Board [7d Jh Qs]
Seat 1: zocker2307 folded before Flop (didn't bet)
Seat 2: neps46 (button) folded on the Flop
Seat 3: Dorex2007 (small blind) collected ($0.25)
Seat 4: andyindie (big blind) folded before Flop
Seat 5: zorro2927 folded before Flop (didn't bet)
Seat 6: Mtosha folded before Flop (didn't bet)
Seat 7: lnxea folded before Flop (didn't bet)
Seat 8: donramon9 folded before Flop (didn't bet)



PokerStars Hand #227627088099:  Hold'em No Limit ($0.01/$0.02 USD) - 2021/06/16 11:32:01 PT [2021/06/16 14:32:01 ET]
Table 'Panthoos II' 9-max Seat #3 is the button
Seat 1: zocker2307 ($0.73 in chips) 
Seat 2: neps46 ($3.66 in chips) 
Seat 3: Dorex2007 ($2.28 in chips) 
Seat 4: andyindie ($3.72 in chips) 
Seat 6: Mtosha ($2.11 in chips) 
Seat 7: lnxea ($2.05 in chips) 
Seat 8: donramon9 ($1.46 in chips) 
andyindie: posts small blind $0.01
zorro2927: is sitting out 
Mtosha: posts big blind $0.02
*** HOLE CARDS ***
Dealt to Dorex2007 [9s 8d]
lnxea: folds 
donramon9: folds 
zocker2307: calls $0.02
neps46: raises $0.07 to $0.09
Dorex2007: folds 
andyindie: folds 
Mtosha: folds 
zocker2307: folds 
Uncalled bet ($0.07) returned to neps46
neps46 collected $0.07 from pot
neps46: doesn't show hand 
*** SUMMARY ***
Total pot $0.07 | Rake $0 
Seat 1: zocker2307 folded before Flop
Seat 2: neps46 collected ($0.07)
Seat 3: Dorex2007 (button) folded before Flop (didn't bet)
Seat 4: andyindie (small blind) folded before Flop
Seat 6: Mtosha (big blind) folded before Flop
Seat 7: lnxea folded before Flop (didn't bet)
Seat 8: donramon9 folded before Flop (didn't bet)



PokerStars Hand #227627098716:  Hold'em No Limit ($0.01/$0.02 USD) - 2021/06/16 11:32:26 PT [2021/06/16 14:32:26 ET]
Table 'Panthoos II' 9-max Seat #4 is the button
Seat 1: zocker2307 ($0.71 in chips) 
Seat 2: neps46 ($3.71 in chips) 
Seat 3: Dorex2007 ($2.28 in chips) 
Seat 4: andyindie ($3.71 in chips) 
Seat 6: Mtosha ($2.09 in chips) 
Seat 7: lnxea ($2.05 in chips) 
Seat 8: donramon9 ($1.46 in chips) 
Mtosha: posts small blind $0.01
lnxea: posts big blind $0.02
*** HOLE CARDS ***
Dealt to Dorex2007 [7c Jd]
donramon9: folds 
zocker2307: calls $0.02
neps46: folds 
BoerAas joins the table at seat #9 
Dorex2007: folds 
andyindie: folds 
Mtosha: folds 
lnxea: checks 
*** FLOP *** [3s 7h 2h]
lnxea: checks 
zocker2307: checks 
*** TURN *** [3s 7h 2h] [Qc]
lnxea: checks 
zocker2307: bets $0.05
lnxea: folds 
Uncalled bet ($0.05) returned to zocker2307
zocker2307 collected $0.05 from pot
zocker2307: doesn't show hand 
*** SUMMARY ***
Total pot $0.05 | Rake $0 
Board [3s 7h 2h Qc]
Seat 1: zocker2307 collected ($0.05)
Seat 2: neps46 folded before Flop (didn't bet)
Seat 3: Dorex2007 folded before Flop (didn't bet)
Seat 4: andyindie (button) folded before Flop (didn't bet)
Seat 6: Mtosha (small blind) folded before Flop
Seat 7: lnxea (big blind) folded on the Turn
Seat 8: donramon9 folded before Flop (didn't bet)



PokerStars Hand #227627115668:  Hold'em No Limit ($0.01/$0.02 USD) - 2021/06/16 11:33:06 PT [2021/06/16 14:33:06 ET]
Table 'Panthoos II' 9-max Seat #6 is the button
Seat 1: zocker2307 ($0.74 in chips) 
Seat 2: neps46 ($3.71 in chips) 
Seat 3: Dorex2007 ($2.28 in chips) 
Seat 4: andyindie ($3.71 in chips) 
Seat 6: Mtosha ($2.08 in chips) 
Seat 7: lnxea ($2.03 in chips) 
Seat 8: donramon9 ($1.46 in chips) 
lnxea: posts small blind $0.01
donramon9: posts big blind $0.02
BoerAas: sits out 
*** HOLE CARDS ***
Dealt to Dorex2007 [Th 2d]
zocker2307: calls $0.02
neps46: calls $0.02
Dorex2007: folds 
andyindie: folds 
Mtosha: raises $0.09 to $0.11
lnxea: folds 
donramon9: folds 
zocker2307: calls $0.09
neps46: calls $0.09
*** FLOP *** [Qd Ts Kc]
zorro2927 leaves the table
zocker2307: bets $0.35
neps46: folds 
Mtosha: raises $0.35 to $0.70
zocker2307: calls $0.28 and is all-in
Uncalled bet ($0.07) returned to Mtosha
*** TURN *** [Qd Ts Kc] [5d]
*** RIVER *** [Qd Ts Kc 5d] [Ad]
*** SHOW DOWN ***
zocker2307: shows [Js As] (a straight, Ten to Ace)
Mtosha: shows [Ac Kh] (two pair, Aces and Kings)
zocker2307 collected $1.56 from pot
*** SUMMARY ***
Total pot $1.62 | Rake $0.06 
Board [Qd Ts Kc 5d Ad]
Seat 1: zocker2307 showed [Js As] and won ($1.56) with a straight, Ten to Ace
Seat 2: neps46 folded on the Flop
Seat 3: Dorex2007 folded before Flop (didn't bet)
Seat 4: andyindie folded before Flop (didn't bet)
Seat 6: Mtosha (button) showed [Ac Kh] and lost with two pair, Aces and Kings
Seat 7: lnxea (small blind) folded before Flop
Seat 8: donramon9 (big blind) folded before Flop



PokerStars Hand #227627134997:  Hold'em No Limit ($0.01/$0.02 USD) - 2021/06/16 11:33:52 PT [2021/06/16 14:33:52 ET]
Table 'Panthoos II' 9-max Seat #7 is the button
Seat 1: zocker2307 ($1.56 in chips) 
Seat 2: neps46 ($3.60 in chips) 
Seat 3: Dorex2007 ($2.28 in chips) 
Seat 4: andyindie ($3.71 in chips) 
Seat 6: Mtosha ($2 in chips) 
Seat 7: lnxea ($2.02 in chips) 
Seat 8: donramon9 ($1.44 in chips) 
Seat 9: BoerAas ($2 in chips) 
donramon9: posts small blind $0.01
BoerAas: posts big blind $0.02
*** HOLE CARDS ***
Dealt to Dorex2007 [9d 8c]
zocker2307: calls $0.02
neps46: folds 
Dorex2007: folds 
andyindie: folds 
Mtosha: folds 
lnxea: folds 
donramon9: folds 
BoerAas: checks 
*** FLOP *** [Js 3h 2h]
BoerAas: checks 
andyindie leaves the table
zocker2307: bets $0.02
BoerAas: folds 
Uncalled bet ($0.02) returned to zocker2307
zocker2307 collected $0.05 from pot
zocker2307: doesn't show hand 
*** SUMMARY ***
Total pot $0.05 | Rake $0 
Board [Js 3h 2h]
Seat 1: zocker2307 collected ($0.05)
Seat 2: neps46 folded before Flop (didn't bet)
Seat 3: Dorex2007 folded before Flop (didn't bet)
Seat 4: andyindie folded before Flop (didn't bet)
Seat 6: Mtosha folded before Flop (didn't bet)
Seat 7: lnxea (button) folded before Flop (didn't bet)
Seat 8: donramon9 (small blind) folded before Flop
Seat 9: BoerAas (big blind) folded on the Flop



PokerStars Hand #227627153421:  Hold'em No Limit ($0.01/$0.02 USD) - 2021/06/16 11:34:35 PT [2021/06/16 14:34:35 ET]
Table 'Panthoos II' 9-max Seat #8 is the button
Seat 1: zocker2307 ($1.59 in chips) 
Seat 2: neps46 ($3.60 in chips) 
Seat 3: Dorex2007 ($2.28 in chips) 
Seat 6: Mtosha ($2 in chips) 
Seat 7: lnxea ($2.02 in chips) 
Seat 8: donramon9 ($1.43 in chips) 
Seat 9: BoerAas ($1.98 in chips) 
BoerAas: posts small blind $0.01
zocker2307: posts big blind $0.02
*** HOLE CARDS ***
Dealt to Dorex2007 [5d 4d]
neps46: folds 
Dorex2007: folds 
Mtosha has timed out
Mtosha: folds 
lnxea: folds 
donramon9: raises $0.04 to $0.06
BoerAas: folds 
zocker2307: folds 
Uncalled bet ($0.04) returned to donramon9
donramon9 collected $0.05 from pot
donramon9: doesn't show hand 
*** SUMMARY ***
Total pot $0.05 | Rake $0 
Seat 1: zocker2307 (big blind) folded before Flop
Seat 2: neps46 folded before Flop (didn't bet)
Seat 3: Dorex2007 folded before Flop (didn't bet)
Seat 6: Mtosha folded before Flop (didn't bet)
Seat 7: lnxea folded before Flop (didn't bet)
Seat 8: donramon9 (button) collected ($0.05)
Seat 9: BoerAas (small blind) folded before Flop



PokerStars Hand #227627167307:  Hold'em No Limit ($0.01/$0.02 USD) - 2021/06/16 11:35:08 PT [2021/06/16 14:35:08 ET]
Table 'Panthoos II' 9-max Seat #9 is the button
Seat 1: zocker2307 ($1.57 in chips) 
Seat 2: neps46 ($3.60 in chips) 
Seat 3: Dorex2007 ($2.28 in chips) 
Seat 6: Mtosha ($2 in chips) 
Seat 7: lnxea ($2.02 in chips) 
Seat 8: donramon9 ($1.46 in chips) 
Seat 9: BoerAas ($1.97 in chips) 
zocker2307: posts small blind $0.01
neps46: posts big blind $0.02
*** HOLE CARDS ***
Dealt to Dorex2007 [Th Kd]
Dorex2007: folds 
Mtosha: folds 
lnxea: raises $0.02 to $0.04
donramon9: folds 
BoerAas: folds 
zocker2307: calls $0.03
neps46: calls $0.02
*** FLOP *** [Ts 9h 3s]
zocker2307: bets $0.02
neps46: folds 
lnxea: folds 
Uncalled bet ($0.02) returned to zocker2307
zocker2307 collected $0.12 from pot
zocker2307: doesn't show hand 
*** SUMMARY ***
Total pot $0.12 | Rake $0 
Board [Ts 9h 3s]
Seat 1: zocker2307 (small blind) collected ($0.12)
Seat 2: neps46 (big blind) folded on the Flop
Seat 3: Dorex2007 folded before Flop (didn't bet)
Seat 6: Mtosha folded before Flop (didn't bet)
Seat 7: lnxea folded on the Flop
Seat 8: donramon9 folded before Flop (didn't bet)
Seat 9: BoerAas (button) folded before Flop (didn't bet)



PokerStars Hand #227627180541:  Hold'em No Limit ($0.01/$0.02 USD) - 2021/06/16 11:35:39 PT [2021/06/16 14:35:39 ET]
Table 'Panthoos II' 9-max Seat #1 is the button
Seat 1: zocker2307 ($1.65 in chips) 
Seat 2: neps46 ($3.56 in chips) 
Seat 3: Dorex2007 ($2.28 in chips) 
Seat 6: Mtosha ($2 in chips) 
Seat 7: lnxea ($1.98 in chips) 
Seat 8: donramon9 ($1.46 in chips) 
Seat 9: BoerAas ($1.97 in chips) 
neps46: posts small blind $0.01
Dorex2007: posts big blind $0.02
*** HOLE CARDS ***
Dealt to Dorex2007 [4h Jh]
Mtosha: folds 
lnxea: folds 
donramon9: folds 
BoerAas: folds 
zocker2307: calls $0.02
neps46: folds 
Dorex2007: checks 
*** FLOP *** [7s Ac Ah]
Dorex2007: checks 
zocker2307: bets $0.02
Dorex2007: folds 
Uncalled bet ($0.02) returned to zocker2307
zocker2307 collected $0.05 from pot
zocker2307: doesn't show hand 
*** SUMMARY ***
Total pot $0.05 | Rake $0 
Board [7s Ac Ah]
Seat 1: zocker2307 (button) collected ($0.05)
Seat 2: neps46 (small blind) folded before Flop
Seat 3: Dorex2007 (big blind) folded on the Flop
Seat 6: Mtosha folded before Flop (didn't bet)
Seat 7: lnxea folded before Flop (didn't bet)
Seat 8: donramon9 folded before Flop (didn't bet)
Seat 9: BoerAas folded before Flop (didn't bet)



PokerStars Hand #227627191466:  Hold'em No Limit ($0.01/$0.02 USD) - 2021/06/16 11:36:04 PT [2021/06/16 14:36:04 ET]
Table 'Panthoos II' 9-max Seat #2 is the button
Seat 1: zocker2307 ($1.68 in chips) 
Seat 2: neps46 ($3.55 in chips) 
Seat 3: Dorex2007 ($2.26 in chips) 
Seat 6: Mtosha ($2 in chips) 
Seat 7: lnxea ($1.98 in chips) 
Seat 8: donramon9 ($1.46 in chips) 
Seat 9: BoerAas ($1.97 in chips) 
Dorex2007: posts small blind $0.01
Mtosha: posts big blind $0.02
*** HOLE CARDS ***
Dealt to Dorex2007 [Tc 4c]
lnxea: folds 
donramon9: folds 
BoerAas: calls $0.02
zocker2307 has timed out
zocker2307: folds 
neps46: folds 
Dorex2007: calls $0.01
Mtosha: checks 
*** FLOP *** [6s 8d 7h]
Dorex2007: bets $0.04
Mtosha: folds 
BoerAas: folds 
Uncalled bet ($0.04) returned to Dorex2007
Dorex2007 collected $0.06 from pot
Dorex2007: doesn't show hand 
*** SUMMARY ***
Total pot $0.06 | Rake $0 
Board [6s 8d 7h]
Seat 1: zocker2307 folded before Flop (didn't bet)
Seat 2: neps46 (button) folded before Flop (didn't bet)
Seat 3: Dorex2007 (small blind) collected ($0.06)
Seat 6: Mtosha (big blind) folded on the Flop
Seat 7: lnxea folded before Flop (didn't bet)
Seat 8: donramon9 folded before Flop (didn't bet)
Seat 9: BoerAas folded on the Flop



PokerStars Hand #227627216396:  Hold'em No Limit ($0.01/$0.02 USD) - 2021/06/16 11:37:03 PT [2021/06/16 14:37:03 ET]
Table 'Panthoos II' 9-max Seat #3 is the button
Seat 1: zocker2307 ($1.68 in chips) 
Seat 2: neps46 ($3.55 in chips) 
Seat 3: Dorex2007 ($2.30 in chips) 
Seat 6: Mtosha ($2 in chips) 
Seat 7: lnxea ($1.98 in chips) 
Seat 8: donramon9 ($1.46 in chips) 
Seat 9: BoerAas ($1.95 in chips) 
Mtosha: posts small blind $0.01
lnxea: posts big blind $0.02
*** HOLE CARDS ***
Dealt to Dorex2007 [2d Jh]
donramon9: folds 
BoerAas: folds 
zocker2307: calls $0.02
neps46: folds 
Dorex2007: folds 
Mtosha: raises $0.06 to $0.08
lnxea: folds 
zocker2307: calls $0.06
*** FLOP *** [8c Jd 8s]
AHTuxpucm joins the table at seat #4 
Mtosha: checks 
zocker2307: checks 
*** TURN *** [8c Jd 8s] [5h]
Mtosha: checks 
zocker2307: checks 
*** RIVER *** [8c Jd 8s 5h] [6h]
Mtosha: checks 
zocker2307: folds 
zocker2307 leaves the table
Mtosha collected $0.17 from pot
*** SUMMARY ***
Total pot $0.18 | Rake $0.01 
Board [8c Jd 8s 5h 6h]
Seat 1: zocker2307 folded on the River
Seat 2: neps46 folded before Flop (didn't bet)
Seat 3: Dorex2007 (button) folded before Flop (didn't bet)
Seat 6: Mtosha (small blind) collected ($0.17)
Seat 7: lnxea (big blind) folded before Flop
Seat 8: donramon9 folded before Flop (didn't bet)
Seat 9: BoerAas folded before Flop (didn't bet)



PokerStars Hand #227627247937:  Hold'em No Limit ($0.01/$0.02 USD) - 2021/06/16 11:38:17 PT [2021/06/16 14:38:17 ET]
Table 'Panthoos II' 9-max Seat #6 is the button
Seat 2: neps46 ($3.55 in chips) 
Seat 3: Dorex2007 ($2.30 in chips) 
Seat 6: Mtosha ($2.09 in chips) 
Seat 7: lnxea ($1.96 in chips) 
Seat 8: donramon9 ($1.46 in chips) 
Seat 9: BoerAas ($1.95 in chips) 
lnxea: posts small blind $0.01
donramon9: posts big blind $0.02
AHTuxpucm: sits out 
*** HOLE CARDS ***
Dealt to Dorex2007 [Ac Ad]
BoerAas: folds 
neps46: folds 
Dorex2007: raises $0.04 to $0.06
Mtosha: raises $0.12 to $0.18
lnxea: folds 
donramon9: folds 
Dorex2007: raises $0.22 to $0.40
Mtosha: folds 
Uncalled bet ($0.22) returned to Dorex2007
Dorex2007 collected $0.39 from pot
Dorex2007: doesn't show hand 
*** SUMMARY ***
Total pot $0.39 | Rake $0 
Seat 2: neps46 folded before Flop (didn't bet)
Seat 3: Dorex2007 collected ($0.39)
Seat 6: Mtosha (button) folded before Flop
Seat 7: lnxea (small blind) folded before Flop
Seat 8: donramon9 (big blind) folded before Flop
Seat 9: BoerAas folded before Flop (didn't bet)



PokerStars Hand #227627275247:  Hold'em No Limit ($0.01/$0.02 USD) - 2021/06/16 11:39:07 PT [2021/06/16 14:39:07 ET]
Table 'Panthoos II' 9-max Seat #7 is the button
Seat 2: neps46 ($3.55 in chips) 
Seat 3: Dorex2007 ($2.51 in chips) 
Seat 6: Mtosha ($2 in chips) 
Seat 7: lnxea ($1.95 in chips) 
Seat 8: donramon9 ($1.44 in chips) 
Seat 9: BoerAas ($1.95 in chips) 
donramon9: posts small blind $0.01
BoerAas: posts big blind $0.02
AHTuxpucm: sits out 
*** HOLE CARDS ***
Dealt to Dorex2007 [As 9h]
neps46: folds 
Dorex2007: folds 
Mtosha: folds 
lnxea: folds 
donramon9: calls $0.01
BoerAas: checks 
*** FLOP *** [6s 3c Jd]
donramon9: checks 
BoerAas: checks 
*** TURN *** [6s 3c Jd] [Jc]
donramon9: checks 
BoerAas: checks 
*** RIVER *** [6s 3c Jd Jc] [7s]
donramon9: bets $0.06
BoerAas: folds 
Uncalled bet ($0.06) returned to donramon9
donramon9 collected $0.04 from pot
*** SUMMARY ***
Total pot $0.04 | Rake $0 
Board [6s 3c Jd Jc 7s]
Seat 2: neps46 folded before Flop (didn't bet)
Seat 3: Dorex2007 folded before Flop (didn't bet)
Seat 6: Mtosha folded before Flop (didn't bet)
Seat 7: lnxea (button) folded before Flop (didn't bet)
Seat 8: donramon9 (small blind) collected ($0.04)
Seat 9: BoerAas (big blind) folded on the River



PokerStars Hand #227627286539:  Hold'em No Limit ($0.01/$0.02 USD) - 2021/06/16 11:39:33 PT [2021/06/16 14:39:33 ET]
Table 'Panthoos II' 9-max Seat #8 is the button
Seat 2: neps46 ($3.55 in chips) 
Seat 3: Dorex2007 ($2.51 in chips) 
Seat 6: Mtosha ($2 in chips) 
Seat 7: lnxea ($1.95 in chips) 
Seat 8: donramon9 ($1.46 in chips) 
Seat 9: BoerAas ($1.93 in chips) 
BoerAas: posts small blind $0.01
neps46: posts big blind $0.02
AHTuxpucm: sits out 
*** HOLE CARDS ***
Dealt to Dorex2007 [4h Jh]
Dorex2007: folds 
Mtosha: folds 
lnxea: folds 
donramon9: folds 
BoerAas: calls $0.01
neps46: checks 
*** FLOP *** [Ac 3h Ts]
BoerAas: checks 
neps46: checks 
*** TURN *** [Ac 3h Ts] [Td]
BoerAas: checks 
neps46: checks 
*** RIVER *** [Ac 3h Ts Td] [9d]
BoerAas: checks 
neps46: checks 
*** SHOW DOWN ***
BoerAas: shows [5s Kh] (a pair of Tens)
neps46: shows [9s 8d] (two pair, Tens and Nines)
neps46 collected $0.04 from pot
*** SUMMARY ***
Total pot $0.04 | Rake $0 
Board [Ac 3h Ts Td 9d]
Seat 2: neps46 (big blind) showed [9s 8d] and won ($0.04) with two pair, Tens and Nines
Seat 3: Dorex2007 folded before Flop (didn't bet)
Seat 6: Mtosha folded before Flop (didn't bet)
Seat 7: lnxea folded before Flop (didn't bet)
Seat 8: donramon9 (button) folded before Flop (didn't bet)
Seat 9: BoerAas (small blind) showed [5s Kh] and lost with a pair of Tens



PokerStars Hand #227627298838:  Hold'em No Limit ($0.01/$0.02 USD) - 2021/06/16 11:40:02 PT [2021/06/16 14:40:02 ET]
Table 'Panthoos II' 9-max Seat #9 is the button
Seat 2: neps46 ($3.57 in chips) 
Seat 3: Dorex2007 ($2.51 in chips) 
Seat 6: Mtosha ($2 in chips) 
Seat 7: lnxea ($1.95 in chips) 
Seat 8: donramon9 ($1.46 in chips) 
Seat 9: BoerAas ($1.91 in chips) 
neps46: posts small blind $0.01
Dorex2007: posts big blind $0.02
AHTuxpucm: sits out 
*** HOLE CARDS ***
Dealt to Dorex2007 [7c Jh]
Mtosha: folds 
lnxea: folds 
donramon9: folds 
BoerAas: folds 
neps46: folds 
Uncalled bet ($0.01) returned to Dorex2007
Dorex2007 collected $0.02 from pot
Dorex2007: doesn't show hand 
*** SUMMARY ***
Total pot $0.02 | Rake $0 
Seat 2: neps46 (small blind) folded before Flop
Seat 3: Dorex2007 (big blind) collected ($0.02)
Seat 6: Mtosha folded before Flop (didn't bet)
Seat 7: lnxea folded before Flop (didn't bet)
Seat 8: donramon9 folded before Flop (didn't bet)
Seat 9: BoerAas (button) folded before Flop (didn't bet)



PokerStars Hand #227627306156:  Hold'em No Limit ($0.01/$0.02 USD) - 2021/06/16 11:40:19 PT [2021/06/16 14:40:19 ET]
Table 'Panthoos II' 9-max Seat #2 is the button
Seat 2: neps46 ($3.56 in chips) 
Seat 3: Dorex2007 ($2.52 in chips) 
Seat 4: AHTuxpucm ($2 in chips) 
Seat 6: Mtosha ($2 in chips) 
Seat 7: lnxea ($1.95 in chips) 
Seat 8: donramon9 ($1.46 in chips) 
Seat 9: BoerAas ($1.91 in chips) 
Dorex2007: posts small blind $0.01
AHTuxpucm: posts big blind $0.02
*** HOLE CARDS ***
Dealt to Dorex2007 [4s Jh]
Mtosha: folds 
lnxea: folds 
donramon9: raises $0.02 to $0.04
BoerAas: folds 
neps46: folds 
Dorex2007: folds 
AHTuxpucm: calls $0.02
*** FLOP *** [Jc 4d Ks]
AHTuxpucm: checks 
donramon9: bets $0.04
AHTuxpucm: folds 
Uncalled bet ($0.04) returned to donramon9
donramon9 collected $0.09 from pot
*** SUMMARY ***
Total pot $0.09 | Rake $0 
Board [Jc 4d Ks]
Seat 2: neps46 (button) folded before Flop (didn't bet)
Seat 3: Dorex2007 (small blind) folded before Flop
Seat 4: AHTuxpucm (big blind) folded on the Flop
Seat 6: Mtosha folded before Flop (didn't bet)
Seat 7: lnxea folded before Flop (didn't bet)
Seat 8: donramon9 collected ($0.09)
Seat 9: BoerAas folded before Flop (didn't bet)



PokerStars Hand #227627320101:  Hold'em No Limit ($0.01/$0.02 USD) - 2021/06/16 11:40:51 PT [2021/06/16 14:40:51 ET]
Table 'Panthoos II' 9-max Seat #3 is the button
Seat 2: neps46 ($3.56 in chips) 
Seat 3: Dorex2007 ($2.51 in chips) 
Seat 4: AHTuxpucm ($2 in chips) 
Seat 6: Mtosha ($2 in chips) 
Seat 7: lnxea ($1.95 in chips) 
Seat 8: donramon9 ($1.51 in chips) 
Seat 9: BoerAas ($1.91 in chips) 
AHTuxpucm: posts small blind $0.01
Mtosha: posts big blind $0.02
*** HOLE CARDS ***
Dealt to Dorex2007 [5c 5h]
lnxea: folds 
donramon9: folds 
BoerAas: folds 
neps46: folds 
Dorex2007: raises $0.04 to $0.06
AHTuxpucm: folds 
DrRomchic666 joins the table at seat #5 
Mtosha: folds 
Uncalled bet ($0.04) returned to Dorex2007
Dorex2007 collected $0.05 from pot
Dorex2007: doesn't show hand 
*** SUMMARY ***
Total pot $0.05 | Rake $0 
Seat 2: neps46 folded before Flop (didn't bet)
Seat 3: Dorex2007 (button) collected ($0.05)
Seat 4: AHTuxpucm (small blind) folded before Flop
Seat 6: Mtosha (big blind) folded before Flop
Seat 7: lnxea folded before Flop (didn't bet)
Seat 8: donramon9 folded before Flop (didn't bet)
Seat 9: BoerAas folded before Flop (didn't bet)



PokerStars Hand #227627332952:  Hold'em No Limit ($0.01/$0.02 USD) - 2021/06/16 11:41:21 PT [2021/06/16 14:41:21 ET]
Table 'Panthoos II' 9-max Seat #4 is the button
Seat 2: neps46 ($3.56 in chips) 
Seat 3: Dorex2007 ($2.54 in chips) 
Seat 4: AHTuxpucm ($2 in chips) 
Seat 6: Mtosha ($2 in chips) 
Seat 7: lnxea ($1.95 in chips) 
Seat 8: donramon9 ($1.51 in chips) 
Seat 9: BoerAas ($1.91 in chips) 
Mtosha: posts small blind $0.01
lnxea: posts big blind $0.02
*** HOLE CARDS ***
Dealt to Dorex2007 [Qc 7d]
donramon9: raises $0.04 to $0.06
BoerAas: folds 
neps46: calls $0.06
Dorex2007: folds 
AHTuxpucm: calls $0.06
Mtosha: folds 
lnxea: folds 
*** FLOP *** [4d Td 3d]
donramon9: checks 
neps46: checks 
AHTuxpucm: bets $0.14
donramon9: folds 
neps46: folds 
Uncalled bet ($0.14) returned to AHTuxpucm
AHTuxpucm collected $0.20 from pot
AHTuxpucm: doesn't show hand 
*** SUMMARY ***
Total pot $0.21 | Rake $0.01 
Board [4d Td 3d]
Seat 2: neps46 folded on the Flop
Seat 3: Dorex2007 folded before Flop (didn't bet)
Seat 4: AHTuxpucm (button) collected ($0.20)
Seat 6: Mtosha (small blind) folded before Flop
Seat 7: lnxea (big blind) folded before Flop
Seat 8: donramon9 folded on the Flop
Seat 9: BoerAas folded before Flop (didn't bet)



PokerStars Hand #227627350798:  Hold'em No Limit ($0.01/$0.02 USD) - 2021/06/16 11:42:02 PT [2021/06/16 14:42:02 ET]
Table 'Panthoos II' 9-max Seat #6 is the button
Seat 2: neps46 ($3.50 in chips) 
Seat 3: Dorex2007 ($2.54 in chips) 
Seat 4: AHTuxpucm ($2.14 in chips) 
Seat 5: DrRomchic666 ($1.60 in chips) 
Seat 6: Mtosha ($2 in chips) 
Seat 7: lnxea ($1.93 in chips) 
Seat 8: donramon9 ($1.45 in chips) 
Seat 9: BoerAas ($1.91 in chips) 
lnxea: posts small blind $0.01
donramon9: posts big blind $0.02
DrRomchic666: posts big blind $0.02
*** HOLE CARDS ***
Dealt to Dorex2007 [3s 6c]
BoerAas: folds 
neps46: raises $0.07 to $0.09
Dorex2007: folds 
AHTuxpucm: folds 
DrRomchic666: calls $0.07
Mtosha: folds 
lnxea: folds 
donramon9: folds 
*** FLOP *** [2h 7c 7h]
neps46: bets $0.10
DrRomchic666: calls $0.10
*** TURN *** [2h 7c 7h] [5h]
neps46: checks 
DrRomchic666: checks 
*** RIVER *** [2h 7c 7h 5h] [Ts]
neps46: bets $0.20
DrRomchic666: raises $0.20 to $0.40
neps46: raises $0.30 to $0.70
DrRomchic666: calls $0.30
*** SHOW DOWN ***
neps46: shows [7d 7s] (four of a kind, Sevens)
DrRomchic666: mucks hand 
neps46 collected $1.75 from pot
*** SUMMARY ***
Total pot $1.81 | Rake $0.06 
Board [2h 7c 7h 5h Ts]
Seat 2: neps46 showed [7d 7s] and won ($1.75) with four of a kind, Sevens
Seat 3: Dorex2007 folded before Flop (didn't bet)
Seat 4: AHTuxpucm folded before Flop (didn't bet)
Seat 5: DrRomchic666 mucked [Td 4h]
Seat 6: Mtosha (button) folded before Flop (didn't bet)
Seat 7: lnxea (small blind) folded before Flop
Seat 8: donramon9 (big blind) folded before Flop
Seat 9: BoerAas folded before Flop (didn't bet)



PokerStars Hand #227627373898:  Hold'em No Limit ($0.01/$0.02 USD) - 2021/06/16 11:42:55 PT [2021/06/16 14:42:55 ET]
Table 'Panthoos II' 9-max Seat #7 is the button
Seat 2: neps46 ($4.36 in chips) 
Seat 3: Dorex2007 ($2.54 in chips) 
Seat 4: AHTuxpucm ($2.14 in chips) 
Seat 5: DrRomchic666 ($0.71 in chips) 
Seat 6: Mtosha ($2 in chips) 
Seat 7: lnxea ($1.92 in chips) 
Seat 8: donramon9 ($1.43 in chips) 
Seat 9: BoerAas ($1.91 in chips) 
donramon9: posts small blind $0.01
BoerAas: posts big blind $0.02
*** HOLE CARDS ***
Dealt to Dorex2007 [As Kc]
neps46: folds 
Dorex2007: raises $0.04 to $0.06
AHTuxpucm: folds 
DrRomchic666: raises $0.04 to $0.10
Mtosha: calls $0.10
lnxea: folds 
donramon9: folds 
BoerAas: folds 
Dorex2007: calls $0.04
*** FLOP *** [8c Kh Ks]
Petrusjr21 joins the table at seat #1 
Dorex2007: checks 
DrRomchic666: bets $0.61 and is all-in
Mtosha: folds 
Dorex2007: calls $0.61
*** TURN *** [8c Kh Ks] [9c]
*** RIVER *** [8c Kh Ks 9c] [2s]
*** SHOW DOWN ***
Dorex2007: shows [As Kc] (three of a kind, Kings)
DrRomchic666: shows [4s 5c] (a pair of Kings)
Dorex2007 collected $1.50 from pot
*** SUMMARY ***
Total pot $1.55 | Rake $0.05 
Board [8c Kh Ks 9c 2s]
Seat 2: neps46 folded before Flop (didn't bet)
Seat 3: Dorex2007 showed [As Kc] and won ($1.50) with three of a kind, Kings
Seat 4: AHTuxpucm folded before Flop (didn't bet)
Seat 5: DrRomchic666 showed [4s 5c] and lost with a pair of Kings
Seat 6: Mtosha folded on the Flop
Seat 7: lnxea (button) folded before Flop (didn't bet)
Seat 8: donramon9 (small blind) folded before Flop
Seat 9: BoerAas (big blind) folded before Flop



PokerStars Hand #227627391723:  Hold'em No Limit ($0.01/$0.02 USD) - 2021/06/16 11:43:36 PT [2021/06/16 14:43:36 ET]
Table 'Panthoos II' 9-max Seat #8 is the button
Seat 1: Petrusjr21 ($0.80 in chips) 
Seat 2: neps46 ($4.36 in chips) 
Seat 3: Dorex2007 ($3.33 in chips) 
Seat 4: AHTuxpucm ($2.14 in chips) 
Seat 6: Mtosha ($2 in chips) 
Seat 7: lnxea ($1.92 in chips) 
Seat 8: donramon9 ($1.42 in chips) 
Seat 9: BoerAas ($1.89 in chips) 
BoerAas: posts small blind $0.01
Petrusjr21: posts big blind $0.02
*** HOLE CARDS ***
Dealt to Dorex2007 [6c 2h]
neps46: folds 
Dorex2007: folds 
AHTuxpucm: folds 
Mtosha has timed out
Mtosha: folds 
lnxea: folds 
donramon9: calls $0.02
BoerAas: folds 
Petrusjr21: raises $0.02 to $0.04
donramon9: calls $0.02
*** FLOP *** [Tc Qs 9h]
Petrusjr21: bets $0.09
donramon9: folds 
Uncalled bet ($0.09) returned to Petrusjr21
Petrusjr21 collected $0.09 from pot
Petrusjr21: doesn't show hand 
*** SUMMARY ***
Total pot $0.09 | Rake $0 
Board [Tc Qs 9h]
Seat 1: Petrusjr21 (big blind) collected ($0.09)
Seat 2: neps46 folded before Flop (didn't bet)
Seat 3: Dorex2007 folded before Flop (didn't bet)
Seat 4: AHTuxpucm folded before Flop (didn't bet)
Seat 6: Mtosha folded before Flop (didn't bet)
Seat 7: lnxea folded before Flop (didn't bet)
Seat 8: donramon9 (button) folded on the Flop
Seat 9: BoerAas (small blind) folded before Flop



PokerStars Hand #227627408034:  Hold'em No Limit ($0.01/$0.02 USD) - 2021/06/16 11:44:13 PT [2021/06/16 14:44:13 ET]
Table 'Panthoos II' 9-max Seat #9 is the button
Seat 1: Petrusjr21 ($0.85 in chips) 
Seat 2: neps46 ($4.36 in chips) 
Seat 3: Dorex2007 ($3.33 in chips) 
Seat 4: AHTuxpucm ($2.14 in chips) 
Seat 6: Mtosha ($2 in chips) 
Seat 7: lnxea ($1.92 in chips) 
Seat 8: donramon9 ($1.38 in chips) 
Seat 9: BoerAas ($1.88 in chips) 
Petrusjr21: posts small blind $0.01
neps46: posts big blind $0.02
*** HOLE CARDS ***
Dealt to Dorex2007 [8c Ah]
Dorex2007: folds 
AHTuxpucm: folds 
Mtosha: folds 
lnxea: folds 
donramon9: folds 
BoerAas: folds 
Petrusjr21: raises $0.02 to $0.04
neps46: folds 
Uncalled bet ($0.02) returned to Petrusjr21
Petrusjr21 collected $0.04 from pot
Petrusjr21: doesn't show hand 
*** SUMMARY ***
Total pot $0.04 | Rake $0 
Seat 1: Petrusjr21 (small blind) collected ($0.04)
Seat 2: neps46 (big blind) folded before Flop
Seat 3: Dorex2007 folded before Flop (didn't bet)
Seat 4: AHTuxpucm folded before Flop (didn't bet)
Seat 6: Mtosha folded before Flop (didn't bet)
Seat 7: lnxea folded before Flop (didn't bet)
Seat 8: donramon9 folded before Flop (didn't bet)
Seat 9: BoerAas (button) folded before Flop (didn't bet)



PokerStars Hand #227627420063:  Hold'em No Limit ($0.01/$0.02 USD) - 2021/06/16 11:44:30 PT [2021/06/16 14:44:30 ET]
Table 'Panthoos II' 9-max Seat #1 is the button
Seat 1: Petrusjr21 ($0.87 in chips) 
Seat 2: neps46 ($4.34 in chips) 
Seat 3: Dorex2007 ($3.33 in chips) 
Seat 4: AHTuxpucm ($2.14 in chips) 
Seat 6: Mtosha ($2 in chips) 
Seat 7: lnxea ($1.92 in chips) 
Seat 8: donramon9 ($1.38 in chips) 
Seat 9: BoerAas ($1.88 in chips) 
neps46: posts small blind $0.01
Dorex2007: posts big blind $0.02
*** HOLE CARDS ***
Dealt to Dorex2007 [4s 2h]
AHTuxpucm: folds 
Mtosha: folds 
lnxea: folds 
donramon9: folds 
BoerAas: folds 
Petrusjr21: raises $0.02 to $0.04
neps46: folds 
Dorex2007: folds 
Uncalled bet ($0.02) returned to Petrusjr21
Petrusjr21 collected $0.05 from pot
Petrusjr21: doesn't show hand 
*** SUMMARY ***
Total pot $0.05 | Rake $0 
Seat 1: Petrusjr21 (button) collected ($0.05)
Seat 2: neps46 (small blind) folded before Flop
Seat 3: Dorex2007 (big blind) folded before Flop
Seat 4: AHTuxpucm folded before Flop (didn't bet)
Seat 6: Mtosha folded before Flop (didn't bet)
Seat 7: lnxea folded before Flop (didn't bet)
Seat 8: donramon9 folded before Flop (didn't bet)
Seat 9: BoerAas folded before Flop (didn't bet)



PokerStars Hand #227627428166:  Hold'em No Limit ($0.01/$0.02 USD) - 2021/06/16 11:44:49 PT [2021/06/16 14:44:49 ET]
Table 'Panthoos II' 9-max Seat #2 is the button
Seat 1: Petrusjr21 ($0.90 in chips) 
Seat 2: neps46 ($4.33 in chips) 
Seat 3: Dorex2007 ($3.31 in chips) 
Seat 4: AHTuxpucm ($2.14 in chips) 
Seat 6: Mtosha ($2 in chips) 
Seat 7: lnxea ($1.92 in chips) 
Seat 8: donramon9 ($1.38 in chips) 
Seat 9: BoerAas ($1.88 in chips) 
Dorex2007: posts small blind $0.01
AHTuxpucm: posts big blind $0.02
*** HOLE CARDS ***
Dealt to Dorex2007 [9s 5s]
Mtosha: folds 
lnxea: folds 
donramon9: folds 
BoerAas: folds 
Petrusjr21: folds 
neps46: folds 
Dorex2007: folds 
Uncalled bet ($0.01) returned to AHTuxpucm
AHTuxpucm collected $0.02 from pot
AHTuxpucm: doesn't show hand 
*** SUMMARY ***
Total pot $0.02 | Rake $0 
Seat 1: Petrusjr21 folded before Flop (didn't bet)
Seat 2: neps46 (button) folded before Flop (didn't bet)
Seat 3: Dorex2007 (small blind) folded before Flop
Seat 4: AHTuxpucm (big blind) collected ($0.02)
Seat 6: Mtosha folded before Flop (didn't bet)
Seat 7: lnxea folded before Flop (didn't bet)
Seat 8: donramon9 folded before Flop (didn't bet)
Seat 9: BoerAas folded before Flop (didn't bet)



PokerStars Hand #227627434893:  Hold'em No Limit ($0.01/$0.02 USD) - 2021/06/16 11:45:04 PT [2021/06/16 14:45:04 ET]
Table 'Panthoos II' 9-max Seat #3 is the button
Seat 1: Petrusjr21 ($0.90 in chips) 
Seat 2: neps46 ($4.33 in chips) 
Seat 3: Dorex2007 ($3.30 in chips) 
Seat 4: AHTuxpucm ($2.15 in chips) 
Seat 6: Mtosha ($2 in chips) 
Seat 7: lnxea ($1.92 in chips) 
Seat 8: donramon9 ($1.38 in chips) 
Seat 9: BoerAas ($1.88 in chips) 
AHTuxpucm: posts small blind $0.01
Mtosha: posts big blind $0.02
*** HOLE CARDS ***
Dealt to Dorex2007 [Th 9c]
lnxea: folds 
donramon9: folds 
BoerAas: folds 
Petrusjr21: raises $0.02 to $0.04
neps46: folds 
Dorex2007: folds 
AHTuxpucm: folds 
Mtosha: raises $0.09 to $0.13
Petrusjr21: calls $0.09
*** FLOP *** [Jc Qh Qd]
Mtosha: bets $0.10
Petrusjr21: raises $0.67 to $0.77 and is all-in
Mtosha: folds 
Uncalled bet ($0.67) returned to Petrusjr21
Petrusjr21 collected $0.45 from pot
Petrusjr21: doesn't show hand 
*** SUMMARY ***
Total pot $0.47 | Rake $0.02 
Board [Jc Qh Qd]
Seat 1: Petrusjr21 collected ($0.45)
Seat 2: neps46 folded before Flop (didn't bet)
Seat 3: Dorex2007 (button) folded before Flop (didn't bet)
Seat 4: AHTuxpucm (small blind) folded before Flop
Seat 6: Mtosha (big blind) folded on the Flop
Seat 7: lnxea folded before Flop (didn't bet)
Seat 8: donramon9 folded before Flop (didn't bet)
Seat 9: BoerAas folded before Flop (didn't bet)



PokerStars Hand #227627453743:  Hold'em No Limit ($0.01/$0.02 USD) - 2021/06/16 11:45:47 PT [2021/06/16 14:45:47 ET]
Table 'Panthoos II' 9-max Seat #4 is the button
Seat 1: Petrusjr21 ($1.12 in chips) 
Seat 2: neps46 ($4.33 in chips) 
Seat 3: Dorex2007 ($3.30 in chips) 
Seat 4: AHTuxpucm ($2.14 in chips) 
Seat 6: Mtosha ($2 in chips) 
Seat 8: donramon9 ($1.38 in chips) 
Seat 9: BoerAas ($1.88 in chips) 
Mtosha: posts small blind $0.01
lnxea: is sitting out 
lnxea leaves the table
donramon9: posts big blind $0.02
*** HOLE CARDS ***
Dealt to Dorex2007 [Js 3s]
BoerAas: folds 
Petrusjr21: raises $0.02 to $0.04
neps46: folds 
Dorex2007: folds 
AHTuxpucm: folds 
Mtosha: folds 
donramon9: folds 
Uncalled bet ($0.02) returned to Petrusjr21
Petrusjr21 collected $0.05 from pot
Petrusjr21: doesn't show hand 
*** SUMMARY ***
Total pot $0.05 | Rake $0 
Seat 1: Petrusjr21 collected ($0.05)
Seat 2: neps46 folded before Flop (didn't bet)
Seat 3: Dorex2007 folded before Flop (didn't bet)
Seat 4: AHTuxpucm (button) folded before Flop (didn't bet)
Seat 6: Mtosha (small blind) folded before Flop
Seat 8: donramon9 (big blind) folded before Flop
Seat 9: BoerAas folded before Flop (didn't bet)



PokerStars Hand #227627459460:  Hold'em No Limit ($0.01/$0.02 USD) - 2021/06/16 11:46:00 PT [2021/06/16 14:46:00 ET]
Table 'Panthoos II' 9-max Seat #6 is the button
Seat 1: Petrusjr21 ($1.15 in chips) 
Seat 2: neps46 ($4.33 in chips) 
Seat 3: Dorex2007 ($3.30 in chips) 
Seat 4: AHTuxpucm ($2.14 in chips) 
Seat 6: Mtosha ($2 in chips) 
Seat 8: donramon9 ($1.36 in chips) 
Seat 9: BoerAas ($1.88 in chips) 
donramon9: posts small blind $0.01
BoerAas: posts big blind $0.02
*** HOLE CARDS ***
Dealt to Dorex2007 [7c Qh]
Petrusjr21: folds 
neps46: folds 
Dorex2007: folds 
AHTuxpucm: folds 
DrRomchic666 leaves the table
Mtosha: raises $0.04 to $0.06
donramon9: folds 
BoerAas: folds 
Uncalled bet ($0.04) returned to Mtosha
Mtosha collected $0.05 from pot
*** SUMMARY ***
Total pot $0.05 | Rake $0 
Seat 1: Petrusjr21 folded before Flop (didn't bet)
Seat 2: neps46 folded before Flop (didn't bet)
Seat 3: Dorex2007 folded before Flop (didn't bet)
Seat 4: AHTuxpucm folded before Flop (didn't bet)
Seat 6: Mtosha (button) collected ($0.05)
Seat 8: donramon9 (small blind) folded before Flop
Seat 9: BoerAas (big blind) folded before Flop



PokerStars Hand #227627466661:  Hold'em No Limit ($0.01/$0.02 USD) - 2021/06/16 11:46:17 PT [2021/06/16 14:46:17 ET]
Table 'Panthoos II' 9-max Seat #8 is the button
Seat 1: Petrusjr21 ($1.15 in chips) 
Seat 2: neps46 ($4.33 in chips) 
Seat 3: Dorex2007 ($3.30 in chips) 
Seat 4: AHTuxpucm ($2.14 in chips) 
Seat 6: Mtosha ($2.03 in chips) 
Seat 8: donramon9 ($1.35 in chips) 
Seat 9: BoerAas ($1.86 in chips) 
BoerAas: posts small blind $0.01
Petrusjr21: posts big blind $0.02
*** HOLE CARDS ***
Dealt to Dorex2007 [Jh 5h]
neps46: folds 
Dorex2007: folds 
AHTuxpucm: folds 
Mtosha: raises $0.04 to $0.06
donramon9: calls $0.06
BoerAas: folds 
Petrusjr21: folds 
*** FLOP *** [Qd 6s 3h]
Mtosha: checks 
donramon9: checks 
*** TURN *** [Qd 6s 3h] [7d]
Mtosha: checks 
donramon9: checks 
*** RIVER *** [Qd 6s 3h 7d] [7h]
Mtosha: checks 
donramon9: checks 
*** SHOW DOWN ***
Mtosha: shows [8h Th] (a pair of Sevens)
donramon9: shows [9d Ad] (a pair of Sevens - Ace kicker)
donramon9 collected $0.14 from pot
*** SUMMARY ***
Total pot $0.15 | Rake $0.01 
Board [Qd 6s 3h 7d 7h]
Seat 1: Petrusjr21 (big blind) folded before Flop
Seat 2: neps46 folded before Flop (didn't bet)
Seat 3: Dorex2007 folded before Flop (didn't bet)
Seat 4: AHTuxpucm folded before Flop (didn't bet)
Seat 6: Mtosha showed [8h Th] and lost with a pair of Sevens
Seat 8: donramon9 (button) showed [9d Ad] and won ($0.14) with a pair of Sevens
Seat 9: BoerAas (small blind) folded before Flop



PokerStars Hand #227627485165:  Hold'em No Limit ($0.01/$0.02 USD) - 2021/06/16 11:46:59 PT [2021/06/16 14:46:59 ET]
Table 'Panthoos II' 9-max Seat #9 is the button
Seat 1: Petrusjr21 ($1.13 in chips) 
Seat 2: neps46 ($4.33 in chips) 
Seat 3: Dorex2007 ($3.30 in chips) 
Seat 4: AHTuxpucm ($2.14 in chips) 
Seat 6: Mtosha ($2 in chips) 
Seat 8: donramon9 ($1.43 in chips) 
Seat 9: BoerAas ($1.85 in chips) 
Petrusjr21: posts small blind $0.01
neps46: posts big blind $0.02
*** HOLE CARDS ***
Dealt to Dorex2007 [As Ad]
Dorex2007: raises $0.04 to $0.06
AHTuxpucm: folds 
Mtosha: folds 
donramon9: folds 
BoerAas: folds 
Petrusjr21: raises $0.04 to $0.10
neps46: folds 
Dorex2007: raises $0.16 to $0.26
Petrusjr21: calls $0.16
*** FLOP *** [Qd Jd Th]
Petrusjr21: bets $0.02
Dorex2007: raises $0.28 to $0.30
Petrusjr21: folds 
Uncalled bet ($0.28) returned to Dorex2007
Dorex2007 collected $0.56 from pot
Dorex2007: doesn't show hand 
*** SUMMARY ***
Total pot $0.58 | Rake $0.02 
Board [Qd Jd Th]
Seat 1: Petrusjr21 (small blind) folded on the Flop
Seat 2: neps46 (big blind) folded before Flop
Seat 3: Dorex2007 collected ($0.56)
Seat 4: AHTuxpucm folded before Flop (didn't bet)
Seat 6: Mtosha folded before Flop (didn't bet)
Seat 8: donramon9 folded before Flop (didn't bet)
Seat 9: BoerAas (button) folded before Flop (didn't bet)



PokerStars Hand #227627506267:  Hold'em No Limit ($0.01/$0.02 USD) - 2021/06/16 11:47:48 PT [2021/06/16 14:47:48 ET]
Table 'Panthoos II' 9-max Seat #1 is the button
Seat 1: Petrusjr21 ($0.85 in chips) 
Seat 2: neps46 ($4.31 in chips) 
Seat 3: Dorex2007 ($3.58 in chips) 
Seat 4: AHTuxpucm ($2.14 in chips) 
Seat 6: Mtosha ($2 in chips) 
Seat 8: donramon9 ($1.43 in chips) 
Seat 9: BoerAas ($1.85 in chips) 
neps46: posts small blind $0.01
Dorex2007: posts big blind $0.02
*** HOLE CARDS ***
Dealt to Dorex2007 [Ks Qs]
AHTuxpucm: folds 
Mtosha has timed out
Mtosha: folds 
donramon9: folds 
BoerAas: folds 
Petrusjr21: folds 
neps46: raises $0.04 to $0.06
Dorex2007: calls $0.04
*** FLOP *** [3d Kc Ad]
neps46: bets $0.06
Dorex2007: calls $0.06
*** TURN *** [3d Kc Ad] [6s]
neps46: bets $0.12
Dorex2007: calls $0.12
*** RIVER *** [3d Kc Ad 6s] [5c]
neps46: checks 
Dorex2007: checks 
*** SHOW DOWN ***
neps46: shows [Qd Td] (high card Ace)
Dorex2007: shows [Ks Qs] (a pair of Kings)
Dorex2007 collected $0.46 from pot
*** SUMMARY ***
Total pot $0.48 | Rake $0.02 
Board [3d Kc Ad 6s 5c]
Seat 1: Petrusjr21 (button) folded before Flop (didn't bet)
Seat 2: neps46 (small blind) showed [Qd Td] and lost with high card Ace
Seat 3: Dorex2007 (big blind) showed [Ks Qs] and won ($0.46) with a pair of Kings
Seat 4: AHTuxpucm folded before Flop (didn't bet)
Seat 6: Mtosha folded before Flop (didn't bet)
Seat 8: donramon9 folded before Flop (didn't bet)
Seat 9: BoerAas folded before Flop (didn't bet)



PokerStars Hand #227627536357:  Hold'em No Limit ($0.01/$0.02 USD) - 2021/06/16 11:48:57 PT [2021/06/16 14:48:57 ET]
Table 'Panthoos II' 9-max Seat #2 is the button
Seat 1: Petrusjr21 ($0.85 in chips) 
Seat 2: neps46 ($4.07 in chips) 
Seat 3: Dorex2007 ($3.80 in chips) 
Seat 4: AHTuxpucm ($2.14 in chips) 
Seat 6: Mtosha ($2 in chips) 
Seat 8: donramon9 ($1.43 in chips) 
Seat 9: BoerAas ($1.85 in chips) 
Dorex2007: posts small blind $0.01
AHTuxpucm: posts big blind $0.02
*** HOLE CARDS ***
Dealt to Dorex2007 [8d 3s]
Mtosha: folds 
donramon9: folds 
BoerAas: folds 
Petrusjr21: raises $0.02 to $0.04
neps46: folds 
Dorex2007: folds 
AHTuxpucm: raises $0.08 to $0.12
Petrusjr21: calls $0.08
*** FLOP *** [Qc 3h Ad]
AHTuxpucm: bets $0.12
Petrusjr21: raises $0.12 to $0.24
AHTuxpucm: calls $0.12
*** TURN *** [Qc 3h Ad] [8h]
AHTuxpucm: checks 
xxxx35 joins the table at seat #5 
Petrusjr21: bets $0.02
AHTuxpucm: calls $0.02
*** RIVER *** [Qc 3h Ad 8h] [5d]
AHTuxpucm: checks 
Petrusjr21: checks 
*** SHOW DOWN ***
AHTuxpucm: shows [Kc Tc] (high card Ace)
Petrusjr21: shows [9d As] (a pair of Aces)
Petrusjr21 collected $0.74 from pot
*** SUMMARY ***
Total pot $0.77 | Rake $0.03 
Board [Qc 3h Ad 8h 5d]
Seat 1: Petrusjr21 showed [9d As] and won ($0.74) with a pair of Aces
Seat 2: neps46 (button) folded before Flop (didn't bet)
Seat 3: Dorex2007 (small blind) folded before Flop
Seat 4: AHTuxpucm (big blind) showed [Kc Tc] and lost with high card Ace
Seat 6: Mtosha folded before Flop (didn't bet)
Seat 8: donramon9 folded before Flop (didn't bet)
Seat 9: BoerAas folded before Flop (didn't bet)



PokerStars Hand #227627563417:  Hold'em No Limit ($0.01/$0.02 USD) - 2021/06/16 11:49:59 PT [2021/06/16 14:49:59 ET]
Table 'Panthoos II' 9-max Seat #3 is the button
Seat 1: Petrusjr21 ($1.21 in chips) 
Seat 2: neps46 ($4.07 in chips) 
Seat 3: Dorex2007 ($3.79 in chips) 
Seat 4: AHTuxpucm ($2 in chips) 
Seat 5: xxxx35 ($2 in chips) 
Seat 6: Mtosha ($2 in chips) 
Seat 8: donramon9 ($1.43 in chips) 
Seat 9: BoerAas ($1.85 in chips) 
AHTuxpucm: posts small blind $0.01
xxxx35: posts big blind $0.02
*** HOLE CARDS ***
Dealt to Dorex2007 [6s 9s]
lotojas joins the table at seat #7 
Mtosha: folds 
donramon9: folds 
BoerAas: calls $0.02
Petrusjr21: calls $0.02
neps46: folds 
Dorex2007: folds 
AHTuxpucm: calls $0.01
xxxx35: checks 
*** FLOP *** [2c Js Jd]
AHTuxpucm: checks 
xxxx35: checks 
BoerAas: checks 
Petrusjr21: checks 
*** TURN *** [2c Js Jd] [9h]
AHTuxpucm: checks 
xxxx35: checks 
BoerAas: checks 
Petrusjr21: checks 
*** RIVER *** [2c Js Jd 9h] [Qd]
AHTuxpucm: checks 
xxxx35: checks 
BoerAas: checks 
Petrusjr21: checks 
*** SHOW DOWN ***
AHTuxpucm: shows [4h 5h] (a pair of Jacks)
xxxx35: mucks hand 
BoerAas: shows [7d 6d] (a pair of Jacks - Queen+Nine+Seven kicker)
Petrusjr21: shows [5s 7s] (a pair of Jacks)
BoerAas collected $0.04 from pot
Petrusjr21 collected $0.04 from pot
*** SUMMARY ***
Total pot $0.08 | Rake $0 
Board [2c Js Jd 9h Qd]
Seat 1: Petrusjr21 showed [5s 7s] and won ($0.04) with a pair of Jacks
Seat 2: neps46 folded before Flop (didn't bet)
Seat 3: Dorex2007 (button) folded before Flop (didn't bet)
Seat 4: AHTuxpucm (small blind) showed [4h 5h] and lost with a pair of Jacks
Seat 5: xxxx35 (big blind) mucked [4d 3d]
Seat 6: Mtosha folded before Flop (didn't bet)
Seat 8: donramon9 folded before Flop (didn't bet)
Seat 9: BoerAas showed [7d 6d] and won ($0.04) with a pair of Jacks



PokerStars Hand #227627587484:  Hold'em No Limit ($0.01/$0.02 USD) - 2021/06/16 11:50:54 PT [2021/06/16 14:50:54 ET]
Table 'Panthoos II' 9-max Seat #4 is the button
Seat 1: Petrusjr21 ($1.23 in chips) 
Seat 2: neps46 ($4.07 in chips) 
Seat 3: Dorex2007 ($3.79 in chips) 
Seat 4: AHTuxpucm ($2 in chips) 
Seat 5: xxxx35 ($1.98 in chips) 
Seat 6: Mtosha ($2 in chips) 
Seat 8: donramon9 ($1.43 in chips) 
Seat 9: BoerAas ($1.87 in chips) 
xxxx35: posts small blind $0.01
Mtosha: posts big blind $0.02
lotojas: sits out 
*** HOLE CARDS ***
Dealt to Dorex2007 [6h 8d]
donramon9: folds 
BoerAas: folds 
Petrusjr21: raises $0.02 to $0.04
neps46: raises $0.11 to $0.15
Dorex2007: folds 
AHTuxpucm: folds 
xxxx35: folds 
Mtosha: folds 
Petrusjr21: raises $0.11 to $0.26
neps46: calls $0.11
*** FLOP *** [3s 5h 6d]
Petrusjr21: checks 
neps46: bets $0.27
Petrusjr21: folds 
Uncalled bet ($0.27) returned to neps46
neps46 collected $0.53 from pot
neps46: doesn't show hand 
*** SUMMARY ***
Total pot $0.55 | Rake $0.02 
Board [3s 5h 6d]
Seat 1: Petrusjr21 folded on the Flop
Seat 2: neps46 collected ($0.53)
Seat 3: Dorex2007 folded before Flop (didn't bet)
Seat 4: AHTuxpucm (button) folded before Flop (didn't bet)
Seat 5: xxxx35 (small blind) folded before Flop
Seat 6: Mtosha (big blind) folded before Flop
Seat 8: donramon9 folded before Flop (didn't bet)
Seat 9: BoerAas folded before Flop (didn't bet)



PokerStars Hand #227627609565:  Hold'em No Limit ($0.01/$0.02 USD) - 2021/06/16 11:51:45 PT [2021/06/16 14:51:45 ET]
Table 'Panthoos II' 9-max Seat #5 is the button
Seat 1: Petrusjr21 ($0.97 in chips) 
Seat 2: neps46 ($4.34 in chips) 
Seat 3: Dorex2007 ($3.79 in chips) 
Seat 4: AHTuxpucm ($2 in chips) 
Seat 5: xxxx35 ($1.97 in chips) 
Seat 6: Mtosha ($2 in chips) 
Seat 7: lotojas ($2 in chips) 
Seat 8: donramon9 ($1.43 in chips) 
Seat 9: BoerAas ($1.87 in chips) 
Mtosha: posts small blind $0.01
lotojas: posts big blind $0.02
*** HOLE CARDS ***
Dealt to Dorex2007 [Kh 8c]
donramon9: folds 
BoerAas: folds 
Petrusjr21: calls $0.02
neps46: calls $0.02
Dorex2007: folds 
AHTuxpucm: folds 
xxxx35: folds 
Mtosha: folds 
lotojas: raises $0.08 to $0.10
Petrusjr21: calls $0.08
neps46: calls $0.08
*** FLOP *** [Ah 3s Ac]
lotojas: checks 
Petrusjr21: checks 
neps46: bets $0.15
lotojas: calls $0.15
Petrusjr21: folds 
*** TURN *** [Ah 3s Ac] [Jh]
lotojas: checks 
neps46: checks 
*** RIVER *** [Ah 3s Ac Jh] [Th]
lotojas: checks 
neps46: bets $0.30
lotojas: calls $0.30
*** SHOW DOWN ***
neps46: shows [Ts Tc] (a full house, Tens full of Aces)
lotojas: mucks hand 
neps46 collected $1.17 from pot
*** SUMMARY ***
Total pot $1.21 | Rake $0.04 
Board [Ah 3s Ac Jh Th]
Seat 1: Petrusjr21 folded on the Flop
Seat 2: neps46 showed [Ts Tc] and won ($1.17) with a full house, Tens full of Aces
Seat 3: Dorex2007 folded before Flop (didn't bet)
Seat 4: AHTuxpucm folded before Flop (didn't bet)
Seat 5: xxxx35 (button) folded before Flop (didn't bet)
Seat 6: Mtosha (small blind) folded before Flop
Seat 7: lotojas (big blind) mucked [Qc Qd]
Seat 8: donramon9 folded before Flop (didn't bet)
Seat 9: BoerAas folded before Flop (didn't bet)



PokerStars Hand #227627646716:  Hold'em No Limit ($0.01/$0.02 USD) - 2021/06/16 11:53:10 PT [2021/06/16 14:53:10 ET]
Table 'Panthoos II' 9-max Seat #6 is the button
Seat 1: Petrusjr21 ($0.87 in chips) 
Seat 2: neps46 ($4.96 in chips) 
Seat 3: Dorex2007 ($3.79 in chips) 
Seat 4: AHTuxpucm ($2 in chips) 
Seat 5: xxxx35 ($1.97 in chips) 
Seat 6: Mtosha ($2 in chips) 
Seat 7: lotojas ($2 in chips) 
Seat 8: donramon9 ($1.43 in chips) 
Seat 9: BoerAas ($1.87 in chips) 
lotojas: posts small blind $0.01
donramon9: posts big blind $0.02
*** HOLE CARDS ***
Dealt to Dorex2007 [3s Js]
BoerAas: folds 
Petrusjr21: calls $0.02
neps46: folds 
Dorex2007: folds 
AHTuxpucm: raises $0.06 to $0.08
xxxx35: folds 
Mtosha: folds 
lotojas: folds 
donramon9: folds 
Petrusjr21: calls $0.06
*** FLOP *** [4h 4s 3d]
Petrusjr21: bets $0.18
AHTuxpucm: folds 
Uncalled bet ($0.18) returned to Petrusjr21
Petrusjr21 collected $0.18 from pot
Petrusjr21: doesn't show hand 
*** SUMMARY ***
Total pot $0.19 | Rake $0.01 
Board [4h 4s 3d]
Seat 1: Petrusjr21 collected ($0.18)
Seat 2: neps46 folded before Flop (didn't bet)
Seat 3: Dorex2007 folded before Flop (didn't bet)
Seat 4: AHTuxpucm folded on the Flop
Seat 5: xxxx35 folded before Flop (didn't bet)
Seat 6: Mtosha (button) folded before Flop (didn't bet)
Seat 7: lotojas (small blind) folded before Flop
Seat 8: donramon9 (big blind) folded before Flop
Seat 9: BoerAas folded before Flop (didn't bet)



PokerStars Hand #227627667870:  Hold'em No Limit ($0.01/$0.02 USD) - 2021/06/16 11:53:59 PT [2021/06/16 14:53:59 ET]
Table 'Panthoos II' 9-max Seat #7 is the button
Seat 1: Petrusjr21 ($0.97 in chips) 
Seat 2: neps46 ($4.96 in chips) 
Seat 3: Dorex2007 ($3.79 in chips) 
Seat 4: AHTuxpucm ($2 in chips) 
Seat 5: xxxx35 ($1.97 in chips) 
Seat 6: Mtosha ($2 in chips) 
Seat 7: lotojas ($2 in chips) 
Seat 8: donramon9 ($1.41 in chips) 
Seat 9: BoerAas ($1.87 in chips) 
donramon9: posts small blind $0.01
BoerAas: posts big blind $0.02
*** HOLE CARDS ***
Dealt to Dorex2007 [4s 8c]
Petrusjr21: calls $0.02
neps46: folds 
Dorex2007: folds 
AHTuxpucm: raises $0.06 to $0.08
xxxx35: folds 
Mtosha: folds 
lotojas: folds 
donramon9: folds 
BoerAas: folds 
Petrusjr21: raises $0.06 to $0.14
AHTuxpucm: calls $0.06
*** FLOP *** [9h 7s 5d]
Petrusjr21: bets $0.02
AHTuxpucm: raises $0.18 to $0.20
Petrusjr21: folds 
Uncalled bet ($0.18) returned to AHTuxpucm
AHTuxpucm collected $0.34 from pot
AHTuxpucm: doesn't show hand 
*** SUMMARY ***
Total pot $0.35 | Rake $0.01 
Board [9h 7s 5d]
Seat 1: Petrusjr21 folded on the Flop
Seat 2: neps46 folded before Flop (didn't bet)
Seat 3: Dorex2007 folded before Flop (didn't bet)
Seat 4: AHTuxpucm collected ($0.34)
Seat 5: xxxx35 folded before Flop (didn't bet)
Seat 6: Mtosha folded before Flop (didn't bet)
Seat 7: lotojas (button) folded before Flop (didn't bet)
Seat 8: donramon9 (small blind) folded before Flop
Seat 9: BoerAas (big blind) folded before Flop



PokerStars Hand #227627693999:  Hold'em No Limit ($0.01/$0.02 USD) - 2021/06/16 11:54:59 PT [2021/06/16 14:54:59 ET]
Table 'Panthoos II' 9-max Seat #8 is the button
Seat 1: Petrusjr21 ($0.81 in chips) 
Seat 2: neps46 ($4.96 in chips) 
Seat 3: Dorex2007 ($3.79 in chips) 
Seat 4: AHTuxpucm ($2.18 in chips) 
Seat 5: xxxx35 ($1.97 in chips) 
Seat 6: Mtosha ($2 in chips) 
Seat 7: lotojas ($2 in chips) 
Seat 8: donramon9 ($1.40 in chips) 
Seat 9: BoerAas ($1.85 in chips) 
BoerAas: posts small blind $0.01
Petrusjr21: posts big blind $0.02
*** HOLE CARDS ***
Dealt to Dorex2007 [Qs 2d]
neps46: folds 
Dorex2007: folds 
AHTuxpucm: folds 
xxxx35: raises $0.03 to $0.05
Mtosha: folds 
lotojas: folds 
donramon9: folds 
BoerAas: folds 
Petrusjr21: folds 
Uncalled bet ($0.03) returned to xxxx35
xxxx35 collected $0.05 from pot
*** SUMMARY ***
Total pot $0.05 | Rake $0 
Seat 1: Petrusjr21 (big blind) folded before Flop
Seat 2: neps46 folded before Flop (didn't bet)
Seat 3: Dorex2007 folded before Flop (didn't bet)
Seat 4: AHTuxpucm folded before Flop (didn't bet)
Seat 5: xxxx35 collected ($0.05)
Seat 6: Mtosha folded before Flop (didn't bet)
Seat 7: lotojas folded before Flop (didn't bet)
Seat 8: donramon9 (button) folded before Flop (didn't bet)
Seat 9: BoerAas (small blind) folded before Flop



PokerStars Hand #227627702272:  Hold'em No Limit ($0.01/$0.02 USD) - 2021/06/16 11:55:24 PT [2021/06/16 14:55:24 ET]
Table 'Panthoos II' 9-max Seat #9 is the button
Seat 1: Petrusjr21 ($0.79 in chips) 
Seat 2: neps46 ($4.96 in chips) 
Seat 3: Dorex2007 ($3.79 in chips) 
Seat 4: AHTuxpucm ($2.18 in chips) 
Seat 5: xxxx35 ($2 in chips) 
Seat 6: Mtosha ($2 in chips) 
Seat 7: lotojas ($2 in chips) 
Seat 8: donramon9 ($1.40 in chips) 
Seat 9: BoerAas ($1.84 in chips) 
Petrusjr21: posts small blind $0.01
neps46: posts big blind $0.02
*** HOLE CARDS ***
Dealt to Dorex2007 [3d 6c]
Dorex2007: folds 
AHTuxpucm: folds 
xxxx35: folds 
Mtosha: folds 
lotojas: raises $0.02 to $0.04
donramon9: calls $0.04
BoerAas: folds 
Petrusjr21: folds 
neps46: calls $0.02
*** FLOP *** [4c 4h 6d]
neps46: checks 
lotojas: checks 
donramon9: checks 
*** TURN *** [4c 4h 6d] [Jh]
neps46: checks 
lotojas: checks 
donramon9: checks 
*** RIVER *** [4c 4h 6d Jh] [9s]
neps46: checks 
lotojas: bets $0.13
donramon9: folds 
neps46: folds 
Uncalled bet ($0.13) returned to lotojas
lotojas collected $0.13 from pot
lotojas: doesn't show hand 
*** SUMMARY ***
Total pot $0.13 | Rake $0 
Board [4c 4h 6d Jh 9s]
Seat 1: Petrusjr21 (small blind) folded before Flop
Seat 2: neps46 (big blind) folded on the River
Seat 3: Dorex2007 folded before Flop (didn't bet)
Seat 4: AHTuxpucm folded before Flop (didn't bet)
Seat 5: xxxx35 folded before Flop (didn't bet)
Seat 6: Mtosha folded before Flop (didn't bet)
Seat 7: lotojas collected ($0.13)
Seat 8: donramon9 folded on the River
Seat 9: BoerAas (button) folded before Flop (didn't bet)



PokerStars Hand #227627721910:  Hold'em No Limit ($0.01/$0.02 USD) - 2021/06/16 11:56:26 PT [2021/06/16 14:56:26 ET]
Table 'Panthoos II' 9-max Seat #1 is the button
Seat 1: Petrusjr21 ($0.78 in chips) 
Seat 2: neps46 ($4.92 in chips) 
Seat 3: Dorex2007 ($3.79 in chips) 
Seat 4: AHTuxpucm ($2.18 in chips) 
Seat 5: xxxx35 ($2 in chips) 
Seat 6: Mtosha ($2 in chips) 
Seat 7: lotojas ($2.09 in chips) 
Seat 8: donramon9 ($1.36 in chips) 
Seat 9: BoerAas ($1.84 in chips) 
neps46: posts small blind $0.01
Dorex2007: posts big blind $0.02
*** HOLE CARDS ***
Dealt to Dorex2007 [Kc 6s]
AHTuxpucm: folds 
xxxx35: folds 
Mtosha: raises $0.04 to $0.06
lotojas: folds 
donramon9: raises $0.20 to $0.26
BoerAas: folds 
Petrusjr21: folds 
neps46: folds 
Dorex2007: folds 
Mtosha: folds 
Uncalled bet ($0.20) returned to donramon9
donramon9 collected $0.15 from pot
donramon9: doesn't show hand 
*** SUMMARY ***
Total pot $0.15 | Rake $0 
Seat 1: Petrusjr21 (button) folded before Flop (didn't bet)
Seat 2: neps46 (small blind) folded before Flop
Seat 3: Dorex2007 (big blind) folded before Flop
Seat 4: AHTuxpucm folded before Flop (didn't bet)
Seat 5: xxxx35 folded before Flop (didn't bet)
Seat 6: Mtosha folded before Flop
Seat 7: lotojas folded before Flop (didn't bet)
Seat 8: donramon9 collected ($0.15)
Seat 9: BoerAas folded before Flop (didn't bet)



PokerStars Hand #227627730706:  Hold'em No Limit ($0.01/$0.02 USD) - 2021/06/16 11:56:53 PT [2021/06/16 14:56:53 ET]
Table 'Panthoos II' 9-max Seat #2 is the button
Seat 1: Petrusjr21 ($0.78 in chips) 
Seat 2: neps46 ($4.91 in chips) 
Seat 3: Dorex2007 ($3.77 in chips) 
Seat 4: AHTuxpucm ($2.18 in chips) 
Seat 5: xxxx35 ($2 in chips) 
Seat 6: Mtosha ($2 in chips) 
Seat 7: lotojas ($2.09 in chips) 
Seat 8: donramon9 ($1.45 in chips) 
Seat 9: BoerAas ($1.84 in chips) 
Dorex2007: posts small blind $0.01
AHTuxpucm: posts big blind $0.02
*** HOLE CARDS ***
Dealt to Dorex2007 [Qh 9d]
xxxx35: folds 
Mtosha: raises $0.04 to $0.06
lotojas: calls $0.06
donramon9: raises $1.39 to $1.45 and is all-in
BoerAas: folds 
Petrusjr21: folds 
neps46: folds 
Dorex2007: folds 
AHTuxpucm: folds 
Mtosha: folds 
lotojas: folds 
Uncalled bet ($1.39) returned to donramon9
donramon9 collected $0.21 from pot
donramon9: doesn't show hand 
*** SUMMARY ***
Total pot $0.21 | Rake $0 
Seat 1: Petrusjr21 folded before Flop (didn't bet)
Seat 2: neps46 (button) folded before Flop (didn't bet)
Seat 3: Dorex2007 (small blind) folded before Flop
Seat 4: AHTuxpucm (big blind) folded before Flop
Seat 5: xxxx35 folded before Flop (didn't bet)
Seat 6: Mtosha folded before Flop
Seat 7: lotojas folded before Flop
Seat 8: donramon9 collected ($0.21)
Seat 9: BoerAas folded before Flop (didn't bet)



PokerStars Hand #227627741052:  Hold'em No Limit ($0.01/$0.02 USD) - 2021/06/16 11:57:25 PT [2021/06/16 14:57:25 ET]
Table 'Panthoos II' 9-max Seat #3 is the button
Seat 1: Petrusjr21 ($0.78 in chips) 
Seat 2: neps46 ($4.91 in chips) 
Seat 3: Dorex2007 ($3.76 in chips) 
Seat 4: AHTuxpucm ($2.16 in chips) 
Seat 5: xxxx35 ($2 in chips) 
Seat 6: Mtosha ($2 in chips) 
Seat 7: lotojas ($2.03 in chips) 
Seat 8: donramon9 ($1.60 in chips) 
Seat 9: BoerAas ($1.84 in chips) 
AHTuxpucm: posts small blind $0.01
xxxx35: posts big blind $0.02
*** HOLE CARDS ***
Dealt to Dorex2007 [4h Kd]
Mtosha has timed out
Mtosha: folds 
lotojas: folds 
donramon9: folds 
BoerAas: calls $0.02
Petrusjr21: calls $0.02
neps46: raises $0.09 to $0.11
Dorex2007: folds 
AHTuxpucm: folds 
xxxx35: folds 
BoerAas: folds 
Petrusjr21: calls $0.09
*** FLOP *** [2c Th Jh]
Petrusjr21: bets $0.26
neps46: calls $0.26
*** TURN *** [2c Th Jh] [Qs]
Petrusjr21: bets $0.02
neps46: calls $0.02
*** RIVER *** [2c Th Jh Qs] [Kc]
Petrusjr21: bets $0.39 and is all-in
neps46: folds 
Uncalled bet ($0.39) returned to Petrusjr21
Petrusjr21 collected $0.80 from pot
Petrusjr21: doesn't show hand 
*** SUMMARY ***
Total pot $0.83 | Rake $0.03 
Board [2c Th Jh Qs Kc]
Seat 1: Petrusjr21 collected ($0.80)
Seat 2: neps46 folded on the River
Seat 3: Dorex2007 (button) folded before Flop (didn't bet)
Seat 4: AHTuxpucm (small blind) folded before Flop
Seat 5: xxxx35 (big blind) folded before Flop
Seat 6: Mtosha folded before Flop (didn't bet)
Seat 7: lotojas folded before Flop (didn't bet)
Seat 8: donramon9 folded before Flop (didn't bet)
Seat 9: BoerAas folded before Flop



PokerStars Hand #227627766199:  Hold'em No Limit ($0.01/$0.02 USD) - 2021/06/16 11:58:43 PT [2021/06/16 14:58:43 ET]
Table 'Panthoos II' 9-max Seat #4 is the button
Seat 1: Petrusjr21 ($1.19 in chips) 
Seat 2: neps46 ($4.52 in chips) 
Seat 3: Dorex2007 ($3.76 in chips) 
Seat 4: AHTuxpucm ($2.15 in chips) 
Seat 5: xxxx35 ($1.98 in chips) 
Seat 6: Mtosha ($2 in chips) 
Seat 7: lotojas ($2.03 in chips) 
Seat 8: donramon9 ($1.60 in chips) 
Seat 9: BoerAas ($1.82 in chips) 
xxxx35: posts small blind $0.01
Mtosha: posts big blind $0.02
*** HOLE CARDS ***
Dealt to Dorex2007 [2h Qd]
lotojas: folds 
donramon9: folds 
BoerAas: folds 
Petrusjr21: calls $0.02
neps46: folds 
Dorex2007: folds 
AHTuxpucm: raises $0.06 to $0.08
xxxx35: folds 
Mtosha: folds 
Petrusjr21: calls $0.06
*** FLOP *** [2d Ah 8d]
Petrusjr21: bets $0.02
AHTuxpucm: calls $0.02
*** TURN *** [2d Ah 8d] [Qh]
Petrusjr21: bets $0.02
AHTuxpucm: raises $0.10 to $0.12
Petrusjr21: folds 
Uncalled bet ($0.10) returned to AHTuxpucm
AHTuxpucm collected $0.26 from pot
AHTuxpucm: doesn't show hand 
*** SUMMARY ***
Total pot $0.27 | Rake $0.01 
Board [2d Ah 8d Qh]
Seat 1: Petrusjr21 folded on the Turn
Seat 2: neps46 folded before Flop (didn't bet)
Seat 3: Dorex2007 folded before Flop (didn't bet)
Seat 4: AHTuxpucm (button) collected ($0.26)
Seat 5: xxxx35 (small blind) folded before Flop
Seat 6: Mtosha (big blind) folded before Flop
Seat 7: lotojas folded before Flop (didn't bet)
Seat 8: donramon9 folded before Flop (didn't bet)
Seat 9: BoerAas folded before Flop (didn't bet)



PokerStars Hand #227627783281:  Hold'em No Limit ($0.01/$0.02 USD) - 2021/06/16 11:59:36 PT [2021/06/16 14:59:36 ET]
Table 'Panthoos II' 9-max Seat #5 is the button
Seat 1: Petrusjr21 ($1.07 in chips) 
Seat 2: neps46 ($4.52 in chips) 
Seat 3: Dorex2007 ($3.76 in chips) 
Seat 4: AHTuxpucm ($2.29 in chips) 
Seat 5: xxxx35 ($1.97 in chips) 
Seat 6: Mtosha ($2 in chips) 
Seat 7: lotojas ($2.03 in chips) 
Seat 8: donramon9 ($1.60 in chips) 
Seat 9: BoerAas ($1.82 in chips) 
Mtosha: posts small blind $0.01
lotojas: posts big blind $0.02
*** HOLE CARDS ***
Dealt to Dorex2007 [7s 9c]
donramon9: folds 
BoerAas: folds 
Petrusjr21: raises $0.02 to $0.04
neps46: raises $0.12 to $0.16
Dorex2007: folds 
AHTuxpucm: folds 
xxxx35: raises $0.34 to $0.50
Mtosha: folds 
lotojas: folds 
Petrusjr21: calls $0.46
neps46: raises $1.53 to $2.03
xxxx35: calls $1.47 and is all-in
Petrusjr21: calls $0.57 and is all-in
Uncalled bet ($0.06) returned to neps46
*** FLOP *** [4c 7c 7d]
*** TURN *** [4c 7c 7d] [Tc]
*** RIVER *** [4c 7c 7d Tc] [Jc]
*** SHOW DOWN ***
neps46: shows [As Ac] (a flush, Ace high)
xxxx35: shows [8c 8h] (a flush, Jack high)
neps46 collected $1.73 from side pot
Petrusjr21: shows [Qs Js] (two pair, Jacks and Sevens)
neps46 collected $3.13 from main pot
*** SUMMARY ***
Total pot $5.04 Main pot $3.13. Side pot $1.73. | Rake $0.18 
Board [4c 7c 7d Tc Jc]
Seat 1: Petrusjr21 showed [Qs Js] and lost with two pair, Jacks and Sevens
Seat 2: neps46 showed [As Ac] and won ($4.86) with a flush, Ace high
Seat 3: Dorex2007 folded before Flop (didn't bet)
Seat 4: AHTuxpucm folded before Flop (didn't bet)
Seat 5: xxxx35 (button) showed [8c 8h] and lost with a flush, Jack high
Seat 6: Mtosha (small blind) folded before Flop
Seat 7: lotojas (big blind) folded before Flop
Seat 8: donramon9 folded before Flop (didn't bet)
Seat 9: BoerAas folded before Flop (didn't bet)



PokerStars Hand #227627805631:  Hold'em No Limit ($0.01/$0.02 USD) - 2021/06/16 12:00:43 PT [2021/06/16 15:00:43 ET]
Table 'Panthoos II' 9-max Seat #6 is the button
Seat 2: neps46 ($7.41 in chips) 
Seat 3: Dorex2007 ($3.76 in chips) 
Seat 4: AHTuxpucm ($2.29 in chips) 
Seat 6: Mtosha ($2 in chips) 
Seat 7: lotojas ($2.01 in chips) 
Seat 8: donramon9 ($1.60 in chips) 
Seat 9: BoerAas ($1.82 in chips) 
lotojas: posts small blind $0.01
donramon9: posts big blind $0.02
*** HOLE CARDS ***
Dealt to Dorex2007 [Ac 4s]
BoerAas: folds 
neps46: raises $0.04 to $0.06
Dorex2007: folds 
AHTuxpucm: folds 
Mtosha: folds 
lotojas: folds 
donramon9: folds 
Uncalled bet ($0.04) returned to neps46
neps46 collected $0.05 from pot
neps46: doesn't show hand 
*** SUMMARY ***
Total pot $0.05 | Rake $0 
Seat 2: neps46 collected ($0.05)
Seat 3: Dorex2007 folded before Flop (didn't bet)
Seat 4: AHTuxpucm folded before Flop (didn't bet)
Seat 6: Mtosha (button) folded before Flop (didn't bet)
Seat 7: lotojas (small blind) folded before Flop
Seat 8: donramon9 (big blind) folded before Flop
Seat 9: BoerAas folded before Flop (didn't bet)



PokerStars Hand #227627811889:  Hold'em No Limit ($0.01/$0.02 USD) - 2021/06/16 12:01:00 PT [2021/06/16 15:01:00 ET]
Table 'Panthoos II' 9-max Seat #7 is the button
Seat 2: neps46 ($7.44 in chips) 
Seat 3: Dorex2007 ($3.76 in chips) 
Seat 4: AHTuxpucm ($2.29 in chips) 
Seat 5: xxxx35 ($2 in chips) 
Seat 6: Mtosha ($2 in chips) 
Seat 7: lotojas ($2 in chips) 
Seat 8: donramon9 ($1.58 in chips) 
Seat 9: BoerAas ($1.82 in chips) 
donramon9: posts small blind $0.01
BoerAas: posts big blind $0.02
*** HOLE CARDS ***
Dealt to Dorex2007 [Ks 4d]
neps46: folds 
Dorex2007: folds 
AHTuxpucm: folds 
xxxx35: raises $0.04 to $0.06
Mtosha: folds 
lotojas: folds 
donramon9: folds 
BoerAas: folds 
Uncalled bet ($0.04) returned to xxxx35
xxxx35 collected $0.05 from pot
*** SUMMARY ***
Total pot $0.05 | Rake $0 
Seat 2: neps46 folded before Flop (didn't bet)
Seat 3: Dorex2007 folded before Flop (didn't bet)
Seat 4: AHTuxpucm folded before Flop (didn't bet)
Seat 5: xxxx35 collected ($0.05)
Seat 6: Mtosha folded before Flop (didn't bet)
Seat 7: lotojas (button) folded before Flop (didn't bet)
Seat 8: donramon9 (small blind) folded before Flop
Seat 9: BoerAas (big blind) folded before Flop



PokerStars Hand #227627823584:  Hold'em No Limit ($0.01/$0.02 USD) - 2021/06/16 12:01:20 PT [2021/06/16 15:01:20 ET]
Table 'Panthoos II' 9-max Seat #8 is the button
Seat 2: neps46 ($7.44 in chips) 
Seat 3: Dorex2007 ($3.76 in chips) 
Seat 4: AHTuxpucm ($2.29 in chips) 
Seat 5: xxxx35 ($2.03 in chips) 
Seat 6: Mtosha ($2 in chips) 
Seat 7: lotojas ($2 in chips) 
Seat 8: donramon9 ($1.57 in chips) 
Seat 9: BoerAas ($1.80 in chips) 
BoerAas: posts small blind $0.01
neps46: posts big blind $0.02
*** HOLE CARDS ***
Dealt to Dorex2007 [7d 9d]
Dorex2007: folds 
AHTuxpucm: folds 
xxxx35: folds 
Mtosha: folds 
lotojas: folds 
donramon9: raises $0.04 to $0.06
BoerAas: folds 
neps46: folds 
Uncalled bet ($0.04) returned to donramon9
donramon9 collected $0.05 from pot
donramon9: doesn't show hand 
*** SUMMARY ***
Total pot $0.05 | Rake $0 
Seat 2: neps46 (big blind) folded before Flop
Seat 3: Dorex2007 folded before Flop (didn't bet)
Seat 4: AHTuxpucm folded before Flop (didn't bet)
Seat 5: xxxx35 folded before Flop (didn't bet)
Seat 6: Mtosha folded before Flop (didn't bet)
Seat 7: lotojas folded before Flop (didn't bet)
Seat 8: donramon9 (button) collected ($0.05)
Seat 9: BoerAas (small blind) folded before Flop



PokerStars Hand #227627831760:  Hold'em No Limit ($0.01/$0.02 USD) - 2021/06/16 12:01:42 PT [2021/06/16 15:01:42 ET]
Table 'Panthoos II' 9-max Seat #9 is the button
Seat 2: neps46 ($7.42 in chips) 
Seat 3: Dorex2007 ($3.76 in chips) 
Seat 4: AHTuxpucm ($2.29 in chips) 
Seat 5: xxxx35 ($2.03 in chips) 
Seat 6: Mtosha ($2 in chips) 
Seat 7: lotojas ($2 in chips) 
Seat 8: donramon9 ($1.60 in chips) 
Seat 9: BoerAas ($1.79 in chips) 
neps46: posts small blind $0.01
Dorex2007: posts big blind $0.02
*** HOLE CARDS ***
Dealt to Dorex2007 [8s 7h]
AHTuxpucm: folds 
xxxx35: raises $0.02 to $0.04
Mtosha: folds 
lotojas: folds 
donramon9: folds 
BoerAas: raises $0.03 to $0.07
neps46: folds 
Dorex2007: folds 
xxxx35: calls $0.03
*** FLOP *** [5d Kc Qh]
xxxx35: checks 
BoerAas: bets $0.16
xxxx35: folds 
Uncalled bet ($0.16) returned to BoerAas
BoerAas collected $0.16 from pot
*** SUMMARY ***
Total pot $0.17 | Rake $0.01 
Board [5d Kc Qh]
Seat 2: neps46 (small blind) folded before Flop
Seat 3: Dorex2007 (big blind) folded before Flop
Seat 4: AHTuxpucm folded before Flop (didn't bet)
Seat 5: xxxx35 folded on the Flop
Seat 6: Mtosha folded before Flop (didn't bet)
Seat 7: lotojas folded before Flop (didn't bet)
Seat 8: donramon9 folded before Flop (didn't bet)
Seat 9: BoerAas (button) collected ($0.16)



PokerStars Hand #227627856734:  Hold'em No Limit ($0.01/$0.02 USD) - 2021/06/16 12:02:41 PT [2021/06/16 15:02:41 ET]
Table 'Panthoos II' 9-max Seat #2 is the button
Seat 1: Petrusjr21 ($0.80 in chips) 
Seat 2: neps46 ($7.41 in chips) 
Seat 3: Dorex2007 ($3.74 in chips) 
Seat 4: AHTuxpucm ($2.29 in chips) 
Seat 5: xxxx35 ($1.96 in chips) 
Seat 6: Mtosha ($2 in chips) 
Seat 7: lotojas ($2 in chips) 
Seat 8: donramon9 ($1.60 in chips) 
Seat 9: BoerAas ($1.88 in chips) 
Dorex2007: posts small blind $0.01
AHTuxpucm: posts big blind $0.02
Petrusjr21: posts small & big blinds $0.03
*** HOLE CARDS ***
Dealt to Dorex2007 [9h 4h]
xxxx35: raises $0.02 to $0.04
Mtosha: folds 
lotojas: folds 
donramon9: folds 
BoerAas: folds 
Petrusjr21: calls $0.02
neps46: folds 
Dorex2007: folds 
AHTuxpucm: folds 
*** FLOP *** [5s Jc Th]
xxxx35: bets $0.08
Petrusjr21: raises $0.08 to $0.16
xxxx35: calls $0.08
*** TURN *** [5s Jc Th] [5d]
xxxx35: checks 
Petrusjr21: checks 
*** RIVER *** [5s Jc Th 5d] [Ah]
xxxx35: checks 
Petrusjr21: checks 
*** SHOW DOWN ***
xxxx35: shows [Jh Qh] (two pair, Jacks and Fives)
Petrusjr21: mucks hand 
xxxx35 collected $0.42 from pot
*** SUMMARY ***
Total pot $0.44 | Rake $0.02 
Board [5s Jc Th 5d Ah]
Seat 1: Petrusjr21 mucked [6s Qd]
Seat 2: neps46 (button) folded before Flop (didn't bet)
Seat 3: Dorex2007 (small blind) folded before Flop
Seat 4: AHTuxpucm (big blind) folded before Flop
Seat 5: xxxx35 showed [Jh Qh] and won ($0.42) with two pair, Jacks and Fives
Seat 6: Mtosha folded before Flop (didn't bet)
Seat 7: lotojas folded before Flop (didn't bet)
Seat 8: donramon9 folded before Flop (didn't bet)
Seat 9: BoerAas folded before Flop (didn't bet)



PokerStars Hand #227627884011:  Hold'em No Limit ($0.01/$0.02 USD) - 2021/06/16 12:03:47 PT [2021/06/16 15:03:47 ET]
Table 'Panthoos II' 9-max Seat #3 is the button
Seat 1: Petrusjr21 ($0.59 in chips) 
Seat 2: neps46 ($7.41 in chips) 
Seat 3: Dorex2007 ($3.73 in chips) 
Seat 4: AHTuxpucm ($2.27 in chips) 
Seat 5: xxxx35 ($2.18 in chips) 
Seat 6: Mtosha ($2 in chips) 
Seat 7: lotojas ($2 in chips) 
Seat 8: donramon9 ($1.60 in chips) 
Seat 9: BoerAas ($1.88 in chips) 
AHTuxpucm: posts small blind $0.01
xxxx35: posts big blind $0.02
*** HOLE CARDS ***
Dealt to Dorex2007 [7d 5h]
Mtosha: folds 
lotojas: folds 
donramon9: raises $0.06 to $0.08
BoerAas: folds 
Petrusjr21: folds 
neps46: calls $0.08
Dorex2007: folds 
AHTuxpucm: folds 
xxxx35: folds 
*** FLOP *** [7h Th 8h]
donramon9: bets $0.10
neps46: raises $0.10 to $0.20
donramon9: folds [As Kd]
Uncalled bet ($0.10) returned to neps46
neps46 collected $0.38 from pot
neps46: doesn't show hand 
*** SUMMARY ***
Total pot $0.39 | Rake $0.01 
Board [7h Th 8h]
Seat 1: Petrusjr21 folded before Flop (didn't bet)
Seat 2: neps46 collected ($0.38)
Seat 3: Dorex2007 (button) folded before Flop (didn't bet)
Seat 4: AHTuxpucm (small blind) folded before Flop
Seat 5: xxxx35 (big blind) folded before Flop
Seat 6: Mtosha folded before Flop (didn't bet)
Seat 7: lotojas folded before Flop (didn't bet)
Seat 8: donramon9 folded on the Flop
Seat 9: BoerAas folded before Flop (didn't bet)



PokerStars Hand #227627904649:  Hold'em No Limit ($0.01/$0.02 USD) - 2021/06/16 12:04:35 PT [2021/06/16 15:04:35 ET]
Table 'Panthoos II' 9-max Seat #4 is the button
Seat 1: Petrusjr21 ($0.59 in chips) 
Seat 2: neps46 ($7.61 in chips) 
Seat 3: Dorex2007 ($3.73 in chips) 
Seat 4: AHTuxpucm ($2.26 in chips) 
Seat 5: xxxx35 ($2.16 in chips) 
Seat 6: Mtosha ($2 in chips) 
Seat 7: lotojas ($2 in chips) 
Seat 8: donramon9 ($1.42 in chips) 
Seat 9: BoerAas ($1.88 in chips) 
xxxx35: posts small blind $0.01
Mtosha: posts big blind $0.02
*** HOLE CARDS ***
Dealt to Dorex2007 [9s Ks]
lotojas: folds 
donramon9: folds 
BoerAas: folds 
Petrusjr21: folds 
neps46: raises $0.04 to $0.06
Dorex2007: folds 
AHTuxpucm: folds 
xxxx35: folds 
Mtosha: folds 
Uncalled bet ($0.04) returned to neps46
neps46 collected $0.05 from pot
neps46: doesn't show hand 
*** SUMMARY ***
Total pot $0.05 | Rake $0 
Seat 1: Petrusjr21 folded before Flop (didn't bet)
Seat 2: neps46 collected ($0.05)
Seat 3: Dorex2007 folded before Flop (didn't bet)
Seat 4: AHTuxpucm (button) folded before Flop (didn't bet)
Seat 5: xxxx35 (small blind) folded before Flop
Seat 6: Mtosha (big blind) folded before Flop
Seat 7: lotojas folded before Flop (didn't bet)
Seat 8: donramon9 folded before Flop (didn't bet)
Seat 9: BoerAas folded before Flop (didn't bet)



PokerStars Hand #227627915957:  Hold'em No Limit ($0.01/$0.02 USD) - 2021/06/16 12:05:02 PT [2021/06/16 15:05:02 ET]
Table 'Panthoos II' 9-max Seat #5 is the button
Seat 1: Petrusjr21 ($0.59 in chips) 
Seat 2: neps46 ($7.64 in chips) 
Seat 3: Dorex2007 ($3.73 in chips) 
Seat 4: AHTuxpucm ($2.26 in chips) 
Seat 5: xxxx35 ($2.15 in chips) 
Seat 6: Mtosha ($2 in chips) 
Seat 7: lotojas ($2 in chips) 
Seat 8: donramon9 ($1.42 in chips) 
Seat 9: BoerAas ($1.88 in chips) 
Mtosha: posts small blind $0.01
lotojas: posts big blind $0.02
*** HOLE CARDS ***
Dealt to Dorex2007 [6s 7c]
donramon9: folds 
BoerAas: folds 
Petrusjr21 has timed out
Petrusjr21: folds 
neps46: raises $0.04 to $0.06
Dorex2007: folds 
AHTuxpucm: folds 
xxxx35: calls $0.06
Mtosha: folds 
lotojas: calls $0.04
*** FLOP *** [Qc As Ts]
lotojas: checks 
neps46: bets $0.09
xxxx35: calls $0.09
lotojas: folds 
*** TURN *** [Qc As Ts] [Ac]
neps46: bets $0.18
xxxx35: calls $0.18
*** RIVER *** [Qc As Ts Ac] [9d]
neps46: bets $0.35
xxxx35: folds 
Uncalled bet ($0.35) returned to neps46
neps46 collected $0.70 from pot
neps46: doesn't show hand 
*** SUMMARY ***
Total pot $0.73 | Rake $0.03 
Board [Qc As Ts Ac 9d]
Seat 1: Petrusjr21 folded before Flop (didn't bet)
Seat 2: neps46 collected ($0.70)
Seat 3: Dorex2007 folded before Flop (didn't bet)
Seat 4: AHTuxpucm folded before Flop (didn't bet)
Seat 5: xxxx35 (button) folded on the River
Seat 6: Mtosha (small blind) folded before Flop
Seat 7: lotojas (big blind) folded on the Flop
Seat 8: donramon9 folded before Flop (didn't bet)
Seat 9: BoerAas folded before Flop (didn't bet)



PokerStars Hand #227627954619:  Hold'em No Limit ($0.01/$0.02 USD) - 2021/06/16 12:06:30 PT [2021/06/16 15:06:30 ET]
Table 'Panthoos II' 9-max Seat #6 is the button
Seat 1: Petrusjr21 ($0.59 in chips) 
Seat 2: neps46 ($8.01 in chips) 
Seat 3: Dorex2007 ($3.73 in chips) 
Seat 4: AHTuxpucm ($2.26 in chips) 
Seat 5: xxxx35 ($1.82 in chips) 
Seat 6: Mtosha ($2 in chips) 
Seat 7: lotojas ($2 in chips) 
Seat 8: donramon9 ($1.42 in chips) 
Seat 9: BoerAas ($1.88 in chips) 
lotojas: posts small blind $0.01
donramon9: posts big blind $0.02
*** HOLE CARDS ***
Dealt to Dorex2007 [9s 5c]
BoerAas: folds 
Petrusjr21: folds 
neps46: folds 
Dorex2007: folds 
AHTuxpucm: raises $0.04 to $0.06
xxxx35: folds 
Mtosha: folds 
lotojas: folds 
donramon9: folds 
Uncalled bet ($0.04) returned to AHTuxpucm
AHTuxpucm collected $0.05 from pot
AHTuxpucm: doesn't show hand 
*** SUMMARY ***
Total pot $0.05 | Rake $0 
Seat 1: Petrusjr21 folded before Flop (didn't bet)
Seat 2: neps46 folded before Flop (didn't bet)
Seat 3: Dorex2007 folded before Flop (didn't bet)
Seat 4: AHTuxpucm collected ($0.05)
Seat 5: xxxx35 folded before Flop (didn't bet)
Seat 6: Mtosha (button) folded before Flop (didn't bet)
Seat 7: lotojas (small blind) folded before Flop
Seat 8: donramon9 (big blind) folded before Flop
Seat 9: BoerAas folded before Flop (didn't bet)



PokerStars Hand #227627964440:  Hold'em No Limit ($0.01/$0.02 USD) - 2021/06/16 12:06:52 PT [2021/06/16 15:06:52 ET]
Table 'Panthoos II' 9-max Seat #7 is the button
Seat 1: Petrusjr21 ($0.59 in chips) 
Seat 2: neps46 ($8.01 in chips) 
Seat 3: Dorex2007 ($3.73 in chips) 
Seat 4: AHTuxpucm ($2.29 in chips) 
Seat 5: xxxx35 ($1.82 in chips) 
Seat 6: Mtosha ($2 in chips) 
Seat 7: lotojas ($2 in chips) 
Seat 8: donramon9 ($1.40 in chips) 
Seat 9: BoerAas ($1.88 in chips) 
donramon9: posts small blind $0.01
BoerAas: posts big blind $0.02
*** HOLE CARDS ***
Dealt to Dorex2007 [Ah 4c]
Petrusjr21: raises $0.02 to $0.04
neps46: raises $0.12 to $0.16
Dorex2007: folds 
AHTuxpucm: folds 
xxxx35: folds 
Mtosha: folds 
lotojas: folds 
donramon9: folds 
BoerAas: folds 
Petrusjr21: raises $0.12 to $0.28
neps46: raises $0.59 to $0.87
Petrusjr21: folds 
Uncalled bet ($0.59) returned to neps46
neps46 collected $0.59 from pot
neps46: doesn't show hand 
*** SUMMARY ***
Total pot $0.59 | Rake $0 
Seat 1: Petrusjr21 folded before Flop
Seat 2: neps46 collected ($0.59)
Seat 3: Dorex2007 folded before Flop (didn't bet)
Seat 4: AHTuxpucm folded before Flop (didn't bet)
Seat 5: xxxx35 folded before Flop (didn't bet)
Seat 6: Mtosha folded before Flop (didn't bet)
Seat 7: lotojas (button) folded before Flop (didn't bet)
Seat 8: donramon9 (small blind) folded before Flop
Seat 9: BoerAas (big blind) folded before Flop



PokerStars Hand #227627990471:  Hold'em No Limit ($0.01/$0.02 USD) - 2021/06/16 12:07:42 PT [2021/06/16 15:07:42 ET]
Table 'Panthoos II' 9-max Seat #8 is the button
Seat 1: Petrusjr21 ($0.31 in chips) 
Seat 2: neps46 ($8.32 in chips) 
Seat 3: Dorex2007 ($3.73 in chips) 
Seat 4: AHTuxpucm ($2.29 in chips) 
Seat 5: xxxx35 ($1.82 in chips) 
Seat 6: Mtosha ($2 in chips) 
Seat 7: lotojas ($2 in chips) 
Seat 8: donramon9 ($1.39 in chips) 
Seat 9: BoerAas ($1.86 in chips) 
BoerAas: posts small blind $0.01
Petrusjr21: posts big blind $0.02
*** HOLE CARDS ***
Dealt to Dorex2007 [2h 6d]
neps46: folds 
Dorex2007: folds 
AHTuxpucm: folds 
xxxx35: folds 
Mtosha: folds 
lotojas: folds 
donramon9: folds 
BoerAas: calls $0.01
Petrusjr21: checks 
*** FLOP *** [Ad 7c 6c]
BoerAas: checks 
Petrusjr21: checks 
*** TURN *** [Ad 7c 6c] [2c]
BoerAas: checks 
Petrusjr21: checks 
*** RIVER *** [Ad 7c 6c 2c] [3s]
BoerAas: checks 
Petrusjr21: checks 
*** SHOW DOWN ***
BoerAas: shows [2d Jd] (a pair of Deuces)
Petrusjr21: mucks hand 
BoerAas collected $0.04 from pot
*** SUMMARY ***
Total pot $0.04 | Rake $0 
Board [Ad 7c 6c 2c 3s]
Seat 1: Petrusjr21 (big blind) mucked [4c 8h]
Seat 2: neps46 folded before Flop (didn't bet)
Seat 3: Dorex2007 folded before Flop (didn't bet)
Seat 4: AHTuxpucm folded before Flop (didn't bet)
Seat 5: xxxx35 folded before Flop (didn't bet)
Seat 6: Mtosha folded before Flop (didn't bet)
Seat 7: lotojas folded before Flop (didn't bet)
Seat 8: donramon9 (button) folded before Flop (didn't bet)
Seat 9: BoerAas (small blind) showed [2d Jd] and won ($0.04) with a pair of Deuces



PokerStars Hand #227628011095:  Hold'em No Limit ($0.01/$0.02 USD) - 2021/06/16 12:08:28 PT [2021/06/16 15:08:28 ET]
Table 'Panthoos II' 9-max Seat #9 is the button
Seat 1: Petrusjr21 ($0.29 in chips) 
Seat 2: neps46 ($8.32 in chips) 
Seat 3: Dorex2007 ($3.73 in chips) 
Seat 4: AHTuxpucm ($2.29 in chips) 
Seat 5: xxxx35 ($1.82 in chips) 
Seat 6: Mtosha ($2 in chips) 
Seat 7: lotojas ($2 in chips) 
Seat 8: donramon9 ($1.39 in chips) 
Seat 9: BoerAas ($1.88 in chips) 
Petrusjr21: posts small blind $0.01
neps46: posts big blind $0.02
*** HOLE CARDS ***
Dealt to Dorex2007 [8h Ks]
Dorex2007: folds 
AHTuxpucm: folds 
xxxx35: raises $0.02 to $0.04
Mtosha: folds 
lotojas: folds 
donramon9: calls $0.04
BoerAas: folds 
Petrusjr21: folds 
neps46: calls $0.02
*** FLOP *** [8c Qs 2s]
neps46: checks 
xxxx35: bets $0.09
donramon9: folds 
neps46: folds 
Uncalled bet ($0.09) returned to xxxx35
xxxx35 collected $0.13 from pot
*** SUMMARY ***
Total pot $0.13 | Rake $0 
Board [8c Qs 2s]
Seat 1: Petrusjr21 (small blind) folded before Flop
Seat 2: neps46 (big blind) folded on the Flop
Seat 3: Dorex2007 folded before Flop (didn't bet)
Seat 4: AHTuxpucm folded before Flop (didn't bet)
Seat 5: xxxx35 collected ($0.13)
Seat 6: Mtosha folded before Flop (didn't bet)
Seat 7: lotojas folded before Flop (didn't bet)
Seat 8: donramon9 folded on the Flop
Seat 9: BoerAas (button) folded before Flop (didn't bet)



PokerStars Hand #227628043974:  Hold'em No Limit ($0.01/$0.02 USD) - 2021/06/16 12:09:22 PT [2021/06/16 15:09:22 ET]
Table 'Panthoos II' 9-max Seat #1 is the button
Seat 1: Petrusjr21 ($0.28 in chips) 
Seat 2: neps46 ($8.28 in chips) 
Seat 3: Dorex2007 ($3.73 in chips) 
Seat 4: AHTuxpucm ($2.29 in chips) 
Seat 5: xxxx35 ($1.91 in chips) 
Seat 6: Mtosha ($2 in chips) 
Seat 7: lotojas ($2 in chips) 
Seat 8: donramon9 ($1.35 in chips) 
Seat 9: BoerAas ($1.88 in chips) 
neps46: posts small blind $0.01
Dorex2007: posts big blind $0.02
*** HOLE CARDS ***
Dealt to Dorex2007 [Qh As]
AHTuxpucm: folds 
xxxx35: folds 
Mtosha: folds 
lotojas: folds 
donramon9: folds 
BoerAas: folds 
Petrusjr21: raises $0.02 to $0.04
neps46: folds 
Dorex2007: raises $0.10 to $0.14
Petrusjr21: raises $0.10 to $0.24
Dorex2007: calls $0.10
*** FLOP *** [3d 4s 8c]
Dorex2007: checks 
Petrusjr21: bets $0.02
Dorex2007: calls $0.02
*** TURN *** [3d 4s 8c] [Jh]
Dorex2007: bets $0.26
Petrusjr21: calls $0.02 and is all-in
Uncalled bet ($0.24) returned to Dorex2007
*** RIVER *** [3d 4s 8c Jh] [Ad]
*** SHOW DOWN ***
Dorex2007: shows [Qh As] (a pair of Aces)
Petrusjr21: shows [7s Qc] (high card Ace)
Dorex2007 collected $0.55 from pot
*** SUMMARY ***
Total pot $0.57 | Rake $0.02 
Board [3d 4s 8c Jh Ad]
Seat 1: Petrusjr21 (button) showed [7s Qc] and lost with high card Ace
Seat 2: neps46 (small blind) folded before Flop
Seat 3: Dorex2007 (big blind) showed [Qh As] and won ($0.55) with a pair of Aces
Seat 4: AHTuxpucm folded before Flop (didn't bet)
Seat 5: xxxx35 folded before Flop (didn't bet)
Seat 6: Mtosha folded before Flop (didn't bet)
Seat 7: lotojas folded before Flop (didn't bet)
Seat 8: donramon9 folded before Flop (didn't bet)
Seat 9: BoerAas folded before Flop (didn't bet)



PokerStars Hand #227628065534:  Hold'em No Limit ($0.01/$0.02 USD) - 2021/06/16 12:10:12 PT [2021/06/16 15:10:12 ET]
Table 'Panthoos II' 9-max Seat #2 is the button
Seat 2: neps46 ($8.27 in chips) 
Seat 3: Dorex2007 ($4 in chips) 
Seat 4: AHTuxpucm ($2.29 in chips) 
Seat 5: xxxx35 ($1.91 in chips) 
Seat 6: Mtosha ($2 in chips) 
Seat 7: lotojas ($2 in chips) 
Seat 8: donramon9 ($1.35 in chips) 
Seat 9: BoerAas ($1.88 in chips) 
Dorex2007: posts small blind $0.01
AHTuxpucm: posts big blind $0.02
*** HOLE CARDS ***
Dealt to Dorex2007 [6c Js]
xxxx35: folds 
Mtosha: folds 
lotojas: folds 
donramon9: folds 
BoerAas: folds 
neps46: raises $0.04 to $0.06
Dorex2007: folds 
Petrusjr21 leaves the table
AHTuxpucm: raises $0.14 to $0.20
neps46: folds 
Uncalled bet ($0.14) returned to AHTuxpucm
AHTuxpucm collected $0.13 from pot
caroteen joins the table at seat #1 
AHTuxpucm: doesn't show hand 
*** SUMMARY ***
Total pot $0.13 | Rake $0 
Seat 2: neps46 (button) folded before Flop
Seat 3: Dorex2007 (small blind) folded before Flop
Seat 4: AHTuxpucm (big blind) collected ($0.13)
Seat 5: xxxx35 folded before Flop (didn't bet)
Seat 6: Mtosha folded before Flop (didn't bet)
Seat 7: lotojas folded before Flop (didn't bet)
Seat 8: donramon9 folded before Flop (didn't bet)
Seat 9: BoerAas folded before Flop (didn't bet)



PokerStars Hand #227628081911:  Hold'em No Limit ($0.01/$0.02 USD) - 2021/06/16 12:10:49 PT [2021/06/16 15:10:49 ET]
Table 'Panthoos II' 9-max Seat #3 is the button
Seat 2: neps46 ($8.21 in chips) 
Seat 3: Dorex2007 ($3.99 in chips) 
Seat 4: AHTuxpucm ($2.36 in chips) 
Seat 5: xxxx35 ($1.91 in chips) 
Seat 6: Mtosha ($2 in chips) 
Seat 7: lotojas ($2 in chips) 
Seat 8: donramon9 ($1.35 in chips) 
Seat 9: BoerAas ($1.88 in chips) 
AHTuxpucm: posts small blind $0.01
xxxx35: posts big blind $0.02
caroteen: sits out 
*** HOLE CARDS ***
Dealt to Dorex2007 [7d 3s]
Mtosha: folds 
lotojas: calls $0.02
donramon9: folds 
BoerAas: folds 
neps46: folds 
Dorex2007: folds 
AHTuxpucm: calls $0.01
xxxx35: checks 
*** FLOP *** [2h Js 2d]
AHTuxpucm: checks 
xxxx35: checks 
lotojas: checks 
*** TURN *** [2h Js 2d] [Kh]
AHTuxpucm: checks 
xxxx35: checks 
lotojas: checks 
*** RIVER *** [2h Js 2d Kh] [Kd]
AHTuxpucm: checks 
xxxx35: checks 
lotojas: checks 
*** SHOW DOWN ***
AHTuxpucm: shows [5h Ah] (two pair, Kings and Deuces)
xxxx35: mucks hand 
lotojas: mucks hand 
AHTuxpucm collected $0.06 from pot
*** SUMMARY ***
Total pot $0.06 | Rake $0 
Board [2h Js 2d Kh Kd]
Seat 2: neps46 folded before Flop (didn't bet)
Seat 3: Dorex2007 (button) folded before Flop (didn't bet)
Seat 4: AHTuxpucm (small blind) showed [5h Ah] and won ($0.06) with two pair, Kings and Deuces
Seat 5: xxxx35 (big blind) mucked [Td 9h]
Seat 6: Mtosha folded before Flop (didn't bet)
Seat 7: lotojas mucked [7c 5c]
Seat 8: donramon9 folded before Flop (didn't bet)
Seat 9: BoerAas folded before Flop (didn't bet)



PokerStars Hand #227628104821:  Hold'em No Limit ($0.01/$0.02 USD) - 2021/06/16 12:11:41 PT [2021/06/16 15:11:41 ET]
Table 'Panthoos II' 9-max Seat #4 is the button
Seat 2: neps46 ($8.21 in chips) 
Seat 3: Dorex2007 ($3.99 in chips) 
Seat 4: AHTuxpucm ($2.40 in chips) 
Seat 5: xxxx35 ($1.89 in chips) 
Seat 6: Mtosha ($2 in chips) 
Seat 7: lotojas ($2 in chips) 
Seat 8: donramon9 ($1.35 in chips) 
Seat 9: BoerAas ($1.88 in chips) 
xxxx35: posts small blind $0.01
Mtosha: posts big blind $0.02
caroteen: sits out 
*** HOLE CARDS ***
Dealt to Dorex2007 [Tc 5h]
lotojas: folds 
donramon9: folds 
BoerAas: raises $0.03 to $0.05
neps46: calls $0.05
Dorex2007: folds 
AHTuxpucm: folds 
xxxx35: folds 
Mtosha: calls $0.03
*** FLOP *** [Js 6d 6h]
Mtosha: checks 
BoerAas: checks 
neps46: bets $0.08
Mtosha: folds 
BoerAas: calls $0.08
*** TURN *** [Js 6d 6h] [6s]
BoerAas: checks 
neps46: bets $0.16
BoerAas: calls $0.16
*** RIVER *** [Js 6d 6h 6s] [Jd]
BoerAas: checks 
neps46: bets $0.31
BoerAas: calls $0.31
*** SHOW DOWN ***
neps46: shows [Jh Ad] (a full house, Jacks full of Sixes)
BoerAas: mucks hand 
neps46 collected $1.22 from pot
*** SUMMARY ***
Total pot $1.26 | Rake $0.04 
Board [Js 6d 6h 6s Jd]
Seat 2: neps46 showed [Jh Ad] and won ($1.22) with a full house, Jacks full of Sixes
Seat 3: Dorex2007 folded before Flop (didn't bet)
Seat 4: AHTuxpucm (button) folded before Flop (didn't bet)
Seat 5: xxxx35 (small blind) folded before Flop
Seat 6: Mtosha (big blind) folded on the Flop
Seat 7: lotojas folded before Flop (didn't bet)
Seat 8: donramon9 folded before Flop (didn't bet)
Seat 9: BoerAas mucked [Td Ts]



PokerStars Hand #227628130033:  Hold'em No Limit ($0.01/$0.02 USD) - 2021/06/16 12:12:38 PT [2021/06/16 15:12:38 ET]
Table 'Panthoos II' 9-max Seat #5 is the button
Seat 2: neps46 ($8.83 in chips) 
Seat 3: Dorex2007 ($3.99 in chips) 
Seat 4: AHTuxpucm ($2.40 in chips) 
Seat 5: xxxx35 ($1.88 in chips) 
Seat 6: Mtosha ($2 in chips) 
Seat 7: lotojas ($2 in chips) 
Seat 8: donramon9 ($1.35 in chips) 
Seat 9: BoerAas ($1.28 in chips) 
Mtosha: posts small blind $0.01
lotojas: posts big blind $0.02
caroteen: sits out 
*** HOLE CARDS ***
Dealt to Dorex2007 [Ks Jh]
donramon9: folds 
BoerAas: folds 
neps46: folds 
Dorex2007: folds 
AHTuxpucm: folds 
xxxx35: folds 
Mtosha: folds 
Uncalled bet ($0.01) returned to lotojas
lotojas collected $0.02 from pot
lotojas: doesn't show hand 
*** SUMMARY ***
Total pot $0.02 | Rake $0 
Seat 2: neps46 folded before Flop (didn't bet)
Seat 3: Dorex2007 folded before Flop (didn't bet)
Seat 4: AHTuxpucm folded before Flop (didn't bet)
Seat 5: xxxx35 (button) folded before Flop (didn't bet)
Seat 6: Mtosha (small blind) folded before Flop
Seat 7: lotojas (big blind) collected ($0.02)
Seat 8: donramon9 folded before Flop (didn't bet)
Seat 9: BoerAas folded before Flop (didn't bet)



PokerStars Hand #227628142211:  Hold'em No Limit ($0.01/$0.02 USD) - 2021/06/16 12:13:05 PT [2021/06/16 15:13:05 ET]
Table 'Panthoos II' 9-max Seat #6 is the button
Seat 2: neps46 ($8.83 in chips) 
Seat 3: Dorex2007 ($3.99 in chips) 
Seat 4: AHTuxpucm ($2.40 in chips) 
Seat 5: xxxx35 ($1.88 in chips) 
Seat 6: Mtosha ($2 in chips) 
Seat 7: lotojas ($2.01 in chips) 
Seat 8: donramon9 ($1.35 in chips) 
Seat 9: BoerAas ($1.28 in chips) 
lotojas: posts small blind $0.01
donramon9: posts big blind $0.02
caroteen: sits out 
*** HOLE CARDS ***
Dealt to Dorex2007 [Qc Qh]
BoerAas: raises $0.03 to $0.05
neps46: calls $0.05
Dorex2007: raises $0.15 to $0.20
AHTuxpucm: folds 
xxxx35: folds 
Mtosha: folds 
lotojas: folds 
donramon9: folds 
BoerAas: calls $0.15
neps46: calls $0.15
*** FLOP *** [5s 8c Tc]
BoerAas: bets $1.08 and is all-in
neps46: folds 
Dorex2007: calls $1.08
*** TURN *** [5s 8c Tc] [2c]
*** RIVER *** [5s 8c Tc 2c] [3d]
*** SHOW DOWN ***
BoerAas: shows [8s As] (a pair of Eights)
Dorex2007: shows [Qc Qh] (a pair of Queens)
Dorex2007 cashed out the hand for $2.03 | Cash Out Fee $0.02
*** SUMMARY ***
Total pot $2.79 | Rake $0.10 
Board [5s 8c Tc 2c 3d]
Seat 2: neps46 folded on the Flop
Seat 3: Dorex2007 showed [Qc Qh] and won ($2.69) with a pair of Queens (pot not awarded as player cashed out)
Seat 4: AHTuxpucm folded before Flop (didn't bet)
Seat 5: xxxx35 folded before Flop (didn't bet)
Seat 6: Mtosha (button) folded before Flop (didn't bet)
Seat 7: lotojas (small blind) folded before Flop
Seat 8: donramon9 (big blind) folded before Flop
Seat 9: BoerAas showed [8s As] and lost with a pair of Eights



PokerStars Hand #227628181034:  Hold'em No Limit ($0.01/$0.02 USD) - 2021/06/16 12:14:32 PT [2021/06/16 15:14:32 ET]
Table 'Panthoos II' 9-max Seat #7 is the button
Seat 1: caroteen ($0.80 in chips) 
Seat 2: neps46 ($8.63 in chips) 
Seat 3: Dorex2007 ($4.74 in chips) 
Seat 4: AHTuxpucm ($2.40 in chips) 
Seat 5: xxxx35 ($1.88 in chips) 
Seat 6: Mtosha ($2 in chips) 
Seat 7: lotojas ($2 in chips) 
Seat 8: donramon9 ($1.33 in chips) 
donramon9: posts small blind $0.01
caroteen: posts big blind $0.02
*** HOLE CARDS ***
Dealt to Dorex2007 [Jh Qs]
neps46: folds 
Dorex2007: folds 
BoerAas leaves the table
AHTuxpucm: folds 
xxxx35: folds 
holdend51 joins the table at seat #9 
Mtosha has timed out
Mtosha: folds 
lotojas: raises $0.08 to $0.10
donramon9: folds 
caroteen: folds 
Uncalled bet ($0.08) returned to lotojas
lotojas collected $0.05 from pot
lotojas: doesn't show hand 
*** SUMMARY ***
Total pot $0.05 | Rake $0 
Seat 1: caroteen (big blind) folded before Flop
Seat 2: neps46 folded before Flop (didn't bet)
Seat 3: Dorex2007 folded before Flop (didn't bet)
Seat 4: AHTuxpucm folded before Flop (didn't bet)
Seat 5: xxxx35 folded before Flop (didn't bet)
Seat 6: Mtosha folded before Flop (didn't bet)
Seat 7: lotojas (button) collected ($0.05)
Seat 8: donramon9 (small blind) folded before Flop



PokerStars Hand #227628196914:  Hold'em No Limit ($0.01/$0.02 USD) - 2021/06/16 12:15:08 PT [2021/06/16 15:15:08 ET]
Table 'Panthoos II' 9-max Seat #8 is the button
Seat 1: caroteen ($0.78 in chips) 
Seat 2: neps46 ($8.63 in chips) 
Seat 3: Dorex2007 ($4.74 in chips) 
Seat 4: AHTuxpucm ($2.40 in chips) 
Seat 5: xxxx35 ($1.88 in chips) 
Seat 6: Mtosha ($2 in chips) 
Seat 7: lotojas ($2.03 in chips) 
Seat 8: donramon9 ($1.32 in chips) 
caroteen: posts small blind $0.01
neps46: posts big blind $0.02
*** HOLE CARDS ***
Dealt to Dorex2007 [7d 7h]
Dorex2007: raises $0.02 to $0.04
AHTuxpucm: folds 
xxxx35: folds 
Mtosha: folds 
lotojas: calls $0.04
donramon9: folds 
caroteen: folds 
neps46: calls $0.02
*** FLOP *** [Qh 5c Ah]
neps46: checks 
Dorex2007: checks 
lotojas: checks 
*** TURN *** [Qh 5c Ah] [Ad]
neps46: bets $0.08
Dorex2007: folds 
lotojas: folds 
Uncalled bet ($0.08) returned to neps46
neps46 collected $0.13 from pot
neps46: doesn't show hand 
*** SUMMARY ***
Total pot $0.13 | Rake $0 
Board [Qh 5c Ah Ad]
Seat 1: caroteen (small blind) folded before Flop
Seat 2: neps46 (big blind) collected ($0.13)
Seat 3: Dorex2007 folded on the Turn
Seat 4: AHTuxpucm folded before Flop (didn't bet)
Seat 5: xxxx35 folded before Flop (didn't bet)
Seat 6: Mtosha folded before Flop (didn't bet)
Seat 7: lotojas folded on the Turn
Seat 8: donramon9 (button) folded before Flop (didn't bet)



PokerStars Hand #227628223641:  Hold'em No Limit ($0.01/$0.02 USD) - 2021/06/16 12:16:07 PT [2021/06/16 15:16:07 ET]
Table 'Panthoos II' 9-max Seat #1 is the button
Seat 1: caroteen ($0.77 in chips) 
Seat 2: neps46 ($8.72 in chips) 
Seat 3: Dorex2007 ($4.70 in chips) 
Seat 4: AHTuxpucm ($2.40 in chips) 
Seat 5: xxxx35 ($1.88 in chips) 
Seat 6: Mtosha ($2 in chips) 
Seat 7: lotojas ($2 in chips) 
Seat 8: donramon9 ($1.32 in chips) 
neps46: posts small blind $0.01
Dorex2007: posts big blind $0.02
holdend51: sits out 
*** HOLE CARDS ***
Dealt to Dorex2007 [8c Ks]
AHTuxpucm: folds 
xxxx35: folds 
Mtosha: folds 
lotojas: calls $0.02
donramon9: calls $0.02
caroteen: folds 
neps46: folds 
Dorex2007: checks 
*** FLOP *** [8h As 2c]
Dorex2007: bets $0.04
lotojas: folds 
donramon9: folds 
Uncalled bet ($0.04) returned to Dorex2007
Dorex2007 collected $0.07 from pot
Dorex2007: doesn't show hand 
*** SUMMARY ***
Total pot $0.07 | Rake $0 
Board [8h As 2c]
Seat 1: caroteen (button) folded before Flop (didn't bet)
Seat 2: neps46 (small blind) folded before Flop
Seat 3: Dorex2007 (big blind) collected ($0.07)
Seat 4: AHTuxpucm folded before Flop (didn't bet)
Seat 5: xxxx35 folded before Flop (didn't bet)
Seat 6: Mtosha folded before Flop (didn't bet)
Seat 7: lotojas folded on the Flop
Seat 8: donramon9 folded on the Flop



PokerStars Hand #227628243966:  Hold'em No Limit ($0.01/$0.02 USD) - 2021/06/16 12:16:46 PT [2021/06/16 15:16:46 ET]
Table 'Panthoos II' 9-max Seat #2 is the button
Seat 1: caroteen ($0.77 in chips) 
Seat 2: neps46 ($8.71 in chips) 
Seat 3: Dorex2007 ($4.75 in chips) 
Seat 4: AHTuxpucm ($2.40 in chips) 
Seat 5: xxxx35 ($1.88 in chips) 
Seat 6: Mtosha ($2 in chips) 
Seat 7: lotojas ($2 in chips) 
Seat 8: donramon9 ($1.30 in chips) 
Dorex2007: posts small blind $0.01
AHTuxpucm: posts big blind $0.02
holdend51: sits out 
*** HOLE CARDS ***
Dealt to Dorex2007 [7c Qs]
xxxx35: folds 
Mtosha: folds 
lotojas: folds 
donramon9: folds 
caroteen: folds 
neps46: raises $0.04 to $0.06
Dorex2007: folds 
AHTuxpucm: folds 
Uncalled bet ($0.04) returned to neps46
neps46 collected $0.05 from pot
neps46: doesn't show hand 
*** SUMMARY ***
Total pot $0.05 | Rake $0 
Seat 1: caroteen folded before Flop (didn't bet)
Seat 2: neps46 (button) collected ($0.05)
Seat 3: Dorex2007 (small blind) folded before Flop
Seat 4: AHTuxpucm (big blind) folded before Flop
Seat 5: xxxx35 folded before Flop (didn't bet)
Seat 6: Mtosha folded before Flop (didn't bet)
Seat 7: lotojas folded before Flop (didn't bet)
Seat 8: donramon9 folded before Flop (didn't bet)



PokerStars Hand #227628252165:  Hold'em No Limit ($0.01/$0.02 USD) - 2021/06/16 12:17:04 PT [2021/06/16 15:17:04 ET]
Table 'Panthoos II' 9-max Seat #3 is the button
Seat 1: caroteen ($0.77 in chips) 
Seat 2: neps46 ($8.74 in chips) 
Seat 3: Dorex2007 ($4.74 in chips) 
Seat 4: AHTuxpucm ($2.38 in chips) 
Seat 5: xxxx35 ($1.88 in chips) 
Seat 6: Mtosha ($2 in chips) 
Seat 7: lotojas ($2 in chips) 
Seat 8: donramon9 ($1.30 in chips) 
AHTuxpucm: posts small blind $0.01
xxxx35: posts big blind $0.02
holdend51: sits out 
*** HOLE CARDS ***
Dealt to Dorex2007 [2c 5h]
Mtosha: folds 
lotojas: calls $0.02
donramon9: folds 
caroteen: calls $0.02
neps46: folds 
Dorex2007: folds 
AHTuxpucm: folds 
xxxx35: checks 
*** FLOP *** [8c 9h Js]
xxxx35: checks 
lotojas: checks 
caroteen: checks 
*** TURN *** [8c 9h Js] [3h]
xxxx35: checks 
lotojas: bets $0.02
caroteen: calls $0.02
xxxx35: calls $0.02
*** RIVER *** [8c 9h Js 3h] [Td]
xxxx35: checks 
lotojas: bets $0.13
caroteen: folds 
xxxx35: folds 
Uncalled bet ($0.13) returned to lotojas
lotojas collected $0.13 from pot
lotojas: doesn't show hand 
*** SUMMARY ***
Total pot $0.13 | Rake $0 
Board [8c 9h Js 3h Td]
Seat 1: caroteen folded on the River
Seat 2: neps46 folded before Flop (didn't bet)
Seat 3: Dorex2007 (button) folded before Flop (didn't bet)
Seat 4: AHTuxpucm (small blind) folded before Flop
Seat 5: xxxx35 (big blind) folded on the River
Seat 6: Mtosha folded before Flop (didn't bet)
Seat 7: lotojas collected ($0.13)
Seat 8: donramon9 folded before Flop (didn't bet)



PokerStars Hand #227628275996:  Hold'em No Limit ($0.01/$0.02 USD) - 2021/06/16 12:17:57 PT [2021/06/16 15:17:57 ET]
Table 'Panthoos II' 9-max Seat #4 is the button
Seat 1: caroteen ($0.73 in chips) 
Seat 2: neps46 ($8.74 in chips) 
Seat 3: Dorex2007 ($4.74 in chips) 
Seat 4: AHTuxpucm ($2.37 in chips) 
Seat 5: xxxx35 ($1.84 in chips) 
Seat 6: Mtosha ($2 in chips) 
Seat 7: lotojas ($2.09 in chips) 
Seat 8: donramon9 ($1.30 in chips) 
xxxx35: posts small blind $0.01
Mtosha: posts big blind $0.02
holdend51: sits out 
*** HOLE CARDS ***
Dealt to Dorex2007 [8d Qh]
lotojas: folds 
donramon9: folds 
caroteen: folds 
neps46: folds 
Dorex2007: folds 
AHTuxpucm: folds 
xxxx35: calls $0.01
Mtosha: checks 
*** FLOP *** [Qs Ts 2d]
xxxx35: checks 
Mtosha: checks 
*** TURN *** [Qs Ts 2d] [3c]
xxxx35: bets $0.03
Mtosha: folds 
Uncalled bet ($0.03) returned to xxxx35
xxxx35 collected $0.04 from pot
*** SUMMARY ***
Total pot $0.04 | Rake $0 
Board [Qs Ts 2d 3c]
Seat 1: caroteen folded before Flop (didn't bet)
Seat 2: neps46 folded before Flop (didn't bet)
Seat 3: Dorex2007 folded before Flop (didn't bet)
Seat 4: AHTuxpucm (button) folded before Flop (didn't bet)
Seat 5: xxxx35 (small blind) collected ($0.04)
Seat 6: Mtosha (big blind) folded on the Turn
Seat 7: lotojas folded before Flop (didn't bet)
Seat 8: donramon9 folded before Flop (didn't bet)



PokerStars Hand #227628296182:  Hold'em No Limit ($0.01/$0.02 USD) - 2021/06/16 12:18:42 PT [2021/06/16 15:18:42 ET]
Table 'Panthoos II' 9-max Seat #5 is the button
Seat 1: caroteen ($0.73 in chips) 
Seat 2: neps46 ($8.74 in chips) 
Seat 3: Dorex2007 ($4.74 in chips) 
Seat 4: AHTuxpucm ($2.37 in chips) 
Seat 5: xxxx35 ($1.86 in chips) 
Seat 6: Mtosha ($2 in chips) 
Seat 7: lotojas ($2.09 in chips) 
Seat 8: donramon9 ($1.30 in chips) 
Mtosha: posts small blind $0.01
lotojas: posts big blind $0.02
holdend51: sits out 
*** HOLE CARDS ***
Dealt to Dorex2007 [8d 8h]
donramon9: folds 
caroteen: folds 
neps46: raises $0.04 to $0.06
Dorex2007: calls $0.06
AHTuxpucm: folds 
xxxx35: folds 
Mtosha: folds 
lotojas: calls $0.04
*** FLOP *** [Td Ad 6c]
lotojas: checks 
neps46: bets $0.09
Dorex2007: folds 
lotojas: calls $0.09
*** TURN *** [Td Ad 6c] [3s]
lotojas: checks 
neps46: checks 
*** RIVER *** [Td Ad 6c 3s] [Th]
lotojas: checks 
neps46: checks 
*** SHOW DOWN ***
lotojas: shows [Ac Jc] (two pair, Aces and Tens)
neps46: mucks hand 
lotojas collected $0.36 from pot
*** SUMMARY ***
Total pot $0.37 | Rake $0.01 
Board [Td Ad 6c 3s Th]
Seat 1: caroteen folded before Flop (didn't bet)
Seat 2: neps46 mucked [2s 2h]
Seat 3: Dorex2007 folded on the Flop
Seat 4: AHTuxpucm folded before Flop (didn't bet)
Seat 5: xxxx35 (button) folded before Flop (didn't bet)
Seat 6: Mtosha (small blind) folded before Flop
Seat 7: lotojas (big blind) showed [Ac Jc] and won ($0.36) with two pair, Aces and Tens
Seat 8: donramon9 folded before Flop (didn't bet)



PokerStars Hand #227628322671:  Hold'em No Limit ($0.01/$0.02 USD) - 2021/06/16 12:19:42 PT [2021/06/16 15:19:42 ET]
Table 'Panthoos II' 9-max Seat #6 is the button
Seat 1: caroteen ($0.73 in chips) 
Seat 2: neps46 ($8.59 in chips) 
Seat 3: Dorex2007 ($4.68 in chips) 
Seat 4: AHTuxpucm ($2.37 in chips) 
Seat 5: xxxx35 ($1.86 in chips) 
Seat 6: Mtosha ($2 in chips) 
Seat 7: lotojas ($2.30 in chips) 
Seat 8: donramon9 ($1.30 in chips) 
lotojas: posts small blind $0.01
donramon9: posts big blind $0.02
holdend51: sits out 
*** HOLE CARDS ***
Dealt to Dorex2007 [8c 9d]
caroteen: raises $0.06 to $0.08
neps46: raises $0.19 to $0.27
Dorex2007: folds 
AHTuxpucm: folds 
xxxx35: folds 
Mtosha: folds 
lotojas: folds 
donramon9: folds 
caroteen: calls $0.19
*** FLOP *** [9s 2d 4c]
caroteen: bets $0.46 and is all-in
neps46: calls $0.46
*** TURN *** [9s 2d 4c] [Kc]
*** RIVER *** [9s 2d 4c Kc] [5d]
*** SHOW DOWN ***
caroteen: shows [Ad Kh] (a pair of Kings)
neps46: shows [Kd Ks] (three of a kind, Kings)
neps46 collected $1.44 from pot
caroteen cashed out the hand for $0.21
*** SUMMARY ***
Total pot $1.49 | Rake $0.05 
Board [9s 2d 4c Kc 5d]
Seat 1: caroteen showed [Ad Kh] and lost with a pair of Kings (cashed out).
Seat 2: neps46 showed [Kd Ks] and won ($1.44) with three of a kind, Kings
Seat 3: Dorex2007 folded before Flop (didn't bet)
Seat 4: AHTuxpucm folded before Flop (didn't bet)
Seat 5: xxxx35 folded before Flop (didn't bet)
Seat 6: Mtosha (button) folded before Flop (didn't bet)
Seat 7: lotojas (small blind) folded before Flop
Seat 8: donramon9 (big blind) folded before Flop



PokerStars Hand #227628342766:  Hold'em No Limit ($0.01/$0.02 USD) - 2021/06/16 12:20:28 PT [2021/06/16 15:20:28 ET]
Table 'Panthoos II' 9-max Seat #7 is the button
Seat 1: caroteen ($0.21 in chips) 
Seat 2: neps46 ($9.30 in chips) 
Seat 3: Dorex2007 ($4.68 in chips) 
Seat 4: AHTuxpucm ($2.37 in chips) 
Seat 5: xxxx35 ($1.86 in chips) 
Seat 6: Mtosha ($2 in chips) 
Seat 7: lotojas ($2.29 in chips) 
Seat 8: donramon9 ($1.28 in chips) 
Seat 9: holdend51 ($2 in chips) 
donramon9: posts small blind $0.01
holdend51: posts big blind $0.02
*** HOLE CARDS ***
Dealt to Dorex2007 [6h 5h]
caroteen: calls $0.02
neps46: folds 
Dorex2007: folds 
AHTuxpucm: folds 
xxxx35: folds 
Mtosha: raises $0.07 to $0.09
lotojas: calls $0.09
donramon9: folds 
holdend51: folds 
caroteen: calls $0.07
*** FLOP *** [Tc Kd 8d]
caroteen: bets $0.12 and is all-in
Mtosha: calls $0.12
lotojas: calls $0.12
*** TURN *** [Tc Kd 8d] [2h]
Mtosha: checks 
lotojas: checks 
*** RIVER *** [Tc Kd 8d 2h] [Ah]
Mtosha: bets $0.02
lotojas: folds 
Uncalled bet ($0.02) returned to Mtosha
*** SHOW DOWN ***
Mtosha: shows [4s Ks] (a pair of Kings)
caroteen: shows [4d Ad] (a pair of Aces)
caroteen collected $0.64 from pot
*** SUMMARY ***
Total pot $0.66 | Rake $0.02 
Board [Tc Kd 8d 2h Ah]
Seat 1: caroteen showed [4d Ad] and won ($0.64) with a pair of Aces
Seat 2: neps46 folded before Flop (didn't bet)
Seat 3: Dorex2007 folded before Flop (didn't bet)
Seat 4: AHTuxpucm folded before Flop (didn't bet)
Seat 5: xxxx35 folded before Flop (didn't bet)
Seat 6: Mtosha showed [4s Ks] and lost with a pair of Kings
Seat 7: lotojas (button) folded on the River
Seat 8: donramon9 (small blind) folded before Flop
Seat 9: holdend51 (big blind) folded before Flop



PokerStars Hand #227628370415:  Hold'em No Limit ($0.01/$0.02 USD) - 2021/06/16 12:21:29 PT [2021/06/16 15:21:29 ET]
Table 'Panthoos II' 9-max Seat #8 is the button
Seat 1: caroteen ($0.64 in chips) 
Seat 2: neps46 ($9.30 in chips) 
Seat 3: Dorex2007 ($4.68 in chips) 
Seat 4: AHTuxpucm ($2.37 in chips) 
Seat 5: xxxx35 ($1.86 in chips) 
Seat 6: Mtosha ($2 in chips) 
Seat 7: lotojas ($2.08 in chips) 
Seat 8: donramon9 ($1.27 in chips) 
Seat 9: holdend51 ($1.98 in chips) 
holdend51: posts small blind $0.01
caroteen: posts big blind $0.02
*** HOLE CARDS ***
Dealt to Dorex2007 [7d Jh]
neps46: folds 
Dorex2007: folds 
AHTuxpucm: folds 
xxxx35: raises $0.04 to $0.06
Mtosha: folds 
lotojas: calls $0.06
donramon9: folds 
holdend51: folds 
caroteen: raises $0.58 to $0.64 and is all-in
xxxx35: folds 
lotojas: calls $0.58
*** FLOP *** [Qh 2s 4d]
*** TURN *** [Qh 2s 4d] [2h]
*** RIVER *** [Qh 2s 4d 2h] [6h]
*** SHOW DOWN ***
caroteen: shows [8s 8h] (two pair, Eights and Deuces)
lotojas: shows [9d Ad] (a pair of Deuces)
caroteen cashed out the hand for $0.70 | Cash Out Fee $0.01
*** SUMMARY ***
Total pot $1.35 | Rake $0.05 
Board [Qh 2s 4d 2h 6h]
Seat 1: caroteen (big blind) showed [8s 8h] and won ($1.30) with two pair, Eights and Deuces (pot not awarded as player cashed out)
Seat 2: neps46 folded before Flop (didn't bet)
Seat 3: Dorex2007 folded before Flop (didn't bet)
Seat 4: AHTuxpucm folded before Flop (didn't bet)
Seat 5: xxxx35 folded before Flop
Seat 6: Mtosha folded before Flop (didn't bet)
Seat 7: lotojas showed [9d Ad] and lost with a pair of Deuces
Seat 8: donramon9 (button) folded before Flop (didn't bet)
Seat 9: holdend51 (small blind) folded before Flop



PokerStars Hand #227628395117:  Hold'em No Limit ($0.01/$0.02 USD) - 2021/06/16 12:22:23 PT [2021/06/16 15:22:23 ET]
Table 'Panthoos II' 9-max Seat #9 is the button
Seat 1: caroteen ($0.70 in chips) 
Seat 2: neps46 ($9.30 in chips) 
Seat 3: Dorex2007 ($4.68 in chips) 
Seat 4: AHTuxpucm ($2.37 in chips) 
Seat 5: xxxx35 ($1.80 in chips) 
Seat 6: Mtosha ($2 in chips) 
Seat 7: lotojas ($2 in chips) 
Seat 8: donramon9 ($1.27 in chips) 
Seat 9: holdend51 ($1.97 in chips) 
caroteen: posts small blind $0.01
neps46: posts big blind $0.02
*** HOLE CARDS ***
Dealt to Dorex2007 [Ad 4c]
Dorex2007: folds 
AHTuxpucm: folds 
xxxx35: folds 
Mtosha: raises $0.06 to $0.08
lotojas: calls $0.08
donramon9: calls $0.08
holdend51: folds 
caroteen: folds 
neps46: folds 
*** FLOP *** [Qh Tc 4d]
Mtosha: checks 
lotojas: checks 
donramon9: checks 
*** TURN *** [Qh Tc 4d] [Qs]
Mtosha: bets $0.10
lotojas: folds 
donramon9: folds 
Uncalled bet ($0.10) returned to Mtosha
Mtosha collected $0.26 from pot
*** SUMMARY ***
Total pot $0.27 | Rake $0.01 
Board [Qh Tc 4d Qs]
Seat 1: caroteen (small blind) folded before Flop
Seat 2: neps46 (big blind) folded before Flop
Seat 3: Dorex2007 folded before Flop (didn't bet)
Seat 4: AHTuxpucm folded before Flop (didn't bet)
Seat 5: xxxx35 folded before Flop (didn't bet)
Seat 6: Mtosha collected ($0.26)
Seat 7: lotojas folded on the Turn
Seat 8: donramon9 folded on the Turn
Seat 9: holdend51 (button) folded before Flop (didn't bet)



PokerStars Hand #227628414483:  Hold'em No Limit ($0.01/$0.02 USD) - 2021/06/16 12:23:06 PT [2021/06/16 15:23:06 ET]
Table 'Panthoos II' 9-max Seat #1 is the button
Seat 1: caroteen ($0.69 in chips) 
Seat 2: neps46 ($9.28 in chips) 
Seat 3: Dorex2007 ($4.68 in chips) 
Seat 4: AHTuxpucm ($2.37 in chips) 
Seat 5: xxxx35 ($1.80 in chips) 
Seat 6: Mtosha ($2.18 in chips) 
Seat 7: lotojas ($2 in chips) 
Seat 8: donramon9 ($1.19 in chips) 
Seat 9: holdend51 ($1.97 in chips) 
neps46: posts small blind $0.01
Dorex2007: posts big blind $0.02
*** HOLE CARDS ***
Dealt to Dorex2007 [Qd 3s]
AHTuxpucm: folds 
xxxx35: folds 
Mtosha: folds 
lotojas: folds 
donramon9: folds 
holdend51: folds 
caroteen: folds 
neps46: raises $0.04 to $0.06
Dorex2007: folds 
Uncalled bet ($0.04) returned to neps46
neps46 collected $0.04 from pot
neps46: doesn't show hand 
*** SUMMARY ***
Total pot $0.04 | Rake $0 
Seat 1: caroteen (button) folded before Flop (didn't bet)
Seat 2: neps46 (small blind) collected ($0.04)
Seat 3: Dorex2007 (big blind) folded before Flop
Seat 4: AHTuxpucm folded before Flop (didn't bet)
Seat 5: xxxx35 folded before Flop (didn't bet)
Seat 6: Mtosha folded before Flop (didn't bet)
Seat 7: lotojas folded before Flop (didn't bet)
Seat 8: donramon9 folded before Flop (didn't bet)
Seat 9: holdend51 folded before Flop (didn't bet)



PokerStars Hand #227628420470:  Hold'em No Limit ($0.01/$0.02 USD) - 2021/06/16 12:23:20 PT [2021/06/16 15:23:20 ET]
Table 'Panthoos II' 9-max Seat #2 is the button
Seat 1: caroteen ($0.69 in chips) 
Seat 2: neps46 ($9.30 in chips) 
Seat 3: Dorex2007 ($4.66 in chips) 
Seat 4: AHTuxpucm ($2.37 in chips) 
Seat 5: xxxx35 ($1.80 in chips) 
Seat 6: Mtosha ($2.18 in chips) 
Seat 7: lotojas ($2 in chips) 
Seat 8: donramon9 ($1.19 in chips) 
Seat 9: holdend51 ($1.97 in chips) 
Dorex2007: posts small blind $0.01
AHTuxpucm: posts big blind $0.02
*** HOLE CARDS ***
Dealt to Dorex2007 [8h 3d]
xxxx35: folds 
Mtosha: folds 
lotojas: folds 
donramon9: folds 
holdend51: folds 
caroteen: raises $0.06 to $0.08
neps46: folds 
Dorex2007: folds 
AHTuxpucm: folds 
Uncalled bet ($0.06) returned to caroteen
caroteen collected $0.05 from pot
caroteen: doesn't show hand 
*** SUMMARY ***
Total pot $0.05 | Rake $0 
Seat 1: caroteen collected ($0.05)
Seat 2: neps46 (button) folded before Flop (didn't bet)
Seat 3: Dorex2007 (small blind) folded before Flop
Seat 4: AHTuxpucm (big blind) folded before Flop
Seat 5: xxxx35 folded before Flop (didn't bet)
Seat 6: Mtosha folded before Flop (didn't bet)
Seat 7: lotojas folded before Flop (didn't bet)
Seat 8: donramon9 folded before Flop (didn't bet)
Seat 9: holdend51 folded before Flop (didn't bet)



PokerStars Hand #227628428308:  Hold'em No Limit ($0.01/$0.02 USD) - 2021/06/16 12:23:37 PT [2021/06/16 15:23:37 ET]
Table 'Panthoos II' 9-max Seat #3 is the button
Seat 1: caroteen ($0.72 in chips) 
Seat 2: neps46 ($9.30 in chips) 
Seat 3: Dorex2007 ($4.65 in chips) 
Seat 4: AHTuxpucm ($2.35 in chips) 
Seat 5: xxxx35 ($1.80 in chips) 
Seat 6: Mtosha ($2.18 in chips) 
Seat 7: lotojas ($2 in chips) 
Seat 8: donramon9 ($1.19 in chips) 
Seat 9: holdend51 ($1.97 in chips) 
AHTuxpucm: posts small blind $0.01
xxxx35: posts big blind $0.02
*** HOLE CARDS ***
Dealt to Dorex2007 [4c Qd]
Mtosha: raises $0.04 to $0.06
lotojas: folds 
donramon9: folds 
holdend51: folds 
caroteen: folds 
neps46: folds 
Dorex2007: folds 
AHTuxpucm: folds 
xxxx35: folds 
Uncalled bet ($0.04) returned to Mtosha
Mtosha collected $0.05 from pot
*** SUMMARY ***
Total pot $0.05 | Rake $0 
Seat 1: caroteen folded before Flop (didn't bet)
Seat 2: neps46 folded before Flop (didn't bet)
Seat 3: Dorex2007 (button) folded before Flop (didn't bet)
Seat 4: AHTuxpucm (small blind) folded before Flop
Seat 5: xxxx35 (big blind) folded before Flop
Seat 6: Mtosha collected ($0.05)
Seat 7: lotojas folded before Flop (didn't bet)
Seat 8: donramon9 folded before Flop (didn't bet)
Seat 9: holdend51 folded before Flop (didn't bet)



PokerStars Hand #227628437628:  Hold'em No Limit ($0.01/$0.02 USD) - 2021/06/16 12:23:58 PT [2021/06/16 15:23:58 ET]
Table 'Panthoos II' 9-max Seat #4 is the button
Seat 1: caroteen ($0.72 in chips) 
Seat 2: neps46 ($9.30 in chips) 
Seat 3: Dorex2007 ($4.65 in chips) 
Seat 4: AHTuxpucm ($2.34 in chips) 
Seat 5: xxxx35 ($1.78 in chips) 
Seat 6: Mtosha ($2.21 in chips) 
Seat 7: lotojas ($2 in chips) 
Seat 8: donramon9 ($1.19 in chips) 
Seat 9: holdend51 ($1.97 in chips) 
xxxx35: posts small blind $0.01
Mtosha: posts big blind $0.02
*** HOLE CARDS ***
Dealt to Dorex2007 [7h 2s]
lotojas has timed out
lotojas: folds 
donramon9: folds 
holdend51: folds 
caroteen: calls $0.02
neps46: raises $0.08 to $0.10
Dorex2007: folds 
AHTuxpucm: folds 
xxxx35: folds 
Mtosha: folds 
caroteen: folds 
Uncalled bet ($0.08) returned to neps46
neps46 collected $0.07 from pot
neps46: doesn't show hand 
*** SUMMARY ***
Total pot $0.07 | Rake $0 
Seat 1: caroteen folded before Flop
Seat 2: neps46 collected ($0.07)
Seat 3: Dorex2007 folded before Flop (didn't bet)
Seat 4: AHTuxpucm (button) folded before Flop (didn't bet)
Seat 5: xxxx35 (small blind) folded before Flop
Seat 6: Mtosha (big blind) folded before Flop
Seat 7: lotojas folded before Flop (didn't bet)
Seat 8: donramon9 folded before Flop (didn't bet)
Seat 9: holdend51 folded before Flop (didn't bet)



PokerStars Hand #227628451877:  Hold'em No Limit ($0.01/$0.02 USD) - 2021/06/16 12:24:30 PT [2021/06/16 15:24:30 ET]
Table 'Panthoos II' 9-max Seat #5 is the button
Seat 1: caroteen ($0.70 in chips) 
Seat 2: neps46 ($9.35 in chips) 
Seat 3: Dorex2007 ($4.65 in chips) 
Seat 4: AHTuxpucm ($2.34 in chips) 
Seat 5: xxxx35 ($1.77 in chips) 
Seat 6: Mtosha ($2.19 in chips) 
Seat 7: lotojas ($2 in chips) 
Seat 8: donramon9 ($1.19 in chips) 
Seat 9: holdend51 ($1.97 in chips) 
Mtosha: posts small blind $0.01
lotojas: posts big blind $0.02
*** HOLE CARDS ***
Dealt to Dorex2007 [5d Qs]
donramon9: folds 
holdend51: folds 
caroteen: folds 
neps46: folds 
Dorex2007: folds 
AHTuxpucm: folds 
xxxx35: folds 
Mtosha: raises $0.04 to $0.06
lotojas: folds 
Uncalled bet ($0.04) returned to Mtosha
Mtosha collected $0.04 from pot
*** SUMMARY ***
Total pot $0.04 | Rake $0 
Seat 1: caroteen folded before Flop (didn't bet)
Seat 2: neps46 folded before Flop (didn't bet)
Seat 3: Dorex2007 folded before Flop (didn't bet)
Seat 4: AHTuxpucm folded before Flop (didn't bet)
Seat 5: xxxx35 (button) folded before Flop (didn't bet)
Seat 6: Mtosha (small blind) collected ($0.04)
Seat 7: lotojas (big blind) folded before Flop
Seat 8: donramon9 folded before Flop (didn't bet)
Seat 9: holdend51 folded before Flop (didn't bet)



PokerStars Hand #227628468294:  Hold'em No Limit ($0.01/$0.02 USD) - 2021/06/16 12:25:06 PT [2021/06/16 15:25:06 ET]
Table 'Panthoos II' 9-max Seat #6 is the button
Seat 1: caroteen ($0.70 in chips) 
Seat 2: neps46 ($9.35 in chips) 
Seat 3: Dorex2007 ($4.65 in chips) 
Seat 4: AHTuxpucm ($2.34 in chips) 
Seat 5: xxxx35 ($1.77 in chips) 
Seat 6: Mtosha ($2.21 in chips) 
Seat 7: lotojas ($2 in chips) 
Seat 8: donramon9 ($1.19 in chips) 
Seat 9: holdend51 ($1.97 in chips) 
lotojas: posts small blind $0.01
donramon9: posts big blind $0.02
*** HOLE CARDS ***
Dealt to Dorex2007 [Ac Qc]
holdend51: folds 
caroteen: folds 
neps46: folds 
Dorex2007: raises $0.04 to $0.06
AHTuxpucm: folds 
xxxx35: folds 
Mtosha: calls $0.06
lotojas: folds 
donramon9: folds 
*** FLOP *** [As 7c 9c]
Dorex2007: bets $0.14
Mtosha: folds 
Uncalled bet ($0.14) returned to Dorex2007
Dorex2007 collected $0.14 from pot
Dorex2007: doesn't show hand 
*** SUMMARY ***
Total pot $0.15 | Rake $0.01 
Board [As 7c 9c]
Seat 1: caroteen folded before Flop (didn't bet)
Seat 2: neps46 folded before Flop (didn't bet)
Seat 3: Dorex2007 collected ($0.14)
Seat 4: AHTuxpucm folded before Flop (didn't bet)
Seat 5: xxxx35 folded before Flop (didn't bet)
Seat 6: Mtosha (button) folded on the Flop
Seat 7: lotojas (small blind) folded before Flop
Seat 8: donramon9 (big blind) folded before Flop
Seat 9: holdend51 folded before Flop (didn't bet)



PokerStars Hand #227628488462:  Hold'em No Limit ($0.01/$0.02 USD) - 2021/06/16 12:25:52 PT [2021/06/16 15:25:52 ET]
Table 'Panthoos II' 9-max Seat #7 is the button
Seat 1: caroteen ($0.70 in chips) 
Seat 2: neps46 ($9.35 in chips) 
Seat 3: Dorex2007 ($4.73 in chips) 
Seat 4: AHTuxpucm ($2.34 in chips) 
Seat 5: xxxx35 ($1.77 in chips) 
Seat 6: Mtosha ($2.15 in chips) 
Seat 7: lotojas ($2 in chips) 
Seat 8: donramon9 ($1.17 in chips) 
Seat 9: holdend51 ($1.97 in chips) 
donramon9: posts small blind $0.01
holdend51: posts big blind $0.02
*** HOLE CARDS ***
Dealt to Dorex2007 [8s Th]
caroteen: calls $0.02
neps46: folds 
Dorex2007: folds 
AHTuxpucm: folds 
xxxx35: folds 
Mtosha: folds 
lotojas: calls $0.02
donramon9: calls $0.01
holdend51: checks 
*** FLOP *** [5c 2d Js]
donramon9: checks 
holdend51: bets $0.08
caroteen: raises $0.60 to $0.68 and is all-in
lotojas: folds 
donramon9: folds 
holdend51: folds 
Uncalled bet ($0.60) returned to caroteen
caroteen collected $0.23 from pot
caroteen: doesn't show hand 
*** SUMMARY ***
Total pot $0.24 | Rake $0.01 
Board [5c 2d Js]
Seat 1: caroteen collected ($0.23)
Seat 2: neps46 folded before Flop (didn't bet)
Seat 3: Dorex2007 folded before Flop (didn't bet)
Seat 4: AHTuxpucm folded before Flop (didn't bet)
Seat 5: xxxx35 folded before Flop (didn't bet)
Seat 6: Mtosha folded before Flop (didn't bet)
Seat 7: lotojas (button) folded on the Flop
Seat 8: donramon9 (small blind) folded on the Flop
Seat 9: holdend51 (big blind) folded on the Flop



PokerStars Hand #227628506461:  Hold'em No Limit ($0.01/$0.02 USD) - 2021/06/16 12:26:33 PT [2021/06/16 15:26:33 ET]
Table 'Panthoos II' 9-max Seat #8 is the button
Seat 1: caroteen ($0.83 in chips) 
Seat 2: neps46 ($9.35 in chips) 
Seat 3: Dorex2007 ($4.73 in chips) 
Seat 4: AHTuxpucm ($2.34 in chips) 
Seat 5: xxxx35 ($1.77 in chips) 
Seat 6: Mtosha ($2.15 in chips) 
Seat 7: lotojas ($2 in chips) 
Seat 8: donramon9 ($1.15 in chips) 
Seat 9: holdend51 ($1.87 in chips) 
holdend51: posts small blind $0.01
caroteen: posts big blind $0.02
*** HOLE CARDS ***
Dealt to Dorex2007 [9c Qc]
neps46: folds 
Dorex2007: folds 
AHTuxpucm: raises $0.04 to $0.06
xxxx35: folds 
Mtosha: folds 
lotojas: folds 
donramon9: calls $0.06
holdend51: folds 
caroteen: folds 
*** FLOP *** [5h 6h Ts]
AHTuxpucm: checks 
donramon9: bets $0.06
AHTuxpucm: folds 
Uncalled bet ($0.06) returned to donramon9
donramon9 collected $0.14 from pot
*** SUMMARY ***
Total pot $0.15 | Rake $0.01 
Board [5h 6h Ts]
Seat 1: caroteen (big blind) folded before Flop
Seat 2: neps46 folded before Flop (didn't bet)
Seat 3: Dorex2007 folded before Flop (didn't bet)
Seat 4: AHTuxpucm folded on the Flop
Seat 5: xxxx35 folded before Flop (didn't bet)
Seat 6: Mtosha folded before Flop (didn't bet)
Seat 7: lotojas folded before Flop (didn't bet)
Seat 8: donramon9 (button) collected ($0.14)
Seat 9: holdend51 (small blind) folded before Flop



PokerStars Hand #227628524737:  Hold'em No Limit ($0.01/$0.02 USD) - 2021/06/16 12:27:15 PT [2021/06/16 15:27:15 ET]
Table 'Panthoos II' 9-max Seat #9 is the button
Seat 1: caroteen ($0.81 in chips) 
Seat 2: neps46 ($9.35 in chips) 
Seat 3: Dorex2007 ($4.73 in chips) 
Seat 4: AHTuxpucm ($2.28 in chips) 
Seat 5: xxxx35 ($1.77 in chips) 
Seat 6: Mtosha ($2.15 in chips) 
Seat 7: lotojas ($2 in chips) 
Seat 8: donramon9 ($1.23 in chips) 
Seat 9: holdend51 ($1.86 in chips) 
caroteen: posts small blind $0.01
neps46: posts big blind $0.02
*** HOLE CARDS ***
Dealt to Dorex2007 [Qc Kh]
Dorex2007: folds 
AHTuxpucm: folds 
xxxx35: folds 
Mtosha: folds 
lotojas: folds 
donramon9: folds 
holdend51: raises $0.04 to $0.06
caroteen: folds 
neps46: folds 
Uncalled bet ($0.04) returned to holdend51
holdend51 collected $0.05 from pot
holdend51: doesn't show hand 
*** SUMMARY ***
Total pot $0.05 | Rake $0 
Seat 1: caroteen (small blind) folded before Flop
Seat 2: neps46 (big blind) folded before Flop
Seat 3: Dorex2007 folded before Flop (didn't bet)
Seat 4: AHTuxpucm folded before Flop (didn't bet)
Seat 5: xxxx35 folded before Flop (didn't bet)
Seat 6: Mtosha folded before Flop (didn't bet)
Seat 7: lotojas folded before Flop (didn't bet)
Seat 8: donramon9 folded before Flop (didn't bet)
Seat 9: holdend51 (button) collected ($0.05)



PokerStars Hand #227628532088:  Hold'em No Limit ($0.01/$0.02 USD) - 2021/06/16 12:27:31 PT [2021/06/16 15:27:31 ET]
Table 'Panthoos II' 9-max Seat #1 is the button
Seat 1: caroteen ($0.80 in chips) 
Seat 2: neps46 ($9.33 in chips) 
Seat 3: Dorex2007 ($4.73 in chips) 
Seat 4: AHTuxpucm ($2.28 in chips) 
Seat 5: xxxx35 ($1.77 in chips) 
Seat 6: Mtosha ($2.15 in chips) 
Seat 7: lotojas ($2 in chips) 
Seat 8: donramon9 ($1.23 in chips) 
Seat 9: holdend51 ($1.89 in chips) 
neps46: posts small blind $0.01
Dorex2007: posts big blind $0.02
*** HOLE CARDS ***
Dealt to Dorex2007 [Tc 9d]
AHTuxpucm: folds 
xxxx35: folds 
Mtosha: folds 
lotojas: raises $0.06 to $0.08
donramon9: folds 
holdend51: folds 
caroteen: folds 
neps46: folds 
Dorex2007: folds 
Uncalled bet ($0.06) returned to lotojas
lotojas collected $0.05 from pot
lotojas: doesn't show hand 
*** SUMMARY ***
Total pot $0.05 | Rake $0 
Seat 1: caroteen (button) folded before Flop (didn't bet)
Seat 2: neps46 (small blind) folded before Flop
Seat 3: Dorex2007 (big blind) folded before Flop
Seat 4: AHTuxpucm folded before Flop (didn't bet)
Seat 5: xxxx35 folded before Flop (didn't bet)
Seat 6: Mtosha folded before Flop (didn't bet)
Seat 7: lotojas collected ($0.05)
Seat 8: donramon9 folded before Flop (didn't bet)
Seat 9: holdend51 folded before Flop (didn't bet)



PokerStars Hand #227628547978:  Hold'em No Limit ($0.01/$0.02 USD) - 2021/06/16 12:27:57 PT [2021/06/16 15:27:57 ET]
Table 'Panthoos II' 9-max Seat #2 is the button
Seat 1: caroteen ($0.80 in chips) 
Seat 2: neps46 ($9.32 in chips) 
Seat 3: Dorex2007 ($4.71 in chips) 
Seat 4: AHTuxpucm ($2.28 in chips) 
Seat 5: xxxx35 ($1.77 in chips) 
Seat 6: Mtosha ($2.15 in chips) 
Seat 7: lotojas ($2.03 in chips) 
Seat 8: donramon9 ($1.23 in chips) 
Seat 9: holdend51 ($1.89 in chips) 
Dorex2007: posts small blind $0.01
AHTuxpucm: posts big blind $0.02
*** HOLE CARDS ***
Dealt to Dorex2007 [2h 2s]
xxxx35: folds 
Mtosha: folds 
lotojas: folds 
donramon9: folds 
holdend51: raises $0.04 to $0.06
caroteen: folds 
neps46: folds 
Dorex2007: calls $0.05
AHTuxpucm: folds 
*** FLOP *** [Ks 9d 5s]
Dorex2007: checks 
holdend51: bets $0.10
Dorex2007: folds 
Uncalled bet ($0.10) returned to holdend51
holdend51 collected $0.14 from pot
holdend51: doesn't show hand 
*** SUMMARY ***
Total pot $0.14 | Rake $0 
Board [Ks 9d 5s]
Seat 1: caroteen folded before Flop (didn't bet)
Seat 2: neps46 (button) folded before Flop (didn't bet)
Seat 3: Dorex2007 (small blind) folded on the Flop
Seat 4: AHTuxpucm (big blind) folded before Flop
Seat 5: xxxx35 folded before Flop (didn't bet)
Seat 6: Mtosha folded before Flop (didn't bet)
Seat 7: lotojas folded before Flop (didn't bet)
Seat 8: donramon9 folded before Flop (didn't bet)
Seat 9: holdend51 collected ($0.14)



PokerStars Hand #227628561425:  Hold'em No Limit ($0.01/$0.02 USD) - 2021/06/16 12:28:27 PT [2021/06/16 15:28:27 ET]
Table 'Panthoos II' 9-max Seat #3 is the button
Seat 1: caroteen ($0.80 in chips) 
Seat 2: neps46 ($9.32 in chips) 
Seat 3: Dorex2007 ($4.65 in chips) 
Seat 4: AHTuxpucm ($2.26 in chips) 
Seat 5: xxxx35 ($1.77 in chips) 
Seat 6: Mtosha ($2.15 in chips) 
Seat 7: lotojas ($2.03 in chips) 
Seat 8: donramon9 ($1.23 in chips) 
Seat 9: holdend51 ($1.97 in chips) 
AHTuxpucm: posts small blind $0.01
xxxx35: posts big blind $0.02
*** HOLE CARDS ***
Dealt to Dorex2007 [Kd 5d]
Mtosha has timed out
Mtosha: folds 
lotojas: calls $0.02
donramon9: folds 
holdend51: calls $0.02
caroteen: calls $0.02
neps46: folds 
Dorex2007: folds 
AHTuxpucm: folds 
xxxx35: checks 
*** FLOP *** [2c 2h 6h]
xxxx35: checks 
lotojas: checks 
holdend51: checks 
caroteen: checks 
*** TURN *** [2c 2h 6h] [3h]
xxxx35: bets $0.06
lotojas: folds 
holdend51: raises $0.12 to $0.18
caroteen: folds 
xxxx35: folds 
Uncalled bet ($0.12) returned to holdend51
holdend51 collected $0.20 from pot
holdend51: doesn't show hand 
*** SUMMARY ***
Total pot $0.21 | Rake $0.01 
Board [2c 2h 6h 3h]
Seat 1: caroteen folded on the Turn
Seat 2: neps46 folded before Flop (didn't bet)
Seat 3: Dorex2007 (button) folded before Flop (didn't bet)
Seat 4: AHTuxpucm (small blind) folded before Flop
Seat 5: xxxx35 (big blind) folded on the Turn
Seat 6: Mtosha folded before Flop (didn't bet)
Seat 7: lotojas folded on the Turn
Seat 8: donramon9 folded before Flop (didn't bet)
Seat 9: holdend51 collected ($0.20)



PokerStars Hand #227628593233:  Hold'em No Limit ($0.01/$0.02 USD) - 2021/06/16 12:29:24 PT [2021/06/16 15:29:24 ET]
Table 'Panthoos II' 9-max Seat #4 is the button
Seat 1: caroteen ($0.78 in chips) 
Seat 2: neps46 ($9.32 in chips) 
Seat 3: Dorex2007 ($4.65 in chips) 
Seat 4: AHTuxpucm ($2.25 in chips) 
Seat 5: xxxx35 ($1.69 in chips) 
Seat 7: lotojas ($2.01 in chips) 
Seat 8: donramon9 ($1.23 in chips) 
Seat 9: holdend51 ($2.09 in chips) 
xxxx35: posts small blind $0.01
lotojas: posts big blind $0.02
*** HOLE CARDS ***
Dealt to Dorex2007 [9h Ad]
donramon9: folds 
holdend51: folds 
caroteen: folds 
neps46: folds 
Dorex2007: folds 
AHTuxpucm: folds 
xxxx35: calls $0.01
lotojas: checks 
*** FLOP *** [9s Jd 8c]
xxxx35: checks 
lotojas: checks 
*** TURN *** [9s Jd 8c] [7s]
xxxx35: checks 
lotojas: checks 
*** RIVER *** [9s Jd 8c 7s] [7c]
xxxx35: checks 
lotojas: checks 
*** SHOW DOWN ***
xxxx35: shows [2c Qs] (a pair of Sevens)
lotojas: shows [9c 4d] (two pair, Nines and Sevens)
lotojas collected $0.04 from pot
*** SUMMARY ***
Total pot $0.04 | Rake $0 
Board [9s Jd 8c 7s 7c]
Seat 1: caroteen folded before Flop (didn't bet)
Seat 2: neps46 folded before Flop (didn't bet)
Seat 3: Dorex2007 folded before Flop (didn't bet)
Seat 4: AHTuxpucm (button) folded before Flop (didn't bet)
Seat 5: xxxx35 (small blind) showed [2c Qs] and lost with a pair of Sevens
Seat 7: lotojas (big blind) showed [9c 4d] and won ($0.04) with two pair, Nines and Sevens
Seat 8: donramon9 folded before Flop (didn't bet)
Seat 9: holdend51 folded before Flop (didn't bet)



PokerStars Hand #227628613808:  Hold'em No Limit ($0.01/$0.02 USD) - 2021/06/16 12:30:10 PT [2021/06/16 15:30:10 ET]
Table 'Panthoos II' 9-max Seat #5 is the button
Seat 1: caroteen ($0.78 in chips) 
Seat 2: neps46 ($9.32 in chips) 
Seat 3: Dorex2007 ($4.65 in chips) 
Seat 4: AHTuxpucm ($2.25 in chips) 
Seat 5: xxxx35 ($1.67 in chips) 
Seat 7: lotojas ($2.03 in chips) 
Seat 8: donramon9 ($1.23 in chips) 
Seat 9: holdend51 ($2.09 in chips) 
lotojas: posts small blind $0.01
donramon9: posts big blind $0.02
*** HOLE CARDS ***
Dealt to Dorex2007 [5h 4d]
holdend51: raises $0.04 to $0.06
caroteen: folds 
neps46: calls $0.06
Dorex2007: folds 
AHTuxpucm: folds 
xxxx35: folds 
lotojas: folds 
donramon9: calls $0.04
*** FLOP *** [Th Jh 2c]
Mtosha is disconnected 
donramon9: checks 
holdend51: checks 
neps46: checks 
*** TURN *** [Th Jh 2c] [6c]
donramon9: checks 
holdend51: bets $0.16
neps46: folds 
donramon9: folds 
Uncalled bet ($0.16) returned to holdend51
holdend51 collected $0.18 from pot
holdend51: doesn't show hand 
*** SUMMARY ***
Total pot $0.19 | Rake $0.01 
Board [Th Jh 2c 6c]
Seat 1: caroteen folded before Flop (didn't bet)
Seat 2: neps46 folded on the Turn
Seat 3: Dorex2007 folded before Flop (didn't bet)
Seat 4: AHTuxpucm folded before Flop (didn't bet)
Seat 5: xxxx35 (button) folded before Flop (didn't bet)
Seat 7: lotojas (small blind) folded before Flop
Seat 8: donramon9 (big blind) folded on the Turn
Seat 9: holdend51 collected ($0.18)



PokerStars Hand #227628630948:  Hold'em No Limit ($0.01/$0.02 USD) - 2021/06/16 12:30:48 PT [2021/06/16 15:30:48 ET]
Table 'Panthoos II' 9-max Seat #7 is the button
Seat 1: caroteen ($0.78 in chips) 
Seat 2: neps46 ($9.26 in chips) 
Seat 3: Dorex2007 ($4.65 in chips) 
Seat 4: AHTuxpucm ($2.25 in chips) 
Seat 5: xxxx35 ($1.67 in chips) 
Seat 7: lotojas ($2.02 in chips) 
Seat 8: donramon9 ($1.17 in chips) 
Seat 9: holdend51 ($2.21 in chips) 
donramon9: posts small blind $0.01
holdend51: posts big blind $0.02
*** HOLE CARDS ***
Dealt to Dorex2007 [2c Js]
caroteen: folds 
neps46: folds 
Dorex2007: folds 
AHTuxpucm: raises $0.04 to $0.06
xxxx35: folds 
lotojas: folds 
donramon9: folds 
holdend51: folds 
Uncalled bet ($0.04) returned to AHTuxpucm
AHTuxpucm collected $0.05 from pot
AHTuxpucm: doesn't show hand 
*** SUMMARY ***
Total pot $0.05 | Rake $0 
Seat 1: caroteen folded before Flop (didn't bet)
Seat 2: neps46 folded before Flop (didn't bet)
Seat 3: Dorex2007 folded before Flop (didn't bet)
Seat 4: AHTuxpucm collected ($0.05)
Seat 5: xxxx35 folded before Flop (didn't bet)
Seat 7: lotojas (button) folded before Flop (didn't bet)
Seat 8: donramon9 (small blind) folded before Flop
Seat 9: holdend51 (big blind) folded before Flop



PokerStars Hand #227628637276:  Hold'em No Limit ($0.01/$0.02 USD) - 2021/06/16 12:31:02 PT [2021/06/16 15:31:02 ET]
Table 'Panthoos II' 9-max Seat #8 is the button
Seat 1: caroteen ($0.78 in chips) 
Seat 2: neps46 ($9.26 in chips) 
Seat 3: Dorex2007 ($4.65 in chips) 
Seat 4: AHTuxpucm ($2.28 in chips) 
Seat 5: xxxx35 ($1.67 in chips) 
Seat 7: lotojas ($2.02 in chips) 
Seat 8: donramon9 ($1.16 in chips) 
Seat 9: holdend51 ($2.19 in chips) 
holdend51: posts small blind $0.01
caroteen: posts big blind $0.02
*** HOLE CARDS ***
Dealt to Dorex2007 [Kc 7h]
neps46: folds 
Dorex2007: folds 
AHTuxpucm: folds 
xxxx35: folds 
lotojas has timed out
lotojas: folds 
donramon9: calls $0.02
holdend51: folds 
caroteen: checks 
*** FLOP *** [2d Ac Qd]
caroteen: checks 
donramon9: checks 
*** TURN *** [2d Ac Qd] [8h]
caroteen: checks 
donramon9: bets $0.04
caroteen: folds 
Uncalled bet ($0.04) returned to donramon9
donramon9 collected $0.05 from pot
*** SUMMARY ***
Total pot $0.05 | Rake $0 
Board [2d Ac Qd 8h]
Seat 1: caroteen (big blind) folded on the Turn
Seat 2: neps46 folded before Flop (didn't bet)
Seat 3: Dorex2007 folded before Flop (didn't bet)
Seat 4: AHTuxpucm folded before Flop (didn't bet)
Seat 5: xxxx35 folded before Flop (didn't bet)
Seat 7: lotojas folded before Flop (didn't bet)
Seat 8: donramon9 (button) collected ($0.05)
Seat 9: holdend51 (small blind) folded before Flop



PokerStars Hand #227628654448:  Hold'em No Limit ($0.01/$0.02 USD) - 2021/06/16 12:31:40 PT [2021/06/16 15:31:40 ET]
Table 'Panthoos II' 9-max Seat #9 is the button
Seat 1: caroteen ($0.76 in chips) 
Seat 2: neps46 ($9.26 in chips) 
Seat 3: Dorex2007 ($4.65 in chips) 
Seat 4: AHTuxpucm ($2.28 in chips) 
Seat 5: xxxx35 ($1.67 in chips) 
Seat 7: lotojas ($2.02 in chips) 
Seat 8: donramon9 ($1.19 in chips) 
Seat 9: holdend51 ($2.18 in chips) 
caroteen: posts small blind $0.01
neps46: posts big blind $0.02
*** HOLE CARDS ***
Dealt to Dorex2007 [Ad 2d]
Dorex2007: folds 
AHTuxpucm: folds 
xxxx35: folds 
lotojas: folds 
donramon9: folds 
holdend51: raises $0.04 to $0.06
caroteen: folds 
neps46: folds 
Uncalled bet ($0.04) returned to holdend51
holdend51 collected $0.05 from pot
holdend51: doesn't show hand 
*** SUMMARY ***
Total pot $0.05 | Rake $0 
Seat 1: caroteen (small blind) folded before Flop
Seat 2: neps46 (big blind) folded before Flop
Seat 3: Dorex2007 folded before Flop (didn't bet)
Seat 4: AHTuxpucm folded before Flop (didn't bet)
Seat 5: xxxx35 folded before Flop (didn't bet)
Seat 7: lotojas folded before Flop (didn't bet)
Seat 8: donramon9 folded before Flop (didn't bet)
Seat 9: holdend51 (button) collected ($0.05)



PokerStars Hand #227628662959:  Hold'em No Limit ($0.01/$0.02 USD) - 2021/06/16 12:31:59 PT [2021/06/16 15:31:59 ET]
Table 'Panthoos II' 9-max Seat #1 is the button
Seat 1: caroteen ($0.75 in chips) 
Seat 2: neps46 ($9.24 in chips) 
Seat 3: Dorex2007 ($4.65 in chips) 
Seat 4: AHTuxpucm ($2.28 in chips) 
Seat 5: xxxx35 ($1.67 in chips) 
Seat 7: lotojas ($2.02 in chips) 
Seat 8: donramon9 ($1.19 in chips) 
Seat 9: holdend51 ($2.21 in chips) 
neps46: posts small blind $0.01
Dorex2007: posts big blind $0.02
*** HOLE CARDS ***
Dealt to Dorex2007 [Qc 2c]
AHTuxpucm: folds 
xxxx35: folds 
lotojas: folds 
donramon9: folds 
holdend51: folds 
caroteen: folds 
neps46: folds 
Uncalled bet ($0.01) returned to Dorex2007
Dorex2007 collected $0.02 from pot
Dorex2007: doesn't show hand 
*** SUMMARY ***
Total pot $0.02 | Rake $0 
Seat 1: caroteen (button) folded before Flop (didn't bet)
Seat 2: neps46 (small blind) folded before Flop
Seat 3: Dorex2007 (big blind) collected ($0.02)
Seat 4: AHTuxpucm folded before Flop (didn't bet)
Seat 5: xxxx35 folded before Flop (didn't bet)
Seat 7: lotojas folded before Flop (didn't bet)
Seat 8: donramon9 folded before Flop (didn't bet)
Seat 9: holdend51 folded before Flop (didn't bet)



PokerStars Hand #227628670768:  Hold'em No Limit ($0.01/$0.02 USD) - 2021/06/16 12:32:17 PT [2021/06/16 15:32:17 ET]
Table 'Panthoos II' 9-max Seat #2 is the button
Seat 1: caroteen ($0.75 in chips) 
Seat 2: neps46 ($9.23 in chips) 
Seat 3: Dorex2007 ($4.66 in chips) 
Seat 4: AHTuxpucm ($2.28 in chips) 
Seat 5: xxxx35 ($1.67 in chips) 
Seat 7: lotojas ($2.02 in chips) 
Seat 8: donramon9 ($1.19 in chips) 
Seat 9: holdend51 ($2.21 in chips) 
Dorex2007: posts small blind $0.01
AHTuxpucm: posts big blind $0.02
Mtosha: sits out 
*** HOLE CARDS ***
Dealt to Dorex2007 [8c Th]
xxxx35: folds 
lotojas: folds 
donramon9: folds 
holdend51: folds 
caroteen: folds 
neps46: raises $0.04 to $0.06
Dorex2007: folds 
AHTuxpucm: folds 
Uncalled bet ($0.04) returned to neps46
neps46 collected $0.05 from pot
neps46: doesn't show hand 
*** SUMMARY ***
Total pot $0.05 | Rake $0 
Seat 1: caroteen folded before Flop (didn't bet)
Seat 2: neps46 (button) collected ($0.05)
Seat 3: Dorex2007 (small blind) folded before Flop
Seat 4: AHTuxpucm (big blind) folded before Flop
Seat 5: xxxx35 folded before Flop (didn't bet)
Seat 7: lotojas folded before Flop (didn't bet)
Seat 8: donramon9 folded before Flop (didn't bet)
Seat 9: holdend51 folded before Flop (didn't bet)



PokerStars Hand #227628678499:  Hold'em No Limit ($0.01/$0.02 USD) - 2021/06/16 12:32:34 PT [2021/06/16 15:32:34 ET]
Table 'Panthoos II' 9-max Seat #3 is the button
Seat 1: caroteen ($0.75 in chips) 
Seat 2: neps46 ($9.26 in chips) 
Seat 3: Dorex2007 ($4.65 in chips) 
Seat 4: AHTuxpucm ($2.26 in chips) 
Seat 5: xxxx35 ($1.67 in chips) 
Seat 7: lotojas ($2.02 in chips) 
Seat 8: donramon9 ($1.19 in chips) 
Seat 9: holdend51 ($2.21 in chips) 
AHTuxpucm: posts small blind $0.01
xxxx35: posts big blind $0.02
Mtosha: sits out 
*** HOLE CARDS ***
Dealt to Dorex2007 [Qh Ts]
lotojas: folds 
donramon9: folds 
holdend51: folds 
caroteen: folds 
neps46: folds 
Dorex2007: raises $0.04 to $0.06
AHTuxpucm: folds 
xxxx35: folds 
Uncalled bet ($0.04) returned to Dorex2007
Dorex2007 collected $0.05 from pot
Dorex2007: doesn't show hand 
*** SUMMARY ***
Total pot $0.05 | Rake $0 
Seat 1: caroteen folded before Flop (didn't bet)
Seat 2: neps46 folded before Flop (didn't bet)
Seat 3: Dorex2007 (button) collected ($0.05)
Seat 4: AHTuxpucm (small blind) folded before Flop
Seat 5: xxxx35 (big blind) folded before Flop
Seat 7: lotojas folded before Flop (didn't bet)
Seat 8: donramon9 folded before Flop (didn't bet)
Seat 9: holdend51 folded before Flop (didn't bet)



PokerStars Hand #227628685667:  Hold'em No Limit ($0.01/$0.02 USD) - 2021/06/16 12:32:50 PT [2021/06/16 15:32:50 ET]
Table 'Panthoos II' 9-max Seat #4 is the button
Seat 1: caroteen ($0.75 in chips) 
Seat 2: neps46 ($9.26 in chips) 
Seat 3: Dorex2007 ($4.68 in chips) 
Seat 4: AHTuxpucm ($2.25 in chips) 
Seat 5: xxxx35 ($1.65 in chips) 
Seat 6: Mtosha ($2.15 in chips) 
Seat 7: lotojas ($2.02 in chips) 
Seat 8: donramon9 ($1.19 in chips) 
Seat 9: holdend51 ($2.21 in chips) 
xxxx35: posts small blind $0.01
Mtosha: posts big blind $0.02
*** HOLE CARDS ***
Dealt to Dorex2007 [4h 2s]
lotojas: folds 
donramon9: folds 
holdend51: folds 
caroteen: calls $0.02
neps46: raises $0.07 to $0.09
Dorex2007: folds 
AHTuxpucm: folds 
xxxx35: folds 
Mtosha: folds 
caroteen: raises $0.66 to $0.75 and is all-in
neps46: folds 
Uncalled bet ($0.66) returned to caroteen
caroteen collected $0.21 from pot
caroteen: doesn't show hand 
*** SUMMARY ***
Total pot $0.21 | Rake $0 
Seat 1: caroteen collected ($0.21)
Seat 2: neps46 folded before Flop
Seat 3: Dorex2007 folded before Flop (didn't bet)
Seat 4: AHTuxpucm (button) folded before Flop (didn't bet)
Seat 5: xxxx35 (small blind) folded before Flop
Seat 6: Mtosha (big blind) folded before Flop
Seat 7: lotojas folded before Flop (didn't bet)
Seat 8: donramon9 folded before Flop (didn't bet)
Seat 9: holdend51 folded before Flop (didn't bet)



PokerStars Hand #227628698121:  Hold'em No Limit ($0.01/$0.02 USD) - 2021/06/16 12:33:18 PT [2021/06/16 15:33:18 ET]
Table 'Panthoos II' 9-max Seat #5 is the button
Seat 1: caroteen ($0.87 in chips) 
Seat 2: neps46 ($9.17 in chips) 
Seat 3: Dorex2007 ($4.68 in chips) 
Seat 4: AHTuxpucm ($2.25 in chips) 
Seat 5: xxxx35 ($1.64 in chips) 
Seat 6: Mtosha ($2.13 in chips) 
Seat 7: lotojas ($2.02 in chips) 
Seat 8: donramon9 ($1.19 in chips) 
Seat 9: holdend51 ($2.21 in chips) 
Mtosha: posts small blind $0.01
lotojas: posts big blind $0.02
*** HOLE CARDS ***
Dealt to Dorex2007 [5d 5c]
donramon9: folds 
holdend51: folds 
caroteen: folds 
neps46: folds 
Dorex2007: raises $0.02 to $0.04
AHTuxpucm: folds 
xxxx35: raises $0.06 to $0.10
Mtosha: calls $0.09
lotojas: calls $0.08
Dorex2007: calls $0.06
*** FLOP *** [3d 9d 9s]
Mtosha: checks 
lotojas: checks 
Dorex2007: checks 
xxxx35: bets $0.26
Mtosha: folds 
lotojas: folds 
Dorex2007: folds 
Uncalled bet ($0.26) returned to xxxx35
xxxx35 collected $0.39 from pot
*** SUMMARY ***
Total pot $0.40 | Rake $0.01 
Board [3d 9d 9s]
Seat 1: caroteen folded before Flop (didn't bet)
Seat 2: neps46 folded before Flop (didn't bet)
Seat 3: Dorex2007 folded on the Flop
Seat 4: AHTuxpucm folded before Flop (didn't bet)
Seat 5: xxxx35 (button) collected ($0.39)
Seat 6: Mtosha (small blind) folded on the Flop
Seat 7: lotojas (big blind) folded on the Flop
Seat 8: donramon9 folded before Flop (didn't bet)
Seat 9: holdend51 folded before Flop (didn't bet)



PokerStars Hand #227628723424:  Hold'em No Limit ($0.01/$0.02 USD) - 2021/06/16 12:34:14 PT [2021/06/16 15:34:14 ET]
Table 'Panthoos II' 9-max Seat #6 is the button
Seat 1: caroteen ($0.87 in chips) 
Seat 2: neps46 ($9.17 in chips) 
Seat 3: Dorex2007 ($4.58 in chips) 
Seat 4: AHTuxpucm ($2.25 in chips) 
Seat 5: xxxx35 ($1.93 in chips) 
Seat 6: Mtosha ($2.03 in chips) 
Seat 7: lotojas ($2 in chips) 
Seat 8: donramon9 ($1.19 in chips) 
Seat 9: holdend51 ($2.21 in chips) 
lotojas: posts small blind $0.01
donramon9: posts big blind $0.02
*** HOLE CARDS ***
Dealt to Dorex2007 [8c 9s]
holdend51: folds 
caroteen: raises $0.02 to $0.04
neps46: folds 
Dorex2007: folds 
AHTuxpucm: folds 
xxxx35: folds 
Mtosha: raises $0.10 to $0.14
lotojas: folds 
donramon9: folds 
caroteen: calls $0.10
*** FLOP *** [6h 2h 7d]
caroteen: bets $0.04
Mtosha: calls $0.04
*** TURN *** [6h 2h 7d] [7s]
caroteen: bets $0.04
Mtosha: calls $0.04
*** RIVER *** [6h 2h 7d 7s] [6d]
caroteen: bets $0.04
Mtosha: folds 
Uncalled bet ($0.04) returned to caroteen
caroteen collected $0.45 from pot
caroteen: doesn't show hand 
*** SUMMARY ***
Total pot $0.47 | Rake $0.02 
Board [6h 2h 7d 7s 6d]
Seat 1: caroteen collected ($0.45)
Seat 2: neps46 folded before Flop (didn't bet)
Seat 3: Dorex2007 folded before Flop (didn't bet)
Seat 4: AHTuxpucm folded before Flop (didn't bet)
Seat 5: xxxx35 folded before Flop (didn't bet)
Seat 6: Mtosha (button) folded on the River
Seat 7: lotojas (small blind) folded before Flop
Seat 8: donramon9 (big blind) folded before Flop
Seat 9: holdend51 folded before Flop (didn't bet)



PokerStars Hand #227628752318:  Hold'em No Limit ($0.01/$0.02 USD) - 2021/06/16 12:35:18 PT [2021/06/16 15:35:18 ET]
Table 'Panthoos II' 9-max Seat #7 is the button
Seat 1: caroteen ($1.10 in chips) 
Seat 2: neps46 ($9.17 in chips) 
Seat 3: Dorex2007 ($4.58 in chips) 
Seat 4: AHTuxpucm ($2.25 in chips) 
Seat 5: xxxx35 ($1.93 in chips) 
Seat 6: Mtosha ($2 in chips) 
Seat 7: lotojas ($2 in chips) 
Seat 8: donramon9 ($1.17 in chips) 
Seat 9: holdend51 ($2.21 in chips) 
donramon9: posts small blind $0.01
holdend51: posts big blind $0.02
*** HOLE CARDS ***
Dealt to Dorex2007 [Ac 4d]
caroteen: calls $0.02
neps46: folds 
Dorex2007: folds 
AHTuxpucm: folds 
xxxx35: raises $0.06 to $0.08
Mtosha: folds 
lotojas: folds 
donramon9: folds 
holdend51: folds 
caroteen: folds 
Uncalled bet ($0.06) returned to xxxx35
xxxx35 collected $0.07 from pot
*** SUMMARY ***
Total pot $0.07 | Rake $0 
Seat 1: caroteen folded before Flop
Seat 2: neps46 folded before Flop (didn't bet)
Seat 3: Dorex2007 folded before Flop (didn't bet)
Seat 4: AHTuxpucm folded before Flop (didn't bet)
Seat 5: xxxx35 collected ($0.07)
Seat 6: Mtosha folded before Flop (didn't bet)
Seat 7: lotojas (button) folded before Flop (didn't bet)
Seat 8: donramon9 (small blind) folded before Flop
Seat 9: holdend51 (big blind) folded before Flop



PokerStars Hand #227628763569:  Hold'em No Limit ($0.01/$0.02 USD) - 2021/06/16 12:35:43 PT [2021/06/16 15:35:43 ET]
Table 'Panthoos II' 9-max Seat #8 is the button
Seat 1: caroteen ($1.08 in chips) 
Seat 2: neps46 ($9.17 in chips) 
Seat 3: Dorex2007 ($4.58 in chips) 
Seat 4: AHTuxpucm ($2.25 in chips) 
Seat 5: xxxx35 ($1.98 in chips) 
Seat 6: Mtosha ($2 in chips) 
Seat 7: lotojas ($2 in chips) 
Seat 8: donramon9 ($1.16 in chips) 
Seat 9: holdend51 ($2.19 in chips) 
holdend51: posts small blind $0.01
caroteen: posts big blind $0.02
*** HOLE CARDS ***
Dealt to Dorex2007 [4h 8c]
neps46: folds 
Dorex2007: folds 
AHTuxpucm: folds 
xxxx35: folds 
Mtosha: folds 
lotojas: folds 
donramon9: folds 
holdend51: raises $0.04 to $0.06
caroteen: folds 
Uncalled bet ($0.04) returned to holdend51
holdend51 collected $0.04 from pot
holdend51: doesn't show hand 
*** SUMMARY ***
Total pot $0.04 | Rake $0 
Seat 1: caroteen (big blind) folded before Flop
Seat 2: neps46 folded before Flop (didn't bet)
Seat 3: Dorex2007 folded before Flop (didn't bet)
Seat 4: AHTuxpucm folded before Flop (didn't bet)
Seat 5: xxxx35 folded before Flop (didn't bet)
Seat 6: Mtosha folded before Flop (didn't bet)
Seat 7: lotojas folded before Flop (didn't bet)
Seat 8: donramon9 (button) folded before Flop (didn't bet)
Seat 9: holdend51 (small blind) collected ($0.04)



PokerStars Hand #227628772864:  Hold'em No Limit ($0.01/$0.02 USD) - 2021/06/16 12:36:04 PT [2021/06/16 15:36:04 ET]
Table 'Panthoos II' 9-max Seat #9 is the button
Seat 1: caroteen ($1.06 in chips) 
Seat 2: neps46 ($9.17 in chips) 
Seat 3: Dorex2007 ($4.58 in chips) 
Seat 4: AHTuxpucm ($2.25 in chips) 
Seat 5: xxxx35 ($1.98 in chips) 
Seat 6: Mtosha ($2 in chips) 
Seat 7: lotojas ($2 in chips) 
Seat 8: donramon9 ($1.16 in chips) 
Seat 9: holdend51 ($2.21 in chips) 
caroteen: posts small blind $0.01
neps46: posts big blind $0.02
*** HOLE CARDS ***
Dealt to Dorex2007 [Kh 8s]
Dorex2007: folds 
AHTuxpucm: folds 
xxxx35: folds 
Mtosha: folds 
lotojas: raises $0.04 to $0.06
donramon9: folds 
holdend51: folds 
caroteen: folds 
neps46: folds 
Uncalled bet ($0.04) returned to lotojas
lotojas collected $0.05 from pot
lotojas: doesn't show hand 
*** SUMMARY ***
Total pot $0.05 | Rake $0 
Seat 1: caroteen (small blind) folded before Flop
Seat 2: neps46 (big blind) folded before Flop
Seat 3: Dorex2007 folded before Flop (didn't bet)
Seat 4: AHTuxpucm folded before Flop (didn't bet)
Seat 5: xxxx35 folded before Flop (didn't bet)
Seat 6: Mtosha folded before Flop (didn't bet)
Seat 7: lotojas collected ($0.05)
Seat 8: donramon9 folded before Flop (didn't bet)
Seat 9: holdend51 (button) folded before Flop (didn't bet)



PokerStars Hand #227628784427:  Hold'em No Limit ($0.01/$0.02 USD) - 2021/06/16 12:36:30 PT [2021/06/16 15:36:30 ET]
Table 'Panthoos II' 9-max Seat #1 is the button
Seat 1: caroteen ($1.05 in chips) 
Seat 2: neps46 ($9.15 in chips) 
Seat 3: Dorex2007 ($4.58 in chips) 
Seat 4: AHTuxpucm ($2.25 in chips) 
Seat 5: xxxx35 ($1.98 in chips) 
Seat 6: Mtosha ($2 in chips) 
Seat 7: lotojas ($2.03 in chips) 
Seat 8: donramon9 ($1.16 in chips) 
Seat 9: holdend51 ($2.21 in chips) 
neps46: posts small blind $0.01
Dorex2007: posts big blind $0.02
*** HOLE CARDS ***
Dealt to Dorex2007 [Jh 2c]
AHTuxpucm: raises $0.04 to $0.06
xxxx35: folds 
Mtosha: folds 
lotojas: calls $0.06
donramon9: folds 
holdend51: folds 
caroteen: folds 
neps46: calls $0.05
Dorex2007: folds 
*** FLOP *** [8d 6s 8c]
neps46: checks 
AHTuxpucm: checks 
lotojas: checks 
*** TURN *** [8d 6s 8c] [3d]
neps46: checks 
AHTuxpucm: bets $0.12
lotojas: folds 
neps46: folds 
Uncalled bet ($0.12) returned to AHTuxpucm
AHTuxpucm collected $0.19 from pot
AHTuxpucm: doesn't show hand 
*** SUMMARY ***
Total pot $0.20 | Rake $0.01 
Board [8d 6s 8c 3d]
Seat 1: caroteen (button) folded before Flop (didn't bet)
Seat 2: neps46 (small blind) folded on the Turn
Seat 3: Dorex2007 (big blind) folded before Flop
Seat 4: AHTuxpucm collected ($0.19)
Seat 5: xxxx35 folded before Flop (didn't bet)
Seat 6: Mtosha folded before Flop (didn't bet)
Seat 7: lotojas folded on the Turn
Seat 8: donramon9 folded before Flop (didn't bet)
Seat 9: holdend51 folded before Flop (didn't bet)



PokerStars Hand #227628806856:  Hold'em No Limit ($0.01/$0.02 USD) - 2021/06/16 12:37:20 PT [2021/06/16 15:37:20 ET]
Table 'Panthoos II' 9-max Seat #2 is the button
Seat 1: caroteen ($1.05 in chips) 
Seat 2: neps46 ($9.09 in chips) 
Seat 3: Dorex2007 ($4.56 in chips) 
Seat 4: AHTuxpucm ($2.38 in chips) 
Seat 5: xxxx35 ($1.98 in chips) 
Seat 6: Mtosha ($2 in chips) 
Seat 7: lotojas ($2 in chips) 
Seat 8: donramon9 ($1.16 in chips) 
Seat 9: holdend51 ($2.21 in chips) 
Dorex2007: posts small blind $0.01
AHTuxpucm: posts big blind $0.02
*** HOLE CARDS ***
Dealt to Dorex2007 [As Jh]
xxxx35: folds 
Mtosha: folds 
lotojas: folds 
donramon9: raises $0.08 to $0.10
holdend51: folds 
caroteen: folds 
neps46: folds 
Dorex2007: folds 
AHTuxpucm: folds 
Uncalled bet ($0.08) returned to donramon9
donramon9 collected $0.05 from pot
donramon9: doesn't show hand 
*** SUMMARY ***
Total pot $0.05 | Rake $0 
Seat 1: caroteen folded before Flop (didn't bet)
Seat 2: neps46 (button) folded before Flop (didn't bet)
Seat 3: Dorex2007 (small blind) folded before Flop
Seat 4: AHTuxpucm (big blind) folded before Flop
Seat 5: xxxx35 folded before Flop (didn't bet)
Seat 6: Mtosha folded before Flop (didn't bet)
Seat 7: lotojas folded before Flop (didn't bet)
Seat 8: donramon9 collected ($0.05)
Seat 9: holdend51 folded before Flop (didn't bet)



PokerStars Hand #227628821022:  Hold'em No Limit ($0.01/$0.02 USD) - 2021/06/16 12:37:51 PT [2021/06/16 15:37:51 ET]
Table 'Panthoos II' 9-max Seat #3 is the button
Seat 1: caroteen ($1.05 in chips) 
Seat 2: neps46 ($9.09 in chips) 
Seat 3: Dorex2007 ($4.55 in chips) 
Seat 4: AHTuxpucm ($2.36 in chips) 
Seat 5: xxxx35 ($1.98 in chips) 
Seat 6: Mtosha ($2 in chips) 
Seat 7: lotojas ($2 in chips) 
Seat 8: donramon9 ($1.19 in chips) 
Seat 9: holdend51 ($2.21 in chips) 
AHTuxpucm: posts small blind $0.01
xxxx35: posts big blind $0.02
*** HOLE CARDS ***
Dealt to Dorex2007 [5s 3s]
Mtosha: folds 
lotojas: folds 
donramon9: folds 
holdend51: folds 
caroteen: folds 
neps46: folds 
donramon9 leaves the table
Dorex2007: folds 
Mr.Galichev joins the table at seat #8 
AHTuxpucm: raises $0.04 to $0.06
xxxx35: calls $0.04
*** FLOP *** [Js 7s 6s]
AHTuxpucm: bets $0.06
xxxx35: calls $0.06
*** TURN *** [Js 7s 6s] [5c]
AHTuxpucm: bets $0.12
xxxx35: raises $0.12 to $0.24
AHTuxpucm: calls $0.12
*** RIVER *** [Js 7s 6s 5c] [Jh]
AHTuxpucm: checks 
xxxx35: bets $0.28
AHTuxpucm: calls $0.28
*** SHOW DOWN ***
xxxx35: shows [9d 8h] (a straight, Five to Nine)
AHTuxpucm: mucks hand 
xxxx35 collected $1.24 from pot
*** SUMMARY ***
Total pot $1.28 | Rake $0.04 
Board [Js 7s 6s 5c Jh]
Seat 1: caroteen folded before Flop (didn't bet)
Seat 2: neps46 folded before Flop (didn't bet)
Seat 3: Dorex2007 (button) folded before Flop (didn't bet)
Seat 4: AHTuxpucm (small blind) mucked [Kc Jd]
Seat 5: xxxx35 (big blind) showed [9d 8h] and won ($1.24) with a straight, Five to Nine
Seat 6: Mtosha folded before Flop (didn't bet)
Seat 7: lotojas folded before Flop (didn't bet)
Seat 8: donramon9 folded before Flop (didn't bet)
Seat 9: holdend51 folded before Flop (didn't bet)



PokerStars Hand #227628850893:  Hold'em No Limit ($0.01/$0.02 USD) - 2021/06/16 12:38:57 PT [2021/06/16 15:38:57 ET]
Table 'Panthoos II' 9-max Seat #4 is the button
Seat 1: caroteen ($1.05 in chips) 
Seat 2: neps46 ($9.09 in chips) 
Seat 3: Dorex2007 ($4.55 in chips) 
Seat 4: AHTuxpucm ($2 in chips) 
Seat 5: xxxx35 ($2.58 in chips) 
Seat 6: Mtosha ($2 in chips) 
Seat 7: lotojas ($2 in chips) 
Seat 9: holdend51 ($2.21 in chips) 
xxxx35: posts small blind $0.01
Mtosha: posts big blind $0.02
Mr.Galichev: sits out 
*** HOLE CARDS ***
Dealt to Dorex2007 [Qd Kc]
lotojas: folds 
holdend51: raises $0.04 to $0.06
caroteen: folds 
neps46: folds 
Dorex2007: folds 
AHTuxpucm: folds 
xxxx35: folds 
Mtosha: folds 
Uncalled bet ($0.04) returned to holdend51
holdend51 collected $0.05 from pot
holdend51: doesn't show hand 
*** SUMMARY ***
Total pot $0.05 | Rake $0 
Seat 1: caroteen folded before Flop (didn't bet)
Seat 2: neps46 folded before Flop (didn't bet)
Seat 3: Dorex2007 folded before Flop (didn't bet)
Seat 4: AHTuxpucm (button) folded before Flop (didn't bet)
Seat 5: xxxx35 (small blind) folded before Flop
Seat 6: Mtosha (big blind) folded before Flop
Seat 7: lotojas folded before Flop (didn't bet)
Seat 9: holdend51 collected ($0.05)



PokerStars Hand #227628862533:  Hold'em No Limit ($0.01/$0.02 USD) - 2021/06/16 12:39:23 PT [2021/06/16 15:39:23 ET]
Table 'Panthoos II' 9-max Seat #5 is the button
Seat 1: caroteen ($1.05 in chips) 
Seat 2: neps46 ($9.09 in chips) 
Seat 3: Dorex2007 ($4.55 in chips) 
Seat 4: AHTuxpucm ($2 in chips) 
Seat 5: xxxx35 ($2.57 in chips) 
Seat 6: Mtosha ($2 in chips) 
Seat 7: lotojas ($2 in chips) 
Seat 9: holdend51 ($2.24 in chips) 
Mtosha: posts small blind $0.01
lotojas: posts big blind $0.02
Mr.Galichev: sits out 
*** HOLE CARDS ***
Dealt to Dorex2007 [2d 8d]
holdend51: folds 
caroteen: folds 
neps46: folds 
Dorex2007: folds 
AHTuxpucm: folds 
xxxx35: raises $0.03 to $0.05
Mtosha: folds 
lotojas: folds 
Uncalled bet ($0.03) returned to xxxx35
xxxx35 collected $0.05 from pot
*** SUMMARY ***
Total pot $0.05 | Rake $0 
Seat 1: caroteen folded before Flop (didn't bet)
Seat 2: neps46 folded before Flop (didn't bet)
Seat 3: Dorex2007 folded before Flop (didn't bet)
Seat 4: AHTuxpucm folded before Flop (didn't bet)
Seat 5: xxxx35 (button) collected ($0.05)
Seat 6: Mtosha (small blind) folded before Flop
Seat 7: lotojas (big blind) folded before Flop
Seat 9: holdend51 folded before Flop (didn't bet)



PokerStars Hand #227628870888:  Hold'em No Limit ($0.01/$0.02 USD) - 2021/06/16 12:39:41 PT [2021/06/16 15:39:41 ET]
Table 'Panthoos II' 9-max Seat #6 is the button
Seat 1: caroteen ($1.05 in chips) 
Seat 2: neps46 ($9.09 in chips) 
Seat 3: Dorex2007 ($4.55 in chips) 
Seat 4: AHTuxpucm ($2 in chips) 
Seat 5: xxxx35 ($2.60 in chips) 
Seat 6: Mtosha ($2 in chips) 
Seat 7: lotojas ($2 in chips) 
Seat 8: Mr.Galichev ($2 in chips) 
Seat 9: holdend51 ($2.24 in chips) 
lotojas: posts small blind $0.01
Mr.Galichev: posts big blind $0.02
*** HOLE CARDS ***
Dealt to Dorex2007 [6h 4c]
holdend51: raises $0.04 to $0.06
caroteen: folds 
neps46: folds 
Dorex2007: folds 
AHTuxpucm: folds 
xxxx35: folds 
Mtosha: folds 
lotojas: folds 
Mr.Galichev: folds 
Uncalled bet ($0.04) returned to holdend51
holdend51 collected $0.05 from pot
holdend51: doesn't show hand 
*** SUMMARY ***
Total pot $0.05 | Rake $0 
Seat 1: caroteen folded before Flop (didn't bet)
Seat 2: neps46 folded before Flop (didn't bet)
Seat 3: Dorex2007 folded before Flop (didn't bet)
Seat 4: AHTuxpucm folded before Flop (didn't bet)
Seat 5: xxxx35 folded before Flop (didn't bet)
Seat 6: Mtosha (button) folded before Flop (didn't bet)
Seat 7: lotojas (small blind) folded before Flop
Seat 8: Mr.Galichev (big blind) folded before Flop
Seat 9: holdend51 collected ($0.05)



PokerStars Hand #227628878871:  Hold'em No Limit ($0.01/$0.02 USD) - 2021/06/16 12:39:59 PT [2021/06/16 15:39:59 ET]
Table 'Panthoos II' 9-max Seat #7 is the button
Seat 1: caroteen ($1.05 in chips) 
Seat 2: neps46 ($9.09 in chips) 
Seat 3: Dorex2007 ($4.55 in chips) 
Seat 4: AHTuxpucm ($2 in chips) 
Seat 5: xxxx35 ($2.60 in chips) 
Seat 6: Mtosha ($2 in chips) 
Seat 7: lotojas ($2 in chips) 
Seat 8: Mr.Galichev ($2 in chips) 
Seat 9: holdend51 ($2.27 in chips) 
Mr.Galichev: posts small blind $0.01
holdend51: posts big blind $0.02
*** HOLE CARDS ***
Dealt to Dorex2007 [3d As]
caroteen: folds 
neps46: folds 
Dorex2007: folds 
AHTuxpucm: raises $0.04 to $0.06
xxxx35: folds 
Mtosha: folds 
lotojas: folds 
Mr.Galichev: folds 
holdend51: folds 
Uncalled bet ($0.04) returned to AHTuxpucm
AHTuxpucm collected $0.05 from pot
AHTuxpucm: doesn't show hand 
*** SUMMARY ***
Total pot $0.05 | Rake $0 
Seat 1: caroteen folded before Flop (didn't bet)
Seat 2: neps46 folded before Flop (didn't bet)
Seat 3: Dorex2007 folded before Flop (didn't bet)
Seat 4: AHTuxpucm collected ($0.05)
Seat 5: xxxx35 folded before Flop (didn't bet)
Seat 6: Mtosha folded before Flop (didn't bet)
Seat 7: lotojas (button) folded before Flop (didn't bet)
Seat 8: Mr.Galichev (small blind) folded before Flop
Seat 9: holdend51 (big blind) folded before Flop



PokerStars Hand #227628888372:  Hold'em No Limit ($0.01/$0.02 USD) - 2021/06/16 12:40:20 PT [2021/06/16 15:40:20 ET]
Table 'Panthoos II' 9-max Seat #8 is the button
Seat 1: caroteen ($1.05 in chips) 
Seat 2: neps46 ($9.09 in chips) 
Seat 3: Dorex2007 ($4.55 in chips) 
Seat 4: AHTuxpucm ($2.03 in chips) 
Seat 5: xxxx35 ($2.60 in chips) 
Seat 6: Mtosha ($2 in chips) 
Seat 7: lotojas ($2 in chips) 
Seat 8: Mr.Galichev ($2 in chips) 
Seat 9: holdend51 ($2.25 in chips) 
holdend51: posts small blind $0.01
caroteen: posts big blind $0.02
*** HOLE CARDS ***
Dealt to Dorex2007 [6h Ad]
neps46: folds 
Dorex2007: folds 
AHTuxpucm: raises $0.04 to $0.06
xxxx35: folds 
Mtosha: folds 
lotojas: folds 
Mr.Galichev: raises $0.14 to $0.20
holdend51: folds 
caroteen: folds 
AHTuxpucm: raises $0.30 to $0.50
Mr.Galichev: raises $1.50 to $2 and is all-in
AHTuxpucm: calls $1.50
*** FLOP *** [Ac Kc Jd]
*** TURN *** [Ac Kc Jd] [Td]
*** RIVER *** [Ac Kc Jd Td] [4s]
*** SHOW DOWN ***
AHTuxpucm: shows [Kh Kd] (three of a kind, Kings)
Mr.Galichev: shows [As Ah] (three of a kind, Aces)
Mr.Galichev collected $3.89 from pot
*** SUMMARY ***
Total pot $4.03 | Rake $0.14 
Board [Ac Kc Jd Td 4s]
Seat 1: caroteen (big blind) folded before Flop
Seat 2: neps46 folded before Flop (didn't bet)
Seat 3: Dorex2007 folded before Flop (didn't bet)
Seat 4: AHTuxpucm showed [Kh Kd] and lost with three of a kind, Kings
Seat 5: xxxx35 folded before Flop (didn't bet)
Seat 6: Mtosha folded before Flop (didn't bet)
Seat 7: lotojas folded before Flop (didn't bet)
Seat 8: Mr.Galichev (button) showed [As Ah] and won ($3.89) with three of a kind, Aces
Seat 9: holdend51 (small blind) folded before Flop



