PokerStars Hand #223627741206:  Hold'em No Limit ($0.01/$0.02 USD) - 2021/02/09 15:16:48 PT [2021/02/09 18:16:48 ET]
Table 'Simeisa III' 9-max Seat #6 is the button
Seat 1: falcontour ($1.98 in chips) 
Seat 2: asterizk ($2.66 in chips) 
Seat 3: boy_poker76 ($2.57 in chips) 
Seat 4: Abejito1910 ($1.38 in chips) 
Seat 5: Goldyk81 ($0.65 in chips) 
Seat 6: Petranhu ($4.17 in chips) 
Seat 7: knielsie74 ($1.12 in chips) 
Seat 8: Dorex2007 ($1.50 in chips) 
Seat 9: SUPERFISH35 ($2 in chips) 
knielsie74: posts small blind $0.01
Dorex2007: posts big blind $0.02
*** HOLE CARDS ***
Dealt to Dorex2007 [Qd Js]
SUPERFISH35: folds 
falcontour: folds 
asterizk: calls $0.02
boy_poker76: folds 
Abejito1910: calls $0.02
Goldyk81: folds 
Petranhu: raises $0.04 to $0.06
knielsie74: folds 
Dorex2007: calls $0.04
asterizk: calls $0.04
Abejito1910: folds 
*** FLOP *** [Td Qs Tc]
Dorex2007: bets $0.20
asterizk: folds 
Petranhu: folds 
Uncalled bet ($0.20) returned to Dorex2007
Dorex2007 collected $0.20 from pot
Dorex2007: doesn't show hand 
*** SUMMARY ***
Total pot $0.21 | Rake $0.01 
Board [Td Qs Tc]
Seat 1: falcontour folded before Flop (didn't bet)
Seat 2: asterizk folded on the Flop
Seat 3: boy_poker76 folded before Flop (didn't bet)
Seat 4: Abejito1910 folded before Flop
Seat 5: Goldyk81 folded before Flop (didn't bet)
Seat 6: Petranhu (button) folded on the Flop
Seat 7: knielsie74 (small blind) folded before Flop
Seat 8: Dorex2007 (big blind) collected ($0.20)
Seat 9: SUPERFISH35 folded before Flop (didn't bet)



PokerStars Hand #223627770501:  Hold'em No Limit ($0.01/$0.02 USD) - 2021/02/09 15:17:34 PT [2021/02/09 18:17:34 ET]
Table 'Simeisa III' 9-max Seat #7 is the button
Seat 1: falcontour ($1.98 in chips) 
Seat 2: asterizk ($2.60 in chips) 
Seat 3: boy_poker76 ($2.57 in chips) 
Seat 4: Abejito1910 ($1.36 in chips) 
Seat 5: Goldyk81 ($0.65 in chips) 
Seat 6: Petranhu ($4.11 in chips) 
Seat 7: knielsie74 ($1.11 in chips) 
Seat 8: Dorex2007 ($1.64 in chips) 
Seat 9: SUPERFISH35 ($2 in chips) 
Dorex2007: posts small blind $0.01
SUPERFISH35: posts big blind $0.02
*** HOLE CARDS ***
Dealt to Dorex2007 [2d 5d]
falcontour: folds 
asterizk: folds 
boy_poker76: folds 
Abejito1910: folds 
Goldyk81: folds 
Petranhu: raises $0.04 to $0.06
knielsie74: calls $0.06
Dorex2007: folds 
SUPERFISH35: folds 
*** FLOP *** [Ac Jd 2c]
Petranhu: checks 
knielsie74: checks 
*** TURN *** [Ac Jd 2c] [Ts]
Petranhu: checks 
knielsie74: checks 
*** RIVER *** [Ac Jd 2c Ts] [9c]
Petranhu: bets $0.14
knielsie74: raises $0.14 to $0.28
Petranhu: calls $0.14
*** SHOW DOWN ***
knielsie74: shows [8d Qd] (a straight, Eight to Queen)
Petranhu: mucks hand 
knielsie74 collected $0.69 from pot
*** SUMMARY ***
Total pot $0.71 | Rake $0.02 
Board [Ac Jd 2c Ts 9c]
Seat 1: falcontour folded before Flop (didn't bet)
Seat 2: asterizk folded before Flop (didn't bet)
Seat 3: boy_poker76 folded before Flop (didn't bet)
Seat 4: Abejito1910 folded before Flop (didn't bet)
Seat 5: Goldyk81 folded before Flop (didn't bet)
Seat 6: Petranhu mucked [9h 9s]
Seat 7: knielsie74 (button) showed [8d Qd] and won ($0.69) with a straight, Eight to Queen
Seat 8: Dorex2007 (small blind) folded before Flop
Seat 9: SUPERFISH35 (big blind) folded before Flop



PokerStars Hand #223627802607:  Hold'em No Limit ($0.01/$0.02 USD) - 2021/02/09 15:18:32 PT [2021/02/09 18:18:32 ET]
Table 'Simeisa III' 9-max Seat #8 is the button
Seat 1: falcontour ($1.98 in chips) 
Seat 2: asterizk ($2.60 in chips) 
Seat 3: boy_poker76 ($2.57 in chips) 
Seat 4: Abejito1910 ($1.36 in chips) 
Seat 5: Goldyk81 ($0.65 in chips) 
Seat 6: Petranhu ($3.77 in chips) 
Seat 7: knielsie74 ($1.46 in chips) 
Seat 8: Dorex2007 ($1.63 in chips) 
Seat 9: SUPERFISH35 ($2 in chips) 
SUPERFISH35: posts small blind $0.01
falcontour: posts big blind $0.02
*** HOLE CARDS ***
Dealt to Dorex2007 [3d Qc]
asterizk: folds 
boy_poker76: folds 
Abejito1910: folds 
Goldyk81: calls $0.02
Petranhu: raises $0.02 to $0.04
knielsie74: folds 
Dorex2007: folds 
SUPERFISH35: folds 
falcontour: calls $0.02
Goldyk81: calls $0.02
*** FLOP *** [9h 2h 7d]
falcontour: checks 
Goldyk81: checks 
Petranhu: bets $0.16
falcontour: folds 
Goldyk81: folds 
Uncalled bet ($0.16) returned to Petranhu
Petranhu collected $0.13 from pot
Petranhu: doesn't show hand 
*** SUMMARY ***
Total pot $0.13 | Rake $0 
Board [9h 2h 7d]
Seat 1: falcontour (big blind) folded on the Flop
Seat 2: asterizk folded before Flop (didn't bet)
Seat 3: boy_poker76 folded before Flop (didn't bet)
Seat 4: Abejito1910 folded before Flop (didn't bet)
Seat 5: Goldyk81 folded on the Flop
Seat 6: Petranhu collected ($0.13)
Seat 7: knielsie74 folded before Flop (didn't bet)
Seat 8: Dorex2007 (button) folded before Flop (didn't bet)
Seat 9: SUPERFISH35 (small blind) folded before Flop



PokerStars Hand #223627824669:  Hold'em No Limit ($0.01/$0.02 USD) - 2021/02/09 15:19:13 PT [2021/02/09 18:19:13 ET]
Table 'Simeisa III' 9-max Seat #9 is the button
Seat 1: falcontour ($1.94 in chips) 
Seat 3: boy_poker76 ($2.57 in chips) 
Seat 4: Abejito1910 ($1.36 in chips) 
Seat 5: Goldyk81 ($0.61 in chips) 
Seat 6: Petranhu ($3.86 in chips) 
Seat 7: knielsie74 ($1.46 in chips) 
Seat 8: Dorex2007 ($1.63 in chips) 
Seat 9: SUPERFISH35 ($2 in chips) 
falcontour: posts small blind $0.01
boy_poker76: posts big blind $0.02
*** HOLE CARDS ***
Dealt to Dorex2007 [7c 4d]
Abejito1910: folds 
Goldyk81: folds 
Petranhu: raises $0.06 to $0.08
knielsie74: folds 
Dorex2007: folds 
SUPERFISH35: folds 
falcontour: folds 
boy_poker76: folds 
Uncalled bet ($0.06) returned to Petranhu
Petranhu collected $0.05 from pot
Petranhu: doesn't show hand 
*** SUMMARY ***
Total pot $0.05 | Rake $0 
Seat 1: falcontour (small blind) folded before Flop
Seat 3: boy_poker76 (big blind) folded before Flop
Seat 4: Abejito1910 folded before Flop (didn't bet)
Seat 5: Goldyk81 folded before Flop (didn't bet)
Seat 6: Petranhu collected ($0.05)
Seat 7: knielsie74 folded before Flop (didn't bet)
Seat 8: Dorex2007 folded before Flop (didn't bet)
Seat 9: SUPERFISH35 (button) folded before Flop (didn't bet)



PokerStars Hand #223627835194:  Hold'em No Limit ($0.01/$0.02 USD) - 2021/02/09 15:19:33 PT [2021/02/09 18:19:33 ET]
Table 'Simeisa III' 9-max Seat #1 is the button
Seat 1: falcontour ($1.93 in chips) 
Seat 3: boy_poker76 ($2.55 in chips) 
Seat 4: Abejito1910 ($1.36 in chips) 
Seat 5: Goldyk81 ($0.61 in chips) 
Seat 6: Petranhu ($3.89 in chips) 
Seat 7: knielsie74 ($1.46 in chips) 
Seat 8: Dorex2007 ($1.63 in chips) 
Seat 9: SUPERFISH35 ($2 in chips) 
boy_poker76: posts small blind $0.01
Abejito1910: posts big blind $0.02
*** HOLE CARDS ***
Dealt to Dorex2007 [7d Jd]
Goldyk81: folds 
Petranhu: raises $0.02 to $0.04
knielsie74: folds 
Dorex2007: folds 
SUPERFISH35: folds 
falcontour: folds 
boy_poker76: calls $0.03
Abejito1910: folds 
*** FLOP *** [8c 4h Th]
boy_poker76: checks 
Petranhu: checks 
*** TURN *** [8c 4h Th] [6c]
boy_poker76: bets $0.06
Petranhu: calls $0.06
*** RIVER *** [8c 4h Th 6c] [Qc]
boy_poker76: bets $0.13
Petranhu: folds 
Uncalled bet ($0.13) returned to boy_poker76
boy_poker76 collected $0.21 from pot
boy_poker76: doesn't show hand 
*** SUMMARY ***
Total pot $0.22 | Rake $0.01 
Board [8c 4h Th 6c Qc]
Seat 1: falcontour (button) folded before Flop (didn't bet)
Seat 3: boy_poker76 (small blind) collected ($0.21)
Seat 4: Abejito1910 (big blind) folded before Flop
Seat 5: Goldyk81 folded before Flop (didn't bet)
Seat 6: Petranhu folded on the River
Seat 7: knielsie74 folded before Flop (didn't bet)
Seat 8: Dorex2007 folded before Flop (didn't bet)
Seat 9: SUPERFISH35 folded before Flop (didn't bet)



PokerStars Hand #223627857565:  Hold'em No Limit ($0.01/$0.02 USD) - 2021/02/09 15:20:14 PT [2021/02/09 18:20:14 ET]
Table 'Simeisa III' 9-max Seat #3 is the button
Seat 1: falcontour ($1.93 in chips) 
Seat 3: boy_poker76 ($2.66 in chips) 
Seat 4: Abejito1910 ($1.34 in chips) 
Seat 5: Goldyk81 ($0.61 in chips) 
Seat 6: Petranhu ($3.79 in chips) 
Seat 7: knielsie74 ($1.46 in chips) 
Seat 8: Dorex2007 ($1.63 in chips) 
Seat 9: SUPERFISH35 ($2 in chips) 
Abejito1910: posts small blind $0.01
Goldyk81: posts big blind $0.02
*** HOLE CARDS ***
Dealt to Dorex2007 [6d 3c]
Petranhu: raises $0.04 to $0.06
knielsie74: folds 
Dorex2007: folds 
SUPERFISH35: folds 
knielsie74 leaves the table
falcontour: calls $0.06
Hviidmand joins the table at seat #7 
boy_poker76: raises $0.12 to $0.18
Abejito1910: folds 
Goldyk81: folds 
Petranhu: calls $0.12
falcontour: calls $0.12
*** FLOP *** [3h 4d 9s]
Petranhu: checks 
falcontour: checks 
boy_poker76: bets $0.39
Petranhu: folds 
falcontour: folds 
Uncalled bet ($0.39) returned to boy_poker76
boy_poker76 collected $0.55 from pot
boy_poker76: doesn't show hand 
*** SUMMARY ***
Total pot $0.57 | Rake $0.02 
Board [3h 4d 9s]
Seat 1: falcontour folded on the Flop
Seat 3: boy_poker76 (button) collected ($0.55)
Seat 4: Abejito1910 (small blind) folded before Flop
Seat 5: Goldyk81 (big blind) folded before Flop
Seat 6: Petranhu folded on the Flop
Seat 7: knielsie74 folded before Flop (didn't bet)
Seat 8: Dorex2007 folded before Flop (didn't bet)
Seat 9: SUPERFISH35 folded before Flop (didn't bet)



PokerStars Hand #223627895286:  Hold'em No Limit ($0.01/$0.02 USD) - 2021/02/09 15:21:24 PT [2021/02/09 18:21:24 ET]
Table 'Simeisa III' 9-max Seat #4 is the button
Seat 1: falcontour ($1.75 in chips) 
Seat 3: boy_poker76 ($3.03 in chips) 
Seat 4: Abejito1910 ($1.33 in chips) 
Seat 5: Goldyk81 ($0.59 in chips) 
Seat 6: Petranhu ($3.61 in chips) 
Seat 8: Dorex2007 ($1.63 in chips) 
Seat 9: SUPERFISH35 ($2 in chips) 
Goldyk81: posts small blind $0.01
Petranhu: posts big blind $0.02
Hviidmand: sits out 
*** HOLE CARDS ***
Dealt to Dorex2007 [7d 6s]
Dorex2007: folds 
SUPERFISH35: folds 
falcontour: folds 
boy_poker76: folds 
Abejito1910: raises $0.02 to $0.04
Goldyk81: calls $0.03
Petranhu: raises $0.08 to $0.12
Abejito1910: calls $0.08
Goldyk81: folds 
*** FLOP *** [6d 9s 2c]
Petranhu: bets $0.24
Abejito1910: folds 
Uncalled bet ($0.24) returned to Petranhu
Petranhu collected $0.27 from pot
Petranhu: doesn't show hand 
*** SUMMARY ***
Total pot $0.28 | Rake $0.01 
Board [6d 9s 2c]
Seat 1: falcontour folded before Flop (didn't bet)
Seat 3: boy_poker76 folded before Flop (didn't bet)
Seat 4: Abejito1910 (button) folded on the Flop
Seat 5: Goldyk81 (small blind) folded before Flop
Seat 6: Petranhu (big blind) collected ($0.27)
Seat 8: Dorex2007 folded before Flop (didn't bet)
Seat 9: SUPERFISH35 folded before Flop (didn't bet)



PokerStars Hand #223627921515:  Hold'em No Limit ($0.01/$0.02 USD) - 2021/02/09 15:22:12 PT [2021/02/09 18:22:12 ET]
Table 'Simeisa III' 9-max Seat #5 is the button
Seat 1: falcontour ($1.75 in chips) 
Seat 3: boy_poker76 ($3.03 in chips) 
Seat 4: Abejito1910 ($1.21 in chips) 
Seat 5: Goldyk81 ($0.55 in chips) 
Seat 6: Petranhu ($3.76 in chips) 
Seat 7: Hviidmand ($2 in chips) 
Seat 8: Dorex2007 ($1.63 in chips) 
Seat 9: SUPERFISH35 ($2 in chips) 
Petranhu: posts small blind $0.01
Hviidmand: posts big blind $0.02
*** HOLE CARDS ***
Dealt to Dorex2007 [Ad 7h]
Dorex2007: folds 
SUPERFISH35: folds 
falcontour: raises $0.04 to $0.06
boy_poker76: calls $0.06
Abejito1910 has timed out
Abejito1910: folds 
Goldyk81: folds 
Petranhu: folds 
Hviidmand: folds 
*** FLOP *** [Kd 9c 2d]
falcontour: bets $0.07
boy_poker76: calls $0.07
*** TURN *** [Kd 9c 2d] [3d]
falcontour: checks 
boy_poker76: bets $0.21
falcontour: calls $0.21
*** RIVER *** [Kd 9c 2d 3d] [4h]
falcontour: checks 
boy_poker76: checks 
*** SHOW DOWN ***
falcontour: shows [2s As] (a pair of Deuces)
boy_poker76: shows [7s 7d] (a pair of Sevens)
boy_poker76 collected $0.69 from pot
*** SUMMARY ***
Total pot $0.71 | Rake $0.02 
Board [Kd 9c 2d 3d 4h]
Seat 1: falcontour showed [2s As] and lost with a pair of Deuces
Seat 3: boy_poker76 showed [7s 7d] and won ($0.69) with a pair of Sevens
Seat 4: Abejito1910 folded before Flop (didn't bet)
Seat 5: Goldyk81 (button) folded before Flop (didn't bet)
Seat 6: Petranhu (small blind) folded before Flop
Seat 7: Hviidmand (big blind) folded before Flop
Seat 8: Dorex2007 folded before Flop (didn't bet)
Seat 9: SUPERFISH35 folded before Flop (didn't bet)



PokerStars Hand #223627973582:  Hold'em No Limit ($0.01/$0.02 USD) - 2021/02/09 15:23:49 PT [2021/02/09 18:23:49 ET]
Table 'Simeisa III' 9-max Seat #6 is the button
Seat 1: falcontour ($1.41 in chips) 
Seat 3: boy_poker76 ($3.38 in chips) 
Seat 4: Abejito1910 ($1.21 in chips) 
Seat 5: Goldyk81 ($0.55 in chips) 
Seat 6: Petranhu ($3.75 in chips) 
Seat 7: Hviidmand ($1.98 in chips) 
Seat 8: Dorex2007 ($1.63 in chips) 
Seat 9: SUPERFISH35 ($2 in chips) 
Hviidmand: posts small blind $0.01
Dorex2007: posts big blind $0.02
asterizk: sits out 
*** HOLE CARDS ***
Dealt to Dorex2007 [8c 5d]
SUPERFISH35: folds 
falcontour: folds 
boy_poker76: folds 
Abejito1910: raises $0.04 to $0.06
Goldyk81: folds 
Petranhu: folds 
Hviidmand: folds 
Dorex2007: folds 
Uncalled bet ($0.04) returned to Abejito1910
Abejito1910 collected $0.05 from pot
Abejito1910: doesn't show hand 
*** SUMMARY ***
Total pot $0.05 | Rake $0 
Seat 1: falcontour folded before Flop (didn't bet)
Seat 3: boy_poker76 folded before Flop (didn't bet)
Seat 4: Abejito1910 collected ($0.05)
Seat 5: Goldyk81 folded before Flop (didn't bet)
Seat 6: Petranhu (button) folded before Flop (didn't bet)
Seat 7: Hviidmand (small blind) folded before Flop
Seat 8: Dorex2007 (big blind) folded before Flop
Seat 9: SUPERFISH35 folded before Flop (didn't bet)



PokerStars Hand #223627988779:  Hold'em No Limit ($0.01/$0.02 USD) - 2021/02/09 15:24:17 PT [2021/02/09 18:24:17 ET]
Table 'Simeisa III' 9-max Seat #7 is the button
Seat 1: falcontour ($1.41 in chips) 
Seat 3: boy_poker76 ($3.38 in chips) 
Seat 4: Abejito1910 ($1.24 in chips) 
Seat 5: Goldyk81 ($0.55 in chips) 
Seat 6: Petranhu ($3.75 in chips) 
Seat 7: Hviidmand ($1.97 in chips) 
Seat 8: Dorex2007 ($1.61 in chips) 
Seat 9: SUPERFISH35 ($2 in chips) 
Dorex2007: posts small blind $0.01
SUPERFISH35: posts big blind $0.02
asterizk: sits out 
*** HOLE CARDS ***
Dealt to Dorex2007 [5s As]
falcontour: folds 
boy_poker76: folds 
Abejito1910: folds 
Goldyk81: folds 
Petranhu: raises $0.02 to $0.04
Hviidmand: folds 
Dorex2007: calls $0.03
SUPERFISH35: calls $0.02
*** FLOP *** [9s Ad Ks]
Dorex2007: checks 
SUPERFISH35: checks 
Petranhu: checks 
*** TURN *** [9s Ad Ks] [6c]
Dorex2007: bets $0.12
SUPERFISH35: calls $0.12
Petranhu: folds 
*** RIVER *** [9s Ad Ks 6c] [2s]
Dorex2007: bets $1.45 and is all-in
SUPERFISH35: folds 
Uncalled bet ($1.45) returned to Dorex2007
Dorex2007 collected $0.35 from pot
Dorex2007: doesn't show hand 
*** SUMMARY ***
Total pot $0.36 | Rake $0.01 
Board [9s Ad Ks 6c 2s]
Seat 1: falcontour folded before Flop (didn't bet)
Seat 3: boy_poker76 folded before Flop (didn't bet)
Seat 4: Abejito1910 folded before Flop (didn't bet)
Seat 5: Goldyk81 folded before Flop (didn't bet)
Seat 6: Petranhu folded on the Turn
Seat 7: Hviidmand (button) folded before Flop (didn't bet)
Seat 8: Dorex2007 (small blind) collected ($0.35)
Seat 9: SUPERFISH35 (big blind) folded on the River



PokerStars Hand #223628024468:  Hold'em No Limit ($0.01/$0.02 USD) - 2021/02/09 15:25:24 PT [2021/02/09 18:25:24 ET]
Table 'Simeisa III' 9-max Seat #8 is the button
Seat 1: falcontour ($1.41 in chips) 
Seat 3: boy_poker76 ($3.38 in chips) 
Seat 4: Abejito1910 ($1.24 in chips) 
Seat 5: Goldyk81 ($0.55 in chips) 
Seat 6: Petranhu ($3.71 in chips) 
Seat 7: Hviidmand ($1.97 in chips) 
Seat 8: Dorex2007 ($1.80 in chips) 
Seat 9: SUPERFISH35 ($2 in chips) 
SUPERFISH35: posts small blind $0.01
falcontour: posts big blind $0.02
asterizk: sits out 
*** HOLE CARDS ***
Dealt to Dorex2007 [2s Ts]
boy_poker76: folds 
Abejito1910: folds 
Goldyk81: folds 
Petranhu: raises $0.02 to $0.04
Hviidmand: folds 
Dorex2007: folds 
SUPERFISH35: raises $0.10 to $0.14
falcontour: folds 
Petranhu: calls $0.10
*** FLOP *** [5h 5c 2c]
SUPERFISH35: bets $0.10
Petranhu: folds 
Uncalled bet ($0.10) returned to SUPERFISH35
SUPERFISH35 collected $0.29 from pot
SUPERFISH35: doesn't show hand 
*** SUMMARY ***
Total pot $0.30 | Rake $0.01 
Board [5h 5c 2c]
Seat 1: falcontour (big blind) folded before Flop
Seat 3: boy_poker76 folded before Flop (didn't bet)
Seat 4: Abejito1910 folded before Flop (didn't bet)
Seat 5: Goldyk81 folded before Flop (didn't bet)
Seat 6: Petranhu folded on the Flop
Seat 7: Hviidmand folded before Flop (didn't bet)
Seat 8: Dorex2007 (button) folded before Flop (didn't bet)
Seat 9: SUPERFISH35 (small blind) collected ($0.29)



PokerStars Hand #223628047411:  Hold'em No Limit ($0.01/$0.02 USD) - 2021/02/09 15:26:07 PT [2021/02/09 18:26:07 ET]
Table 'Simeisa III' 9-max Seat #9 is the button
Seat 1: falcontour ($1.39 in chips) 
Seat 2: asterizk ($2.60 in chips) 
Seat 3: boy_poker76 ($3.38 in chips) 
Seat 4: Abejito1910 ($1.24 in chips) 
Seat 5: Goldyk81 ($0.55 in chips) 
Seat 6: Petranhu ($3.57 in chips) 
Seat 7: Hviidmand ($1.97 in chips) 
Seat 8: Dorex2007 ($1.80 in chips) 
Seat 9: SUPERFISH35 ($2.15 in chips) 
falcontour: posts small blind $0.01
asterizk: posts big blind $0.02
*** HOLE CARDS ***
Dealt to Dorex2007 [7d Ts]
boy_poker76: folds 
Abejito1910: folds 
Goldyk81: raises $0.08 to $0.10
Petranhu: folds 
Hviidmand: folds 
Dorex2007: folds 
SUPERFISH35: folds 
falcontour: calls $0.09
asterizk: folds 
*** FLOP *** [3h 9c 2h]
falcontour: checks 
Goldyk81: bets $0.45 and is all-in
falcontour: folds 
Uncalled bet ($0.45) returned to Goldyk81
Goldyk81 collected $0.21 from pot
Goldyk81: doesn't show hand 
*** SUMMARY ***
Total pot $0.22 | Rake $0.01 
Board [3h 9c 2h]
Seat 1: falcontour (small blind) folded on the Flop
Seat 2: asterizk (big blind) folded before Flop
Seat 3: boy_poker76 folded before Flop (didn't bet)
Seat 4: Abejito1910 folded before Flop (didn't bet)
Seat 5: Goldyk81 collected ($0.21)
Seat 6: Petranhu folded before Flop (didn't bet)
Seat 7: Hviidmand folded before Flop (didn't bet)
Seat 8: Dorex2007 folded before Flop (didn't bet)
Seat 9: SUPERFISH35 (button) folded before Flop (didn't bet)



PokerStars Hand #223628069269:  Hold'em No Limit ($0.01/$0.02 USD) - 2021/02/09 15:26:49 PT [2021/02/09 18:26:49 ET]
Table 'Simeisa III' 9-max Seat #1 is the button
Seat 1: falcontour ($1.29 in chips) 
Seat 2: asterizk ($2.58 in chips) 
Seat 3: boy_poker76 ($3.38 in chips) 
Seat 4: Abejito1910 ($1.24 in chips) 
Seat 5: Goldyk81 ($0.66 in chips) 
Seat 6: Petranhu ($3.57 in chips) 
Seat 7: Hviidmand ($1.97 in chips) 
Seat 8: Dorex2007 ($1.80 in chips) 
Seat 9: SUPERFISH35 ($2.15 in chips) 
asterizk: posts small blind $0.01
boy_poker76: posts big blind $0.02
*** HOLE CARDS ***
Dealt to Dorex2007 [Js 9s]
Abejito1910 has timed out
Abejito1910: folds 
Goldyk81: folds 
Petranhu: raises $0.02 to $0.04
Hviidmand: folds 
Dorex2007: calls $0.04
SUPERFISH35: folds 
falcontour: folds 
asterizk: folds 
boy_poker76: raises $0.08 to $0.12
Petranhu: calls $0.08
Dorex2007: folds 
*** FLOP *** [Th 7d Kd]
boy_poker76: bets $0.21
Petranhu: calls $0.21
*** TURN *** [Th 7d Kd] [Td]
boy_poker76: bets $0.40
Petranhu: folds 
Uncalled bet ($0.40) returned to boy_poker76
boy_poker76 collected $0.69 from pot
boy_poker76: doesn't show hand 
*** SUMMARY ***
Total pot $0.71 | Rake $0.02 
Board [Th 7d Kd Td]
Seat 1: falcontour (button) folded before Flop (didn't bet)
Seat 2: asterizk (small blind) folded before Flop
Seat 3: boy_poker76 (big blind) collected ($0.69)
Seat 4: Abejito1910 folded before Flop (didn't bet)
Seat 5: Goldyk81 folded before Flop (didn't bet)
Seat 6: Petranhu folded on the Turn
Seat 7: Hviidmand folded before Flop (didn't bet)
Seat 8: Dorex2007 folded before Flop
Seat 9: SUPERFISH35 folded before Flop (didn't bet)



PokerStars Hand #223628106602:  Hold'em No Limit ($0.01/$0.02 USD) - 2021/02/09 15:28:00 PT [2021/02/09 18:28:00 ET]
Table 'Simeisa III' 9-max Seat #2 is the button
Seat 1: falcontour ($1.29 in chips) 
Seat 2: asterizk ($2.57 in chips) 
Seat 3: boy_poker76 ($3.74 in chips) 
Seat 4: Abejito1910 ($1.24 in chips) 
Seat 5: Goldyk81 ($0.66 in chips) 
Seat 6: Petranhu ($3.24 in chips) 
Seat 7: Hviidmand ($1.97 in chips) 
Seat 8: Dorex2007 ($1.76 in chips) 
Seat 9: SUPERFISH35 ($2.15 in chips) 
boy_poker76: posts small blind $0.01
Abejito1910: posts big blind $0.02
*** HOLE CARDS ***
Dealt to Dorex2007 [Ks 6d]
Goldyk81: folds 
Petranhu: raises $0.08 to $0.10
Hviidmand: folds 
Dorex2007: folds 
SUPERFISH35: folds 
falcontour: folds 
asterizk: folds 
boy_poker76: folds 
Abejito1910: calls $0.08
*** FLOP *** [As 3s Qs]
Abejito1910: bets $1.14 and is all-in
Petranhu: calls $1.14
*** TURN *** [As 3s Qs] [5c]
*** RIVER *** [As 3s Qs 5c] [9s]
*** SHOW DOWN ***
Abejito1910: shows [Qd Ad] (two pair, Aces and Queens)
Petranhu: shows [9d Ac] (two pair, Aces and Nines)
Abejito1910 collected $2.40 from pot
*** SUMMARY ***
Total pot $2.49 | Rake $0.09 
Board [As 3s Qs 5c 9s]
Seat 1: falcontour folded before Flop (didn't bet)
Seat 2: asterizk (button) folded before Flop (didn't bet)
Seat 3: boy_poker76 (small blind) folded before Flop
Seat 4: Abejito1910 (big blind) showed [Qd Ad] and won ($2.40) with two pair, Aces and Queens
Seat 5: Goldyk81 folded before Flop (didn't bet)
Seat 6: Petranhu showed [9d Ac] and lost with two pair, Aces and Nines
Seat 7: Hviidmand folded before Flop (didn't bet)
Seat 8: Dorex2007 folded before Flop (didn't bet)
Seat 9: SUPERFISH35 folded before Flop (didn't bet)



PokerStars Hand #223628146763:  Hold'em No Limit ($0.01/$0.02 USD) - 2021/02/09 15:28:58 PT [2021/02/09 18:28:58 ET]
Table 'Simeisa III' 9-max Seat #3 is the button
Seat 1: falcontour ($1.29 in chips) 
Seat 2: asterizk ($2.57 in chips) 
Seat 3: boy_poker76 ($3.73 in chips) 
Seat 4: Abejito1910 ($2.40 in chips) 
Seat 5: Goldyk81 ($0.66 in chips) 
Seat 6: Petranhu ($2 in chips) 
Seat 7: Hviidmand ($1.97 in chips) 
Seat 8: Dorex2007 ($1.76 in chips) 
Seat 9: SUPERFISH35 ($2.15 in chips) 
Abejito1910: posts small blind $0.01
Goldyk81: posts big blind $0.02
*** HOLE CARDS ***
Dealt to Dorex2007 [Ac Ah]
Petranhu: raises $0.08 to $0.10
Hviidmand: folds 
Dorex2007: raises $0.10 to $0.20
SUPERFISH35: folds 
falcontour: folds 
asterizk: folds 
boy_poker76: folds 
Abejito1910: folds 
Goldyk81: folds 
Petranhu: calls $0.10
*** FLOP *** [3d 8d 9s]
Petranhu: checks 
Dorex2007: bets $0.21
Petranhu: raises $0.21 to $0.42
Dorex2007: raises $1.14 to $1.56 and is all-in
Petranhu: calls $1.14
*** TURN *** [3d 8d 9s] [Td]
*** RIVER *** [3d 8d 9s Td] [Qh]
*** SHOW DOWN ***
Petranhu: shows [Kd As] (high card Ace)
Dorex2007: shows [Ac Ah] (a pair of Aces)
Dorex2007 collected $3.43 from pot
*** SUMMARY ***
Total pot $3.55 | Rake $0.12 
Board [3d 8d 9s Td Qh]
Seat 1: falcontour folded before Flop (didn't bet)
Seat 2: asterizk folded before Flop (didn't bet)
Seat 3: boy_poker76 (button) folded before Flop (didn't bet)
Seat 4: Abejito1910 (small blind) folded before Flop
Seat 5: Goldyk81 (big blind) folded before Flop
Seat 6: Petranhu showed [Kd As] and lost with high card Ace
Seat 7: Hviidmand folded before Flop (didn't bet)
Seat 8: Dorex2007 showed [Ac Ah] and won ($3.43) with a pair of Aces
Seat 9: SUPERFISH35 folded before Flop (didn't bet)



PokerStars Hand #223628176561:  Hold'em No Limit ($0.01/$0.02 USD) - 2021/02/09 15:29:55 PT [2021/02/09 18:29:55 ET]
Table 'Simeisa III' 9-max Seat #4 is the button
Seat 1: falcontour ($1.29 in chips) 
Seat 2: asterizk ($2.57 in chips) 
Seat 3: boy_poker76 ($3.73 in chips) 
Seat 4: Abejito1910 ($2.39 in chips) 
Seat 5: Goldyk81 ($0.64 in chips) 
Seat 6: Petranhu ($0.24 in chips) 
Seat 7: Hviidmand ($1.97 in chips) 
Seat 8: Dorex2007 ($3.43 in chips) 
Seat 9: SUPERFISH35 ($2.15 in chips) 
Goldyk81: posts small blind $0.01
Petranhu: posts big blind $0.02
*** HOLE CARDS ***
Dealt to Dorex2007 [4h Ts]
Hviidmand has timed out
Hviidmand: folds 
Dorex2007: folds 
SUPERFISH35: raises $0.04 to $0.06
falcontour: folds 
asterizk: folds 
boy_poker76: calls $0.06
Abejito1910: calls $0.06
Goldyk81: folds 
Petranhu: folds 
*** FLOP *** [7c 5d Qh]
Petranhu leaves the table
SUPERFISH35: checks 
Goldyk81 leaves the table
boy_poker76: checks 
Abejito1910: checks 
*** TURN *** [7c 5d Qh] [8d]
SUPERFISH35: checks 
boy_poker76: checks 
Abejito1910: checks 
*** RIVER *** [7c 5d Qh 8d] [9d]
SUPERFISH35: checks 
boy_poker76: checks 
Abejito1910: checks 
*** SHOW DOWN ***
SUPERFISH35: shows [Ah 5h] (a pair of Fives)
boy_poker76: mucks hand 
Abejito1910: mucks hand 
SUPERFISH35 collected $0.20 from pot
*** SUMMARY ***
Total pot $0.21 | Rake $0.01 
Board [7c 5d Qh 8d 9d]
Seat 1: falcontour folded before Flop (didn't bet)
Seat 2: asterizk folded before Flop (didn't bet)
Seat 3: boy_poker76 mucked [Jh Kc]
Seat 4: Abejito1910 (button) mucked [3h 3s]
Seat 5: Goldyk81 (small blind) folded before Flop
Seat 6: Petranhu (big blind) folded before Flop
Seat 7: Hviidmand folded before Flop (didn't bet)
Seat 8: Dorex2007 folded before Flop (didn't bet)
Seat 9: SUPERFISH35 showed [Ah 5h] and won ($0.20) with a pair of Fives



PokerStars Hand #223628207853:  Hold'em No Limit ($0.01/$0.02 USD) - 2021/02/09 15:30:54 PT [2021/02/09 18:30:54 ET]
Table 'Simeisa III' 9-max Seat #7 is the button
Seat 1: falcontour ($1.29 in chips) 
Seat 2: asterizk ($2.57 in chips) 
Seat 3: boy_poker76 ($3.67 in chips) 
Seat 4: Abejito1910 ($2.33 in chips) 
Seat 7: Hviidmand ($1.97 in chips) 
Seat 8: Dorex2007 ($3.43 in chips) 
Seat 9: SUPERFISH35 ($2.29 in chips) 
Dorex2007: posts small blind $0.01
SUPERFISH35: posts big blind $0.02
*** HOLE CARDS ***
Dealt to Dorex2007 [Kc 2c]
goran1964 joins the table at seat #5 
falcontour: folds 
asterizk: folds 
boy_poker76: folds 
Abejito1910: folds 
Hviidmand: folds 
Dorex2007: calls $0.01
SUPERFISH35: checks 
*** FLOP *** [Qs Jc 4h]
ambaccadop joins the table at seat #6 
Dorex2007: checks 
SUPERFISH35: checks 
*** TURN *** [Qs Jc 4h] [Th]
Dorex2007: checks 
asterizk leaves the table
SUPERFISH35: checks 
*** RIVER *** [Qs Jc 4h Th] [5c]
Dorex2007: checks 
SUPERFISH35: checks 
*** SHOW DOWN ***
Dorex2007: shows [Kc 2c] (high card King)
SUPERFISH35: shows [6s Qh] (a pair of Queens)
SUPERFISH35 collected $0.04 from pot
*** SUMMARY ***
Total pot $0.04 | Rake $0 
Board [Qs Jc 4h Th 5c]
Seat 1: falcontour folded before Flop (didn't bet)
Seat 2: asterizk folded before Flop (didn't bet)
Seat 3: boy_poker76 folded before Flop (didn't bet)
Seat 4: Abejito1910 folded before Flop (didn't bet)
Seat 7: Hviidmand (button) folded before Flop (didn't bet)
Seat 8: Dorex2007 (small blind) showed [Kc 2c] and lost with high card King
Seat 9: SUPERFISH35 (big blind) showed [6s Qh] and won ($0.04) with a pair of Queens



PokerStars Hand #223628225813:  Hold'em No Limit ($0.01/$0.02 USD) - 2021/02/09 15:31:28 PT [2021/02/09 18:31:28 ET]
Table 'Simeisa III' 9-max Seat #8 is the button
Seat 1: falcontour ($1.29 in chips) 
Seat 3: boy_poker76 ($3.67 in chips) 
Seat 4: Abejito1910 ($2.33 in chips) 
Seat 5: goran1964 ($1.60 in chips) 
Seat 7: Hviidmand ($1.97 in chips) 
Seat 8: Dorex2007 ($3.41 in chips) 
Seat 9: SUPERFISH35 ($2.31 in chips) 
SUPERFISH35: posts small blind $0.01
falcontour: posts big blind $0.02
goran1964: posts big blind $0.02
ambaccadop: sits out 
*** HOLE CARDS ***
Dealt to Dorex2007 [Qh 2d]
boy_poker76: folds 
Abejito1910: folds 
trueJamaican joins the table at seat #2 
goran1964: checks 
Hviidmand: raises $0.06 to $0.08
Dorex2007: folds 
SUPERFISH35: calls $0.07
falcontour: folds 
goran1964: folds 
*** FLOP *** [4c 2s Tc]
SUPERFISH35: checks 
Hviidmand: bets $0.10
SUPERFISH35: folds 
Uncalled bet ($0.10) returned to Hviidmand
Hviidmand collected $0.19 from pot
Hviidmand: doesn't show hand 
*** SUMMARY ***
Total pot $0.20 | Rake $0.01 
Board [4c 2s Tc]
Seat 1: falcontour (big blind) folded before Flop
Seat 3: boy_poker76 folded before Flop (didn't bet)
Seat 4: Abejito1910 folded before Flop (didn't bet)
Seat 5: goran1964 folded before Flop (didn't bet)
Seat 7: Hviidmand collected ($0.19)
Seat 8: Dorex2007 (button) folded before Flop (didn't bet)
Seat 9: SUPERFISH35 (small blind) folded on the Flop



PokerStars Hand #223628264594:  Hold'em No Limit ($0.01/$0.02 USD) - 2021/02/09 15:32:40 PT [2021/02/09 18:32:40 ET]
Table 'Simeisa III' 9-max Seat #9 is the button
Seat 1: falcontour ($1.27 in chips) 
Seat 2: trueJamaican ($2 in chips) 
Seat 3: boy_poker76 ($3.67 in chips) 
Seat 4: Abejito1910 ($2.33 in chips) 
Seat 5: goran1964 ($1.58 in chips) 
Seat 6: ambaccadop ($2 in chips) 
Seat 7: Hviidmand ($2.08 in chips) 
Seat 8: Dorex2007 ($3.41 in chips) 
Seat 9: SUPERFISH35 ($2.23 in chips) 
falcontour: posts small blind $0.01
trueJamaican: posts big blind $0.02
ambaccadop: posts big blind $0.02
*** HOLE CARDS ***
Dealt to Dorex2007 [4s 6d]
boy_poker76: folds 
Abejito1910 has timed out
Abejito1910: folds 
goran1964: calls $0.02
ambaccadop: checks 
Hviidmand: folds 
Dorex2007: folds 
SUPERFISH35: folds 
falcontour: calls $0.01
trueJamaican: checks 
*** FLOP *** [Ts 6c 6h]
falcontour: checks 
trueJamaican: bets $0.06
goran1964: folds 
ambaccadop: folds 
falcontour: calls $0.06
*** TURN *** [Ts 6c 6h] [7c]
falcontour: checks 
trueJamaican: bets $0.13
falcontour: folds 
Uncalled bet ($0.13) returned to trueJamaican
trueJamaican collected $0.19 from pot
*** SUMMARY ***
Total pot $0.20 | Rake $0.01 
Board [Ts 6c 6h 7c]
Seat 1: falcontour (small blind) folded on the Turn
Seat 2: trueJamaican (big blind) collected ($0.19)
Seat 3: boy_poker76 folded before Flop (didn't bet)
Seat 4: Abejito1910 folded before Flop (didn't bet)
Seat 5: goran1964 folded on the Flop
Seat 6: ambaccadop folded on the Flop (didn't bet)
Seat 7: Hviidmand folded before Flop (didn't bet)
Seat 8: Dorex2007 folded before Flop (didn't bet)
Seat 9: SUPERFISH35 (button) folded before Flop (didn't bet)



PokerStars Hand #223628294122:  Hold'em No Limit ($0.01/$0.02 USD) - 2021/02/09 15:33:36 PT [2021/02/09 18:33:36 ET]
Table 'Simeisa III' 9-max Seat #1 is the button
Seat 1: falcontour ($1.19 in chips) 
Seat 2: trueJamaican ($2.11 in chips) 
Seat 3: boy_poker76 ($3.67 in chips) 
Seat 4: Abejito1910 ($2.33 in chips) 
Seat 5: goran1964 ($1.56 in chips) 
Seat 6: ambaccadop ($2 in chips) 
Seat 7: Hviidmand ($2.08 in chips) 
Seat 8: Dorex2007 ($3.41 in chips) 
Seat 9: SUPERFISH35 ($2.23 in chips) 
trueJamaican: posts small blind $0.01
boy_poker76: posts big blind $0.02
*** HOLE CARDS ***
Dealt to Dorex2007 [4d Td]
Abejito1910: raises $0.02 to $0.04
goran1964: folds 
ambaccadop: folds 
Hviidmand: folds 
Dorex2007: folds 
SUPERFISH35: folds 
falcontour: folds 
trueJamaican: folds 
boy_poker76: calls $0.02
*** FLOP *** [5s Ah 3d]
boy_poker76: checks 
Abejito1910: checks 
*** TURN *** [5s Ah 3d] [2c]
boy_poker76: bets $0.05
Abejito1910: folds 
Uncalled bet ($0.05) returned to boy_poker76
boy_poker76 collected $0.09 from pot
boy_poker76: doesn't show hand 
*** SUMMARY ***
Total pot $0.09 | Rake $0 
Board [5s Ah 3d 2c]
Seat 1: falcontour (button) folded before Flop (didn't bet)
Seat 2: trueJamaican (small blind) folded before Flop
Seat 3: boy_poker76 (big blind) collected ($0.09)
Seat 4: Abejito1910 folded on the Turn
Seat 5: goran1964 folded before Flop (didn't bet)
Seat 6: ambaccadop folded before Flop (didn't bet)
Seat 7: Hviidmand folded before Flop (didn't bet)
Seat 8: Dorex2007 folded before Flop (didn't bet)
Seat 9: SUPERFISH35 folded before Flop (didn't bet)



PokerStars Hand #223628310417:  Hold'em No Limit ($0.01/$0.02 USD) - 2021/02/09 15:34:07 PT [2021/02/09 18:34:07 ET]
Table 'Simeisa III' 9-max Seat #2 is the button
Seat 1: falcontour ($1.19 in chips) 
Seat 2: trueJamaican ($2.10 in chips) 
Seat 3: boy_poker76 ($3.72 in chips) 
Seat 4: Abejito1910 ($2.29 in chips) 
Seat 5: goran1964 ($1.56 in chips) 
Seat 6: ambaccadop ($2 in chips) 
Seat 7: Hviidmand ($2.08 in chips) 
Seat 8: Dorex2007 ($3.41 in chips) 
Seat 9: SUPERFISH35 ($2.23 in chips) 
boy_poker76: posts small blind $0.01
Abejito1910: posts big blind $0.02
*** HOLE CARDS ***
Dealt to Dorex2007 [Kd 2s]
goran1964 has timed out
goran1964: folds 
ambaccadop: calls $0.02
Hviidmand: raises $0.06 to $0.08
Dorex2007: folds 
SUPERFISH35: folds 
falcontour: folds 
trueJamaican: folds 
boy_poker76: folds 
Abejito1910: folds 
ambaccadop: calls $0.06
*** FLOP *** [Qh Jd 3d]
Abejito1910 leaves the table
ambaccadop: checks 
Hviidmand: checks 
*** TURN *** [Qh Jd 3d] [4c]
ambaccadop: checks 
Hviidmand: bets $0.06
lemaorave joins the table at seat #4 
ambaccadop: folds 
Uncalled bet ($0.06) returned to Hviidmand
Hviidmand collected $0.18 from pot
Hviidmand: doesn't show hand 
*** SUMMARY ***
Total pot $0.19 | Rake $0.01 
Board [Qh Jd 3d 4c]
Seat 1: falcontour folded before Flop (didn't bet)
Seat 2: trueJamaican (button) folded before Flop (didn't bet)
Seat 3: boy_poker76 (small blind) folded before Flop
Seat 4: Abejito1910 (big blind) folded before Flop
Seat 5: goran1964 folded before Flop (didn't bet)
Seat 6: ambaccadop folded on the Turn
Seat 7: Hviidmand collected ($0.18)
Seat 8: Dorex2007 folded before Flop (didn't bet)
Seat 9: SUPERFISH35 folded before Flop (didn't bet)



PokerStars Hand #223628338258:  Hold'em No Limit ($0.01/$0.02 USD) - 2021/02/09 15:35:00 PT [2021/02/09 18:35:00 ET]
Table 'Simeisa III' 9-max Seat #3 is the button
Seat 1: falcontour ($1.19 in chips) 
Seat 2: trueJamaican ($2.10 in chips) 
Seat 3: boy_poker76 ($3.71 in chips) 
Seat 5: goran1964 ($1.56 in chips) 
Seat 6: ambaccadop ($2 in chips) 
Seat 7: Hviidmand ($2.18 in chips) 
Seat 8: Dorex2007 ($3.41 in chips) 
Seat 9: SUPERFISH35 ($2.23 in chips) 
goran1964: posts small blind $0.01
ambaccadop: posts big blind $0.02
*** HOLE CARDS ***
Dealt to Dorex2007 [8s 6d]
Hviidmand: folds 
Dorex2007: folds 
SUPERFISH35: folds 
falcontour: raises $0.05 to $0.07
trueJamaican: folds 
boy_poker76: folds 
goran1964: folds 
ambaccadop: folds 
Uncalled bet ($0.05) returned to falcontour
falcontour collected $0.05 from pot
falcontour: doesn't show hand 
*** SUMMARY ***
Total pot $0.05 | Rake $0 
Seat 1: falcontour collected ($0.05)
Seat 2: trueJamaican folded before Flop (didn't bet)
Seat 3: boy_poker76 (button) folded before Flop (didn't bet)
Seat 5: goran1964 (small blind) folded before Flop
Seat 6: ambaccadop (big blind) folded before Flop
Seat 7: Hviidmand folded before Flop (didn't bet)
Seat 8: Dorex2007 folded before Flop (didn't bet)
Seat 9: SUPERFISH35 folded before Flop (didn't bet)



PokerStars Hand #223628355948:  Hold'em No Limit ($0.01/$0.02 USD) - 2021/02/09 15:35:34 PT [2021/02/09 18:35:34 ET]
Table 'Simeisa III' 9-max Seat #5 is the button
Seat 1: falcontour ($1.22 in chips) 
Seat 2: trueJamaican ($2.10 in chips) 
Seat 3: boy_poker76 ($3.71 in chips) 
Seat 4: lemaorave ($2 in chips) 
Seat 5: goran1964 ($1.55 in chips) 
Seat 6: ambaccadop ($2 in chips) 
Seat 7: Hviidmand ($2.18 in chips) 
Seat 8: Dorex2007 ($3.41 in chips) 
Seat 9: SUPERFISH35 ($2.23 in chips) 
ambaccadop: posts small blind $0.01
Hviidmand: posts big blind $0.02
lemaorave: posts big blind $0.02
*** HOLE CARDS ***
Dealt to Dorex2007 [6c 6s]
Dorex2007: calls $0.02
SUPERFISH35: folds 
falcontour: folds 
trueJamaican: raises $0.06 to $0.08
boy_poker76: folds 
lemaorave: calls $0.06
goran1964: folds 
ambaccadop: folds 
Hviidmand: folds 
Dorex2007: calls $0.06
*** FLOP *** [Ts 4c Jd]
Dorex2007: checks 
trueJamaican: checks 
lemaorave: checks 
*** TURN *** [Ts 4c Jd] [Qh]
Dorex2007: bets $0.26
trueJamaican: folds 
lemaorave: folds 
Uncalled bet ($0.26) returned to Dorex2007
Dorex2007 collected $0.26 from pot
Dorex2007: doesn't show hand 
*** SUMMARY ***
Total pot $0.27 | Rake $0.01 
Board [Ts 4c Jd Qh]
Seat 1: falcontour folded before Flop (didn't bet)
Seat 2: trueJamaican folded on the Turn
Seat 3: boy_poker76 folded before Flop (didn't bet)
Seat 4: lemaorave folded on the Turn
Seat 5: goran1964 (button) folded before Flop (didn't bet)
Seat 6: ambaccadop (small blind) folded before Flop
Seat 7: Hviidmand (big blind) folded before Flop
Seat 8: Dorex2007 collected ($0.26)
Seat 9: SUPERFISH35 folded before Flop (didn't bet)



PokerStars Hand #223628384668:  Hold'em No Limit ($0.01/$0.02 USD) - 2021/02/09 15:36:28 PT [2021/02/09 18:36:28 ET]
Table 'Simeisa III' 9-max Seat #6 is the button
Seat 1: falcontour ($1.22 in chips) 
Seat 2: trueJamaican ($2.02 in chips) 
Seat 3: boy_poker76 ($3.71 in chips) 
Seat 4: lemaorave ($1.92 in chips) 
Seat 5: goran1964 ($1.55 in chips) 
Seat 6: ambaccadop ($2 in chips) 
Seat 7: Hviidmand ($2.16 in chips) 
Seat 8: Dorex2007 ($3.59 in chips) 
Seat 9: SUPERFISH35 ($2.23 in chips) 
Hviidmand: posts small blind $0.01
Dorex2007: posts big blind $0.02
*** HOLE CARDS ***
Dealt to Dorex2007 [2d 9s]
SUPERFISH35: raises $0.03 to $0.05
falcontour: folds 
trueJamaican: folds 
boy_poker76: folds 
lemaorave: calls $0.05
goran1964 has timed out
goran1964: folds 
ambaccadop: folds 
Hviidmand: folds 
Dorex2007: folds 
*** FLOP *** [8d 4d Ks]
SUPERFISH35: bets $0.06
lemaorave: calls $0.06
*** TURN *** [8d 4d Ks] [5c]
SUPERFISH35: bets $0.10
lemaorave: calls $0.10
*** RIVER *** [8d 4d Ks 5c] [4s]
SUPERFISH35: checks 
lemaorave: checks 
*** SHOW DOWN ***
SUPERFISH35: shows [Td Qd] (a pair of Fours)
lemaorave: shows [9h 9d] (two pair, Nines and Fours)
lemaorave collected $0.43 from pot
*** SUMMARY ***
Total pot $0.45 | Rake $0.02 
Board [8d 4d Ks 5c 4s]
Seat 1: falcontour folded before Flop (didn't bet)
Seat 2: trueJamaican folded before Flop (didn't bet)
Seat 3: boy_poker76 folded before Flop (didn't bet)
Seat 4: lemaorave showed [9h 9d] and won ($0.43) with two pair, Nines and Fours
Seat 5: goran1964 folded before Flop (didn't bet)
Seat 6: ambaccadop (button) folded before Flop (didn't bet)
Seat 7: Hviidmand (small blind) folded before Flop
Seat 8: Dorex2007 (big blind) folded before Flop
Seat 9: SUPERFISH35 showed [Td Qd] and lost with a pair of Fours



PokerStars Hand #223628410632:  Hold'em No Limit ($0.01/$0.02 USD) - 2021/02/09 15:37:17 PT [2021/02/09 18:37:17 ET]
Table 'Simeisa III' 9-max Seat #7 is the button
Seat 1: falcontour ($1.22 in chips) 
Seat 2: trueJamaican ($2.02 in chips) 
Seat 3: boy_poker76 ($3.71 in chips) 
Seat 4: lemaorave ($2.14 in chips) 
Seat 5: goran1964 ($1.55 in chips) 
Seat 6: ambaccadop ($2 in chips) 
Seat 7: Hviidmand ($2.15 in chips) 
Seat 8: Dorex2007 ($3.57 in chips) 
Seat 9: SUPERFISH35 ($2.02 in chips) 
Dorex2007: posts small blind $0.01
SUPERFISH35: posts big blind $0.02
*** HOLE CARDS ***
Dealt to Dorex2007 [9d 2s]
falcontour: folds 
trueJamaican: folds 
boy_poker76: raises $0.06 to $0.08
lemaorave: folds 
goran1964: calls $0.08
ambaccadop: folds 
Hviidmand: folds 
Dorex2007: folds 
SUPERFISH35: folds 
*** FLOP *** [3d 2d 7c]
boy_poker76: bets $0.14
goran1964: calls $0.14
*** TURN *** [3d 2d 7c] [2c]
boy_poker76: bets $0.34
goran1964: folds 
Uncalled bet ($0.34) returned to boy_poker76
boy_poker76 collected $0.45 from pot
boy_poker76: doesn't show hand 
*** SUMMARY ***
Total pot $0.47 | Rake $0.02 
Board [3d 2d 7c 2c]
Seat 1: falcontour folded before Flop (didn't bet)
Seat 2: trueJamaican folded before Flop (didn't bet)
Seat 3: boy_poker76 collected ($0.45)
Seat 4: lemaorave folded before Flop (didn't bet)
Seat 5: goran1964 folded on the Turn
Seat 6: ambaccadop folded before Flop (didn't bet)
Seat 7: Hviidmand (button) folded before Flop (didn't bet)
Seat 8: Dorex2007 (small blind) folded before Flop
Seat 9: SUPERFISH35 (big blind) folded before Flop



PokerStars Hand #223628435017:  Hold'em No Limit ($0.01/$0.02 USD) - 2021/02/09 15:38:04 PT [2021/02/09 18:38:04 ET]
Table 'Simeisa III' 9-max Seat #8 is the button
Seat 1: falcontour ($1.22 in chips) 
Seat 2: trueJamaican ($2.02 in chips) 
Seat 3: boy_poker76 ($3.94 in chips) 
Seat 4: lemaorave ($2.14 in chips) 
Seat 5: goran1964 ($1.33 in chips) 
Seat 6: ambaccadop ($2 in chips) 
Seat 7: Hviidmand ($2.15 in chips) 
Seat 8: Dorex2007 ($3.56 in chips) 
Seat 9: SUPERFISH35 ($2 in chips) 
SUPERFISH35: posts small blind $0.01
falcontour: posts big blind $0.02
*** HOLE CARDS ***
Dealt to Dorex2007 [8h 2d]
trueJamaican: folds 
boy_poker76: folds 
lemaorave: calls $0.02
goran1964: calls $0.02
ambaccadop: folds 
Hviidmand: folds 
Dorex2007: folds 
SUPERFISH35: calls $0.01
falcontour: checks 
*** FLOP *** [Td 4d Kc]
SUPERFISH35: checks 
falcontour: bets $0.04
lemaorave: folds 
goran1964: folds 
SUPERFISH35: calls $0.04
*** TURN *** [Td 4d Kc] [Tc]
SUPERFISH35: checks 
falcontour: bets $0.08
SUPERFISH35: raises $0.24 to $0.32
falcontour: calls $0.24
*** RIVER *** [Td 4d Kc Tc] [2c]
SUPERFISH35: bets $0.25
falcontour: folds 
Uncalled bet ($0.25) returned to SUPERFISH35
SUPERFISH35 collected $0.77 from pot
SUPERFISH35: doesn't show hand 
*** SUMMARY ***
Total pot $0.80 | Rake $0.03 
Board [Td 4d Kc Tc 2c]
Seat 1: falcontour (big blind) folded on the River
Seat 2: trueJamaican folded before Flop (didn't bet)
Seat 3: boy_poker76 folded before Flop (didn't bet)
Seat 4: lemaorave folded on the Flop
Seat 5: goran1964 folded on the Flop
Seat 6: ambaccadop folded before Flop (didn't bet)
Seat 7: Hviidmand folded before Flop (didn't bet)
Seat 8: Dorex2007 (button) folded before Flop (didn't bet)
Seat 9: SUPERFISH35 (small blind) collected ($0.77)



