PokerStars Hand #237366756673:  Hold'em No Limit ($0.01/$0.02 USD) - 2022/07/14 21:09:46 PT [2022/07/15 0:09:46 ET]
Table 'Haremari II' 9-max Seat #1 is the button
Seat 1: iSanLuisAR ($2.03 in chips) 
Seat 2: reimaruku ($1.04 in chips) 
Seat 4: SilentInvester ($2 in chips) 
Seat 5: maggiebrasil ($1.81 in chips) 
Seat 7: RAAAAdik ($2.04 in chips) 
Seat 8: kio_kkk ($3.32 in chips) 
Seat 9: Dorex2007 ($2 in chips) 
reimaruku: posts small blind $0.01
SilentInvester: posts big blind $0.02
Stefan987695: sits out 
Dorex2007: posts big blind $0.02
*** HOLE CARDS ***
Dealt to Dorex2007 [Td 8s]
maggiebrasil: folds 
RAAAAdik: folds 
kio_kkk: calls $0.02
Dorex2007: checks 
iSanLuisAR: folds 
reimaruku: calls $0.01
SilentInvester: checks 
*** FLOP *** [7d 9h 4d]
reimaruku: checks 
SilentInvester: checks 
kio_kkk: bets $0.04
Dorex2007: calls $0.04
reimaruku: calls $0.04
SilentInvester: folds 
*** TURN *** [7d 9h 4d] [Jd]
reimaruku: checks 
kio_kkk: checks 
Dorex2007: bets $0.19
reimaruku: folds 
kio_kkk: folds 
Uncalled bet ($0.19) returned to Dorex2007
Dorex2007 collected $0.19 from pot
*** SUMMARY ***
Total pot $0.20 | Rake $0.01 
Board [7d 9h 4d Jd]
Seat 1: iSanLuisAR (button) folded before Flop (didn't bet)
Seat 2: reimaruku (small blind) folded on the Turn
Seat 4: SilentInvester (big blind) folded on the Flop
Seat 5: maggiebrasil folded before Flop (didn't bet)
Seat 7: RAAAAdik folded before Flop (didn't bet)
Seat 8: kio_kkk folded on the Turn
Seat 9: Dorex2007 collected ($0.19)



PokerStars Hand #237366765160:  Hold'em No Limit ($0.01/$0.02 USD) - 2022/07/14 21:10:51 PT [2022/07/15 0:10:51 ET]
Table 'Haremari II' 9-max Seat #2 is the button
Seat 1: iSanLuisAR ($2.03 in chips) 
Seat 2: reimaruku ($0.98 in chips) 
Seat 5: maggiebrasil ($1.81 in chips) 
Seat 6: Stefan987695 ($0.80 in chips) 
Seat 7: RAAAAdik ($2.04 in chips) 
Seat 8: kio_kkk ($3.26 in chips) 
Seat 9: Dorex2007 ($2.13 in chips) 
SilentInvester has timed out
SilentInvester: is sitting out 
maggiebrasil: posts small blind $0.01
Stefan987695: posts big blind $0.02
*** HOLE CARDS ***
Dealt to Dorex2007 [Jd 2c]
RAAAAdik: folds 
kio_kkk: folds 
Dorex2007: folds 
iSanLuisAR: folds 
reimaruku: calls $0.02
maggiebrasil: folds 
Stefan987695: checks 
*** FLOP *** [Qs Qd 4s]
Stefan987695: checks 
reimaruku: checks 
*** TURN *** [Qs Qd 4s] [7h]
Stefan987695: checks 
reimaruku: bets $0.02
Stefan987695: calls $0.02
*** RIVER *** [Qs Qd 4s 7h] [Ac]
Stefan987695: checks 
reimaruku: bets $0.14
Stefan987695: folds 
Uncalled bet ($0.14) returned to reimaruku
reimaruku collected $0.09 from pot
*** SUMMARY ***
Total pot $0.09 | Rake $0 
Board [Qs Qd 4s 7h Ac]
Seat 1: iSanLuisAR folded before Flop (didn't bet)
Seat 2: reimaruku (button) collected ($0.09)
Seat 5: maggiebrasil (small blind) folded before Flop
Seat 6: Stefan987695 (big blind) folded on the River
Seat 7: RAAAAdik folded before Flop (didn't bet)
Seat 8: kio_kkk folded before Flop (didn't bet)
Seat 9: Dorex2007 folded before Flop (didn't bet)



PokerStars Hand #237366774387:  Hold'em No Limit ($0.01/$0.02 USD) - 2022/07/14 21:12:02 PT [2022/07/15 0:12:02 ET]
Table 'Haremari II' 9-max Seat #5 is the button
Seat 1: iSanLuisAR ($2.03 in chips) 
Seat 2: reimaruku ($1.03 in chips) 
Seat 4: SilentInvester ($1.98 in chips) 
Seat 5: maggiebrasil ($1.80 in chips) 
Seat 6: Stefan987695 ($0.76 in chips) 
Seat 9: Dorex2007 ($2.13 in chips) 
Stefan987695: posts small blind $0.01
RAAAAdik: is sitting out 
kio_kkk: is sitting out 
Dorex2007: posts big blind $0.02
SilentInvester: posts small blind $0.01
*** HOLE CARDS ***
Dealt to Dorex2007 [Jc 9s]
iSanLuisAR: folds 
reimaruku: raises $0.04 to $0.06
SilentInvester: calls $0.06
maggiebrasil: folds 
Stefan987695: folds 
Dorex2007: calls $0.04
*** FLOP *** [Qh 7c Qs]
kio_kkk leaves the table
Dorex2007: checks 
reimaruku: bets $0.13
SilentInvester: calls $0.13
Dorex2007: folds 
*** TURN *** [Qh 7c Qs] [9d]
Sr.Benitez448 joins the table at seat #8 
reimaruku: bets $0.13
SilentInvester: folds 
Uncalled bet ($0.13) returned to reimaruku
reimaruku collected $0.44 from pot
*** SUMMARY ***
Total pot $0.46 | Rake $0.02 
Board [Qh 7c Qs 9d]
Seat 1: iSanLuisAR folded before Flop (didn't bet)
Seat 2: reimaruku collected ($0.44)
Seat 4: SilentInvester folded on the Turn
Seat 5: maggiebrasil (button) folded before Flop (didn't bet)
Seat 6: Stefan987695 (small blind) folded before Flop
Seat 9: Dorex2007 (big blind) folded on the Flop



PokerStars Hand #237366781334:  Hold'em No Limit ($0.01/$0.02 USD) - 2022/07/14 21:12:55 PT [2022/07/15 0:12:55 ET]
Table 'Haremari II' 9-max Seat #6 is the button
Seat 1: iSanLuisAR ($2.03 in chips) 
Seat 2: reimaruku ($1.28 in chips) 
Seat 4: SilentInvester ($1.78 in chips) 
Seat 5: maggiebrasil ($1.80 in chips) 
Seat 6: Stefan987695 ($0.75 in chips) 
Seat 9: Dorex2007 ($2.07 in chips) 
Dorex2007: posts small blind $0.01
iSanLuisAR: posts big blind $0.02
*** HOLE CARDS ***
Dealt to Dorex2007 [9h Ks]
reimaruku: folds 
SilentInvester: calls $0.02
maggiebrasil: folds 
Stefan987695: calls $0.02
Dorex2007: folds 
iSanLuisAR: checks 
*** FLOP *** [3s 2c 6h]
iSanLuisAR: checks 
SilentInvester: bets $0.03
Stefan987695: folds 
iSanLuisAR: calls $0.03
*** TURN *** [3s 2c 6h] [Kc]
iSanLuisAR: checks 
SilentInvester: bets $0.06
iSanLuisAR: folds 
Uncalled bet ($0.06) returned to SilentInvester
SilentInvester collected $0.13 from pot
*** SUMMARY ***
Total pot $0.13 | Rake $0 
Board [3s 2c 6h Kc]
Seat 1: iSanLuisAR (big blind) folded on the Turn
Seat 2: reimaruku folded before Flop (didn't bet)
Seat 4: SilentInvester collected ($0.13)
Seat 5: maggiebrasil folded before Flop (didn't bet)
Seat 6: Stefan987695 (button) folded on the Flop
Seat 9: Dorex2007 (small blind) folded before Flop



PokerStars Hand #237366787316:  Hold'em No Limit ($0.01/$0.02 USD) - 2022/07/14 21:13:43 PT [2022/07/15 0:13:43 ET]
Table 'Haremari II' 9-max Seat #9 is the button
Seat 1: iSanLuisAR ($1.98 in chips) 
Seat 2: reimaruku ($1.28 in chips) 
Seat 4: SilentInvester ($1.86 in chips) 
Seat 5: maggiebrasil ($1.80 in chips) 
Seat 6: Stefan987695 ($0.73 in chips) 
Seat 8: Sr.Benitez448 ($0.80 in chips) 
Seat 9: Dorex2007 ($2.06 in chips) 
iSanLuisAR: posts small blind $0.01
reimaruku: posts big blind $0.02
RAAAAdik: sits out 
Sr.Benitez448: posts big blind $0.02
*** HOLE CARDS ***
Dealt to Dorex2007 [Tc Kc]
SilentInvester: calls $0.02
maggiebrasil: folds 
Stefan987695: calls $0.02
Sr.Benitez448: checks 
Dorex2007: calls $0.02
iSanLuisAR: calls $0.01
reimaruku: raises $0.10 to $0.12
SilentInvester: calls $0.10
Stefan987695: folds 
Sr.Benitez448: folds 
Dorex2007: folds 
iSanLuisAR: folds 
*** FLOP *** [As 6s Ts]
reimaruku: checks 
SilentInvester: bets $0.31
reimaruku: folds 
Uncalled bet ($0.31) returned to SilentInvester
SilentInvester collected $0.31 from pot
*** SUMMARY ***
Total pot $0.32 | Rake $0.01 
Board [As 6s Ts]
Seat 1: iSanLuisAR (small blind) folded before Flop
Seat 2: reimaruku (big blind) folded on the Flop
Seat 4: SilentInvester collected ($0.31)
Seat 5: maggiebrasil folded before Flop (didn't bet)
Seat 6: Stefan987695 folded before Flop
Seat 8: Sr.Benitez448 folded before Flop (didn't bet)
Seat 9: Dorex2007 (button) folded before Flop



PokerStars Hand #237366797948:  Hold'em No Limit ($0.01/$0.02 USD) - 2022/07/14 21:15:07 PT [2022/07/15 0:15:07 ET]
Table 'Haremari II' 9-max Seat #1 is the button
Seat 1: iSanLuisAR ($1.96 in chips) 
Seat 2: reimaruku ($1.16 in chips) 
Seat 4: SilentInvester ($2.05 in chips) 
Seat 5: maggiebrasil ($1.80 in chips) 
Seat 6: Stefan987695 ($0.71 in chips) 
Seat 8: Sr.Benitez448 ($0.78 in chips) 
Seat 9: Dorex2007 ($2.04 in chips) 
reimaruku: posts small blind $0.01
SilentInvester: posts big blind $0.02
RAAAAdik: sits out 
*** HOLE CARDS ***
Dealt to Dorex2007 [Jh 3c]
maggiebrasil: folds 
Stefan987695: raises $0.02 to $0.04
Sr.Benitez448: folds 
Dorex2007: folds 
iSanLuisAR: folds 
reimaruku: calls $0.03
SilentInvester: calls $0.02
*** FLOP *** [Qc Jd 5c]
reimaruku: checks 
SilentInvester: bets $0.12
Stefan987695: folds 
VoidSmasher leaves the table
reimaruku: calls $0.12
*** TURN *** [Qc Jd 5c] [4s]
reimaruku: checks 
SilentInvester: bets $0.17
reimaruku: calls $0.17
*** RIVER *** [Qc Jd 5c 4s] [3d]
reimaruku: checks 
SilentInvester: bets $0.68
reimaruku: calls $0.68
*** SHOW DOWN ***
SilentInvester: shows [Qd 2d] (a pair of Queens)
reimaruku: shows [2h Qh] (a pair of Queens)
reimaruku collected $1 from pot
SilentInvester collected $0.99 from pot
*** SUMMARY ***
Total pot $2.06 | Rake $0.07 
Board [Qc Jd 5c 4s 3d]
Seat 1: iSanLuisAR (button) folded before Flop (didn't bet)
Seat 2: reimaruku (small blind) showed [2h Qh] and won ($1) with a pair of Queens
Seat 4: SilentInvester (big blind) showed [Qd 2d] and won ($0.99) with a pair of Queens
Seat 5: maggiebrasil folded before Flop (didn't bet)
Seat 6: Stefan987695 folded on the Flop
Seat 8: Sr.Benitez448 folded before Flop (didn't bet)
Seat 9: Dorex2007 folded before Flop (didn't bet)



PokerStars Hand #237366806334:  Hold'em No Limit ($0.01/$0.02 USD) - 2022/07/14 21:16:12 PT [2022/07/15 0:16:12 ET]
Table 'Haremari II' 9-max Seat #2 is the button
Seat 1: iSanLuisAR ($1.96 in chips) 
Seat 2: reimaruku ($1.15 in chips) 
Seat 4: SilentInvester ($2.03 in chips) 
Seat 5: maggiebrasil ($1.80 in chips) 
Seat 6: Stefan987695 ($0.67 in chips) 
Seat 8: Sr.Benitez448 ($0.78 in chips) 
Seat 9: Dorex2007 ($2.04 in chips) 
SilentInvester: posts small blind $0.01
maggiebrasil: posts big blind $0.02
RAAAAdik: sits out 
*** HOLE CARDS ***
Dealt to Dorex2007 [3c Kc]
19ecoboy79 joins the table at seat #3 
Stefan987695: raises $0.02 to $0.04
Sr.Benitez448: folds 
Dorex2007: folds 
iSanLuisAR: folds 
reimaruku: folds 
SilentInvester: folds 
maggiebrasil: folds 
Uncalled bet ($0.02) returned to Stefan987695
Stefan987695 collected $0.05 from pot
*** SUMMARY ***
Total pot $0.05 | Rake $0 
Seat 1: iSanLuisAR folded before Flop (didn't bet)
Seat 2: reimaruku (button) folded before Flop (didn't bet)
Seat 4: SilentInvester (small blind) folded before Flop
Seat 5: maggiebrasil (big blind) folded before Flop
Seat 6: Stefan987695 collected ($0.05)
Seat 8: Sr.Benitez448 folded before Flop (didn't bet)
Seat 9: Dorex2007 folded before Flop (didn't bet)



PokerStars Hand #237366809777:  Hold'em No Limit ($0.01/$0.02 USD) - 2022/07/14 21:16:39 PT [2022/07/15 0:16:39 ET]
Table 'Haremari II' 9-max Seat #4 is the button
Seat 1: iSanLuisAR ($1.96 in chips) 
Seat 2: reimaruku ($1.15 in chips) 
Seat 4: SilentInvester ($2.02 in chips) 
Seat 5: maggiebrasil ($1.78 in chips) 
Seat 6: Stefan987695 ($0.70 in chips) 
Seat 8: Sr.Benitez448 ($0.78 in chips) 
Seat 9: Dorex2007 ($2.04 in chips) 
maggiebrasil: posts small blind $0.01
Stefan987695: posts big blind $0.02
RAAAAdik: sits out 
19ecoboy79: sits out 
*** HOLE CARDS ***
Dealt to Dorex2007 [3s 5c]
Sr.Benitez448: calls $0.02
Dorex2007: folds 
iSanLuisAR: folds 
reimaruku: folds 
SilentInvester: calls $0.02
maggiebrasil: folds 
Stefan987695: checks 
*** FLOP *** [Jc 7d 8d]
Stefan987695: checks 
Sr.Benitez448: checks 
SilentInvester: checks 
*** TURN *** [Jc 7d 8d] [6h]
Stefan987695: checks 
Sr.Benitez448: bets $0.03
SilentInvester: folds 
Stefan987695: calls $0.03
*** RIVER *** [Jc 7d 8d 6h] [7s]
Stefan987695: checks 
Sr.Benitez448: checks 
*** SHOW DOWN ***
Stefan987695: shows [9c Js] (two pair, Jacks and Sevens)
Sr.Benitez448: mucks hand 
Stefan987695 collected $0.13 from pot
*** SUMMARY ***
Total pot $0.13 | Rake $0 
Board [Jc 7d 8d 6h 7s]
Seat 1: iSanLuisAR folded before Flop (didn't bet)
Seat 2: reimaruku folded before Flop (didn't bet)
Seat 4: SilentInvester (button) folded on the Turn
Seat 5: maggiebrasil (small blind) folded before Flop
Seat 6: Stefan987695 (big blind) showed [9c Js] and won ($0.13) with two pair, Jacks and Sevens
Seat 8: Sr.Benitez448 mucked [8h Qh]
Seat 9: Dorex2007 folded before Flop (didn't bet)



PokerStars Hand #237366816102:  Hold'em No Limit ($0.01/$0.02 USD) - 2022/07/14 21:17:29 PT [2022/07/15 0:17:29 ET]
Table 'Haremari II' 9-max Seat #5 is the button
Seat 1: iSanLuisAR ($1.96 in chips) 
Seat 2: reimaruku ($1.15 in chips) 
Seat 4: SilentInvester ($2 in chips) 
Seat 5: maggiebrasil ($1.77 in chips) 
Seat 6: Stefan987695 ($0.78 in chips) 
Seat 7: RAAAAdik ($2.04 in chips) 
Seat 8: Sr.Benitez448 ($0.73 in chips) 
Seat 9: Dorex2007 ($2.04 in chips) 
Stefan987695: posts small blind $0.01
RAAAAdik: posts big blind $0.02
19ecoboy79: sits out 
*** HOLE CARDS ***
Dealt to Dorex2007 [4s Td]
Sr.Benitez448: folds 
Dorex2007: folds 
iSanLuisAR: raises $0.04 to $0.06
reimaruku: folds 
SilentInvester: calls $0.06
maggiebrasil: folds 
Stefan987695: calls $0.05
maggiebrasil leaves the table
RAAAAdik: calls $0.04
*** FLOP *** [Qh 4h 7c]
Stefan987695: checks 
RAAAAdik: checks 
iSanLuisAR: bets $0.11
SilentInvester: folds 
Hathor-edge joins the table at seat #5 
Stefan987695: folds 
RAAAAdik: calls $0.11
*** TURN *** [Qh 4h 7c] [Ts]
RAAAAdik: checks 
iSanLuisAR: bets $0.28
Stefan987695 leaves the table
SilentInvester is disconnected 
RAAAAdik: raises $0.28 to $0.56
iSanLuisAR: calls $0.28
*** RIVER *** [Qh 4h 7c Ts] [5s]
reimaruku is disconnected 
RAAAAdik: checks 
iSanLuisAR: checks 
*** SHOW DOWN ***
RAAAAdik: shows [6h 5d] (a pair of Fives)
iSanLuisAR: shows [Qc Jh] (a pair of Queens)
iSanLuisAR collected $1.52 from pot
*** SUMMARY ***
Total pot $1.58 | Rake $0.06 
Board [Qh 4h 7c Ts 5s]
Seat 1: iSanLuisAR showed [Qc Jh] and won ($1.52) with a pair of Queens
Seat 2: reimaruku folded before Flop (didn't bet)
Seat 4: SilentInvester folded on the Flop
Seat 5: maggiebrasil (button) folded before Flop (didn't bet)
Seat 6: Stefan987695 (small blind) folded on the Flop
Seat 7: RAAAAdik (big blind) showed [6h 5d] and lost with a pair of Fives
Seat 8: Sr.Benitez448 folded before Flop (didn't bet)
Seat 9: Dorex2007 folded before Flop (didn't bet)



PokerStars Hand #237366827816:  Hold'em No Limit ($0.01/$0.02 USD) - 2022/07/14 21:19:00 PT [2022/07/15 0:19:00 ET]
Table 'Haremari II' 9-max Seat #7 is the button
Seat 1: iSanLuisAR ($2.75 in chips) 
Seat 2: reimaruku ($1.15 in chips) 
Seat 4: SilentInvester ($1.94 in chips) 
Seat 7: RAAAAdik ($2 in chips) 
Seat 8: Sr.Benitez448 ($0.73 in chips) 
Seat 9: Dorex2007 ($2.04 in chips) 
Sr.Benitez448: posts small blind $0.01
Dorex2007: posts big blind $0.02
19ecoboy79: sits out 
Hathor-edge: sits out 
*** HOLE CARDS ***
Dealt to Dorex2007 [7s 2s]
iSanLuisAR: folds 
reimaruku: folds 
SilentInvester: calls $0.02
RAAAAdik: folds 
AnjoRush joins the table at seat #6 
Sr.Benitez448: calls $0.01
Dorex2007: checks 
*** FLOP *** [Jd 2c 9d]
Sr.Benitez448: checks 
Dorex2007: checks 
SilentInvester: bets $0.06
Sr.Benitez448: folds 
Dorex2007: folds 
Uncalled bet ($0.06) returned to SilentInvester
SilentInvester collected $0.06 from pot
*** SUMMARY ***
Total pot $0.06 | Rake $0 
Board [Jd 2c 9d]
Seat 1: iSanLuisAR folded before Flop (didn't bet)
Seat 2: reimaruku folded before Flop (didn't bet)
Seat 4: SilentInvester collected ($0.06)
Seat 7: RAAAAdik (button) folded before Flop (didn't bet)
Seat 8: Sr.Benitez448 (small blind) folded on the Flop
Seat 9: Dorex2007 (big blind) folded on the Flop



PokerStars Hand #237366831797:  Hold'em No Limit ($0.01/$0.02 USD) - 2022/07/14 21:19:31 PT [2022/07/15 0:19:31 ET]
Table 'Haremari II' 9-max Seat #8 is the button
Seat 1: iSanLuisAR ($2.75 in chips) 
Seat 2: reimaruku ($1.15 in chips) 
Seat 4: SilentInvester ($1.98 in chips) 
Seat 7: RAAAAdik ($2 in chips) 
Seat 8: Sr.Benitez448 ($0.71 in chips) 
Seat 9: Dorex2007 ($2.02 in chips) 
Dorex2007: posts small blind $0.01
iSanLuisAR: posts big blind $0.02
19ecoboy79: sits out 
Hathor-edge: sits out 
AnjoRush: sits out 
*** HOLE CARDS ***
Dealt to Dorex2007 [9d 4d]
reimaruku: folds 
SilentInvester: calls $0.02
RAAAAdik: folds 
Sr.Benitez448: folds 
Dorex2007: folds 
iSanLuisAR: checks 
*** FLOP *** [9s 3h 5d]
iSanLuisAR: checks 
SilentInvester: bets $0.05
iSanLuisAR: folds 
Uncalled bet ($0.05) returned to SilentInvester
SilentInvester collected $0.05 from pot
*** SUMMARY ***
Total pot $0.05 | Rake $0 
Board [9s 3h 5d]
Seat 1: iSanLuisAR (big blind) folded on the Flop
Seat 2: reimaruku folded before Flop (didn't bet)
Seat 4: SilentInvester collected ($0.05)
Seat 7: RAAAAdik folded before Flop (didn't bet)
Seat 8: Sr.Benitez448 (button) folded before Flop (didn't bet)
Seat 9: Dorex2007 (small blind) folded before Flop



PokerStars Hand #237366838134:  Hold'em No Limit ($0.01/$0.02 USD) - 2022/07/14 21:20:21 PT [2022/07/15 0:20:21 ET]
Table 'Haremari II' 9-max Seat #9 is the button
Seat 1: iSanLuisAR ($2.73 in chips) 
Seat 2: reimaruku ($1.15 in chips) 
Seat 4: SilentInvester ($2.01 in chips) 
Seat 7: RAAAAdik ($2 in chips) 
Seat 8: Sr.Benitez448 ($0.71 in chips) 
Seat 9: Dorex2007 ($2.01 in chips) 
iSanLuisAR: posts small blind $0.01
reimaruku: posts big blind $0.02
19ecoboy79: sits out 
Hathor-edge: sits out 
AnjoRush: sits out 
*** HOLE CARDS ***
Dealt to Dorex2007 [Td Qd]
SilentInvester: calls $0.02
RAAAAdik: folds 
Sr.Benitez448: folds 
Dorex2007: calls $0.02
iSanLuisAR: calls $0.01
reimaruku: checks 
*** FLOP *** [Kd 7c Th]
iSanLuisAR: checks 
reimaruku: checks 
SilentInvester: checks 
Dorex2007: checks 
*** TURN *** [Kd 7c Th] [4c]
iSanLuisAR: bets $0.04
reimaruku: calls $0.04
SilentInvester: calls $0.04
Dorex2007: folds 
*** RIVER *** [Kd 7c Th 4c] [9c]
iSanLuisAR: checks 
reimaruku: checks 
SilentInvester: bets $0.19
iSanLuisAR: folds 
reimaruku: folds 
Uncalled bet ($0.19) returned to SilentInvester
SilentInvester collected $0.19 from pot
*** SUMMARY ***
Total pot $0.20 | Rake $0.01 
Board [Kd 7c Th 4c 9c]
Seat 1: iSanLuisAR (small blind) folded on the River
Seat 2: reimaruku (big blind) folded on the River
Seat 4: SilentInvester collected ($0.19)
Seat 7: RAAAAdik folded before Flop (didn't bet)
Seat 8: Sr.Benitez448 folded before Flop (didn't bet)
Seat 9: Dorex2007 (button) folded on the Turn



PokerStars Hand #237366850336:  Hold'em No Limit ($0.01/$0.02 USD) - 2022/07/14 21:21:46 PT [2022/07/15 0:21:46 ET]
Table 'Haremari II' 9-max Seat #1 is the button
Seat 1: iSanLuisAR ($2.67 in chips) 
Seat 2: reimaruku ($1.09 in chips) 
Seat 3: 19ecoboy79 ($0.80 in chips) 
Seat 4: SilentInvester ($2.14 in chips) 
Seat 7: RAAAAdik ($2 in chips) 
Seat 8: Sr.Benitez448 ($0.71 in chips) 
Seat 9: Dorex2007 ($2 in chips) 
reimaruku: posts small blind $0.01
19ecoboy79: posts big blind $0.02
Hathor-edge: sits out 
AnjoRush: sits out 
*** HOLE CARDS ***
Dealt to Dorex2007 [5d Ks]
SilentInvester: calls $0.02
RAAAAdik: folds 
Sr.Benitez448: folds 
Dorex2007: folds 
iSanLuisAR: folds 
reimaruku: raises $0.06 to $0.08
19ecoboy79: folds 
SilentInvester: calls $0.06
*** FLOP *** [2d 3s 8c]
reimaruku: checks 
SilentInvester: bets $0.08
reimaruku: raises $0.08 to $0.16
SilentInvester: calls $0.08
*** TURN *** [2d 3s 8c] [4h]
reimaruku: bets $0.16
SilentInvester: folds 
Uncalled bet ($0.16) returned to reimaruku
reimaruku collected $0.48 from pot
*** SUMMARY ***
Total pot $0.50 | Rake $0.02 
Board [2d 3s 8c 4h]
Seat 1: iSanLuisAR (button) folded before Flop (didn't bet)
Seat 2: reimaruku (small blind) collected ($0.48)
Seat 3: 19ecoboy79 (big blind) folded before Flop
Seat 4: SilentInvester folded on the Turn
Seat 7: RAAAAdik folded before Flop (didn't bet)
Seat 8: Sr.Benitez448 folded before Flop (didn't bet)
Seat 9: Dorex2007 folded before Flop (didn't bet)



PokerStars Hand #237366857034:  Hold'em No Limit ($0.01/$0.02 USD) - 2022/07/14 21:22:39 PT [2022/07/15 0:22:39 ET]
Table 'Haremari II' 9-max Seat #2 is the button
Seat 1: iSanLuisAR ($2.67 in chips) 
Seat 2: reimaruku ($1.33 in chips) 
Seat 3: 19ecoboy79 ($0.80 in chips) 
Seat 4: SilentInvester ($1.90 in chips) 
Seat 7: RAAAAdik ($2 in chips) 
Seat 8: Sr.Benitez448 ($0.71 in chips) 
Seat 9: Dorex2007 ($2 in chips) 
19ecoboy79: posts small blind $0.01
SilentInvester: posts big blind $0.02
Hathor-edge: sits out 
AnjoRush: sits out 
*** HOLE CARDS ***
Dealt to Dorex2007 [8c Kc]
RAAAAdik: folds 
Sr.Benitez448: calls $0.02
Dorex2007: calls $0.02
iSanLuisAR: calls $0.02
reimaruku: calls $0.02
19ecoboy79: calls $0.01
SilentInvester: checks 
*** FLOP *** [4d Qc 9h]
19ecoboy79: checks 
SilentInvester: checks 
Sr.Benitez448: checks 
Dorex2007: checks 
iSanLuisAR: checks 
reimaruku: checks 
*** TURN *** [4d Qc 9h] [Kd]
19ecoboy79: checks 
SilentInvester: checks 
Sr.Benitez448: bets $0.02
Dorex2007: calls $0.02
iSanLuisAR: calls $0.02
reimaruku: folds 
19ecoboy79: raises $0.02 to $0.04
SilentInvester: folds 
Sr.Benitez448: calls $0.02
Dorex2007: calls $0.02
iSanLuisAR: calls $0.02
*** RIVER *** [4d Qc 9h Kd] [4c]
19ecoboy79: checks 
Sr.Benitez448: checks 
Dorex2007: bets $0.13
iSanLuisAR: folds 
19ecoboy79: folds 
Sr.Benitez448: folds 
Uncalled bet ($0.13) returned to Dorex2007
Dorex2007 collected $0.27 from pot
*** SUMMARY ***
Total pot $0.28 | Rake $0.01 
Board [4d Qc 9h Kd 4c]
Seat 1: iSanLuisAR folded on the River
Seat 2: reimaruku (button) folded on the Turn
Seat 3: 19ecoboy79 (small blind) folded on the River
Seat 4: SilentInvester (big blind) folded on the Turn
Seat 7: RAAAAdik folded before Flop (didn't bet)
Seat 8: Sr.Benitez448 folded on the River
Seat 9: Dorex2007 collected ($0.27)



PokerStars Hand #237366874611:  Hold'em No Limit ($0.01/$0.02 USD) - 2022/07/14 21:25:01 PT [2022/07/15 0:25:01 ET]
Table 'Haremari II' 9-max Seat #3 is the button
Seat 1: iSanLuisAR ($2.61 in chips) 
Seat 2: reimaruku ($1.31 in chips) 
Seat 3: 19ecoboy79 ($0.80 in chips) 
Seat 4: SilentInvester ($1.88 in chips) 
Seat 5: Hathor-edge ($2 in chips) 
Seat 7: RAAAAdik ($2 in chips) 
Seat 8: Sr.Benitez448 ($0.65 in chips) 
Seat 9: Dorex2007 ($2.21 in chips) 
SilentInvester: posts small blind $0.01
Hathor-edge: posts big blind $0.02
AnjoRush: sits out 
*** HOLE CARDS ***
Dealt to Dorex2007 [2s 6h]
RAAAAdik: raises $0.05 to $0.07
Sr.Benitez448: folds 
Dorex2007: folds 
iSanLuisAR: folds 
reimaruku: folds 
19ecoboy79: folds 
SilentInvester: folds 
Hathor-edge: calls $0.05
*** FLOP *** [8d Qh Ah]
Hathor-edge: checks 
RAAAAdik: bets $0.11
Hathor-edge: calls $0.11
*** TURN *** [8d Qh Ah] [3d]
Hathor-edge: checks 
RAAAAdik: bets $0.20
Hathor-edge: calls $0.20
*** RIVER *** [8d Qh Ah 3d] [Ks]
Hathor-edge: checks 
RAAAAdik: checks 
*** SHOW DOWN ***
Hathor-edge: shows [3h 5h] (a pair of Threes)
RAAAAdik: shows [Kd Ac] (two pair, Aces and Kings)
RAAAAdik collected $0.74 from pot
*** SUMMARY ***
Total pot $0.77 | Rake $0.03 
Board [8d Qh Ah 3d Ks]
Seat 1: iSanLuisAR folded before Flop (didn't bet)
Seat 2: reimaruku folded before Flop (didn't bet)
Seat 3: 19ecoboy79 (button) folded before Flop (didn't bet)
Seat 4: SilentInvester (small blind) folded before Flop
Seat 5: Hathor-edge (big blind) showed [3h 5h] and lost with a pair of Threes
Seat 7: RAAAAdik showed [Kd Ac] and won ($0.74) with two pair, Aces and Kings
Seat 8: Sr.Benitez448 folded before Flop (didn't bet)
Seat 9: Dorex2007 folded before Flop (didn't bet)



PokerStars Hand #237366880754:  Hold'em No Limit ($0.01/$0.02 USD) - 2022/07/14 21:25:50 PT [2022/07/15 0:25:50 ET]
Table 'Haremari II' 9-max Seat #4 is the button
Seat 1: iSanLuisAR ($2.61 in chips) 
Seat 2: reimaruku ($1.31 in chips) 
Seat 3: 19ecoboy79 ($0.80 in chips) 
Seat 4: SilentInvester ($1.87 in chips) 
Seat 5: Hathor-edge ($1.62 in chips) 
Seat 6: AnjoRush ($2 in chips) 
Seat 7: RAAAAdik ($2.36 in chips) 
Seat 8: Sr.Benitez448 ($0.80 in chips) 
Seat 9: Dorex2007 ($2.21 in chips) 
Hathor-edge: posts small blind $0.01
AnjoRush: posts big blind $0.02
*** HOLE CARDS ***
Dealt to Dorex2007 [2c 3c]
RAAAAdik: folds 
Sr.Benitez448: folds 
Dorex2007: folds 
reimaruku is disconnected 
iSanLuisAR: folds 
reimaruku is connected 
reimaruku: raises $0.04 to $0.06
19ecoboy79: calls $0.06
SilentInvester: calls $0.06
Hathor-edge: folds 
AnjoRush: calls $0.04
*** FLOP *** [Ah 4s 4c]
AnjoRush: checks 
reimaruku: checks 
19ecoboy79: checks 
SilentInvester: checks 
*** TURN *** [Ah 4s 4c] [7c]
AnjoRush: checks 
reimaruku: bets $0.07
19ecoboy79: folds 
SilentInvester: calls $0.07
AnjoRush: folds 
*** RIVER *** [Ah 4s 4c 7c] [Qs]
reimaruku: bets $0.11
SilentInvester: calls $0.11
*** SHOW DOWN ***
reimaruku: shows [7d Ks] (two pair, Sevens and Fours)
SilentInvester: shows [9c 7s] (two pair, Sevens and Fours)
reimaruku collected $0.30 from pot
SilentInvester collected $0.29 from pot
*** SUMMARY ***
Total pot $0.61 | Rake $0.02 
Board [Ah 4s 4c 7c Qs]
Seat 1: iSanLuisAR folded before Flop (didn't bet)
Seat 2: reimaruku showed [7d Ks] and won ($0.30) with two pair, Sevens and Fours
Seat 3: 19ecoboy79 folded on the Turn
Seat 4: SilentInvester (button) showed [9c 7s] and won ($0.29) with two pair, Sevens and Fours
Seat 5: Hathor-edge (small blind) folded before Flop
Seat 6: AnjoRush (big blind) folded on the Turn
Seat 7: RAAAAdik folded before Flop (didn't bet)
Seat 8: Sr.Benitez448 folded before Flop (didn't bet)
Seat 9: Dorex2007 folded before Flop (didn't bet)



PokerStars Hand #237366889791:  Hold'em No Limit ($0.01/$0.02 USD) - 2022/07/14 21:27:03 PT [2022/07/15 0:27:03 ET]
Table 'Haremari II' 9-max Seat #5 is the button
Seat 1: iSanLuisAR ($2.61 in chips) 
Seat 2: reimaruku ($1.37 in chips) 
Seat 3: 19ecoboy79 ($0.80 in chips) 
Seat 4: SilentInvester ($1.92 in chips) 
Seat 5: Hathor-edge ($1.61 in chips) 
Seat 6: AnjoRush ($1.94 in chips) 
Seat 7: RAAAAdik ($2.36 in chips) 
Seat 8: Sr.Benitez448 ($0.80 in chips) 
Seat 9: Dorex2007 ($2.21 in chips) 
AnjoRush: posts small blind $0.01
RAAAAdik: posts big blind $0.02
*** HOLE CARDS ***
Dealt to Dorex2007 [Jd 9c]
Sr.Benitez448: folds 
Dorex2007: folds 
iSanLuisAR: calls $0.02
reimaruku: folds 
19ecoboy79: folds 
SilentInvester: calls $0.02
Hathor-edge: calls $0.02
AnjoRush: folds 
RAAAAdik: checks 
*** FLOP *** [6s 3c 9s]
RAAAAdik: checks 
iSanLuisAR: bets $0.06
SilentInvester: calls $0.06
Hathor-edge: calls $0.06
RAAAAdik: calls $0.06
*** TURN *** [6s 3c 9s] [Kc]
RAAAAdik: checks 
iSanLuisAR: bets $0.26
SilentInvester: calls $0.26
Hathor-edge: folds 
RAAAAdik: folds 
*** RIVER *** [6s 3c 9s Kc] [Qd]
iSanLuisAR: bets $0.58
SilentInvester: folds 
Uncalled bet ($0.58) returned to iSanLuisAR
iSanLuisAR collected $0.82 from pot
*** SUMMARY ***
Total pot $0.85 | Rake $0.03 
Board [6s 3c 9s Kc Qd]
Seat 1: iSanLuisAR collected ($0.82)
Seat 2: reimaruku folded before Flop (didn't bet)
Seat 3: 19ecoboy79 folded before Flop (didn't bet)
Seat 4: SilentInvester folded on the River
Seat 5: Hathor-edge (button) folded on the Turn
Seat 6: AnjoRush (small blind) folded before Flop
Seat 7: RAAAAdik (big blind) folded on the Turn
Seat 8: Sr.Benitez448 folded before Flop (didn't bet)
Seat 9: Dorex2007 folded before Flop (didn't bet)



PokerStars Hand #237366901334:  Hold'em No Limit ($0.01/$0.02 USD) - 2022/07/14 21:28:36 PT [2022/07/15 0:28:36 ET]
Table 'Haremari II' 9-max Seat #6 is the button
Seat 1: iSanLuisAR ($3.09 in chips) 
Seat 2: reimaruku ($1.37 in chips) 
Seat 3: 19ecoboy79 ($0.80 in chips) 
Seat 4: SilentInvester ($1.58 in chips) 
Seat 5: Hathor-edge ($1.53 in chips) 
Seat 6: AnjoRush ($1.93 in chips) 
Seat 7: RAAAAdik ($2.28 in chips) 
Seat 8: Sr.Benitez448 ($0.80 in chips) 
Seat 9: Dorex2007 ($2.21 in chips) 
RAAAAdik: posts small blind $0.01
Sr.Benitez448: posts big blind $0.02
*** HOLE CARDS ***
Dealt to Dorex2007 [Ts 3h]
Dorex2007: folds 
iSanLuisAR: folds 
reimaruku: folds 
19ecoboy79: raises $0.05 to $0.07
SilentInvester: calls $0.07
Hathor-edge: calls $0.07
AnjoRush: folds 
RAAAAdik: folds 
Sr.Benitez448: folds 
*** FLOP *** [8c Ac 2c]
19ecoboy79: checks 
SilentInvester: bets $0.11
Hathor-edge: folds 
19ecoboy79: folds 
Uncalled bet ($0.11) returned to SilentInvester
SilentInvester collected $0.23 from pot
*** SUMMARY ***
Total pot $0.24 | Rake $0.01 
Board [8c Ac 2c]
Seat 1: iSanLuisAR folded before Flop (didn't bet)
Seat 2: reimaruku folded before Flop (didn't bet)
Seat 3: 19ecoboy79 folded on the Flop
Seat 4: SilentInvester collected ($0.23)
Seat 5: Hathor-edge folded on the Flop
Seat 6: AnjoRush (button) folded before Flop (didn't bet)
Seat 7: RAAAAdik (small blind) folded before Flop
Seat 8: Sr.Benitez448 (big blind) folded before Flop
Seat 9: Dorex2007 folded before Flop (didn't bet)



PokerStars Hand #237366907562:  Hold'em No Limit ($0.01/$0.02 USD) - 2022/07/14 21:29:26 PT [2022/07/15 0:29:26 ET]
Table 'Haremari II' 9-max Seat #7 is the button
Seat 1: iSanLuisAR ($3.09 in chips) 
Seat 2: reimaruku ($1.37 in chips) 
Seat 3: 19ecoboy79 ($0.80 in chips) 
Seat 4: SilentInvester ($1.74 in chips) 
Seat 5: Hathor-edge ($1.46 in chips) 
Seat 6: AnjoRush ($1.93 in chips) 
Seat 7: RAAAAdik ($2.27 in chips) 
Seat 8: Sr.Benitez448 ($0.78 in chips) 
Seat 9: Dorex2007 ($2.21 in chips) 
Sr.Benitez448: posts small blind $0.01
Dorex2007: posts big blind $0.02
*** HOLE CARDS ***
Dealt to Dorex2007 [Qh 6c]
iSanLuisAR: folds 
reimaruku: folds 
19ecoboy79: folds 
SilentInvester: calls $0.02
Hathor-edge: folds 
AnjoRush: folds 
RAAAAdik: folds 
Sr.Benitez448: calls $0.01
Dorex2007: checks 
*** FLOP *** [7c 8c Kc]
Sr.Benitez448: bets $0.06
Dorex2007: folds 
SilentInvester: folds 
Uncalled bet ($0.06) returned to Sr.Benitez448
Sr.Benitez448 collected $0.06 from pot
*** SUMMARY ***
Total pot $0.06 | Rake $0 
Board [7c 8c Kc]
Seat 1: iSanLuisAR folded before Flop (didn't bet)
Seat 2: reimaruku folded before Flop (didn't bet)
Seat 3: 19ecoboy79 folded before Flop (didn't bet)
Seat 4: SilentInvester folded on the Flop
Seat 5: Hathor-edge folded before Flop (didn't bet)
Seat 6: AnjoRush folded before Flop (didn't bet)
Seat 7: RAAAAdik (button) folded before Flop (didn't bet)
Seat 8: Sr.Benitez448 (small blind) collected ($0.06)
Seat 9: Dorex2007 (big blind) folded on the Flop



PokerStars Hand #237366912043:  Hold'em No Limit ($0.01/$0.02 USD) - 2022/07/14 21:29:55 PT [2022/07/15 0:29:55 ET]
Table 'Haremari II' 9-max Seat #8 is the button
Seat 1: iSanLuisAR ($3.09 in chips) 
Seat 2: reimaruku ($1.37 in chips) 
Seat 3: 19ecoboy79 ($0.80 in chips) 
Seat 4: SilentInvester ($1.72 in chips) 
Seat 5: Hathor-edge ($1.46 in chips) 
Seat 6: AnjoRush ($1.93 in chips) 
Seat 7: RAAAAdik ($2.27 in chips) 
Seat 8: Sr.Benitez448 ($0.82 in chips) 
Seat 9: Dorex2007 ($2.19 in chips) 
Dorex2007: posts small blind $0.01
iSanLuisAR: posts big blind $0.02
*** HOLE CARDS ***
Dealt to Dorex2007 [9s Ac]
reimaruku: raises $0.04 to $0.06
19ecoboy79: folds 
SilentInvester: calls $0.06
Hathor-edge: folds 
AnjoRush: folds 
RAAAAdik: folds 
Sr.Benitez448: folds 
Dorex2007: folds 
iSanLuisAR: calls $0.04
*** FLOP *** [Qc 8d Ad]
iSanLuisAR: checks 
reimaruku: bets $0.12
SilentInvester: raises $0.12 to $0.24
iSanLuisAR: folds 
reimaruku: calls $0.12
*** TURN *** [Qc 8d Ad] [Js]
reimaruku: checks 
SilentInvester: bets $0.32
reimaruku: folds 
Uncalled bet ($0.32) returned to SilentInvester
SilentInvester collected $0.65 from pot
*** SUMMARY ***
Total pot $0.67 | Rake $0.02 
Board [Qc 8d Ad Js]
Seat 1: iSanLuisAR (big blind) folded on the Flop
Seat 2: reimaruku folded on the Turn
Seat 3: 19ecoboy79 folded before Flop (didn't bet)
Seat 4: SilentInvester collected ($0.65)
Seat 5: Hathor-edge folded before Flop (didn't bet)
Seat 6: AnjoRush folded before Flop (didn't bet)
Seat 7: RAAAAdik folded before Flop (didn't bet)
Seat 8: Sr.Benitez448 (button) folded before Flop (didn't bet)
Seat 9: Dorex2007 (small blind) folded before Flop



PokerStars Hand #237366924347:  Hold'em No Limit ($0.01/$0.02 USD) - 2022/07/14 21:31:34 PT [2022/07/15 0:31:34 ET]
Table 'Haremari II' 9-max Seat #9 is the button
Seat 1: iSanLuisAR ($3.03 in chips) 
Seat 3: 19ecoboy79 ($0.80 in chips) 
Seat 4: SilentInvester ($2.07 in chips) 
Seat 5: Hathor-edge ($1.46 in chips) 
Seat 6: AnjoRush ($1.93 in chips) 
Seat 7: RAAAAdik ($2.27 in chips) 
Seat 8: Sr.Benitez448 ($0.82 in chips) 
Seat 9: Dorex2007 ($2.18 in chips) 
iSanLuisAR: posts small blind $0.01
reimaruku: is sitting out 
19ecoboy79: posts big blind $0.02
*** HOLE CARDS ***
Dealt to Dorex2007 [2s 3h]
reimaruku leaves the table
SilentInvester: calls $0.02
Hathor-edge: folds 
AnjoRush: folds 
RAAAAdik: folds 
Sr.Benitez448: folds 
Dorex2007: folds 
iSanLuisAR: calls $0.01
Pineapp27 joins the table at seat #2 
19ecoboy79: checks 
*** FLOP *** [7s Ks 3s]
iSanLuisAR: bets $0.03
19ecoboy79: folds 
SilentInvester: calls $0.03
*** TURN *** [7s Ks 3s] [6c]
iSanLuisAR: checks 
SilentInvester: checks 
*** RIVER *** [7s Ks 3s 6c] [As]
iSanLuisAR: checks 
SilentInvester: bets $0.06
iSanLuisAR: folds 
Uncalled bet ($0.06) returned to SilentInvester
SilentInvester collected $0.12 from pot
*** SUMMARY ***
Total pot $0.12 | Rake $0 
Board [7s Ks 3s 6c As]
Seat 1: iSanLuisAR (small blind) folded on the River
Seat 3: 19ecoboy79 (big blind) folded on the Flop
Seat 4: SilentInvester collected ($0.12)
Seat 5: Hathor-edge folded before Flop (didn't bet)
Seat 6: AnjoRush folded before Flop (didn't bet)
Seat 7: RAAAAdik folded before Flop (didn't bet)
Seat 8: Sr.Benitez448 folded before Flop (didn't bet)
Seat 9: Dorex2007 (button) folded before Flop (didn't bet)



PokerStars Hand #237366931759:  Hold'em No Limit ($0.01/$0.02 USD) - 2022/07/14 21:32:34 PT [2022/07/15 0:32:34 ET]
Table 'Haremari II' 9-max Seat #1 is the button
Seat 1: iSanLuisAR ($2.98 in chips) 
Seat 3: 19ecoboy79 ($0.80 in chips) 
Seat 4: SilentInvester ($2.14 in chips) 
Seat 5: Hathor-edge ($1.46 in chips) 
Seat 6: AnjoRush ($1.93 in chips) 
Seat 7: RAAAAdik ($2.27 in chips) 
Seat 8: Sr.Benitez448 ($0.82 in chips) 
Seat 9: Dorex2007 ($2.18 in chips) 
19ecoboy79: posts small blind $0.01
SilentInvester: posts big blind $0.02
*** HOLE CARDS ***
Dealt to Dorex2007 [3s 2h]
Hathor-edge: folds 
AnjoRush: folds 
RAAAAdik: folds 
Sr.Benitez448: raises $0.02 to $0.04
Dorex2007: folds 
iSanLuisAR: calls $0.04
19ecoboy79: folds 
SilentInvester: calls $0.02
*** FLOP *** [6h 4c 9h]
SilentInvester: checks 
Sr.Benitez448: bets $0.13
iSanLuisAR: folds 
SilentInvester: folds 
Uncalled bet ($0.13) returned to Sr.Benitez448
Sr.Benitez448 collected $0.13 from pot
*** SUMMARY ***
Total pot $0.13 | Rake $0 
Board [6h 4c 9h]
Seat 1: iSanLuisAR (button) folded on the Flop
Seat 3: 19ecoboy79 (small blind) folded before Flop
Seat 4: SilentInvester (big blind) folded on the Flop
Seat 5: Hathor-edge folded before Flop (didn't bet)
Seat 6: AnjoRush folded before Flop (didn't bet)
Seat 7: RAAAAdik folded before Flop (didn't bet)
Seat 8: Sr.Benitez448 collected ($0.13)
Seat 9: Dorex2007 folded before Flop (didn't bet)



PokerStars Hand #237366937981:  Hold'em No Limit ($0.01/$0.02 USD) - 2022/07/14 21:33:24 PT [2022/07/15 0:33:24 ET]
Table 'Haremari II' 9-max Seat #3 is the button
Seat 1: iSanLuisAR ($2.94 in chips) 
Seat 2: Pineapp27 ($0.80 in chips) 
Seat 3: 19ecoboy79 ($0.80 in chips) 
Seat 4: SilentInvester ($2.10 in chips) 
Seat 5: Hathor-edge ($1.46 in chips) 
Seat 6: AnjoRush ($1.93 in chips) 
Seat 7: RAAAAdik ($2.27 in chips) 
Seat 8: Sr.Benitez448 ($0.91 in chips) 
Seat 9: Dorex2007 ($2.18 in chips) 
SilentInvester: posts small blind $0.01
Hathor-edge: posts big blind $0.02
Pineapp27: posts big blind $0.02
*** HOLE CARDS ***
Dealt to Dorex2007 [6d Kd]
AnjoRush: folds 
RAAAAdik: raises $0.07 to $0.09
Sr.Benitez448: folds 
Dorex2007: folds 
iSanLuisAR: folds 
Pineapp27: folds 
19ecoboy79: folds 
SilentInvester: calls $0.08
Hathor-edge: calls $0.07
*** FLOP *** [8d 5c Qh]
SilentInvester: checks 
Hathor-edge: checks 
RAAAAdik: bets $0.14
SilentInvester: calls $0.14
Hathor-edge: folds 
*** TURN *** [8d 5c Qh] [Tc]
SilentInvester: checks 
RAAAAdik: checks 
*** RIVER *** [8d 5c Qh Tc] [Jc]
SilentInvester: bets $0.55
RAAAAdik: calls $0.55
*** SHOW DOWN ***
SilentInvester: shows [8s Jd] (two pair, Jacks and Eights)
RAAAAdik: shows [Ah Kc] (a straight, Ten to Ace)
RAAAAdik collected $1.61 from pot
*** SUMMARY ***
Total pot $1.67 | Rake $0.06 
Board [8d 5c Qh Tc Jc]
Seat 1: iSanLuisAR folded before Flop (didn't bet)
Seat 2: Pineapp27 folded before Flop (didn't bet)
Seat 3: 19ecoboy79 (button) folded before Flop (didn't bet)
Seat 4: SilentInvester (small blind) showed [8s Jd] and lost with two pair, Jacks and Eights
Seat 5: Hathor-edge (big blind) folded on the Flop
Seat 6: AnjoRush folded before Flop (didn't bet)
Seat 7: RAAAAdik showed [Ah Kc] and won ($1.61) with a straight, Ten to Ace
Seat 8: Sr.Benitez448 folded before Flop (didn't bet)
Seat 9: Dorex2007 folded before Flop (didn't bet)



PokerStars Hand #237366954023:  Hold'em No Limit ($0.01/$0.02 USD) - 2022/07/14 21:34:25 PT [2022/07/15 0:34:25 ET]
Table 'Haremari II' 9-max Seat #4 is the button
Seat 1: iSanLuisAR ($2.94 in chips) 
Seat 2: Pineapp27 ($0.78 in chips) 
Seat 3: 19ecoboy79 ($0.80 in chips) 
Seat 4: SilentInvester ($1.32 in chips) 
Seat 5: Hathor-edge ($1.37 in chips) 
Seat 6: AnjoRush ($1.93 in chips) 
Seat 7: RAAAAdik ($3.10 in chips) 
Seat 8: Sr.Benitez448 ($0.91 in chips) 
Seat 9: Dorex2007 ($2.18 in chips) 
Hathor-edge: posts small blind $0.01
AnjoRush: posts big blind $0.02
*** HOLE CARDS ***
Dealt to Dorex2007 [Ac 8c]
RAAAAdik: folds 
Sr.Benitez448: folds 
Dorex2007: calls $0.02
iSanLuisAR: folds 
Pineapp27: folds 
19ecoboy79: raises $0.07 to $0.09
SilentInvester: folds 
SilentInvester leaves the table
Hathor-edge: raises $0.11 to $0.20
AnjoRush: folds 
Dorex2007: folds 
19ecoboy79: calls $0.11
*** FLOP *** [9d 4c 7d]
Puranoia joins the table at seat #4 
Hathor-edge: bets $0.20
19ecoboy79: raises $0.40 to $0.60 and is all-in
Hathor-edge: calls $0.40
*** TURN *** [9d 4c 7d] [Kd]
*** RIVER *** [9d 4c 7d Kd] [8h]
*** SHOW DOWN ***
Hathor-edge: shows [Qs Qc] (a pair of Queens)
19ecoboy79: shows [7c 7h] (three of a kind, Sevens)
19ecoboy79 collected $1.58 from pot
*** SUMMARY ***
Total pot $1.64 | Rake $0.06 
Board [9d 4c 7d Kd 8h]
Seat 1: iSanLuisAR folded before Flop (didn't bet)
Seat 2: Pineapp27 folded before Flop (didn't bet)
Seat 3: 19ecoboy79 showed [7c 7h] and won ($1.58) with three of a kind, Sevens
Seat 4: SilentInvester (button) folded before Flop (didn't bet)
Seat 5: Hathor-edge (small blind) showed [Qs Qc] and lost with a pair of Queens
Seat 6: AnjoRush (big blind) folded before Flop
Seat 7: RAAAAdik folded before Flop (didn't bet)
Seat 8: Sr.Benitez448 folded before Flop (didn't bet)
Seat 9: Dorex2007 folded before Flop



PokerStars Hand #237366962328:  Hold'em No Limit ($0.01/$0.02 USD) - 2022/07/14 21:35:21 PT [2022/07/15 0:35:21 ET]
Table 'Haremari II' 9-max Seat #5 is the button
Seat 1: iSanLuisAR ($2.94 in chips) 
Seat 2: Pineapp27 ($0.78 in chips) 
Seat 3: 19ecoboy79 ($1.58 in chips) 
Seat 5: Hathor-edge ($0.57 in chips) 
Seat 6: AnjoRush ($1.91 in chips) 
Seat 7: RAAAAdik ($3.10 in chips) 
Seat 8: Sr.Benitez448 ($0.91 in chips) 
Seat 9: Dorex2007 ($2.16 in chips) 
AnjoRush: posts small blind $0.01
RAAAAdik: posts big blind $0.02
Puranoia: sits out 
*** HOLE CARDS ***
Dealt to Dorex2007 [4c Ad]
Sr.Benitez448: calls $0.02
Dorex2007: folds 
iSanLuisAR: folds 
Pineapp27: calls $0.02
19ecoboy79: folds 
Hathor-edge: folds 
AnjoRush: calls $0.01
RAAAAdik: checks 
*** FLOP *** [2s 2d Qs]
AnjoRush: checks 
RAAAAdik: checks 
Sr.Benitez448: bets $0.04
Pineapp27: calls $0.04
AnjoRush: raises $0.14 to $0.18
RAAAAdik: folds 
Sr.Benitez448: folds 
Pineapp27: calls $0.14
*** TURN *** [2s 2d Qs] [8c]
AnjoRush: bets $0.26
Pineapp27: calls $0.26
*** RIVER *** [2s 2d Qs 8c] [Ks]
AnjoRush: bets $0.48
Pineapp27: calls $0.32 and is all-in
Uncalled bet ($0.16) returned to AnjoRush
*** SHOW DOWN ***
AnjoRush: shows [Ac 2c] (three of a kind, Deuces)
Pineapp27: shows [9s 8s] (a flush, King high)
Pineapp27 collected $1.58 from pot
*** SUMMARY ***
Total pot $1.64 | Rake $0.06 
Board [2s 2d Qs 8c Ks]
Seat 1: iSanLuisAR folded before Flop (didn't bet)
Seat 2: Pineapp27 showed [9s 8s] and won ($1.58) with a flush, King high
Seat 3: 19ecoboy79 folded before Flop (didn't bet)
Seat 5: Hathor-edge (button) folded before Flop (didn't bet)
Seat 6: AnjoRush (small blind) showed [Ac 2c] and lost with three of a kind, Deuces
Seat 7: RAAAAdik (big blind) folded on the Flop
Seat 8: Sr.Benitez448 folded on the Flop
Seat 9: Dorex2007 folded before Flop (didn't bet)



PokerStars Hand #237366971001:  Hold'em No Limit ($0.01/$0.02 USD) - 2022/07/14 21:36:31 PT [2022/07/15 0:36:31 ET]
Table 'Haremari II' 9-max Seat #6 is the button
Seat 1: iSanLuisAR ($2.94 in chips) 
Seat 2: Pineapp27 ($1.58 in chips) 
Seat 3: 19ecoboy79 ($1.58 in chips) 
Seat 4: Puranoia ($0.80 in chips) 
Seat 5: Hathor-edge ($0.57 in chips) 
Seat 6: AnjoRush ($1.13 in chips) 
Seat 7: RAAAAdik ($3.08 in chips) 
Seat 8: Sr.Benitez448 ($0.85 in chips) 
Seat 9: Dorex2007 ($2.16 in chips) 
RAAAAdik: posts small blind $0.01
Sr.Benitez448: posts big blind $0.02
Puranoia: posts big blind $0.02
*** HOLE CARDS ***
Dealt to Dorex2007 [As Kh]
Dorex2007: raises $0.04 to $0.06
iSanLuisAR: calls $0.06
Pineapp27: folds 
19ecoboy79: folds 
Puranoia: folds 
Hathor-edge: folds 
AnjoRush: calls $0.06
RAAAAdik: folds 
Sr.Benitez448: folds 
*** FLOP *** [9h 8s 5h]
Dorex2007: checks 
iSanLuisAR: checks 
AnjoRush: checks 
*** TURN *** [9h 8s 5h] [5c]
Dorex2007: bets $0.11
iSanLuisAR: folds 
AnjoRush: folds 
Uncalled bet ($0.11) returned to Dorex2007
Dorex2007 collected $0.22 from pot
*** SUMMARY ***
Total pot $0.23 | Rake $0.01 
Board [9h 8s 5h 5c]
Seat 1: iSanLuisAR folded on the Turn
Seat 2: Pineapp27 folded before Flop (didn't bet)
Seat 3: 19ecoboy79 folded before Flop (didn't bet)
Seat 4: Puranoia folded before Flop (didn't bet)
Seat 5: Hathor-edge folded before Flop (didn't bet)
Seat 6: AnjoRush (button) folded on the Turn
Seat 7: RAAAAdik (small blind) folded before Flop
Seat 8: Sr.Benitez448 (big blind) folded before Flop
Seat 9: Dorex2007 collected ($0.22)



PokerStars Hand #237366976869:  Hold'em No Limit ($0.01/$0.02 USD) - 2022/07/14 21:37:18 PT [2022/07/15 0:37:18 ET]
Table 'Haremari II' 9-max Seat #7 is the button
Seat 1: iSanLuisAR ($2.88 in chips) 
Seat 2: Pineapp27 ($1.58 in chips) 
Seat 3: 19ecoboy79 ($1.58 in chips) 
Seat 4: Puranoia ($0.78 in chips) 
Seat 5: Hathor-edge ($0.57 in chips) 
Seat 6: AnjoRush ($1.07 in chips) 
Seat 7: RAAAAdik ($3.07 in chips) 
Seat 8: Sr.Benitez448 ($0.83 in chips) 
Seat 9: Dorex2007 ($2.32 in chips) 
Sr.Benitez448: posts small blind $0.01
Dorex2007: posts big blind $0.02
*** HOLE CARDS ***
Dealt to Dorex2007 [3c Qs]
iSanLuisAR: raises $0.04 to $0.06
Pineapp27: folds 
19ecoboy79: folds 
Puranoia: calls $0.06
Hathor-edge: calls $0.06
AnjoRush: folds 
RAAAAdik: calls $0.06
Sr.Benitez448: folds 
Dorex2007: folds 
*** FLOP *** [7c Jd 7h]
iSanLuisAR: bets $0.13
Puranoia: folds 
Hathor-edge: folds 
RAAAAdik: calls $0.13
*** TURN *** [7c Jd 7h] [8c]
iSanLuisAR: bets $0.22
RAAAAdik: calls $0.22
*** RIVER *** [7c Jd 7h 8c] [8d]
iSanLuisAR: checks 
RAAAAdik: bets $0.80
iSanLuisAR: calls $0.80
*** SHOW DOWN ***
RAAAAdik: shows [9h 8s] (a full house, Eights full of Sevens)
iSanLuisAR: mucks hand 
RAAAAdik collected $2.48 from pot
*** SUMMARY ***
Total pot $2.57 | Rake $0.09 
Board [7c Jd 7h 8c 8d]
Seat 1: iSanLuisAR mucked [Kd Jh]
Seat 2: Pineapp27 folded before Flop (didn't bet)
Seat 3: 19ecoboy79 folded before Flop (didn't bet)
Seat 4: Puranoia folded on the Flop
Seat 5: Hathor-edge folded on the Flop
Seat 6: AnjoRush folded before Flop (didn't bet)
Seat 7: RAAAAdik (button) showed [9h 8s] and won ($2.48) with a full house, Eights full of Sevens
Seat 8: Sr.Benitez448 (small blind) folded before Flop
Seat 9: Dorex2007 (big blind) folded before Flop



PokerStars Hand #237366987021:  Hold'em No Limit ($0.01/$0.02 USD) - 2022/07/14 21:38:41 PT [2022/07/15 0:38:41 ET]
Table 'Haremari II' 9-max Seat #8 is the button
Seat 1: iSanLuisAR ($1.67 in chips) 
Seat 2: Pineapp27 ($1.58 in chips) 
Seat 3: 19ecoboy79 ($1.58 in chips) 
Seat 4: Puranoia ($0.72 in chips) 
Seat 5: Hathor-edge ($0.51 in chips) 
Seat 6: AnjoRush ($1.07 in chips) 
Seat 7: RAAAAdik ($4.34 in chips) 
Seat 8: Sr.Benitez448 ($0.82 in chips) 
Seat 9: Dorex2007 ($2.30 in chips) 
Dorex2007: posts small blind $0.01
iSanLuisAR: posts big blind $0.02
*** HOLE CARDS ***
Dealt to Dorex2007 [9d Th]
Pineapp27: calls $0.02
19ecoboy79: folds 
Puranoia: folds 
Hathor-edge: raises $0.04 to $0.06
AnjoRush: folds 
RAAAAdik: folds 
Sr.Benitez448: folds 
Dorex2007: folds 
iSanLuisAR: folds 
Pineapp27: calls $0.04
*** FLOP *** [Ac 5h Td]
Pineapp27: checks 
Hathor-edge: checks 
*** TURN *** [Ac 5h Td] [4d]
Pineapp27: bets $0.04
Hathor-edge: calls $0.04
*** RIVER *** [Ac 5h Td 4d] [3c]
Pineapp27: checks 
Hathor-edge: bets $0.41 and is all-in
Pineapp27: folds 
Uncalled bet ($0.41) returned to Hathor-edge
Hathor-edge collected $0.22 from pot
*** SUMMARY ***
Total pot $0.23 | Rake $0.01 
Board [Ac 5h Td 4d 3c]
Seat 1: iSanLuisAR (big blind) folded before Flop
Seat 2: Pineapp27 folded on the River
Seat 3: 19ecoboy79 folded before Flop (didn't bet)
Seat 4: Puranoia folded before Flop (didn't bet)
Seat 5: Hathor-edge collected ($0.22)
Seat 6: AnjoRush folded before Flop (didn't bet)
Seat 7: RAAAAdik folded before Flop (didn't bet)
Seat 8: Sr.Benitez448 (button) folded before Flop (didn't bet)
Seat 9: Dorex2007 (small blind) folded before Flop



PokerStars Hand #237366993051:  Hold'em No Limit ($0.01/$0.02 USD) - 2022/07/14 21:39:28 PT [2022/07/15 0:39:28 ET]
Table 'Haremari II' 9-max Seat #9 is the button
Seat 1: iSanLuisAR ($1.65 in chips) 
Seat 2: Pineapp27 ($1.48 in chips) 
Seat 3: 19ecoboy79 ($1.58 in chips) 
Seat 4: Puranoia ($0.72 in chips) 
Seat 5: Hathor-edge ($0.63 in chips) 
Seat 6: AnjoRush ($1.07 in chips) 
Seat 7: RAAAAdik ($4.34 in chips) 
Seat 8: Sr.Benitez448 ($0.82 in chips) 
Seat 9: Dorex2007 ($2.29 in chips) 
iSanLuisAR: posts small blind $0.01
Pineapp27: posts big blind $0.02
*** HOLE CARDS ***
Dealt to Dorex2007 [2c 3s]
19ecoboy79: folds 
Puranoia: folds 
Hathor-edge: raises $0.02 to $0.04
AnjoRush: folds 
RAAAAdik: calls $0.04
Sr.Benitez448: folds 
Dorex2007: folds 
iSanLuisAR: calls $0.03
Pineapp27: calls $0.02
*** FLOP *** [4c Ks 2d]
iSanLuisAR: checks 
Pineapp27: checks 
Hathor-edge: checks 
RAAAAdik: bets $0.07
iSanLuisAR: calls $0.07
Pineapp27: folds 
Hathor-edge: folds 
*** TURN *** [4c Ks 2d] [As]
iSanLuisAR: checks 
RAAAAdik: bets $0.16
iSanLuisAR: folds 
Uncalled bet ($0.16) returned to RAAAAdik
RAAAAdik collected $0.29 from pot
*** SUMMARY ***
Total pot $0.30 | Rake $0.01 
Board [4c Ks 2d As]
Seat 1: iSanLuisAR (small blind) folded on the Turn
Seat 2: Pineapp27 (big blind) folded on the Flop
Seat 3: 19ecoboy79 folded before Flop (didn't bet)
Seat 4: Puranoia folded before Flop (didn't bet)
Seat 5: Hathor-edge folded on the Flop
Seat 6: AnjoRush folded before Flop (didn't bet)
Seat 7: RAAAAdik collected ($0.29)
Seat 8: Sr.Benitez448 folded before Flop (didn't bet)
Seat 9: Dorex2007 (button) folded before Flop (didn't bet)



PokerStars Hand #237367000671:  Hold'em No Limit ($0.01/$0.02 USD) - 2022/07/14 21:40:30 PT [2022/07/15 0:40:30 ET]
Table 'Haremari II' 9-max Seat #1 is the button
Seat 1: iSanLuisAR ($1.54 in chips) 
Seat 2: Pineapp27 ($1.44 in chips) 
Seat 3: 19ecoboy79 ($1.58 in chips) 
Seat 4: Puranoia ($0.72 in chips) 
Seat 5: Hathor-edge ($0.59 in chips) 
Seat 6: AnjoRush ($1.07 in chips) 
Seat 7: RAAAAdik ($4.52 in chips) 
Seat 8: Sr.Benitez448 ($0.82 in chips) 
Seat 9: Dorex2007 ($2.29 in chips) 
Pineapp27: posts small blind $0.01
19ecoboy79: posts big blind $0.02
*** HOLE CARDS ***
Dealt to Dorex2007 [Td 7d]
Puranoia: folds 
Hathor-edge: raises $0.02 to $0.04
AnjoRush: folds 
RAAAAdik: folds 
Sr.Benitez448: calls $0.04
Dorex2007: folds 
iSanLuisAR: folds 
Pineapp27: raises $0.06 to $0.10
AnjoRush leaves the table
19ecoboy79: folds 
Hathor-edge: calls $0.06
Sr.Benitez448: calls $0.06
*** FLOP *** [2d Tc 8c]
Pineapp27: bets $0.14
Hathor-edge: raises $0.35 to $0.49 and is all-in
Sr.Benitez448: folds 
Pineapp27: calls $0.35
*** TURN *** [2d Tc 8c] [6d]
*** RIVER *** [2d Tc 8c 6d] [4h]
*** SHOW DOWN ***
Pineapp27: shows [9c 9d] (a pair of Nines)
Hathor-edge: shows [7h 9h] (a straight, Six to Ten)
Hathor-edge collected $1.25 from pot
*** SUMMARY ***
Total pot $1.30 | Rake $0.05 
Board [2d Tc 8c 6d 4h]
Seat 1: iSanLuisAR (button) folded before Flop (didn't bet)
Seat 2: Pineapp27 (small blind) showed [9c 9d] and lost with a pair of Nines
Seat 3: 19ecoboy79 (big blind) folded before Flop
Seat 4: Puranoia folded before Flop (didn't bet)
Seat 5: Hathor-edge showed [7h 9h] and won ($1.25) with a straight, Six to Ten
Seat 6: AnjoRush folded before Flop (didn't bet)
Seat 7: RAAAAdik folded before Flop (didn't bet)
Seat 8: Sr.Benitez448 folded on the Flop
Seat 9: Dorex2007 folded before Flop (didn't bet)



PokerStars Hand #237367015269:  Hold'em No Limit ($0.01/$0.02 USD) - 2022/07/14 21:41:26 PT [2022/07/15 0:41:26 ET]
Table 'Haremari II' 9-max Seat #2 is the button
Seat 1: iSanLuisAR ($1.54 in chips) 
Seat 2: Pineapp27 ($0.85 in chips) 
Seat 3: 19ecoboy79 ($1.56 in chips) 
Seat 4: Puranoia ($0.72 in chips) 
Seat 5: Hathor-edge ($1.25 in chips) 
Seat 7: RAAAAdik ($4.52 in chips) 
Seat 8: Sr.Benitez448 ($0.72 in chips) 
Seat 9: Dorex2007 ($2.29 in chips) 
19ecoboy79: posts small blind $0.01
Puranoia: posts big blind $0.02
*** HOLE CARDS ***
Dealt to Dorex2007 [3h 9c]
Hathor-edge: raises $0.02 to $0.04
RAAAAdik: folds 
Sr.Benitez448: folds 
Dorex2007: folds 
iSanLuisAR: folds 
Pineapp27: folds 
19ecoboy79: calls $0.03
Puranoia: calls $0.02
*** FLOP *** [Tc Js 5d]
19ecoboy79: checks 
Puranoia: checks 
Hathor-edge: bets $0.02
19ecoboy79: raises $0.02 to $0.04
Puranoia: folds 
GauuGss joins the table at seat #6 
Hathor-edge: calls $0.02
*** TURN *** [Tc Js 5d] [Qd]
19ecoboy79: checks 
Hathor-edge: bets $0.06
19ecoboy79: folds 
Uncalled bet ($0.06) returned to Hathor-edge
Hathor-edge collected $0.19 from pot
*** SUMMARY ***
Total pot $0.20 | Rake $0.01 
Board [Tc Js 5d Qd]
Seat 1: iSanLuisAR folded before Flop (didn't bet)
Seat 2: Pineapp27 (button) folded before Flop (didn't bet)
Seat 3: 19ecoboy79 (small blind) folded on the Turn
Seat 4: Puranoia (big blind) folded on the Flop
Seat 5: Hathor-edge collected ($0.19)
Seat 7: RAAAAdik folded before Flop (didn't bet)
Seat 8: Sr.Benitez448 folded before Flop (didn't bet)
Seat 9: Dorex2007 folded before Flop (didn't bet)



PokerStars Hand #237367021838:  Hold'em No Limit ($0.01/$0.02 USD) - 2022/07/14 21:42:19 PT [2022/07/15 0:42:19 ET]
Table 'Haremari II' 9-max Seat #3 is the button
Seat 1: iSanLuisAR ($1.54 in chips) 
Seat 2: Pineapp27 ($0.85 in chips) 
Seat 3: 19ecoboy79 ($1.48 in chips) 
Seat 4: Puranoia ($0.68 in chips) 
Seat 5: Hathor-edge ($1.36 in chips) 
Seat 6: GauuGss ($1.60 in chips) 
Seat 7: RAAAAdik ($4.52 in chips) 
Seat 8: Sr.Benitez448 ($0.72 in chips) 
Seat 9: Dorex2007 ($2.29 in chips) 
Puranoia: posts small blind $0.01
Hathor-edge: posts big blind $0.02
GauuGss: posts big blind $0.02
*** HOLE CARDS ***
Dealt to Dorex2007 [4h 3d]
GauuGss: checks 
RAAAAdik: folds 
Sr.Benitez448: calls $0.02
Dorex2007: folds 
iSanLuisAR: calls $0.02
Pineapp27: folds 
19ecoboy79: folds 
Puranoia: calls $0.01
Hathor-edge: checks 
*** FLOP *** [6c Tc Ad]
Puranoia: bets $0.02
Hathor-edge: folds 
RAAAAdik leaves the table
GauuGss: folds 
Sr.Benitez448: calls $0.02
iSanLuisAR: calls $0.02
*** TURN *** [6c Tc Ad] [9h]
Puranoia: bets $0.04
MadStrifeBG joins the table at seat #7 
Sr.Benitez448: calls $0.04
iSanLuisAR: folds 
*** RIVER *** [6c Tc Ad 9h] [Qh]
Puranoia: bets $0.08
Sr.Benitez448: calls $0.08
*** SHOW DOWN ***
Puranoia: shows [Ac 5d] (a pair of Aces)
Sr.Benitez448: mucks hand 
Puranoia collected $0.39 from pot
*** SUMMARY ***
Total pot $0.40 | Rake $0.01 
Board [6c Tc Ad 9h Qh]
Seat 1: iSanLuisAR folded on the Turn
Seat 2: Pineapp27 folded before Flop (didn't bet)
Seat 3: 19ecoboy79 (button) folded before Flop (didn't bet)
Seat 4: Puranoia (small blind) showed [Ac 5d] and won ($0.39) with a pair of Aces
Seat 5: Hathor-edge (big blind) folded on the Flop
Seat 6: GauuGss folded on the Flop (didn't bet)
Seat 7: RAAAAdik folded before Flop (didn't bet)
Seat 8: Sr.Benitez448 mucked [Kh Kc]
Seat 9: Dorex2007 folded before Flop (didn't bet)



PokerStars Hand #237367028809:  Hold'em No Limit ($0.01/$0.02 USD) - 2022/07/14 21:43:15 PT [2022/07/15 0:43:15 ET]
Table 'Haremari II' 9-max Seat #4 is the button
Seat 1: iSanLuisAR ($1.50 in chips) 
Seat 2: Pineapp27 ($0.85 in chips) 
Seat 3: 19ecoboy79 ($1.48 in chips) 
Seat 4: Puranoia ($0.91 in chips) 
Seat 5: Hathor-edge ($1.34 in chips) 
Seat 6: GauuGss ($1.58 in chips) 
Seat 8: Sr.Benitez448 ($0.56 in chips) 
Seat 9: Dorex2007 ($2.29 in chips) 
Hathor-edge: posts small blind $0.01
GauuGss: posts big blind $0.02
MadStrifeBG: sits out 
*** HOLE CARDS ***
Dealt to Dorex2007 [5d 2s]
Sr.Benitez448: calls $0.02
Dorex2007: folds 
iSanLuisAR: folds 
Pineapp27: folds 
19ecoboy79: folds 
Puranoia: raises $0.02 to $0.04
Hathor-edge: folds 
GauuGss: folds 
Sr.Benitez448: calls $0.02
*** FLOP *** [5h Qs Kd]
Sr.Benitez448: checks 
Puranoia: bets $0.08
Sr.Benitez448: folds 
Uncalled bet ($0.08) returned to Puranoia
Puranoia collected $0.11 from pot
*** SUMMARY ***
Total pot $0.11 | Rake $0 
Board [5h Qs Kd]
Seat 1: iSanLuisAR folded before Flop (didn't bet)
Seat 2: Pineapp27 folded before Flop (didn't bet)
Seat 3: 19ecoboy79 folded before Flop (didn't bet)
Seat 4: Puranoia (button) collected ($0.11)
Seat 5: Hathor-edge (small blind) folded before Flop
Seat 6: GauuGss (big blind) folded before Flop
Seat 8: Sr.Benitez448 folded on the Flop
Seat 9: Dorex2007 folded before Flop (didn't bet)



PokerStars Hand #237367033160:  Hold'em No Limit ($0.01/$0.02 USD) - 2022/07/14 21:43:50 PT [2022/07/15 0:43:50 ET]
Table 'Haremari II' 9-max Seat #5 is the button
Seat 1: iSanLuisAR ($1.50 in chips) 
Seat 2: Pineapp27 ($0.85 in chips) 
Seat 3: 19ecoboy79 ($1.48 in chips) 
Seat 4: Puranoia ($0.98 in chips) 
Seat 5: Hathor-edge ($1.33 in chips) 
Seat 6: GauuGss ($1.56 in chips) 
Seat 7: MadStrifeBG ($2 in chips) 
Seat 8: Sr.Benitez448 ($0.81 in chips) 
Seat 9: Dorex2007 ($2.29 in chips) 
GauuGss: posts small blind $0.01
MadStrifeBG: posts big blind $0.02
*** HOLE CARDS ***
Dealt to Dorex2007 [4d 5h]
Sr.Benitez448: folds 
Dorex2007: folds 
iSanLuisAR: folds 
Pineapp27: folds 
19ecoboy79: folds 
Puranoia: folds 
Hathor-edge has timed out
Hathor-edge: folds 
GauuGss: calls $0.01
MadStrifeBG: checks 
*** FLOP *** [2d Tc Ks]
GauuGss: checks 
MadStrifeBG: checks 
*** TURN *** [2d Tc Ks] [6s]
GauuGss: checks 
MadStrifeBG: checks 
*** RIVER *** [2d Tc Ks 6s] [Kc]
GauuGss: checks 
MadStrifeBG: checks 
*** SHOW DOWN ***
GauuGss: shows [Jc 7c] (a pair of Kings)
MadStrifeBG: mucks hand 
GauuGss collected $0.04 from pot
*** SUMMARY ***
Total pot $0.04 | Rake $0 
Board [2d Tc Ks 6s Kc]
Seat 1: iSanLuisAR folded before Flop (didn't bet)
Seat 2: Pineapp27 folded before Flop (didn't bet)
Seat 3: 19ecoboy79 folded before Flop (didn't bet)
Seat 4: Puranoia folded before Flop (didn't bet)
Seat 5: Hathor-edge (button) folded before Flop (didn't bet)
Seat 6: GauuGss (small blind) showed [Jc 7c] and won ($0.04) with a pair of Kings
Seat 7: MadStrifeBG (big blind) mucked [9h 4h]
Seat 8: Sr.Benitez448 folded before Flop (didn't bet)
Seat 9: Dorex2007 folded before Flop (didn't bet)



PokerStars Hand #237367043471:  Hold'em No Limit ($0.01/$0.02 USD) - 2022/07/14 21:44:34 PT [2022/07/15 0:44:34 ET]
Table 'Haremari II' 9-max Seat #6 is the button
Seat 1: iSanLuisAR ($1.50 in chips) 
Seat 2: Pineapp27 ($0.85 in chips) 
Seat 3: 19ecoboy79 ($1.48 in chips) 
Seat 4: Puranoia ($0.98 in chips) 
Seat 5: Hathor-edge ($1.33 in chips) 
Seat 6: GauuGss ($1.58 in chips) 
Seat 7: MadStrifeBG ($1.98 in chips) 
Seat 8: Sr.Benitez448 ($0.81 in chips) 
Seat 9: Dorex2007 ($2.29 in chips) 
MadStrifeBG: posts small blind $0.01
Sr.Benitez448: posts big blind $0.02
*** HOLE CARDS ***
Dealt to Dorex2007 [4s 7d]
Dorex2007: folds 
iSanLuisAR: raises $0.04 to $0.06
Pineapp27: folds 
19ecoboy79: folds 
Puranoia: folds 
Hathor-edge: folds 
GauuGss: folds 
MadStrifeBG: folds 
Sr.Benitez448: calls $0.04
*** FLOP *** [9s 5c 6s]
Sr.Benitez448: checks 
iSanLuisAR: bets $0.06
Sr.Benitez448: folds 
Uncalled bet ($0.06) returned to iSanLuisAR
iSanLuisAR collected $0.13 from pot
*** SUMMARY ***
Total pot $0.13 | Rake $0 
Board [9s 5c 6s]
Seat 1: iSanLuisAR collected ($0.13)
Seat 2: Pineapp27 folded before Flop (didn't bet)
Seat 3: 19ecoboy79 folded before Flop (didn't bet)
Seat 4: Puranoia folded before Flop (didn't bet)
Seat 5: Hathor-edge folded before Flop (didn't bet)
Seat 6: GauuGss (button) folded before Flop (didn't bet)
Seat 7: MadStrifeBG (small blind) folded before Flop
Seat 8: Sr.Benitez448 (big blind) folded on the Flop
Seat 9: Dorex2007 folded before Flop (didn't bet)



PokerStars Hand #237367048886:  Hold'em No Limit ($0.01/$0.02 USD) - 2022/07/14 21:45:18 PT [2022/07/15 0:45:18 ET]
Table 'Haremari II' 9-max Seat #7 is the button
Seat 1: iSanLuisAR ($1.57 in chips) 
Seat 2: Pineapp27 ($0.85 in chips) 
Seat 3: 19ecoboy79 ($1.48 in chips) 
Seat 4: Puranoia ($0.98 in chips) 
Seat 5: Hathor-edge ($1.33 in chips) 
Seat 6: GauuGss ($1.58 in chips) 
Seat 7: MadStrifeBG ($1.97 in chips) 
Seat 8: Sr.Benitez448 ($0.75 in chips) 
Seat 9: Dorex2007 ($2.29 in chips) 
Sr.Benitez448: posts small blind $0.01
Dorex2007: posts big blind $0.02
*** HOLE CARDS ***
Dealt to Dorex2007 [9h 2s]
iSanLuisAR: calls $0.02
Pineapp27: calls $0.02
19ecoboy79: folds 
Puranoia: folds 
Hathor-edge: raises $0.04 to $0.06
GauuGss: calls $0.06
MadStrifeBG: folds 
Sr.Benitez448: calls $0.05
Dorex2007: folds 
iSanLuisAR: calls $0.04
Pineapp27: calls $0.04
*** FLOP *** [8s 8d 5c]
Sr.Benitez448: checks 
iSanLuisAR: checks 
Pineapp27: bets $0.12
Hathor-edge: folds 
GauuGss: folds 
Sr.Benitez448: folds 
iSanLuisAR: folds 
Uncalled bet ($0.12) returned to Pineapp27
Pineapp27 collected $0.31 from pot
*** SUMMARY ***
Total pot $0.32 | Rake $0.01 
Board [8s 8d 5c]
Seat 1: iSanLuisAR folded on the Flop
Seat 2: Pineapp27 collected ($0.31)
Seat 3: 19ecoboy79 folded before Flop (didn't bet)
Seat 4: Puranoia folded before Flop (didn't bet)
Seat 5: Hathor-edge folded on the Flop
Seat 6: GauuGss folded on the Flop
Seat 7: MadStrifeBG (button) folded before Flop (didn't bet)
Seat 8: Sr.Benitez448 (small blind) folded on the Flop
Seat 9: Dorex2007 (big blind) folded before Flop



PokerStars Hand #237367055293:  Hold'em No Limit ($0.01/$0.02 USD) - 2022/07/14 21:46:12 PT [2022/07/15 0:46:12 ET]
Table 'Haremari II' 9-max Seat #8 is the button
Seat 1: iSanLuisAR ($1.51 in chips) 
Seat 2: Pineapp27 ($1.10 in chips) 
Seat 3: 19ecoboy79 ($1.48 in chips) 
Seat 4: Puranoia ($0.98 in chips) 
Seat 5: Hathor-edge ($1.27 in chips) 
Seat 6: GauuGss ($1.52 in chips) 
Seat 7: MadStrifeBG ($1.97 in chips) 
Seat 8: Sr.Benitez448 ($0.69 in chips) 
Seat 9: Dorex2007 ($2.27 in chips) 
Dorex2007: posts small blind $0.01
iSanLuisAR: posts big blind $0.02
*** HOLE CARDS ***
Dealt to Dorex2007 [6c 7d]
Pineapp27: folds 
19ecoboy79: raises $0.03 to $0.05
Puranoia: raises $0.13 to $0.18
Hathor-edge: folds 
GauuGss: calls $0.18
MadStrifeBG: folds 
Sr.Benitez448: folds 
Dorex2007: folds 
iSanLuisAR: calls $0.16
19ecoboy79: folds 
*** FLOP *** [Th 3d 9d]
iSanLuisAR: checks 
Puranoia: bets $0.80 and is all-in
GauuGss: folds 
iSanLuisAR: folds 
Uncalled bet ($0.80) returned to Puranoia
Puranoia collected $0.58 from pot
*** SUMMARY ***
Total pot $0.60 | Rake $0.02 
Board [Th 3d 9d]
Seat 1: iSanLuisAR (big blind) folded on the Flop
Seat 2: Pineapp27 folded before Flop (didn't bet)
Seat 3: 19ecoboy79 folded before Flop
Seat 4: Puranoia collected ($0.58)
Seat 5: Hathor-edge folded before Flop (didn't bet)
Seat 6: GauuGss folded on the Flop
Seat 7: MadStrifeBG folded before Flop (didn't bet)
Seat 8: Sr.Benitez448 (button) folded before Flop (didn't bet)
Seat 9: Dorex2007 (small blind) folded before Flop



PokerStars Hand #237367062258:  Hold'em No Limit ($0.01/$0.02 USD) - 2022/07/14 21:47:11 PT [2022/07/15 0:47:11 ET]
Table 'Haremari II' 9-max Seat #9 is the button
Seat 1: iSanLuisAR ($1.33 in chips) 
Seat 2: Pineapp27 ($1.10 in chips) 
Seat 3: 19ecoboy79 ($1.43 in chips) 
Seat 4: Puranoia ($1.38 in chips) 
Seat 5: Hathor-edge ($1.27 in chips) 
Seat 6: GauuGss ($1.34 in chips) 
Seat 7: MadStrifeBG ($1.97 in chips) 
Seat 8: Sr.Benitez448 ($0.69 in chips) 
Seat 9: Dorex2007 ($2.26 in chips) 
iSanLuisAR: posts small blind $0.01
Pineapp27: posts big blind $0.02
*** HOLE CARDS ***
Dealt to Dorex2007 [6c Ah]
19ecoboy79: folds 
Puranoia: folds 
Hathor-edge: folds 
GauuGss: calls $0.02
MadStrifeBG: folds 
Sr.Benitez448: folds 
Dorex2007: folds 
iSanLuisAR: calls $0.01
Pineapp27: checks 
*** FLOP *** [9h 6h 9s]
iSanLuisAR: checks 
Pineapp27: checks 
GauuGss: bets $0.03
iSanLuisAR: calls $0.03
Pineapp27: folds 
*** TURN *** [9h 6h 9s] [5h]
iSanLuisAR: checks 
GauuGss: bets $0.06
iSanLuisAR: raises $0.12 to $0.18
GauuGss: folds 
Uncalled bet ($0.12) returned to iSanLuisAR
iSanLuisAR collected $0.23 from pot
*** SUMMARY ***
Total pot $0.24 | Rake $0.01 
Board [9h 6h 9s 5h]
Seat 1: iSanLuisAR (small blind) collected ($0.23)
Seat 2: Pineapp27 (big blind) folded on the Flop
Seat 3: 19ecoboy79 folded before Flop (didn't bet)
Seat 4: Puranoia folded before Flop (didn't bet)
Seat 5: Hathor-edge folded before Flop (didn't bet)
Seat 6: GauuGss folded on the Turn
Seat 7: MadStrifeBG folded before Flop (didn't bet)
Seat 8: Sr.Benitez448 folded before Flop (didn't bet)
Seat 9: Dorex2007 (button) folded before Flop (didn't bet)



PokerStars Hand #237367069487:  Hold'em No Limit ($0.01/$0.02 USD) - 2022/07/14 21:48:11 PT [2022/07/15 0:48:11 ET]
Table 'Haremari II' 9-max Seat #1 is the button
Seat 1: iSanLuisAR ($1.45 in chips) 
Seat 2: Pineapp27 ($1.08 in chips) 
Seat 3: 19ecoboy79 ($1.43 in chips) 
Seat 4: Puranoia ($1.38 in chips) 
Seat 5: Hathor-edge ($1.27 in chips) 
Seat 6: GauuGss ($1.23 in chips) 
Seat 7: MadStrifeBG ($1.97 in chips) 
Seat 8: Sr.Benitez448 ($0.69 in chips) 
Seat 9: Dorex2007 ($2.26 in chips) 
Pineapp27: posts small blind $0.01
19ecoboy79: posts big blind $0.02
*** HOLE CARDS ***
Dealt to Dorex2007 [9h Jd]
Puranoia: folds 
Hathor-edge: raises $0.04 to $0.06
GauuGss: folds 
MadStrifeBG: folds 
Sr.Benitez448: folds 
Dorex2007: folds 
iSanLuisAR: folds 
Pineapp27: calls $0.05
19ecoboy79: folds 
*** FLOP *** [Kh 5h 9c]
Pineapp27: checks 
Hathor-edge: bets $0.04
Pineapp27: calls $0.04
*** TURN *** [Kh 5h 9c] [6c]
Pineapp27: bets $0.08
Hathor-edge: raises $0.08 to $0.16
Pineapp27: calls $0.08
*** RIVER *** [Kh 5h 9c 6c] [Td]
Pineapp27: checks 
Hathor-edge: bets $0.22
Pineapp27: folds 
Uncalled bet ($0.22) returned to Hathor-edge
Hathor-edge collected $0.52 from pot
*** SUMMARY ***
Total pot $0.54 | Rake $0.02 
Board [Kh 5h 9c 6c Td]
Seat 1: iSanLuisAR (button) folded before Flop (didn't bet)
Seat 2: Pineapp27 (small blind) folded on the River
Seat 3: 19ecoboy79 (big blind) folded before Flop
Seat 4: Puranoia folded before Flop (didn't bet)
Seat 5: Hathor-edge collected ($0.52)
Seat 6: GauuGss folded before Flop (didn't bet)
Seat 7: MadStrifeBG folded before Flop (didn't bet)
Seat 8: Sr.Benitez448 folded before Flop (didn't bet)
Seat 9: Dorex2007 folded before Flop (didn't bet)



PokerStars Hand #237367076971:  Hold'em No Limit ($0.01/$0.02 USD) - 2022/07/14 21:49:13 PT [2022/07/15 0:49:13 ET]
Table 'Haremari II' 9-max Seat #2 is the button
Seat 1: iSanLuisAR ($1.45 in chips) 
Seat 2: Pineapp27 ($0.82 in chips) 
Seat 3: 19ecoboy79 ($1.41 in chips) 
Seat 4: Puranoia ($1.38 in chips) 
Seat 5: Hathor-edge ($1.53 in chips) 
Seat 6: GauuGss ($1.23 in chips) 
Seat 7: MadStrifeBG ($1.97 in chips) 
Seat 8: Sr.Benitez448 ($0.69 in chips) 
Seat 9: Dorex2007 ($2.26 in chips) 
19ecoboy79: posts small blind $0.01
Puranoia: posts big blind $0.02
*** HOLE CARDS ***
Dealt to Dorex2007 [8c As]
Hathor-edge: folds 
GauuGss: folds 
MadStrifeBG: calls $0.02
Sr.Benitez448 has timed out
Sr.Benitez448: folds 
Dorex2007: folds 
iSanLuisAR: raises $0.08 to $0.10
Pineapp27: folds 
19ecoboy79: folds 
Puranoia: folds 
MadStrifeBG: calls $0.08
*** FLOP *** [5c 3h Qd]
MadStrifeBG: checks 
iSanLuisAR: bets $0.11
MadStrifeBG: calls $0.11
*** TURN *** [5c 3h Qd] [6d]
MadStrifeBG: checks 
iSanLuisAR: checks 
*** RIVER *** [5c 3h Qd 6d] [4c]
MadStrifeBG: checks 
iSanLuisAR: checks 
*** SHOW DOWN ***
MadStrifeBG: shows [9c 9s] (a pair of Nines)
iSanLuisAR: mucks hand 
MadStrifeBG collected $0.43 from pot
*** SUMMARY ***
Total pot $0.45 | Rake $0.02 
Board [5c 3h Qd 6d 4c]
Seat 1: iSanLuisAR mucked [Jc Ah]
Seat 2: Pineapp27 (button) folded before Flop (didn't bet)
Seat 3: 19ecoboy79 (small blind) folded before Flop
Seat 4: Puranoia (big blind) folded before Flop
Seat 5: Hathor-edge folded before Flop (didn't bet)
Seat 6: GauuGss folded before Flop (didn't bet)
Seat 7: MadStrifeBG showed [9c 9s] and won ($0.43) with a pair of Nines
Seat 8: Sr.Benitez448 folded before Flop (didn't bet)
Seat 9: Dorex2007 folded before Flop (didn't bet)



PokerStars Hand #237367085984:  Hold'em No Limit ($0.01/$0.02 USD) - 2022/07/14 21:50:28 PT [2022/07/15 0:50:28 ET]
Table 'Haremari II' 9-max Seat #3 is the button
Seat 1: iSanLuisAR ($1.24 in chips) 
Seat 2: Pineapp27 ($0.82 in chips) 
Seat 3: 19ecoboy79 ($1.40 in chips) 
Seat 4: Puranoia ($1.36 in chips) 
Seat 5: Hathor-edge ($1.53 in chips) 
Seat 6: GauuGss ($1.23 in chips) 
Seat 7: MadStrifeBG ($2.19 in chips) 
Seat 8: Sr.Benitez448 ($0.69 in chips) 
Seat 9: Dorex2007 ($2.26 in chips) 
Puranoia: posts small blind $0.01
Hathor-edge: posts big blind $0.02
*** HOLE CARDS ***
Dealt to Dorex2007 [8h 5h]
GauuGss: folds 
MadStrifeBG: raises $0.02 to $0.04
Sr.Benitez448: calls $0.04
Dorex2007: folds 
iSanLuisAR: folds 
Pineapp27: calls $0.04
19ecoboy79: folds 
Puranoia: calls $0.03
Hathor-edge: calls $0.02
*** FLOP *** [Ah Qh Kd]
Puranoia: checks 
Hathor-edge: bets $0.04
MadStrifeBG: calls $0.04
Sr.Benitez448: folds 
Pineapp27: folds 
Puranoia: calls $0.04
*** TURN *** [Ah Qh Kd] [2h]
Puranoia: checks 
Hathor-edge: bets $0.08
MadStrifeBG: calls $0.08
Puranoia: calls $0.08
*** RIVER *** [Ah Qh Kd 2h] [5c]
Puranoia: checks 
Hathor-edge: bets $0.18
MadStrifeBG: calls $0.18
Puranoia: folds 
*** SHOW DOWN ***
Hathor-edge: shows [Kh 6d] (a pair of Kings)
MadStrifeBG: shows [Ad 4d] (a pair of Aces)
MadStrifeBG collected $0.89 from pot
*** SUMMARY ***
Total pot $0.92 | Rake $0.03 
Board [Ah Qh Kd 2h 5c]
Seat 1: iSanLuisAR folded before Flop (didn't bet)
Seat 2: Pineapp27 folded on the Flop
Seat 3: 19ecoboy79 (button) folded before Flop (didn't bet)
Seat 4: Puranoia (small blind) folded on the River
Seat 5: Hathor-edge (big blind) showed [Kh 6d] and lost with a pair of Kings
Seat 6: GauuGss folded before Flop (didn't bet)
Seat 7: MadStrifeBG showed [Ad 4d] and won ($0.89) with a pair of Aces
Seat 8: Sr.Benitez448 folded on the Flop
Seat 9: Dorex2007 folded before Flop (didn't bet)



PokerStars Hand #237367096883:  Hold'em No Limit ($0.01/$0.02 USD) - 2022/07/14 21:51:59 PT [2022/07/15 0:51:59 ET]
Table 'Haremari II' 9-max Seat #4 is the button
Seat 1: iSanLuisAR ($1.24 in chips) 
Seat 2: Pineapp27 ($0.78 in chips) 
Seat 3: 19ecoboy79 ($1.40 in chips) 
Seat 4: Puranoia ($1.20 in chips) 
Seat 5: Hathor-edge ($1.19 in chips) 
Seat 6: GauuGss ($1.23 in chips) 
Seat 7: MadStrifeBG ($2.74 in chips) 
Seat 8: Sr.Benitez448 ($0.65 in chips) 
Seat 9: Dorex2007 ($2.26 in chips) 
Hathor-edge: posts small blind $0.01
GauuGss: posts big blind $0.02
*** HOLE CARDS ***
Dealt to Dorex2007 [Qs Jh]
MadStrifeBG: folds 
Sr.Benitez448: folds 
Dorex2007: calls $0.02
iSanLuisAR: raises $0.06 to $0.08
Pineapp27: folds 
19ecoboy79: folds 
Puranoia: calls $0.08
Hathor-edge: folds 
GauuGss: calls $0.06
Dorex2007: folds 
*** FLOP *** [Kc Ah 4s]
GauuGss: checks 
iSanLuisAR: bets $0.13
Puranoia: folds 
GauuGss: raises $0.52 to $0.65
iSanLuisAR: raises $0.51 to $1.16 and is all-in
GauuGss: calls $0.50 and is all-in
Uncalled bet ($0.01) returned to iSanLuisAR
*** TURN *** [Kc Ah 4s] [4d]
*** RIVER *** [Kc Ah 4s 4d] [9d]
*** SHOW DOWN ***
GauuGss: shows [2c 6h] (a pair of Fours)
iSanLuisAR: shows [As Js] (two pair, Aces and Fours)
iSanLuisAR collected $2.48 from pot
*** SUMMARY ***
Total pot $2.57 | Rake $0.09 
Board [Kc Ah 4s 4d 9d]
Seat 1: iSanLuisAR showed [As Js] and won ($2.48) with two pair, Aces and Fours
Seat 2: Pineapp27 folded before Flop (didn't bet)
Seat 3: 19ecoboy79 folded before Flop (didn't bet)
Seat 4: Puranoia (button) folded on the Flop
Seat 5: Hathor-edge (small blind) folded before Flop
Seat 6: GauuGss (big blind) showed [2c 6h] and lost with a pair of Fours
Seat 7: MadStrifeBG folded before Flop (didn't bet)
Seat 8: Sr.Benitez448 folded before Flop (didn't bet)
Seat 9: Dorex2007 folded before Flop



PokerStars Hand #237367107380:  Hold'em No Limit ($0.01/$0.02 USD) - 2022/07/14 21:53:27 PT [2022/07/15 0:53:27 ET]
Table 'Haremari II' 9-max Seat #5 is the button
Seat 1: iSanLuisAR ($2.49 in chips) 
Seat 2: Pineapp27 ($0.78 in chips) 
Seat 3: 19ecoboy79 ($1.40 in chips) 
Seat 4: Puranoia ($1.12 in chips) 
Seat 5: Hathor-edge ($1.18 in chips) 
Seat 7: MadStrifeBG ($2.74 in chips) 
Seat 8: Sr.Benitez448 ($0.65 in chips) 
Seat 9: Dorex2007 ($2.24 in chips) 
MadStrifeBG: posts small blind $0.01
Sr.Benitez448: posts big blind $0.02
*** HOLE CARDS ***
Dealt to Dorex2007 [3c 2c]
GauuGss leaves the table
Dorex2007: folds 
iSanLuisAR: folds 
Pineapp27: calls $0.02
19ecoboy79: calls $0.02
Puranoia: folds 
Hathor-edge: folds 
MadStrifeBG: folds 
Sr.Benitez448: checks 
*** FLOP *** [9h Kd 8c]
Sr.Benitez448: checks 
Pineapp27: bets $0.12
19ecoboy79: folds 
Sr.Benitez448: folds 
Uncalled bet ($0.12) returned to Pineapp27
Pineapp27 collected $0.07 from pot
*** SUMMARY ***
Total pot $0.07 | Rake $0 
Board [9h Kd 8c]
Seat 1: iSanLuisAR folded before Flop (didn't bet)
Seat 2: Pineapp27 collected ($0.07)
Seat 3: 19ecoboy79 folded on the Flop
Seat 4: Puranoia folded before Flop (didn't bet)
Seat 5: Hathor-edge (button) folded before Flop (didn't bet)
Seat 7: MadStrifeBG (small blind) folded before Flop
Seat 8: Sr.Benitez448 (big blind) folded on the Flop
Seat 9: Dorex2007 folded before Flop (didn't bet)



PokerStars Hand #237367111960:  Hold'em No Limit ($0.01/$0.02 USD) - 2022/07/14 21:54:06 PT [2022/07/15 0:54:06 ET]
Table 'Haremari II' 9-max Seat #7 is the button
Seat 1: iSanLuisAR ($2.49 in chips) 
Seat 2: Pineapp27 ($0.83 in chips) 
Seat 3: 19ecoboy79 ($1.38 in chips) 
Seat 4: Puranoia ($1.12 in chips) 
Seat 5: Hathor-edge ($1.18 in chips) 
Seat 7: MadStrifeBG ($2.73 in chips) 
Seat 8: Sr.Benitez448 ($0.63 in chips) 
Seat 9: Dorex2007 ($2.24 in chips) 
Sr.Benitez448: posts small blind $0.01
Dorex2007: posts big blind $0.02
*** HOLE CARDS ***
Dealt to Dorex2007 [8d 5d]
iSanLuisAR: folds 
Pineapp27: folds 
19ecoboy79: folds 
Puranoia: folds 
Hathor-edge: raises $0.02 to $0.04
MadStrifeBG: calls $0.04
Sr.Benitez448: folds 
Dorex2007: folds 
*** FLOP *** [Td 4c Qs]
Hathor-edge: checks 
MadStrifeBG: checks 
*** TURN *** [Td 4c Qs] [5s]
Hathor-edge: bets $0.04
MadStrifeBG: calls $0.04
*** RIVER *** [Td 4c Qs 5s] [6s]
*VM*727 joins the table at seat #6 
Hathor-edge: bets $0.26
MadStrifeBG: folds 
Uncalled bet ($0.26) returned to Hathor-edge
Hathor-edge collected $0.18 from pot
*** SUMMARY ***
Total pot $0.19 | Rake $0.01 
Board [Td 4c Qs 5s 6s]
Seat 1: iSanLuisAR folded before Flop (didn't bet)
Seat 2: Pineapp27 folded before Flop (didn't bet)
Seat 3: 19ecoboy79 folded before Flop (didn't bet)
Seat 4: Puranoia folded before Flop (didn't bet)
Seat 5: Hathor-edge collected ($0.18)
Seat 7: MadStrifeBG (button) folded on the River
Seat 8: Sr.Benitez448 (small blind) folded before Flop
Seat 9: Dorex2007 (big blind) folded before Flop



PokerStars Hand #237367118548:  Hold'em No Limit ($0.01/$0.02 USD) - 2022/07/14 21:55:03 PT [2022/07/15 0:55:03 ET]
Table 'Haremari II' 9-max Seat #8 is the button
Seat 1: iSanLuisAR ($2.49 in chips) 
Seat 2: Pineapp27 ($0.83 in chips) 
Seat 3: 19ecoboy79 ($1.38 in chips) 
Seat 4: Puranoia ($1.12 in chips) 
Seat 5: Hathor-edge ($1.28 in chips) 
Seat 7: MadStrifeBG ($2.65 in chips) 
Seat 8: Sr.Benitez448 ($0.62 in chips) 
Seat 9: Dorex2007 ($2.22 in chips) 
Dorex2007: posts small blind $0.01
iSanLuisAR: posts big blind $0.02
*VM*727 is connected 
*VM*727: sits out 
*** HOLE CARDS ***
Dealt to Dorex2007 [Jc 6h]
Pineapp27: calls $0.02
19ecoboy79: folds 
Puranoia: folds 
Hathor-edge: folds 
MadStrifeBG: calls $0.02
Sr.Benitez448: folds 
Dorex2007: folds 
iSanLuisAR: checks 
*** FLOP *** [Qh 9c Jh]
iSanLuisAR: checks 
Pineapp27: checks 
MadStrifeBG: checks 
*** TURN *** [Qh 9c Jh] [Ks]
iSanLuisAR: checks 
Pineapp27: checks 
MadStrifeBG: checks 
*** RIVER *** [Qh 9c Jh Ks] [Qs]
iSanLuisAR: checks 
Pineapp27: checks 
MadStrifeBG: checks 
*** SHOW DOWN ***
iSanLuisAR: shows [5s 7d] (a pair of Queens)
Pineapp27: shows [5d 8d] (a pair of Queens)
MadStrifeBG: shows [8h 7s] (a pair of Queens)
iSanLuisAR collected $0.03 from pot
Pineapp27 collected $0.02 from pot
MadStrifeBG collected $0.02 from pot
*** SUMMARY ***
Total pot $0.07 | Rake $0 
Board [Qh 9c Jh Ks Qs]
Seat 1: iSanLuisAR (big blind) showed [5s 7d] and won ($0.03) with a pair of Queens
Seat 2: Pineapp27 showed [5d 8d] and won ($0.02) with a pair of Queens
Seat 3: 19ecoboy79 folded before Flop (didn't bet)
Seat 4: Puranoia folded before Flop (didn't bet)
Seat 5: Hathor-edge folded before Flop (didn't bet)
Seat 7: MadStrifeBG showed [8h 7s] and won ($0.02) with a pair of Queens
Seat 8: Sr.Benitez448 (button) folded before Flop (didn't bet)
Seat 9: Dorex2007 (small blind) folded before Flop



PokerStars Hand #237367124334:  Hold'em No Limit ($0.01/$0.02 USD) - 2022/07/14 21:55:57 PT [2022/07/15 0:55:57 ET]
Table 'Haremari II' 9-max Seat #9 is the button
Seat 1: iSanLuisAR ($2.50 in chips) 
Seat 2: Pineapp27 ($0.83 in chips) 
Seat 3: 19ecoboy79 ($1.38 in chips) 
Seat 4: Puranoia ($1.12 in chips) 
Seat 5: Hathor-edge ($1.28 in chips) 
Seat 7: MadStrifeBG ($2.65 in chips) 
Seat 8: Sr.Benitez448 ($0.62 in chips) 
Seat 9: Dorex2007 ($2.21 in chips) 
iSanLuisAR: posts small blind $0.01
Pineapp27: posts big blind $0.02
*VM*727: sits out 
*** HOLE CARDS ***
Dealt to Dorex2007 [Jc 7h]
19ecoboy79: folds 
Puranoia: folds 
Hathor-edge: raises $0.02 to $0.04
MadStrifeBG: folds 
Sr.Benitez448: folds 
Dorex2007: folds 
iSanLuisAR: folds 
Pineapp27: calls $0.02
*** FLOP *** [Ks 3d 4h]
Pineapp27: bets $0.10
Hathor-edge: calls $0.10
*** TURN *** [Ks 3d 4h] [Qh]
Pineapp27: checks 
Hathor-edge: checks 
*** RIVER *** [Ks 3d 4h Qh] [Kd]
Pineapp27: checks 
Hathor-edge: bets $0.64
Pineapp27: calls $0.64
*** SHOW DOWN ***
Hathor-edge: shows [4s 4c] (a full house, Fours full of Kings)
Pineapp27: mucks hand 
Hathor-edge collected $1.52 from pot
*** SUMMARY ***
Total pot $1.57 | Rake $0.05 
Board [Ks 3d 4h Qh Kd]
Seat 1: iSanLuisAR (small blind) folded before Flop
Seat 2: Pineapp27 (big blind) mucked [9s 9d]
Seat 3: 19ecoboy79 folded before Flop (didn't bet)
Seat 4: Puranoia folded before Flop (didn't bet)
Seat 5: Hathor-edge showed [4s 4c] and won ($1.52) with a full house, Fours full of Kings
Seat 7: MadStrifeBG folded before Flop (didn't bet)
Seat 8: Sr.Benitez448 folded before Flop (didn't bet)
Seat 9: Dorex2007 (button) folded before Flop (didn't bet)



PokerStars Hand #237367131747:  Hold'em No Limit ($0.01/$0.02 USD) - 2022/07/14 21:57:09 PT [2022/07/15 0:57:09 ET]
Table 'Haremari II' 9-max Seat #1 is the button
Seat 1: iSanLuisAR ($2.49 in chips) 
Seat 2: Pineapp27 ($0.05 in chips) 
Seat 3: 19ecoboy79 ($1.38 in chips) 
Seat 4: Puranoia ($1.12 in chips) 
Seat 5: Hathor-edge ($2.02 in chips) 
Seat 7: MadStrifeBG ($2.65 in chips) 
Seat 8: Sr.Benitez448 ($0.62 in chips) 
Seat 9: Dorex2007 ($2.21 in chips) 
Pineapp27: posts small blind $0.01
19ecoboy79: posts big blind $0.02
*VM*727: sits out 
*** HOLE CARDS ***
Dealt to Dorex2007 [Tc Td]
Puranoia: folds 
Hathor-edge: folds 
MadStrifeBG: folds 
Sr.Benitez448: folds 
Dorex2007: raises $0.02 to $0.04
iSanLuisAR: folds 
Pineapp27: raises $0.01 to $0.05 and is all-in
19ecoboy79: calls $0.03
Dorex2007: calls $0.01
*** FLOP *** [8s Jh Kc]
19ecoboy79: checks 
Dorex2007: checks 
*** TURN *** [8s Jh Kc] [9c]
19ecoboy79: bets $0.11
Dorex2007: calls $0.11
*** RIVER *** [8s Jh Kc 9c] [3h]
19ecoboy79: bets $0.27
Dorex2007: folds 
Uncalled bet ($0.27) returned to 19ecoboy79
*** SHOW DOWN ***
19ecoboy79: shows [9h Jc] (two pair, Jacks and Nines)
19ecoboy79 collected $0.22 from side pot
Pineapp27: shows [Qh Ah] (high card Ace)
19ecoboy79 collected $0.14 from main pot
*** SUMMARY ***
Total pot $0.37 Main pot $0.14. Side pot $0.22. | Rake $0.01 
Board [8s Jh Kc 9c 3h]
Seat 1: iSanLuisAR (button) folded before Flop (didn't bet)
Seat 2: Pineapp27 (small blind) showed [Qh Ah] and lost with high card Ace
Seat 3: 19ecoboy79 (big blind) showed [9h Jc] and won ($0.36) with two pair, Jacks and Nines
Seat 4: Puranoia folded before Flop (didn't bet)
Seat 5: Hathor-edge folded before Flop (didn't bet)
Seat 7: MadStrifeBG folded before Flop (didn't bet)
Seat 8: Sr.Benitez448 folded before Flop (didn't bet)
Seat 9: Dorex2007 folded on the River



PokerStars Hand #237367136290:  Hold'em No Limit ($0.01/$0.02 USD) - 2022/07/14 21:57:54 PT [2022/07/15 0:57:54 ET]
Table 'Haremari II' 9-max Seat #3 is the button
Seat 1: iSanLuisAR ($2.49 in chips) 
Seat 3: 19ecoboy79 ($1.58 in chips) 
Seat 4: Puranoia ($1.12 in chips) 
Seat 5: Hathor-edge ($2.02 in chips) 
Seat 7: MadStrifeBG ($2.65 in chips) 
Seat 8: Sr.Benitez448 ($0.62 in chips) 
Seat 9: Dorex2007 ($2.05 in chips) 
Puranoia: posts small blind $0.01
Hathor-edge: posts big blind $0.02
*VM*727: sits out 
*** HOLE CARDS ***
Dealt to Dorex2007 [8h 5c]
MadStrifeBG: calls $0.02
Sr.Benitez448: folds 
Dorex2007: folds 
iSanLuisAR: folds 
19ecoboy79: folds 
Puranoia: raises $0.02 to $0.04
Hathor-edge: calls $0.02
MadStrifeBG: calls $0.02
*** FLOP *** [Qc 7d 7c]
Puranoia: checks 
Hathor-edge: checks 
MadStrifeBG: checks 
*** TURN *** [Qc 7d 7c] [Kc]
Puranoia: checks 
Hathor-edge: bets $0.04
MadStrifeBG: calls $0.04
Puranoia: folds 
*** RIVER *** [Qc 7d 7c Kc] [4c]
Hathor-edge: bets $0.14
MadStrifeBG: raises $0.24 to $0.38
Hathor-edge: calls $0.24
*** SHOW DOWN ***
MadStrifeBG: shows [Ac 4d] (a flush, Ace high)
Hathor-edge: mucks hand 
MadStrifeBG collected $0.93 from pot
*** SUMMARY ***
Total pot $0.96 | Rake $0.03 
Board [Qc 7d 7c Kc 4c]
Seat 1: iSanLuisAR folded before Flop (didn't bet)
Seat 3: 19ecoboy79 (button) folded before Flop (didn't bet)
Seat 4: Puranoia (small blind) folded on the Turn
Seat 5: Hathor-edge (big blind) mucked [8c Ks]
Seat 7: MadStrifeBG showed [Ac 4d] and won ($0.93) with a flush, Ace high
Seat 8: Sr.Benitez448 folded before Flop (didn't bet)
Seat 9: Dorex2007 folded before Flop (didn't bet)



PokerStars Hand #237367143682:  Hold'em No Limit ($0.01/$0.02 USD) - 2022/07/14 21:59:04 PT [2022/07/15 0:59:04 ET]
Table 'Haremari II' 9-max Seat #4 is the button
Seat 1: iSanLuisAR ($2.49 in chips) 
Seat 2: Pineapp27 ($0.80 in chips) 
Seat 3: 19ecoboy79 ($1.58 in chips) 
Seat 4: Puranoia ($1.08 in chips) 
Seat 5: Hathor-edge ($1.56 in chips) 
Seat 6: *VM*727 ($2 in chips) 
Seat 7: MadStrifeBG ($3.12 in chips) 
Seat 8: Sr.Benitez448 ($0.62 in chips) 
Seat 9: Dorex2007 ($2.05 in chips) 
Hathor-edge: posts small blind $0.01
*VM*727: posts big blind $0.02
*** HOLE CARDS ***
Dealt to Dorex2007 [7s 2d]
MadStrifeBG: folds 
Sr.Benitez448: calls $0.02
Dorex2007: folds 
iSanLuisAR: folds 
Pineapp27: calls $0.02
19ecoboy79: folds 
Puranoia: folds 
Hathor-edge: calls $0.01
*VM*727: checks 
*** FLOP *** [2s Kh Qs]
Hathor-edge: bets $0.02
*VM*727: folds 
Sr.Benitez448: calls $0.02
Pineapp27: calls $0.02
*** TURN *** [2s Kh Qs] [Ts]
Hathor-edge: bets $0.08
Sr.Benitez448: calls $0.08
Pineapp27: raises $0.38 to $0.46
Hathor-edge: calls $0.38
Sr.Benitez448: raises $0.12 to $0.58 and is all-in
Pineapp27: calls $0.12
Hathor-edge: calls $0.12
*** RIVER *** [2s Kh Qs Ts] [6d]
Hathor-edge: bets $0.18
Pineapp27: calls $0.18 and is all-in
*** SHOW DOWN ***
Hathor-edge: shows [6s Js] (a flush, Queen high)
Pineapp27: shows [Jd 9c] (a straight, Nine to King)
Hathor-edge collected $0.35 from side pot
Sr.Benitez448: shows [5s 4s] (a flush, Queen high - lower cards)
Hathor-edge collected $1.81 from main pot
*** SUMMARY ***
Total pot $2.24 Main pot $1.81. Side pot $0.35. | Rake $0.08 
Board [2s Kh Qs Ts 6d]
Seat 1: iSanLuisAR folded before Flop (didn't bet)
Seat 2: Pineapp27 showed [Jd 9c] and lost with a straight, Nine to King
Seat 3: 19ecoboy79 folded before Flop (didn't bet)
Seat 4: Puranoia (button) folded before Flop (didn't bet)
Seat 5: Hathor-edge (small blind) showed [6s Js] and won ($2.16) with a flush, Queen high
Seat 6: *VM*727 (big blind) folded on the Flop
Seat 7: MadStrifeBG folded before Flop (didn't bet)
Seat 8: Sr.Benitez448 showed [5s 4s] and lost with a flush, Queen high
Seat 9: Dorex2007 folded before Flop (didn't bet)



PokerStars Hand #237367151256:  Hold'em No Limit ($0.01/$0.02 USD) - 2022/07/14 22:00:16 PT [2022/07/15 1:00:16 ET]
Table 'Haremari II' 9-max Seat #5 is the button
Seat 1: iSanLuisAR ($2.49 in chips) 
Seat 3: 19ecoboy79 ($1.58 in chips) 
Seat 4: Puranoia ($1.08 in chips) 
Seat 5: Hathor-edge ($2.92 in chips) 
Seat 6: *VM*727 ($1.98 in chips) 
Seat 7: MadStrifeBG ($3.12 in chips) 
Seat 9: Dorex2007 ($2.05 in chips) 
*VM*727: posts small blind $0.01
MadStrifeBG: posts big blind $0.02
*** HOLE CARDS ***
Dealt to Dorex2007 [8s 4c]
Dorex2007: folds 
iSanLuisAR: folds 
19ecoboy79: folds 
Puranoia: folds 
Hathor-edge: folds 
*VM*727: folds 
Uncalled bet ($0.01) returned to MadStrifeBG
MadStrifeBG collected $0.02 from pot
*** SUMMARY ***
Total pot $0.02 | Rake $0 
Seat 1: iSanLuisAR folded before Flop (didn't bet)
Seat 3: 19ecoboy79 folded before Flop (didn't bet)
Seat 4: Puranoia folded before Flop (didn't bet)
Seat 5: Hathor-edge (button) folded before Flop (didn't bet)
Seat 6: *VM*727 (small blind) folded before Flop
Seat 7: MadStrifeBG (big blind) collected ($0.02)
Seat 9: Dorex2007 folded before Flop (didn't bet)



PokerStars Hand #237367153307:  Hold'em No Limit ($0.01/$0.02 USD) - 2022/07/14 22:00:34 PT [2022/07/15 1:00:34 ET]
Table 'Haremari II' 9-max Seat #6 is the button
Seat 1: iSanLuisAR ($2.49 in chips) 
Seat 2: Pineapp27 ($0.80 in chips) 
Seat 3: 19ecoboy79 ($1.58 in chips) 
Seat 4: Puranoia ($1.08 in chips) 
Seat 5: Hathor-edge ($2.92 in chips) 
Seat 6: *VM*727 ($1.97 in chips) 
Seat 7: MadStrifeBG ($3.13 in chips) 
Seat 9: Dorex2007 ($2.05 in chips) 
MadStrifeBG: posts small blind $0.01
Dorex2007: posts big blind $0.02
*** HOLE CARDS ***
Dealt to Dorex2007 [2d Ad]
Sr.Benitez448 leaves the table
iSanLuisAR: folds 
Pineapp27: calls $0.02
miao404 joins the table at seat #8 
19ecoboy79: folds 
Puranoia: raises $0.07 to $0.09
Hathor-edge: folds 
*VM*727: folds 
MadStrifeBG: folds 
Dorex2007: folds 
Pineapp27: calls $0.07
*** FLOP *** [Kh 3c Qh]
Pineapp27: checks 
Puranoia: checks 
*** TURN *** [Kh 3c Qh] [7h]
Pineapp27: checks 
Puranoia: checks 
*** RIVER *** [Kh 3c Qh 7h] [6s]
Pineapp27: bets $0.20
Puranoia: folds 
Uncalled bet ($0.20) returned to Pineapp27
Pineapp27 collected $0.20 from pot
*** SUMMARY ***
Total pot $0.21 | Rake $0.01 
Board [Kh 3c Qh 7h 6s]
Seat 1: iSanLuisAR folded before Flop (didn't bet)
Seat 2: Pineapp27 collected ($0.20)
Seat 3: 19ecoboy79 folded before Flop (didn't bet)
Seat 4: Puranoia folded on the River
Seat 5: Hathor-edge folded before Flop (didn't bet)
Seat 6: *VM*727 (button) folded before Flop (didn't bet)
Seat 7: MadStrifeBG (small blind) folded before Flop
Seat 9: Dorex2007 (big blind) folded before Flop



PokerStars Hand #237367158350:  Hold'em No Limit ($0.01/$0.02 USD) - 2022/07/14 22:01:17 PT [2022/07/15 1:01:17 ET]
Table 'Haremari II' 9-max Seat #7 is the button
Seat 1: iSanLuisAR ($2.49 in chips) 
Seat 2: Pineapp27 ($0.91 in chips) 
Seat 3: 19ecoboy79 ($1.58 in chips) 
Seat 4: Puranoia ($0.99 in chips) 
Seat 5: Hathor-edge ($2.92 in chips) 
Seat 6: *VM*727 ($1.97 in chips) 
Seat 7: MadStrifeBG ($3.12 in chips) 
Seat 9: Dorex2007 ($2.03 in chips) 
Dorex2007: posts small blind $0.01
iSanLuisAR: posts big blind $0.02
*** HOLE CARDS ***
Dealt to Dorex2007 [5s 4s]
Pineapp27: folds 
19ecoboy79 has timed out
19ecoboy79: folds 
Puranoia: folds 
Hathor-edge: folds 
*VM*727: folds 
MadStrifeBG: folds 
Dorex2007: folds 
Uncalled bet ($0.01) returned to iSanLuisAR
iSanLuisAR collected $0.02 from pot
*** SUMMARY ***
Total pot $0.02 | Rake $0 
Seat 1: iSanLuisAR (big blind) collected ($0.02)
Seat 2: Pineapp27 folded before Flop (didn't bet)
Seat 3: 19ecoboy79 folded before Flop (didn't bet)
Seat 4: Puranoia folded before Flop (didn't bet)
Seat 5: Hathor-edge folded before Flop (didn't bet)
Seat 6: *VM*727 folded before Flop (didn't bet)
Seat 7: MadStrifeBG (button) folded before Flop (didn't bet)
Seat 9: Dorex2007 (small blind) folded before Flop



PokerStars Hand #237367161607:  Hold'em No Limit ($0.01/$0.02 USD) - 2022/07/14 22:01:46 PT [2022/07/15 1:01:46 ET]
Table 'Haremari II' 9-max Seat #9 is the button
Seat 1: iSanLuisAR ($2.50 in chips) 
Seat 2: Pineapp27 ($0.91 in chips) 
Seat 3: 19ecoboy79 ($1.58 in chips) 
Seat 4: Puranoia ($0.99 in chips) 
Seat 5: Hathor-edge ($2.92 in chips) 
Seat 6: *VM*727 ($1.97 in chips) 
Seat 7: MadStrifeBG ($3.12 in chips) 
Seat 8: miao404 ($2 in chips) 
Seat 9: Dorex2007 ($2.02 in chips) 
iSanLuisAR: posts small blind $0.01
Pineapp27: posts big blind $0.02
miao404: posts big blind $0.02
*** HOLE CARDS ***
Dealt to Dorex2007 [6s Qh]
19ecoboy79: folds 
Puranoia: folds 
Hathor-edge: raises $0.02 to $0.04
*VM*727: folds 
MadStrifeBG: calls $0.04
miao404: calls $0.02
Dorex2007: folds 
iSanLuisAR: folds 
Pineapp27: raises $0.16 to $0.20
Hathor-edge: calls $0.16
MadStrifeBG: folds 
miao404: folds 
*** FLOP *** [7s Qs 9s]
Pineapp27: bets $0.71 and is all-in
Hathor-edge: folds 
Uncalled bet ($0.71) returned to Pineapp27
Pineapp27 collected $0.47 from pot
*** SUMMARY ***
Total pot $0.49 | Rake $0.02 
Board [7s Qs 9s]
Seat 1: iSanLuisAR (small blind) folded before Flop
Seat 2: Pineapp27 (big blind) collected ($0.47)
Seat 3: 19ecoboy79 folded before Flop (didn't bet)
Seat 4: Puranoia folded before Flop (didn't bet)
Seat 5: Hathor-edge folded on the Flop
Seat 6: *VM*727 folded before Flop (didn't bet)
Seat 7: MadStrifeBG folded before Flop
Seat 8: miao404 folded before Flop
Seat 9: Dorex2007 (button) folded before Flop (didn't bet)



PokerStars Hand #237367168830:  Hold'em No Limit ($0.01/$0.02 USD) - 2022/07/14 22:02:49 PT [2022/07/15 1:02:49 ET]
Table 'Haremari II' 9-max Seat #1 is the button
Seat 1: iSanLuisAR ($2.49 in chips) 
Seat 2: Pineapp27 ($1.18 in chips) 
Seat 3: 19ecoboy79 ($1.58 in chips) 
Seat 4: Puranoia ($0.99 in chips) 
Seat 5: Hathor-edge ($2.72 in chips) 
Seat 6: *VM*727 ($1.97 in chips) 
Seat 7: MadStrifeBG ($3.08 in chips) 
Seat 8: miao404 ($1.96 in chips) 
Seat 9: Dorex2007 ($2.02 in chips) 
Pineapp27: posts small blind $0.01
19ecoboy79: posts big blind $0.02
*** HOLE CARDS ***
Dealt to Dorex2007 [5c Ah]
Puranoia: folds 
Hathor-edge: folds 
*VM*727: folds 
MadStrifeBG: folds 
miao404: folds 
Dorex2007: folds 
iSanLuisAR: folds 
Pineapp27: folds 
Uncalled bet ($0.01) returned to 19ecoboy79
19ecoboy79 collected $0.02 from pot
*** SUMMARY ***
Total pot $0.02 | Rake $0 
Seat 1: iSanLuisAR (button) folded before Flop (didn't bet)
Seat 2: Pineapp27 (small blind) folded before Flop
Seat 3: 19ecoboy79 (big blind) collected ($0.02)
Seat 4: Puranoia folded before Flop (didn't bet)
Seat 5: Hathor-edge folded before Flop (didn't bet)
Seat 6: *VM*727 folded before Flop (didn't bet)
Seat 7: MadStrifeBG folded before Flop (didn't bet)
Seat 8: miao404 folded before Flop (didn't bet)
Seat 9: Dorex2007 folded before Flop (didn't bet)



PokerStars Hand #237367170797:  Hold'em No Limit ($0.01/$0.02 USD) - 2022/07/14 22:03:06 PT [2022/07/15 1:03:06 ET]
Table 'Haremari II' 9-max Seat #2 is the button
Seat 1: iSanLuisAR ($2.49 in chips) 
Seat 2: Pineapp27 ($1.17 in chips) 
Seat 3: 19ecoboy79 ($1.59 in chips) 
Seat 4: Puranoia ($0.99 in chips) 
Seat 5: Hathor-edge ($2.72 in chips) 
Seat 6: *VM*727 ($1.97 in chips) 
Seat 7: MadStrifeBG ($3.08 in chips) 
Seat 8: miao404 ($1.96 in chips) 
Seat 9: Dorex2007 ($2.02 in chips) 
19ecoboy79: posts small blind $0.01
Puranoia: posts big blind $0.02
*** HOLE CARDS ***
Dealt to Dorex2007 [2c 8c]
Hathor-edge: folds 
*VM*727: raises $0.02 to $0.04
MadStrifeBG: folds 
miao404: folds 
Dorex2007: folds 
iSanLuisAR: folds 
Pineapp27: calls $0.04
19ecoboy79: calls $0.03
Puranoia: calls $0.02
*** FLOP *** [Tc 5c Ac]
19ecoboy79: checks 
Puranoia: checks 
*VM*727: bets $0.02
Pineapp27: folds 
19ecoboy79: calls $0.02
Puranoia: folds 
*** TURN *** [Tc 5c Ac] [4s]
19ecoboy79: checks 
*VM*727: bets $0.02
19ecoboy79: calls $0.02
*** RIVER *** [Tc 5c Ac 4s] [Jd]
19ecoboy79: checks 
*VM*727: checks 
*** SHOW DOWN ***
19ecoboy79: shows [Js Ad] (two pair, Aces and Jacks)
*VM*727: mucks hand 
19ecoboy79 collected $0.23 from pot
*** SUMMARY ***
Total pot $0.24 | Rake $0.01 
Board [Tc 5c Ac 4s Jd]
Seat 1: iSanLuisAR folded before Flop (didn't bet)
Seat 2: Pineapp27 (button) folded on the Flop
Seat 3: 19ecoboy79 (small blind) showed [Js Ad] and won ($0.23) with two pair, Aces and Jacks
Seat 4: Puranoia (big blind) folded on the Flop
Seat 5: Hathor-edge folded before Flop (didn't bet)
Seat 6: *VM*727 mucked [Kc As]
Seat 7: MadStrifeBG folded before Flop (didn't bet)
Seat 8: miao404 folded before Flop (didn't bet)
Seat 9: Dorex2007 folded before Flop (didn't bet)



PokerStars Hand #237367177287:  Hold'em No Limit ($0.01/$0.02 USD) - 2022/07/14 22:04:02 PT [2022/07/15 1:04:02 ET]
Table 'Haremari II' 9-max Seat #3 is the button
Seat 1: iSanLuisAR ($2.49 in chips) 
Seat 2: Pineapp27 ($1.13 in chips) 
Seat 3: 19ecoboy79 ($1.74 in chips) 
Seat 4: Puranoia ($0.95 in chips) 
Seat 5: Hathor-edge ($2.72 in chips) 
Seat 6: *VM*727 ($1.89 in chips) 
Seat 7: MadStrifeBG ($3.08 in chips) 
Seat 8: miao404 ($1.96 in chips) 
Seat 9: Dorex2007 ($2.02 in chips) 
Puranoia: posts small blind $0.01
Hathor-edge: posts big blind $0.02
*** HOLE CARDS ***
Dealt to Dorex2007 [As 8s]
*VM*727: folds 
MadStrifeBG: calls $0.02
miao404: calls $0.02
Dorex2007: calls $0.02
iSanLuisAR: folds 
Pineapp27: calls $0.02
19ecoboy79: raises $0.13 to $0.15
Puranoia: folds 
Hathor-edge: folds 
MadStrifeBG: folds 
miao404: folds 
Dorex2007: folds 
Pineapp27: calls $0.13
*** FLOP *** [7h 6s 4h]
Pineapp27: checks 
19ecoboy79: bets $0.29
Pineapp27: folds 
Uncalled bet ($0.29) returned to 19ecoboy79
19ecoboy79 collected $0.38 from pot
*** SUMMARY ***
Total pot $0.39 | Rake $0.01 
Board [7h 6s 4h]
Seat 1: iSanLuisAR folded before Flop (didn't bet)
Seat 2: Pineapp27 folded on the Flop
Seat 3: 19ecoboy79 (button) collected ($0.38)
Seat 4: Puranoia (small blind) folded before Flop
Seat 5: Hathor-edge (big blind) folded before Flop
Seat 6: *VM*727 folded before Flop (didn't bet)
Seat 7: MadStrifeBG folded before Flop
Seat 8: miao404 folded before Flop
Seat 9: Dorex2007 folded before Flop



PokerStars Hand #237367183304:  Hold'em No Limit ($0.01/$0.02 USD) - 2022/07/14 22:04:54 PT [2022/07/15 1:04:54 ET]
Table 'Haremari II' 9-max Seat #4 is the button
Seat 1: iSanLuisAR ($2.49 in chips) 
Seat 2: Pineapp27 ($0.98 in chips) 
Seat 3: 19ecoboy79 ($1.97 in chips) 
Seat 4: Puranoia ($0.94 in chips) 
Seat 5: Hathor-edge ($2.70 in chips) 
Seat 6: *VM*727 ($1.89 in chips) 
Seat 7: MadStrifeBG ($3.06 in chips) 
Seat 8: miao404 ($1.94 in chips) 
Seat 9: Dorex2007 ($2 in chips) 
Hathor-edge: posts small blind $0.01
*VM*727: posts big blind $0.02
*** HOLE CARDS ***
Dealt to Dorex2007 [Kh Js]
MadStrifeBG: folds 
miao404: raises $0.04 to $0.06
Dorex2007: calls $0.06
iSanLuisAR: folds 
Pineapp27: calls $0.06
19ecoboy79: folds 
Puranoia: folds 
Hathor-edge: folds 
*VM*727: folds 
*** FLOP *** [5c Ah 7d]
miao404: bets $0.10
Dorex2007: folds 
Pineapp27: folds 
Uncalled bet ($0.10) returned to miao404
miao404 collected $0.20 from pot
*** SUMMARY ***
Total pot $0.21 | Rake $0.01 
Board [5c Ah 7d]
Seat 1: iSanLuisAR folded before Flop (didn't bet)
Seat 2: Pineapp27 folded on the Flop
Seat 3: 19ecoboy79 folded before Flop (didn't bet)
Seat 4: Puranoia (button) folded before Flop (didn't bet)
Seat 5: Hathor-edge (small blind) folded before Flop
Seat 6: *VM*727 (big blind) folded before Flop
Seat 7: MadStrifeBG folded before Flop (didn't bet)
Seat 8: miao404 collected ($0.20)
Seat 9: Dorex2007 folded on the Flop



PokerStars Hand #237367189290:  Hold'em No Limit ($0.01/$0.02 USD) - 2022/07/14 22:05:45 PT [2022/07/15 1:05:45 ET]
Table 'Haremari II' 9-max Seat #5 is the button
Seat 1: iSanLuisAR ($2.49 in chips) 
Seat 2: Pineapp27 ($0.92 in chips) 
Seat 3: 19ecoboy79 ($1.97 in chips) 
Seat 4: Puranoia ($1.53 in chips) 
Seat 5: Hathor-edge ($2.69 in chips) 
Seat 6: *VM*727 ($1.87 in chips) 
Seat 7: MadStrifeBG ($3.06 in chips) 
Seat 8: miao404 ($2.08 in chips) 
Seat 9: Dorex2007 ($2 in chips) 
*VM*727: posts small blind $0.01
MadStrifeBG: posts big blind $0.02
*** HOLE CARDS ***
Dealt to Dorex2007 [2c Kd]
miao404: folds 
Dorex2007: folds 
iSanLuisAR: folds 
Pineapp27: calls $0.02
19ecoboy79: folds 
Puranoia: folds 
Hathor-edge: folds 
*VM*727: raises $0.06 to $0.08
MadStrifeBG: folds 
Pineapp27: calls $0.06
*** FLOP *** [2d 9s 8s]
*VM*727: bets $0.85
Pineapp27: calls $0.84 and is all-in
Uncalled bet ($0.01) returned to *VM*727
*** TURN *** [2d 9s 8s] [7s]
*** RIVER *** [2d 9s 8s 7s] [5s]
*** SHOW DOWN ***
*VM*727: shows [Qc Qs] (a flush, Queen high)
Pineapp27: shows [6d 9d] (a straight, Five to Nine)
*VM*727 cashed out the hand for $1.34 | Cash Out Fee $0.01
*** SUMMARY ***
Total pot $1.86 | Rake $0.07 
Board [2d 9s 8s 7s 5s]
Seat 1: iSanLuisAR folded before Flop (didn't bet)
Seat 2: Pineapp27 showed [6d 9d] and lost with a straight, Five to Nine
Seat 3: 19ecoboy79 folded before Flop (didn't bet)
Seat 4: Puranoia folded before Flop (didn't bet)
Seat 5: Hathor-edge (button) folded before Flop (didn't bet)
Seat 6: *VM*727 (small blind) showed [Qc Qs] and won ($1.79) with a flush, Queen high (pot not awarded as player cashed out)
Seat 7: MadStrifeBG (big blind) folded before Flop
Seat 8: miao404 folded before Flop (didn't bet)
Seat 9: Dorex2007 folded before Flop (didn't bet)



PokerStars Hand #237367195342:  Hold'em No Limit ($0.01/$0.02 USD) - 2022/07/14 22:06:37 PT [2022/07/15 1:06:37 ET]
Table 'Haremari II' 9-max Seat #6 is the button
Seat 1: iSanLuisAR ($2.49 in chips) 
Seat 3: 19ecoboy79 ($1.97 in chips) 
Seat 4: Puranoia ($1.53 in chips) 
Seat 5: Hathor-edge ($2.69 in chips) 
Seat 6: *VM*727 ($2.29 in chips) 
Seat 7: MadStrifeBG ($3.04 in chips) 
Seat 8: miao404 ($2.08 in chips) 
Seat 9: Dorex2007 ($2 in chips) 
MadStrifeBG: posts small blind $0.01
miao404: posts big blind $0.02
*** HOLE CARDS ***
Dealt to Dorex2007 [8h 7c]
Dorex2007: folds 
iSanLuisAR: raises $0.04 to $0.06
19ecoboy79: folds 
Puranoia: calls $0.06
Hathor-edge: calls $0.06
*VM*727: folds 
MadStrifeBG: folds 
miao404: calls $0.04
*** FLOP *** [Kd Qc Js]
miao404: checks 
iSanLuisAR: bets $0.12
Puranoia: calls $0.12
Hathor-edge: calls $0.12
miao404: folds 
*** TURN *** [Kd Qc Js] [Ad]
iSanLuisAR: checks 
Puranoia: checks 
Hathor-edge: bets $0.10
iSanLuisAR: calls $0.10
Puranoia: calls $0.10
*** RIVER *** [Kd Qc Js Ad] [3h]
iSanLuisAR: checks 
Puranoia: checks 
Hathor-edge: bets $0.34
iSanLuisAR: folds 
Puranoia: calls $0.34
*** SHOW DOWN ***
Hathor-edge: shows [Jd Qh] (two pair, Queens and Jacks)
Puranoia: shows [Ah Qd] (two pair, Aces and Queens)
Puranoia collected $1.53 from pot
*** SUMMARY ***
Total pot $1.59 | Rake $0.06 
Board [Kd Qc Js Ad 3h]
Seat 1: iSanLuisAR folded on the River
Seat 3: 19ecoboy79 folded before Flop (didn't bet)
Seat 4: Puranoia showed [Ah Qd] and won ($1.53) with two pair, Aces and Queens
Seat 5: Hathor-edge showed [Jd Qh] and lost with two pair, Queens and Jacks
Seat 6: *VM*727 (button) folded before Flop (didn't bet)
Seat 7: MadStrifeBG (small blind) folded before Flop
Seat 8: miao404 (big blind) folded on the Flop
Seat 9: Dorex2007 folded before Flop (didn't bet)



PokerStars Hand #237367206192:  Hold'em No Limit ($0.01/$0.02 USD) - 2022/07/14 22:08:13 PT [2022/07/15 1:08:13 ET]
Table 'Haremari II' 9-max Seat #7 is the button
Seat 1: iSanLuisAR ($2.21 in chips) 
Seat 2: Pineapp27 ($0.80 in chips) 
Seat 3: 19ecoboy79 ($1.97 in chips) 
Seat 4: Puranoia ($2.44 in chips) 
Seat 5: Hathor-edge ($2.07 in chips) 
Seat 6: *VM*727 ($2.29 in chips) 
Seat 7: MadStrifeBG ($3.03 in chips) 
Seat 8: miao404 ($2.02 in chips) 
Seat 9: Dorex2007 ($2 in chips) 
miao404: posts small blind $0.01
Dorex2007: posts big blind $0.02
*** HOLE CARDS ***
Dealt to Dorex2007 [Ac 3s]
iSanLuisAR: folds 
Pineapp27: folds 
19ecoboy79: folds 
Puranoia: raises $0.19 to $0.21
Hathor-edge: folds 
*VM*727: folds 
MadStrifeBG: folds 
miao404: folds 
Dorex2007: folds 
Uncalled bet ($0.19) returned to Puranoia
Puranoia collected $0.05 from pot
*** SUMMARY ***
Total pot $0.05 | Rake $0 
Seat 1: iSanLuisAR folded before Flop (didn't bet)
Seat 2: Pineapp27 folded before Flop (didn't bet)
Seat 3: 19ecoboy79 folded before Flop (didn't bet)
Seat 4: Puranoia collected ($0.05)
Seat 5: Hathor-edge folded before Flop (didn't bet)
Seat 6: *VM*727 folded before Flop (didn't bet)
Seat 7: MadStrifeBG (button) folded before Flop (didn't bet)
Seat 8: miao404 (small blind) folded before Flop
Seat 9: Dorex2007 (big blind) folded before Flop



PokerStars Hand #237367209537:  Hold'em No Limit ($0.01/$0.02 USD) - 2022/07/14 22:08:42 PT [2022/07/15 1:08:42 ET]
Table 'Haremari II' 9-max Seat #8 is the button
Seat 1: iSanLuisAR ($2.21 in chips) 
Seat 2: Pineapp27 ($0.80 in chips) 
Seat 3: 19ecoboy79 ($1.97 in chips) 
Seat 4: Puranoia ($2.47 in chips) 
Seat 5: Hathor-edge ($2.07 in chips) 
Seat 6: *VM*727 ($2.29 in chips) 
Seat 7: MadStrifeBG ($3.03 in chips) 
Seat 8: miao404 ($2.01 in chips) 
Seat 9: Dorex2007 ($2 in chips) 
Dorex2007: posts small blind $0.01
iSanLuisAR: posts big blind $0.02
*** HOLE CARDS ***
Dealt to Dorex2007 [9s 8d]
Pineapp27: folds 
19ecoboy79: folds 
Puranoia: calls $0.02
Hathor-edge: calls $0.02
*VM*727: folds 
MadStrifeBG: calls $0.02
miao404: raises $0.11 to $0.13
Dorex2007: folds 
iSanLuisAR: folds 
Puranoia: calls $0.11
Hathor-edge: calls $0.11
MadStrifeBG: folds 
*** FLOP *** [Th 8s Tc]
Puranoia: checks 
Hathor-edge: bets $0.08
miao404: calls $0.08
Puranoia: folds 
*** TURN *** [Th 8s Tc] [4s]
Hathor-edge: bets $0.20
miao404: raises $1.60 to $1.80 and is all-in
Hathor-edge: folds 
Uncalled bet ($1.60) returned to miao404
miao404 collected $0.96 from pot
*** SUMMARY ***
Total pot $1 | Rake $0.04 
Board [Th 8s Tc 4s]
Seat 1: iSanLuisAR (big blind) folded before Flop
Seat 2: Pineapp27 folded before Flop (didn't bet)
Seat 3: 19ecoboy79 folded before Flop (didn't bet)
Seat 4: Puranoia folded on the Flop
Seat 5: Hathor-edge folded on the Turn
Seat 6: *VM*727 folded before Flop (didn't bet)
Seat 7: MadStrifeBG folded before Flop
Seat 8: miao404 (button) collected ($0.96)
Seat 9: Dorex2007 (small blind) folded before Flop



PokerStars Hand #237367218372:  Hold'em No Limit ($0.01/$0.02 USD) - 2022/07/14 22:10:00 PT [2022/07/15 1:10:00 ET]
Table 'Haremari II' 9-max Seat #9 is the button
Seat 1: iSanLuisAR ($2.19 in chips) 
Seat 2: Pineapp27 ($0.80 in chips) 
Seat 3: 19ecoboy79 ($1.97 in chips) 
Seat 4: Puranoia ($2.34 in chips) 
Seat 5: Hathor-edge ($1.66 in chips) 
Seat 6: *VM*727 ($2.29 in chips) 
Seat 7: MadStrifeBG ($3.01 in chips) 
Seat 8: miao404 ($2.56 in chips) 
Seat 9: Dorex2007 ($2 in chips) 
iSanLuisAR: posts small blind $0.01
Pineapp27: posts big blind $0.02
*** HOLE CARDS ***
Dealt to Dorex2007 [8s 8c]
19ecoboy79: folds 
Puranoia: folds 
Hathor-edge: folds 
*VM*727: calls $0.02
MadStrifeBG: calls $0.02
miao404: folds 
Dorex2007: calls $0.02
iSanLuisAR: folds 
Pineapp27: checks 
*** FLOP *** [4c Qh 2s]
Pineapp27: checks 
*VM*727: checks 
MadStrifeBG: checks 
Dorex2007: checks 
*** TURN *** [4c Qh 2s] [3d]
Pineapp27: bets $0.06
*VM*727: folds 
MadStrifeBG: folds 
Dorex2007: folds 
Uncalled bet ($0.06) returned to Pineapp27
Pineapp27 collected $0.09 from pot
*** SUMMARY ***
Total pot $0.09 | Rake $0 
Board [4c Qh 2s 3d]
Seat 1: iSanLuisAR (small blind) folded before Flop
Seat 2: Pineapp27 (big blind) collected ($0.09)
Seat 3: 19ecoboy79 folded before Flop (didn't bet)
Seat 4: Puranoia folded before Flop (didn't bet)
Seat 5: Hathor-edge folded before Flop (didn't bet)
Seat 6: *VM*727 folded on the Turn
Seat 7: MadStrifeBG folded on the Turn
Seat 8: miao404 folded before Flop (didn't bet)
Seat 9: Dorex2007 (button) folded on the Turn



PokerStars Hand #237367224008:  Hold'em No Limit ($0.01/$0.02 USD) - 2022/07/14 22:10:50 PT [2022/07/15 1:10:50 ET]
Table 'Haremari II' 9-max Seat #1 is the button
Seat 1: iSanLuisAR ($2.18 in chips) 
Seat 2: Pineapp27 ($0.87 in chips) 
Seat 3: 19ecoboy79 ($1.97 in chips) 
Seat 4: Puranoia ($2.34 in chips) 
Seat 5: Hathor-edge ($1.66 in chips) 
Seat 6: *VM*727 ($2.27 in chips) 
Seat 7: MadStrifeBG ($2.99 in chips) 
Seat 8: miao404 ($2.56 in chips) 
Seat 9: Dorex2007 ($2 in chips) 
Pineapp27: posts small blind $0.01
19ecoboy79: posts big blind $0.02
*** HOLE CARDS ***
Dealt to Dorex2007 [9c 6c]
Puranoia: folds 
Hathor-edge: folds 
*VM*727: folds 
MadStrifeBG: raises $0.04 to $0.06
Puranoia leaves the table
miao404: folds 
Dorex2007: folds 
iSanLuisAR: folds 
Pineapp27: folds 
19ecoboy79: folds 
Uncalled bet ($0.04) returned to MadStrifeBG
MadStrifeBG collected $0.05 from pot
*** SUMMARY ***
Total pot $0.05 | Rake $0 
Seat 1: iSanLuisAR (button) folded before Flop (didn't bet)
Seat 2: Pineapp27 (small blind) folded before Flop
Seat 3: 19ecoboy79 (big blind) folded before Flop
Seat 4: Puranoia folded before Flop (didn't bet)
Seat 5: Hathor-edge folded before Flop (didn't bet)
Seat 6: *VM*727 folded before Flop (didn't bet)
Seat 7: MadStrifeBG collected ($0.05)
Seat 8: miao404 folded before Flop (didn't bet)
Seat 9: Dorex2007 folded before Flop (didn't bet)



PokerStars Hand #237367226333:  Hold'em No Limit ($0.01/$0.02 USD) - 2022/07/14 22:11:10 PT [2022/07/15 1:11:10 ET]
Table 'Haremari II' 9-max Seat #2 is the button
Seat 1: iSanLuisAR ($2.18 in chips) 
Seat 2: Pineapp27 ($0.86 in chips) 
Seat 3: 19ecoboy79 ($1.95 in chips) 
Seat 5: Hathor-edge ($1.66 in chips) 
Seat 6: *VM*727 ($2.27 in chips) 
Seat 7: MadStrifeBG ($3.02 in chips) 
Seat 8: miao404 ($2.56 in chips) 
Seat 9: Dorex2007 ($2 in chips) 
19ecoboy79: posts small blind $0.01
Hathor-edge: posts big blind $0.02
*** HOLE CARDS ***
Dealt to Dorex2007 [4s 6c]
goalie39 joins the table at seat #4 
*VM*727: folds 
MadStrifeBG: calls $0.02
miao404: calls $0.02
Dorex2007: folds 
iSanLuisAR: folds 
Pineapp27: calls $0.02
19ecoboy79: calls $0.01
Hathor-edge: raises $0.04 to $0.06
MadStrifeBG: calls $0.04
miao404: calls $0.04
Pineapp27: calls $0.04
19ecoboy79: calls $0.04
*** FLOP *** [2h Kd 5c]
19ecoboy79: checks 
Hathor-edge: checks 
MadStrifeBG: bets $0.14
miao404: folds 
Pineapp27: folds 
19ecoboy79: folds 
Hathor-edge: folds 
Uncalled bet ($0.14) returned to MadStrifeBG
MadStrifeBG collected $0.29 from pot
*** SUMMARY ***
Total pot $0.30 | Rake $0.01 
Board [2h Kd 5c]
Seat 1: iSanLuisAR folded before Flop (didn't bet)
Seat 2: Pineapp27 (button) folded on the Flop
Seat 3: 19ecoboy79 (small blind) folded on the Flop
Seat 5: Hathor-edge (big blind) folded on the Flop
Seat 6: *VM*727 folded before Flop (didn't bet)
Seat 7: MadStrifeBG collected ($0.29)
Seat 8: miao404 folded on the Flop
Seat 9: Dorex2007 folded before Flop (didn't bet)



PokerStars Hand #237367234552:  Hold'em No Limit ($0.01/$0.02 USD) - 2022/07/14 22:12:22 PT [2022/07/15 1:12:22 ET]
Table 'Haremari II' 9-max Seat #3 is the button
Seat 1: iSanLuisAR ($2.18 in chips) 
Seat 2: Pineapp27 ($0.80 in chips) 
Seat 3: 19ecoboy79 ($1.89 in chips) 
Seat 5: Hathor-edge ($1.60 in chips) 
Seat 6: *VM*727 ($2.27 in chips) 
Seat 7: MadStrifeBG ($3.25 in chips) 
Seat 8: miao404 ($2.50 in chips) 
Seat 9: Dorex2007 ($2 in chips) 
Hathor-edge: posts small blind $0.01
*VM*727: posts big blind $0.02
*** HOLE CARDS ***
Dealt to Dorex2007 [Qc 8d]
MadStrifeBG: calls $0.02
miao404: raises $0.07 to $0.09
Dorex2007: folds 
iSanLuisAR: folds 
Pineapp27: calls $0.09
19ecoboy79: folds 
Hathor-edge: raises $1.51 to $1.60 and is all-in
*VM*727: folds 
MadStrifeBG: folds 
miao404: folds 
Pineapp27: calls $0.71 and is all-in
Uncalled bet ($0.80) returned to Hathor-edge
*** FLOP *** [3c Js 8c]
*** TURN *** [3c Js 8c] [5c]
*** RIVER *** [3c Js 8c 5c] [Qs]
*** SHOW DOWN ***
Hathor-edge: shows [6d 6c] (a pair of Sixes)
Pineapp27: shows [2c 2d] (a pair of Deuces)
Hathor-edge collected $1.67 from pot
*** SUMMARY ***
Total pot $1.73 | Rake $0.06 
Board [3c Js 8c 5c Qs]
Seat 1: iSanLuisAR folded before Flop (didn't bet)
Seat 2: Pineapp27 showed [2c 2d] and lost with a pair of Deuces
Seat 3: 19ecoboy79 (button) folded before Flop (didn't bet)
Seat 5: Hathor-edge (small blind) showed [6d 6c] and won ($1.67) with a pair of Sixes
Seat 6: *VM*727 (big blind) folded before Flop
Seat 7: MadStrifeBG folded before Flop
Seat 8: miao404 folded before Flop
Seat 9: Dorex2007 folded before Flop (didn't bet)



PokerStars Hand #237367239778:  Hold'em No Limit ($0.01/$0.02 USD) - 2022/07/14 22:13:08 PT [2022/07/15 1:13:08 ET]
Table 'Haremari II' 9-max Seat #5 is the button
Seat 1: iSanLuisAR ($2.18 in chips) 
Seat 3: 19ecoboy79 ($1.89 in chips) 
Seat 4: goalie39 ($1.60 in chips) 
Seat 5: Hathor-edge ($2.47 in chips) 
Seat 6: *VM*727 ($2.25 in chips) 
Seat 7: MadStrifeBG ($3.23 in chips) 
Seat 8: miao404 ($2.41 in chips) 
Seat 9: Dorex2007 ($2 in chips) 
*VM*727: posts small blind $0.01
MadStrifeBG: posts big blind $0.02
goalie39: posts big blind $0.02
*** HOLE CARDS ***
Dealt to Dorex2007 [6s Qh]
miao404: folds 
Dorex2007: folds 
iSanLuisAR: raises $0.06 to $0.08
19ecoboy79: folds 
goalie39: folds 
Hathor-edge: folds 
Hathor-edge leaves the table
*VM*727: calls $0.07
MadStrifeBG: folds 
*** FLOP *** [8h Jh Kh]
*VM*727: checks 
iSanLuisAR: bets $0.09
*VM*727: folds 
Uncalled bet ($0.09) returned to iSanLuisAR
iSanLuisAR collected $0.19 from pot
*** SUMMARY ***
Total pot $0.20 | Rake $0.01 
Board [8h Jh Kh]
Seat 1: iSanLuisAR collected ($0.19)
Seat 3: 19ecoboy79 folded before Flop (didn't bet)
Seat 4: goalie39 folded before Flop (didn't bet)
Seat 5: Hathor-edge (button) folded before Flop (didn't bet)
Seat 6: *VM*727 (small blind) folded on the Flop
Seat 7: MadStrifeBG (big blind) folded before Flop
Seat 8: miao404 folded before Flop (didn't bet)
Seat 9: Dorex2007 folded before Flop (didn't bet)



PokerStars Hand #237367251191:  Hold'em No Limit ($0.01/$0.02 USD) - 2022/07/14 22:13:45 PT [2022/07/15 1:13:45 ET]
Table 'Haremari II' 9-max Seat #6 is the button
Seat 1: iSanLuisAR ($2.29 in chips) 
Seat 2: Pineapp27 ($0.80 in chips) 
Seat 3: 19ecoboy79 ($1.89 in chips) 
Seat 4: goalie39 ($1.58 in chips) 
Seat 6: *VM*727 ($2.17 in chips) 
Seat 7: MadStrifeBG ($3.21 in chips) 
Seat 8: miao404 ($2.41 in chips) 
Seat 9: Dorex2007 ($2 in chips) 
MadStrifeBG: posts small blind $0.01
miao404: posts big blind $0.02
*** HOLE CARDS ***
Dealt to Dorex2007 [5d Qd]
Dorex2007: folds 
iSanLuisAR: folds 
Marcus721637 joins the table at seat #5 
Pineapp27: raises $0.04 to $0.06
19ecoboy79: folds 
goalie39: raises $0.06 to $0.12
*VM*727: folds 
MadStrifeBG: calls $0.11
miao404: folds 
Pineapp27: calls $0.06
*** FLOP *** [4c 3c Ac]
MadStrifeBG: checks 
Pineapp27: bets $0.37
goalie39: raises $0.37 to $0.74
MadStrifeBG: calls $0.74
Pineapp27: calls $0.31 and is all-in
*** TURN *** [4c 3c Ac] [2d]
MadStrifeBG: bets $1.22
goalie39: calls $0.72 and is all-in
Uncalled bet ($0.50) returned to MadStrifeBG
*** RIVER *** [4c 3c Ac 2d] [8s]
*** SHOW DOWN ***
MadStrifeBG: shows [5c 4h] (a straight, Ace to Five)
goalie39: shows [Ks Ad] (a pair of Aces)
MadStrifeBG collected $1.50 from side pot
Pineapp27: shows [Kd Ah] (a pair of Aces)
MadStrifeBG collected $2.34 from main pot
goalie39 cashed out the hand for $0.10
*** SUMMARY ***
Total pot $3.98 Main pot $2.34. Side pot $1.50. | Rake $0.14 
Board [4c 3c Ac 2d 8s]
Seat 1: iSanLuisAR folded before Flop (didn't bet)
Seat 2: Pineapp27 showed [Kd Ah] and lost with a pair of Aces
Seat 3: 19ecoboy79 folded before Flop (didn't bet)
Seat 4: goalie39 showed [Ks Ad] and lost with a pair of Aces (cashed out).
Seat 6: *VM*727 (button) folded before Flop (didn't bet)
Seat 7: MadStrifeBG (small blind) showed [5c 4h] and won ($3.84) with a straight, Ace to Five
Seat 8: miao404 (big blind) folded before Flop
Seat 9: Dorex2007 folded before Flop (didn't bet)



PokerStars Hand #237367258785:  Hold'em No Limit ($0.01/$0.02 USD) - 2022/07/14 22:14:52 PT [2022/07/15 1:14:52 ET]
Table 'Haremari II' 9-max Seat #7 is the button
Seat 1: iSanLuisAR ($2.29 in chips) 
Seat 3: 19ecoboy79 ($1.89 in chips) 
Seat 4: goalie39 ($0.10 in chips) 
Seat 6: *VM*727 ($2.17 in chips) 
Seat 7: MadStrifeBG ($5.47 in chips) 
Seat 8: miao404 ($2.39 in chips) 
Seat 9: Dorex2007 ($2 in chips) 
miao404: posts small blind $0.01
Dorex2007: posts big blind $0.02
Marcus721637: sits out 
*** HOLE CARDS ***
Dealt to Dorex2007 [Qc As]
iSanLuisAR: folds 
19ecoboy79: folds 
Pineapp27 leaves the table
goalie39: folds 
*VM*727: raises $0.02 to $0.04
MadStrifeBG: folds 
miao404: raises $0.08 to $0.12
Dorex2007: folds 
*VM*727: calls $0.08
*** FLOP *** [Tc 2s 7h]
miao404: checks 
*VM*727: checks 
*** TURN *** [Tc 2s 7h] [3d]
miao404: bets $0.13
*VM*727: calls $0.13
*** RIVER *** [Tc 2s 7h 3d] [8h]
miao404: bets $0.64
*VM*727: folds 
Uncalled bet ($0.64) returned to miao404
miao404 collected $0.50 from pot
*** SUMMARY ***
Total pot $0.52 | Rake $0.02 
Board [Tc 2s 7h 3d 8h]
Seat 1: iSanLuisAR folded before Flop (didn't bet)
Seat 3: 19ecoboy79 folded before Flop (didn't bet)
Seat 4: goalie39 folded before Flop (didn't bet)
Seat 6: *VM*727 folded on the River
Seat 7: MadStrifeBG (button) folded before Flop (didn't bet)
Seat 8: miao404 (small blind) collected ($0.50)
Seat 9: Dorex2007 (big blind) folded before Flop



PokerStars Hand #237367264702:  Hold'em No Limit ($0.01/$0.02 USD) - 2022/07/14 22:15:45 PT [2022/07/15 1:15:45 ET]
Table 'Haremari II' 9-max Seat #8 is the button
Seat 1: iSanLuisAR ($2.29 in chips) 
Seat 3: 19ecoboy79 ($1.89 in chips) 
Seat 4: goalie39 ($1.10 in chips) 
Seat 6: *VM*727 ($1.92 in chips) 
Seat 7: MadStrifeBG ($5.47 in chips) 
Seat 8: miao404 ($2.64 in chips) 
Seat 9: Dorex2007 ($2 in chips) 
Dorex2007: posts small blind $0.01
iSanLuisAR: posts big blind $0.02
Marcus721637: sits out 
*** HOLE CARDS ***
Dealt to Dorex2007 [Ad 5s]
19ecoboy79: folds 
goalie39: folds 
*VM*727: calls $0.02
MadStrifeBG: raises $0.04 to $0.06
miao404: folds 
Dorex2007: folds 
iSanLuisAR: folds 
miao404 leaves the table
*VM*727: calls $0.04
*** FLOP *** [Td 7h 4d]
iSanLuisAR leaves the table
*VM*727: checks 
MadStrifeBG: checks 
*** TURN *** [Td 7h 4d] [6d]
*VM*727: checks 
MadStrifeBG: checks 
*** RIVER *** [Td 7h 4d 6d] [Js]
*VM*727: checks 
MadStrifeBG: bets $0.14
*VM*727: calls $0.14
*** SHOW DOWN ***
MadStrifeBG: shows [Ac Jd] (a pair of Jacks)
*VM*727: mucks hand 
MadStrifeBG collected $0.41 from pot
*** SUMMARY ***
Total pot $0.43 | Rake $0.02 
Board [Td 7h 4d 6d Js]
Seat 1: iSanLuisAR (big blind) folded before Flop
Seat 3: 19ecoboy79 folded before Flop (didn't bet)
Seat 4: goalie39 folded before Flop (didn't bet)
Seat 6: *VM*727 mucked [Jc Qs]
Seat 7: MadStrifeBG showed [Ac Jd] and won ($0.41) with a pair of Jacks
Seat 8: miao404 (button) folded before Flop (didn't bet)
Seat 9: Dorex2007 (small blind) folded before Flop



PokerStars Hand #237367270120:  Hold'em No Limit ($0.01/$0.02 USD) - 2022/07/14 22:16:32 PT [2022/07/15 1:16:32 ET]
Table 'Haremari II' 9-max Seat #9 is the button
Seat 3: 19ecoboy79 ($1.89 in chips) 
Seat 4: goalie39 ($1.10 in chips) 
Seat 6: *VM*727 ($1.72 in chips) 
Seat 7: MadStrifeBG ($5.68 in chips) 
Seat 9: Dorex2007 ($2 in chips) 
19ecoboy79: posts small blind $0.01
goalie39: posts big blind $0.02
Marcus721637: sits out 
*** HOLE CARDS ***
Dealt to Dorex2007 [3s Qd]
*VM*727: calls $0.02
MadStrifeBG: folds 
Dorex2007: folds 
19ecoboy79: calls $0.01
goalie39: checks 
*** FLOP *** [5s 7c 3h]
19ecoboy79: checks 
goalie39: bets $0.03
*VM*727: calls $0.03
19ecoboy79: calls $0.03
*** TURN *** [5s 7c 3h] [4s]
19ecoboy79: checks 
goalie39: checks 
*VM*727: bets $1.67 and is all-in
19ecoboy79: folds 
goalie39: folds 
Uncalled bet ($1.67) returned to *VM*727
*VM*727 collected $0.14 from pot
*** SUMMARY ***
Total pot $0.15 | Rake $0.01 
Board [5s 7c 3h 4s]
Seat 3: 19ecoboy79 (small blind) folded on the Turn
Seat 4: goalie39 (big blind) folded on the Turn
Seat 6: *VM*727 collected ($0.14)
Seat 7: MadStrifeBG folded before Flop (didn't bet)
Seat 9: Dorex2007 (button) folded before Flop (didn't bet)



PokerStars Hand #237367276468:  Hold'em No Limit ($0.01/$0.02 USD) - 2022/07/14 22:17:29 PT [2022/07/15 1:17:29 ET]
Table 'Haremari II' 9-max Seat #3 is the button
Seat 3: 19ecoboy79 ($1.84 in chips) 
Seat 4: goalie39 ($1.05 in chips) 
Seat 5: Marcus721637 ($2 in chips) 
Seat 6: *VM*727 ($1.81 in chips) 
Seat 7: MadStrifeBG ($5.68 in chips) 
Seat 9: Dorex2007 ($2 in chips) 
goalie39: posts small blind $0.01
Marcus721637: posts big blind $0.02
*** HOLE CARDS ***
Dealt to Dorex2007 [6d 7d]
*VM*727: calls $0.02
MadStrifeBG: calls $0.02
Dorex2007: folds 
19ecoboy79: folds 
goalie39: folds 
Marcus721637: checks 
*** FLOP *** [5h 5d Ts]
Marcus721637: checks 
*VM*727: bets $0.03
MadStrifeBG: calls $0.03
Marcus721637: folds 
*** TURN *** [5h 5d Ts] [Ac]
*VM*727: bets $0.06
MadStrifeBG: calls $0.06
*** RIVER *** [5h 5d Ts Ac] [Tc]
*VM*727: bets $0.05
MadStrifeBG: calls $0.05
*** SHOW DOWN ***
*VM*727: shows [Jc Jd] (two pair, Jacks and Tens)
MadStrifeBG: shows [Ah 7h] (two pair, Aces and Tens)
MadStrifeBG collected $0.34 from pot
*** SUMMARY ***
Total pot $0.35 | Rake $0.01 
Board [5h 5d Ts Ac Tc]
Seat 3: 19ecoboy79 (button) folded before Flop (didn't bet)
Seat 4: goalie39 (small blind) folded before Flop
Seat 5: Marcus721637 (big blind) folded on the Flop
Seat 6: *VM*727 showed [Jc Jd] and lost with two pair, Jacks and Tens
Seat 7: MadStrifeBG showed [Ah 7h] and won ($0.34) with two pair, Aces and Tens
Seat 9: Dorex2007 folded before Flop (didn't bet)



PokerStars Hand #237367282051:  Hold'em No Limit ($0.01/$0.02 USD) - 2022/07/14 22:18:20 PT [2022/07/15 1:18:20 ET]
Table 'Haremari II' 9-max Seat #4 is the button
Seat 3: 19ecoboy79 ($1.84 in chips) 
Seat 4: goalie39 ($1.04 in chips) 
Seat 5: Marcus721637 ($1.98 in chips) 
Seat 6: *VM*727 ($1.65 in chips) 
Seat 7: MadStrifeBG ($5.86 in chips) 
Seat 9: Dorex2007 ($2 in chips) 
Marcus721637: posts small blind $0.01
*VM*727: posts big blind $0.02
*** HOLE CARDS ***
Dealt to Dorex2007 [2d 2s]
MadStrifeBG: folds 
Dorex2007: calls $0.02
19ecoboy79: folds 
goalie39: folds 
Marcus721637: folds 
*VM*727: checks 
*** FLOP *** [2c Jc Qh]
*VM*727: checks 
Dorex2007: bets $0.05
*VM*727: folds 
Uncalled bet ($0.05) returned to Dorex2007
Dorex2007 collected $0.05 from pot
*** SUMMARY ***
Total pot $0.05 | Rake $0 
Board [2c Jc Qh]
Seat 3: 19ecoboy79 folded before Flop (didn't bet)
Seat 4: goalie39 (button) folded before Flop (didn't bet)
Seat 5: Marcus721637 (small blind) folded before Flop
Seat 6: *VM*727 (big blind) folded on the Flop
Seat 7: MadStrifeBG folded before Flop (didn't bet)
Seat 9: Dorex2007 collected ($0.05)



PokerStars Hand #237367285161:  Hold'em No Limit ($0.01/$0.02 USD) - 2022/07/14 22:18:48 PT [2022/07/15 1:18:48 ET]
Table 'Haremari II' 9-max Seat #5 is the button
Seat 3: 19ecoboy79 ($1.84 in chips) 
Seat 4: goalie39 ($1.04 in chips) 
Seat 5: Marcus721637 ($1.97 in chips) 
Seat 6: *VM*727 ($1.63 in chips) 
Seat 7: MadStrifeBG ($5.86 in chips) 
Seat 9: Dorex2007 ($2.03 in chips) 
*VM*727: posts small blind $0.01
MadStrifeBG: posts big blind $0.02
*** HOLE CARDS ***
Dealt to Dorex2007 [7c 9h]
Dorex2007: folds 
19ecoboy79: folds 
goalie39: raises $0.04 to $0.06
Marcus721637: folds 
*VM*727: calls $0.05
MadStrifeBG: folds 
*** FLOP *** [9d 6d Ah]
*VM*727: checks 
goalie39: checks 
*** TURN *** [9d 6d Ah] [7h]
*VM*727: checks 
goalie39: bets $0.07
*VM*727: calls $0.07
*** RIVER *** [9d 6d Ah 7h] [Ks]
*VM*727: checks 
MadStrifeBG leaves the table
goalie39: bets $0.15
*VM*727: folds 
Uncalled bet ($0.15) returned to goalie39
goalie39 collected $0.27 from pot
*** SUMMARY ***
Total pot $0.28 | Rake $0.01 
Board [9d 6d Ah 7h Ks]
Seat 3: 19ecoboy79 folded before Flop (didn't bet)
Seat 4: goalie39 collected ($0.27)
Seat 5: Marcus721637 (button) folded before Flop (didn't bet)
Seat 6: *VM*727 (small blind) folded on the River
Seat 7: MadStrifeBG (big blind) folded before Flop
Seat 9: Dorex2007 folded before Flop (didn't bet)



PokerStars Hand #237367290929:  Hold'em No Limit ($0.01/$0.02 USD) - 2022/07/14 22:19:40 PT [2022/07/15 1:19:40 ET]
Table 'Haremari II' 9-max Seat #9 is the button
Seat 3: 19ecoboy79 ($1.84 in chips) 
Seat 4: goalie39 ($1.18 in chips) 
Seat 5: Marcus721637 ($1.97 in chips) 
Seat 9: Dorex2007 ($2.03 in chips) 
19ecoboy79: posts small blind $0.01
goalie39: posts big blind $0.02
*** HOLE CARDS ***
Dealt to Dorex2007 [9c 6d]
*VM*727 leaves the table
Marcus721637: folds 
Dorex2007: folds 
19ecoboy79: raises $0.03 to $0.05
goalie39: folds 
Uncalled bet ($0.03) returned to 19ecoboy79
19ecoboy79 collected $0.04 from pot
*** SUMMARY ***
Total pot $0.04 | Rake $0 
Seat 3: 19ecoboy79 (small blind) collected ($0.04)
Seat 4: goalie39 (big blind) folded before Flop
Seat 5: Marcus721637 folded before Flop (didn't bet)
Seat 9: Dorex2007 (button) folded before Flop (didn't bet)



PokerStars Hand #237367293507:  Hold'em No Limit ($0.01/$0.02 USD) - 2022/07/14 22:20:03 PT [2022/07/15 1:20:03 ET]
Table 'Haremari II' 9-max Seat #3 is the button
Seat 3: 19ecoboy79 ($1.86 in chips) 
Seat 5: Marcus721637 ($1.97 in chips) 
Seat 9: Dorex2007 ($2.03 in chips) 
Marcus721637: posts small blind $0.01
Dorex2007: posts big blind $0.02
*** HOLE CARDS ***
Dealt to Dorex2007 [6c 2s]
goalie39 leaves the table
19ecoboy79 has timed out
19ecoboy79: folds 
Marcus721637: folds 
Uncalled bet ($0.01) returned to Dorex2007
Dorex2007 collected $0.02 from pot
*** SUMMARY ***
Total pot $0.02 | Rake $0 
Seat 3: 19ecoboy79 (button) folded before Flop (didn't bet)
Seat 5: Marcus721637 (small blind) folded before Flop
Seat 9: Dorex2007 (big blind) collected ($0.02)



