PokerStars Hand #226653634356:  Hold'em No Limit ($0.01/$0.02 USD) - 2021/05/10 22:27:33 PT [2021/05/11 1:27:33 ET]
Table 'Underhill' 9-max Seat #6 is the button
Seat 1: TwR516 ($3.49 in chips) 
Seat 2: gerz380v ($2 in chips) 
Seat 3: penggguin ($1.36 in chips) 
Seat 4: AaronAarlson ($1.96 in chips) 
Seat 5: sofaking1973 ($1.97 in chips) 
Seat 6: cby123 ($1.67 in chips) 
Seat 7: Coffeeinn70 ($1.44 in chips) 
Seat 8: Dorex2007 ($2 in chips) 
Coffeeinn70: posts small blind $0.01
Dorex2007: posts big blind $0.02
maxplant: sits out 
gerz380v: posts big blind $0.02
*** HOLE CARDS ***
Dealt to Dorex2007 [Js As]
TwR516: folds 
gerz380v: checks 
penggguin: folds 
AaronAarlson: folds 
sofaking1973: folds 
cby123: calls $0.02
Coffeeinn70: folds 
Dorex2007: checks 
*** FLOP *** [2h 7c Jd]
Dorex2007: bets $0.07
gerz380v: folds 
cby123: folds 
Uncalled bet ($0.07) returned to Dorex2007
Dorex2007 collected $0.07 from pot
Dorex2007: doesn't show hand 
*** SUMMARY ***
Total pot $0.07 | Rake $0 
Board [2h 7c Jd]
Seat 1: TwR516 folded before Flop (didn't bet)
Seat 2: gerz380v folded on the Flop (didn't bet)
Seat 3: penggguin folded before Flop (didn't bet)
Seat 4: AaronAarlson folded before Flop (didn't bet)
Seat 5: sofaking1973 folded before Flop (didn't bet)
Seat 6: cby123 (button) folded on the Flop
Seat 7: Coffeeinn70 (small blind) folded before Flop
Seat 8: Dorex2007 (big blind) collected ($0.07)



PokerStars Hand #226653637925:  Hold'em No Limit ($0.01/$0.02 USD) - 2021/05/10 22:27:58 PT [2021/05/11 1:27:58 ET]
Table 'Underhill' 9-max Seat #7 is the button
Seat 1: TwR516 ($3.49 in chips) 
Seat 2: gerz380v ($1.98 in chips) 
Seat 3: penggguin ($1.36 in chips) 
Seat 4: AaronAarlson ($1.96 in chips) 
Seat 5: sofaking1973 ($1.97 in chips) 
Seat 6: cby123 ($1.65 in chips) 
Seat 7: Coffeeinn70 ($1.43 in chips) 
Seat 8: Dorex2007 ($2.05 in chips) 
Seat 9: maxplant ($1.64 in chips) 
Dorex2007: posts small blind $0.01
maxplant: posts big blind $0.02
*** HOLE CARDS ***
Dealt to Dorex2007 [9s 2c]
TwR516: calls $0.02
gerz380v: folds 
penggguin: folds 
AaronAarlson: calls $0.02
sofaking1973: folds 
cby123: folds 
Coffeeinn70: folds 
Dorex2007: folds 
maxplant: checks 
*** FLOP *** [2d 9h 3h]
maxplant: checks 
TwR516: checks 
AaronAarlson: checks 
*** TURN *** [2d 9h 3h] [Qh]
maxplant: checks 
TwR516: checks 
AaronAarlson: bets $0.04
maxplant: folds 
TwR516: folds 
Uncalled bet ($0.04) returned to AaronAarlson
AaronAarlson collected $0.07 from pot
AaronAarlson: doesn't show hand 
*** SUMMARY ***
Total pot $0.07 | Rake $0 
Board [2d 9h 3h Qh]
Seat 1: TwR516 folded on the Turn
Seat 2: gerz380v folded before Flop (didn't bet)
Seat 3: penggguin folded before Flop (didn't bet)
Seat 4: AaronAarlson collected ($0.07)
Seat 5: sofaking1973 folded before Flop (didn't bet)
Seat 6: cby123 folded before Flop (didn't bet)
Seat 7: Coffeeinn70 (button) folded before Flop (didn't bet)
Seat 8: Dorex2007 (small blind) folded before Flop
Seat 9: maxplant (big blind) folded on the Turn



PokerStars Hand #226653643809:  Hold'em No Limit ($0.01/$0.02 USD) - 2021/05/10 22:28:38 PT [2021/05/11 1:28:38 ET]
Table 'Underhill' 9-max Seat #8 is the button
Seat 1: TwR516 ($3.47 in chips) 
Seat 2: gerz380v ($1.98 in chips) 
Seat 3: penggguin ($1.36 in chips) 
Seat 4: AaronAarlson ($2.01 in chips) 
Seat 5: sofaking1973 ($1.97 in chips) 
Seat 6: cby123 ($1.65 in chips) 
Seat 7: Coffeeinn70 ($1.43 in chips) 
Seat 8: Dorex2007 ($2.04 in chips) 
Seat 9: maxplant ($1.62 in chips) 
maxplant: posts small blind $0.01
TwR516: posts big blind $0.02
*** HOLE CARDS ***
Dealt to Dorex2007 [6h 2c]
gerz380v: folds 
penggguin: folds 
AaronAarlson: raises $0.04 to $0.06
sofaking1973: folds 
cby123: folds 
Coffeeinn70: calls $0.06
Dorex2007: folds 
maxplant: folds 
TwR516: calls $0.04
*** FLOP *** [Th Td Kh]
TwR516: checks 
AaronAarlson: bets $0.12
Coffeeinn70: calls $0.12
TwR516: folds 
*** TURN *** [Th Td Kh] [3s]
AaronAarlson: bets $0.14
Coffeeinn70: calls $0.14
*** RIVER *** [Th Td Kh 3s] [8s]
AaronAarlson: checks 
Coffeeinn70: checks 
*** SHOW DOWN ***
AaronAarlson: shows [Ah Ad] (two pair, Aces and Tens)
Coffeeinn70: mucks hand 
AaronAarlson collected $0.69 from pot
*** SUMMARY ***
Total pot $0.71 | Rake $0.02 
Board [Th Td Kh 3s 8s]
Seat 1: TwR516 (big blind) folded on the Flop
Seat 2: gerz380v folded before Flop (didn't bet)
Seat 3: penggguin folded before Flop (didn't bet)
Seat 4: AaronAarlson showed [Ah Ad] and won ($0.69) with two pair, Aces and Tens
Seat 5: sofaking1973 folded before Flop (didn't bet)
Seat 6: cby123 folded before Flop (didn't bet)
Seat 7: Coffeeinn70 mucked [Kd Qc]
Seat 8: Dorex2007 (button) folded before Flop (didn't bet)
Seat 9: maxplant (small blind) folded before Flop



PokerStars Hand #226653654965:  Hold'em No Limit ($0.01/$0.02 USD) - 2021/05/10 22:29:56 PT [2021/05/11 1:29:56 ET]
Table 'Underhill' 9-max Seat #9 is the button
Seat 1: TwR516 ($3.41 in chips) 
Seat 2: gerz380v ($1.98 in chips) 
Seat 3: penggguin ($1.36 in chips) 
Seat 4: AaronAarlson ($2.38 in chips) 
Seat 5: sofaking1973 ($1.97 in chips) 
Seat 6: cby123 ($1.65 in chips) 
Seat 7: Coffeeinn70 ($1.11 in chips) 
Seat 8: Dorex2007 ($2.04 in chips) 
Seat 9: maxplant ($1.61 in chips) 
TwR516: posts small blind $0.01
gerz380v: posts big blind $0.02
*** HOLE CARDS ***
Dealt to Dorex2007 [6h 4s]
penggguin: folds 
AaronAarlson: folds 
sofaking1973: folds 
cby123: folds 
Coffeeinn70: folds 
Dorex2007: folds 
maxplant: folds 
TwR516: calls $0.01
gerz380v: raises $0.02 to $0.04
TwR516: folds 
Uncalled bet ($0.02) returned to gerz380v
gerz380v collected $0.04 from pot
gerz380v: doesn't show hand 
*** SUMMARY ***
Total pot $0.04 | Rake $0 
Seat 1: TwR516 (small blind) folded before Flop
Seat 2: gerz380v (big blind) collected ($0.04)
Seat 3: penggguin folded before Flop (didn't bet)
Seat 4: AaronAarlson folded before Flop (didn't bet)
Seat 5: sofaking1973 folded before Flop (didn't bet)
Seat 6: cby123 folded before Flop (didn't bet)
Seat 7: Coffeeinn70 folded before Flop (didn't bet)
Seat 8: Dorex2007 folded before Flop (didn't bet)
Seat 9: maxplant (button) folded before Flop (didn't bet)



PokerStars Hand #226653659310:  Hold'em No Limit ($0.01/$0.02 USD) - 2021/05/10 22:30:25 PT [2021/05/11 1:30:25 ET]
Table 'Underhill' 9-max Seat #1 is the button
Seat 1: TwR516 ($3.39 in chips) 
Seat 2: gerz380v ($2 in chips) 
Seat 3: penggguin ($1.36 in chips) 
Seat 4: AaronAarlson ($2.38 in chips) 
Seat 5: sofaking1973 ($1.97 in chips) 
Seat 6: cby123 ($1.65 in chips) 
Seat 7: Coffeeinn70 ($1.11 in chips) 
Seat 8: Dorex2007 ($2.04 in chips) 
Seat 9: maxplant ($1.61 in chips) 
gerz380v: posts small blind $0.01
penggguin: posts big blind $0.02
*** HOLE CARDS ***
Dealt to Dorex2007 [Qc 9s]
AaronAarlson: folds 
sofaking1973: raises $0.02 to $0.04
cby123: folds 
Coffeeinn70: folds 
Dorex2007: folds 
maxplant: calls $0.04
TwR516: calls $0.04
gerz380v: raises $0.04 to $0.08
penggguin: folds 
sofaking1973: calls $0.04
maxplant: folds 
TwR516: calls $0.04
*** FLOP *** [Qh 2h Kh]
gerz380v: checks 
sofaking1973: bets $0.10
TwR516: folds 
gerz380v: folds 
Uncalled bet ($0.10) returned to sofaking1973
sofaking1973 collected $0.29 from pot
sofaking1973: doesn't show hand 
*** SUMMARY ***
Total pot $0.30 | Rake $0.01 
Board [Qh 2h Kh]
Seat 1: TwR516 (button) folded on the Flop
Seat 2: gerz380v (small blind) folded on the Flop
Seat 3: penggguin (big blind) folded before Flop
Seat 4: AaronAarlson folded before Flop (didn't bet)
Seat 5: sofaking1973 collected ($0.29)
Seat 6: cby123 folded before Flop (didn't bet)
Seat 7: Coffeeinn70 folded before Flop (didn't bet)
Seat 8: Dorex2007 folded before Flop (didn't bet)
Seat 9: maxplant folded before Flop



PokerStars Hand #226653671063:  Hold'em No Limit ($0.01/$0.02 USD) - 2021/05/10 22:31:47 PT [2021/05/11 1:31:47 ET]
Table 'Underhill' 9-max Seat #2 is the button
Seat 1: TwR516 ($3.31 in chips) 
Seat 2: gerz380v ($1.92 in chips) 
Seat 3: penggguin ($1.34 in chips) 
Seat 4: AaronAarlson ($2.38 in chips) 
Seat 5: sofaking1973 ($2.18 in chips) 
Seat 6: cby123 ($1.65 in chips) 
Seat 7: Coffeeinn70 ($1.11 in chips) 
Seat 8: Dorex2007 ($2.04 in chips) 
Seat 9: maxplant ($1.57 in chips) 
penggguin: posts small blind $0.01
AaronAarlson: posts big blind $0.02
*** HOLE CARDS ***
Dealt to Dorex2007 [Qc 8d]
sofaking1973: folds 
cby123: folds 
Coffeeinn70: raises $0.04 to $0.06
Dorex2007: folds 
maxplant: folds 
TwR516: folds 
gerz380v: folds 
penggguin: calls $0.05
AaronAarlson: folds 
*** FLOP *** [Th 8c 4s]
penggguin: checks 
Coffeeinn70: checks 
*** TURN *** [Th 8c 4s] [Ah]
penggguin: bets $0.10
TwR516 leaves the table
Coffeeinn70: calls $0.10
*** RIVER *** [Th 8c 4s Ah] [2s]
penggguin: checks 
Coffeeinn70: checks 
*** SHOW DOWN ***
penggguin: shows [8s Ac] (two pair, Aces and Eights)
Coffeeinn70: mucks hand 
penggguin collected $0.33 from pot
*** SUMMARY ***
Total pot $0.34 | Rake $0.01 
Board [Th 8c 4s Ah 2s]
Seat 1: TwR516 folded before Flop (didn't bet)
Seat 2: gerz380v (button) folded before Flop (didn't bet)
Seat 3: penggguin (small blind) showed [8s Ac] and won ($0.33) with two pair, Aces and Eights
Seat 4: AaronAarlson (big blind) folded before Flop
Seat 5: sofaking1973 folded before Flop (didn't bet)
Seat 6: cby123 folded before Flop (didn't bet)
Seat 7: Coffeeinn70 mucked [9h 8h]
Seat 8: Dorex2007 folded before Flop (didn't bet)
Seat 9: maxplant folded before Flop (didn't bet)



PokerStars Hand #226653676061:  Hold'em No Limit ($0.01/$0.02 USD) - 2021/05/10 22:32:22 PT [2021/05/11 1:32:22 ET]
Table 'Underhill' 9-max Seat #3 is the button
Seat 2: gerz380v ($1.92 in chips) 
Seat 3: penggguin ($2 in chips) 
Seat 4: AaronAarlson ($2.36 in chips) 
Seat 5: sofaking1973 ($2.18 in chips) 
Seat 6: cby123 ($1.65 in chips) 
Seat 7: Coffeeinn70 ($0.95 in chips) 
Seat 8: Dorex2007 ($2.04 in chips) 
Seat 9: maxplant ($1.57 in chips) 
fabri74 joins the table at seat #1 
AaronAarlson: posts small blind $0.01
sofaking1973: posts big blind $0.02
*** HOLE CARDS ***
Dealt to Dorex2007 [8c Ac]
cby123: folds 
Coffeeinn70: folds 
Dorex2007: raises $0.04 to $0.06
maxplant: folds 
gerz380v: folds 
penggguin: folds 
AaronAarlson: calls $0.05
sofaking1973: folds 
*** FLOP *** [9c Qh Ah]
AaronAarlson: checks 
Dorex2007: bets $0.09
AaronAarlson: folds 
Uncalled bet ($0.09) returned to Dorex2007
Dorex2007 collected $0.14 from pot
Dorex2007: doesn't show hand 
*** SUMMARY ***
Total pot $0.14 | Rake $0 
Board [9c Qh Ah]
Seat 2: gerz380v folded before Flop (didn't bet)
Seat 3: penggguin (button) folded before Flop (didn't bet)
Seat 4: AaronAarlson (small blind) folded on the Flop
Seat 5: sofaking1973 (big blind) folded before Flop
Seat 6: cby123 folded before Flop (didn't bet)
Seat 7: Coffeeinn70 folded before Flop (didn't bet)
Seat 8: Dorex2007 collected ($0.14)
Seat 9: maxplant folded before Flop (didn't bet)



PokerStars Hand #226653680353:  Hold'em No Limit ($0.01/$0.02 USD) - 2021/05/10 22:32:51 PT [2021/05/11 1:32:51 ET]
Table 'Underhill' 9-max Seat #4 is the button
Seat 2: gerz380v ($1.92 in chips) 
Seat 3: penggguin ($2 in chips) 
Seat 4: AaronAarlson ($2.30 in chips) 
Seat 5: sofaking1973 ($2.16 in chips) 
Seat 6: cby123 ($1.65 in chips) 
Seat 7: Coffeeinn70 ($0.95 in chips) 
Seat 8: Dorex2007 ($2.12 in chips) 
Seat 9: maxplant ($1.57 in chips) 
sofaking1973: posts small blind $0.01
cby123: posts big blind $0.02
fabri74: sits out 
*** HOLE CARDS ***
Dealt to Dorex2007 [3d Ad]
Coffeeinn70: folds 
Dorex2007: calls $0.02
maxplant: raises $0.05 to $0.07
gerz380v: folds 
penggguin: calls $0.07
AaronAarlson: folds 
sofaking1973: folds 
cby123: folds 
Dorex2007: folds 
*** FLOP *** [4h 3s 5c]
maxplant: checks 
penggguin: bets $0.06
maxplant: folds 
Uncalled bet ($0.06) returned to penggguin
penggguin collected $0.18 from pot
penggguin: doesn't show hand 
*** SUMMARY ***
Total pot $0.19 | Rake $0.01 
Board [4h 3s 5c]
Seat 2: gerz380v folded before Flop (didn't bet)
Seat 3: penggguin collected ($0.18)
Seat 4: AaronAarlson (button) folded before Flop (didn't bet)
Seat 5: sofaking1973 (small blind) folded before Flop
Seat 6: cby123 (big blind) folded before Flop
Seat 7: Coffeeinn70 folded before Flop (didn't bet)
Seat 8: Dorex2007 folded before Flop
Seat 9: maxplant folded on the Flop



PokerStars Hand #226653687123:  Hold'em No Limit ($0.01/$0.02 USD) - 2021/05/10 22:33:38 PT [2021/05/11 1:33:38 ET]
Table 'Underhill' 9-max Seat #5 is the button
Seat 2: gerz380v ($1.92 in chips) 
Seat 3: penggguin ($2.11 in chips) 
Seat 4: AaronAarlson ($2.30 in chips) 
Seat 5: sofaking1973 ($2.15 in chips) 
Seat 6: cby123 ($1.63 in chips) 
Seat 7: Coffeeinn70 ($0.95 in chips) 
Seat 8: Dorex2007 ($2.10 in chips) 
Seat 9: maxplant ($1.50 in chips) 
cby123: posts small blind $0.01
Coffeeinn70: posts big blind $0.02
fabri74: sits out 
*** HOLE CARDS ***
Dealt to Dorex2007 [6d 3s]
Dorex2007: folds 
maxplant: raises $0.04 to $0.06
gerz380v: calls $0.06
penggguin: folds 
AaronAarlson: calls $0.06
sofaking1973: folds 
cby123: folds 
Coffeeinn70: calls $0.04
*** FLOP *** [Ah 4h Ad]
Coffeeinn70: checks 
maxplant: checks 
gerz380v: checks 
AaronAarlson: bets $0.02
Coffeeinn70: folds 
maxplant: raises $0.06 to $0.08
gerz380v: folds 
AaronAarlson: raises $0.10 to $0.18
maxplant: calls $0.10
*** TURN *** [Ah 4h Ad] [6s]
maxplant: checks 
AaronAarlson: bets $0.28
maxplant: raises $0.98 to $1.26 and is all-in
AaronAarlson: calls $0.98
*** RIVER *** [Ah 4h Ad 6s] [8c]
*** SHOW DOWN ***
maxplant: shows [7s As] (three of a kind, Aces)
AaronAarlson: shows [4c Ac] (a full house, Aces full of Fours)
AaronAarlson collected $3.02 from pot
*** SUMMARY ***
Total pot $3.13 | Rake $0.11 
Board [Ah 4h Ad 6s 8c]
Seat 2: gerz380v folded on the Flop
Seat 3: penggguin folded before Flop (didn't bet)
Seat 4: AaronAarlson showed [4c Ac] and won ($3.02) with a full house, Aces full of Fours
Seat 5: sofaking1973 (button) folded before Flop (didn't bet)
Seat 6: cby123 (small blind) folded before Flop
Seat 7: Coffeeinn70 (big blind) folded on the Flop
Seat 8: Dorex2007 folded before Flop (didn't bet)
Seat 9: maxplant showed [7s As] and lost with three of a kind, Aces



PokerStars Hand #226653697891:  Hold'em No Limit ($0.01/$0.02 USD) - 2021/05/10 22:34:52 PT [2021/05/11 1:34:52 ET]
Table 'Underhill' 9-max Seat #6 is the button
Seat 2: gerz380v ($1.86 in chips) 
Seat 3: penggguin ($2.11 in chips) 
Seat 4: AaronAarlson ($3.82 in chips) 
Seat 5: sofaking1973 ($2.15 in chips) 
Seat 6: cby123 ($1.62 in chips) 
Seat 7: Coffeeinn70 ($0.89 in chips) 
Seat 8: Dorex2007 ($2.10 in chips) 
Coffeeinn70: posts small blind $0.01
Dorex2007: posts big blind $0.02
fabri74: sits out 
*** HOLE CARDS ***
Dealt to Dorex2007 [Th 6s]
gerz380v: raises $0.02 to $0.04
penggguin: folds 
AaronAarlson: folds 
sofaking1973: folds 
cby123: raises $0.07 to $0.11
Coffeeinn70: folds 
Dorex2007: folds 
gerz380v: calls $0.07
*** FLOP *** [7h 9d Kc]
gerz380v: checks 
cby123: checks 
*** TURN *** [7h 9d Kc] [3h]
gerz380v: bets $0.12
cby123: calls $0.12
*** RIVER *** [7h 9d Kc 3h] [Qc]
gerz380v: bets $0.23
cby123: calls $0.23
*** SHOW DOWN ***
gerz380v: shows [Ad Js] (high card Ace)
cby123: shows [Ac Ks] (a pair of Kings)
cby123 collected $0.92 from pot
*** SUMMARY ***
Total pot $0.95 | Rake $0.03 
Board [7h 9d Kc 3h Qc]
Seat 2: gerz380v showed [Ad Js] and lost with high card Ace
Seat 3: penggguin folded before Flop (didn't bet)
Seat 4: AaronAarlson folded before Flop (didn't bet)
Seat 5: sofaking1973 folded before Flop (didn't bet)
Seat 6: cby123 (button) showed [Ac Ks] and won ($0.92) with a pair of Kings
Seat 7: Coffeeinn70 (small blind) folded before Flop
Seat 8: Dorex2007 (big blind) folded before Flop



PokerStars Hand #226653705299:  Hold'em No Limit ($0.01/$0.02 USD) - 2021/05/10 22:35:43 PT [2021/05/11 1:35:43 ET]
Table 'Underhill' 9-max Seat #7 is the button
Seat 2: gerz380v ($1.40 in chips) 
Seat 3: penggguin ($2.11 in chips) 
Seat 4: AaronAarlson ($3.82 in chips) 
Seat 5: sofaking1973 ($2.15 in chips) 
Seat 6: cby123 ($2.08 in chips) 
Seat 7: Coffeeinn70 ($0.88 in chips) 
Seat 8: Dorex2007 ($2.08 in chips) 
Seat 9: maxplant ($2 in chips) 
Dorex2007: posts small blind $0.01
maxplant: posts big blind $0.02
fabri74: sits out 
*** HOLE CARDS ***
Dealt to Dorex2007 [9d 7c]
gerz380v: raises $0.02 to $0.04
penggguin: folds 
AaronAarlson: folds 
sofaking1973: calls $0.04
cby123: folds 
Coffeeinn70: folds 
Dorex2007: calls $0.03
maxplant: calls $0.02
*** FLOP *** [2d 6h 9h]
Dorex2007: checks 
maxplant: checks 
gerz380v: bets $0.07
sofaking1973: folds 
Dorex2007: calls $0.07
maxplant: folds 
*** TURN *** [2d 6h 9h] [5c]
Dorex2007: bets $0.29
gerz380v: calls $0.29
*** RIVER *** [2d 6h 9h 5c] [8s]
Dorex2007: bets $0.85
gerz380v: folds 
Uncalled bet ($0.85) returned to Dorex2007
Dorex2007 collected $0.85 from pot
Dorex2007: doesn't show hand 
*** SUMMARY ***
Total pot $0.88 | Rake $0.03 
Board [2d 6h 9h 5c 8s]
Seat 2: gerz380v folded on the River
Seat 3: penggguin folded before Flop (didn't bet)
Seat 4: AaronAarlson folded before Flop (didn't bet)
Seat 5: sofaking1973 folded on the Flop
Seat 6: cby123 folded before Flop (didn't bet)
Seat 7: Coffeeinn70 (button) folded before Flop (didn't bet)
Seat 8: Dorex2007 (small blind) collected ($0.85)
Seat 9: maxplant (big blind) folded on the Flop



PokerStars Hand #226653716830:  Hold'em No Limit ($0.01/$0.02 USD) - 2021/05/10 22:37:03 PT [2021/05/11 1:37:03 ET]
Table 'Underhill' 9-max Seat #8 is the button
Seat 1: fabri74 ($2 in chips) 
Seat 2: gerz380v ($1 in chips) 
Seat 3: penggguin ($2.11 in chips) 
Seat 4: AaronAarlson ($3.82 in chips) 
Seat 5: sofaking1973 ($2.11 in chips) 
Seat 6: cby123 ($2.08 in chips) 
Seat 7: Coffeeinn70 ($0.88 in chips) 
Seat 8: Dorex2007 ($2.53 in chips) 
Seat 9: maxplant ($1.96 in chips) 
maxplant: posts small blind $0.01
fabri74: posts big blind $0.02
*** HOLE CARDS ***
Dealt to Dorex2007 [Qh Jh]
gerz380v: folds 
penggguin: folds 
AaronAarlson: folds 
sofaking1973: raises $0.02 to $0.04
cby123: folds 
Coffeeinn70: calls $0.04
Dorex2007: calls $0.04
maxplant: folds 
fabri74: folds 
*** FLOP *** [8c 2d Ks]
sofaking1973: checks 
Coffeeinn70: checks 
Dorex2007: checks 
*** TURN *** [8c 2d Ks] [Ts]
sofaking1973: checks 
Coffeeinn70: checks 
Dorex2007: checks 
*** RIVER *** [8c 2d Ks Ts] [Js]
sofaking1973: checks 
Coffeeinn70: checks 
Dorex2007: checks 
*** SHOW DOWN ***
sofaking1973: shows [9d 9c] (a pair of Nines)
Coffeeinn70: mucks hand 
Dorex2007: shows [Qh Jh] (a pair of Jacks)
Dorex2007 collected $0.14 from pot
*** SUMMARY ***
Total pot $0.15 | Rake $0.01 
Board [8c 2d Ks Ts Js]
Seat 1: fabri74 (big blind) folded before Flop
Seat 2: gerz380v folded before Flop (didn't bet)
Seat 3: penggguin folded before Flop (didn't bet)
Seat 4: AaronAarlson folded before Flop (didn't bet)
Seat 5: sofaking1973 showed [9d 9c] and lost with a pair of Nines
Seat 6: cby123 folded before Flop (didn't bet)
Seat 7: Coffeeinn70 mucked [7c 7d]
Seat 8: Dorex2007 (button) showed [Qh Jh] and won ($0.14) with a pair of Jacks
Seat 9: maxplant (small blind) folded before Flop



PokerStars Hand #226653722271:  Hold'em No Limit ($0.01/$0.02 USD) - 2021/05/10 22:37:40 PT [2021/05/11 1:37:40 ET]
Table 'Underhill' 9-max Seat #9 is the button
Seat 1: fabri74 ($1.98 in chips) 
Seat 2: gerz380v ($1 in chips) 
Seat 3: penggguin ($2.11 in chips) 
Seat 4: AaronAarlson ($3.82 in chips) 
Seat 5: sofaking1973 ($2.07 in chips) 
Seat 6: cby123 ($2.08 in chips) 
Seat 7: Coffeeinn70 ($0.84 in chips) 
Seat 8: Dorex2007 ($2.63 in chips) 
Seat 9: maxplant ($1.95 in chips) 
fabri74: posts small blind $0.01
gerz380v: posts big blind $0.02
*** HOLE CARDS ***
Dealt to Dorex2007 [Td 7d]
penggguin: raises $0.04 to $0.06
AaronAarlson: calls $0.06
sofaking1973: folds 
cby123: folds 
Coffeeinn70: calls $0.06
Dorex2007: folds 
maxplant: folds 
fabri74: folds 
gerz380v: folds 
*** FLOP *** [3s 6c Kd]
penggguin: bets $0.07
AaronAarlson: folds 
Coffeeinn70: folds 
Uncalled bet ($0.07) returned to penggguin
penggguin collected $0.20 from pot
penggguin: doesn't show hand 
*** SUMMARY ***
Total pot $0.21 | Rake $0.01 
Board [3s 6c Kd]
Seat 1: fabri74 (small blind) folded before Flop
Seat 2: gerz380v (big blind) folded before Flop
Seat 3: penggguin collected ($0.20)
Seat 4: AaronAarlson folded on the Flop
Seat 5: sofaking1973 folded before Flop (didn't bet)
Seat 6: cby123 folded before Flop (didn't bet)
Seat 7: Coffeeinn70 folded on the Flop
Seat 8: Dorex2007 folded before Flop (didn't bet)
Seat 9: maxplant (button) folded before Flop (didn't bet)



PokerStars Hand #226653728501:  Hold'em No Limit ($0.01/$0.02 USD) - 2021/05/10 22:38:23 PT [2021/05/11 1:38:23 ET]
Table 'Underhill' 9-max Seat #1 is the button
Seat 1: fabri74 ($1.97 in chips) 
Seat 2: gerz380v ($0.98 in chips) 
Seat 3: penggguin ($2.25 in chips) 
Seat 4: AaronAarlson ($3.76 in chips) 
Seat 5: sofaking1973 ($2.07 in chips) 
Seat 6: cby123 ($2.08 in chips) 
Seat 7: Coffeeinn70 ($0.78 in chips) 
Seat 8: Dorex2007 ($2.63 in chips) 
Seat 9: maxplant ($1.95 in chips) 
gerz380v: posts small blind $0.01
penggguin: posts big blind $0.02
*** HOLE CARDS ***
Dealt to Dorex2007 [4s 5h]
AaronAarlson: folds 
sofaking1973: folds 
cby123: folds 
Coffeeinn70 has timed out
Coffeeinn70: folds 
Dorex2007: folds 
maxplant: folds 
fabri74: raises $0.04 to $0.06
gerz380v: folds 
penggguin: folds 
Uncalled bet ($0.04) returned to fabri74
fabri74 collected $0.05 from pot
fabri74: doesn't show hand 
*** SUMMARY ***
Total pot $0.05 | Rake $0 
Seat 1: fabri74 (button) collected ($0.05)
Seat 2: gerz380v (small blind) folded before Flop
Seat 3: penggguin (big blind) folded before Flop
Seat 4: AaronAarlson folded before Flop (didn't bet)
Seat 5: sofaking1973 folded before Flop (didn't bet)
Seat 6: cby123 folded before Flop (didn't bet)
Seat 7: Coffeeinn70 folded before Flop (didn't bet)
Seat 8: Dorex2007 folded before Flop (didn't bet)
Seat 9: maxplant folded before Flop (didn't bet)



PokerStars Hand #226653732521:  Hold'em No Limit ($0.01/$0.02 USD) - 2021/05/10 22:38:51 PT [2021/05/11 1:38:51 ET]
Table 'Underhill' 9-max Seat #2 is the button
Seat 1: fabri74 ($2 in chips) 
Seat 2: gerz380v ($0.97 in chips) 
Seat 3: penggguin ($2.23 in chips) 
Seat 4: AaronAarlson ($3.76 in chips) 
Seat 5: sofaking1973 ($2.07 in chips) 
Seat 6: cby123 ($2.08 in chips) 
Seat 7: Coffeeinn70 ($0.78 in chips) 
Seat 8: Dorex2007 ($2.63 in chips) 
Seat 9: maxplant ($1.95 in chips) 
penggguin: posts small blind $0.01
AaronAarlson: posts big blind $0.02
*** HOLE CARDS ***
Dealt to Dorex2007 [8s Qc]
sofaking1973: calls $0.02
cby123: calls $0.02
Coffeeinn70 has timed out
Coffeeinn70: folds 
Dorex2007: folds 
maxplant: folds 
fabri74: folds 
gerz380v: folds 
penggguin: raises $0.14 to $0.16
AaronAarlson: folds 
sofaking1973: calls $0.14
cby123: calls $0.14
*** FLOP *** [8c Ac Qh]
penggguin: bets $0.12
sofaking1973: folds 
cby123: calls $0.12
*** TURN *** [8c Ac Qh] [Qd]
penggguin: bets $0.18
cby123: calls $0.18
*** RIVER *** [8c Ac Qh Qd] [7s]
penggguin: bets $0.35
cby123: raises $1.27 to $1.62 and is all-in
penggguin: folds 
Uncalled bet ($1.27) returned to cby123
cby123 collected $1.74 from pot
cby123: doesn't show hand 
*** SUMMARY ***
Total pot $1.80 | Rake $0.06 
Board [8c Ac Qh Qd 7s]
Seat 1: fabri74 folded before Flop (didn't bet)
Seat 2: gerz380v (button) folded before Flop (didn't bet)
Seat 3: penggguin (small blind) folded on the River
Seat 4: AaronAarlson (big blind) folded before Flop
Seat 5: sofaking1973 folded on the Flop
Seat 6: cby123 collected ($1.74)
Seat 7: Coffeeinn70 folded before Flop (didn't bet)
Seat 8: Dorex2007 folded before Flop (didn't bet)
Seat 9: maxplant folded before Flop (didn't bet)



PokerStars Hand #226653741305:  Hold'em No Limit ($0.01/$0.02 USD) - 2021/05/10 22:39:50 PT [2021/05/11 1:39:50 ET]
Table 'Underhill' 9-max Seat #3 is the button
Seat 1: fabri74 ($2 in chips) 
Seat 2: gerz380v ($0.97 in chips) 
Seat 3: penggguin ($1.42 in chips) 
Seat 4: AaronAarlson ($3.74 in chips) 
Seat 5: sofaking1973 ($1.91 in chips) 
Seat 6: cby123 ($3.01 in chips) 
Seat 7: Coffeeinn70 ($0.78 in chips) 
Seat 8: Dorex2007 ($2.63 in chips) 
Seat 9: maxplant ($1.95 in chips) 
AaronAarlson: posts small blind $0.01
sofaking1973: posts big blind $0.02
*** HOLE CARDS ***
Dealt to Dorex2007 [9h 4s]
cby123: raises $0.04 to $0.06
Coffeeinn70: folds 
Dorex2007: folds 
maxplant: folds 
fabri74: folds 
gerz380v: calls $0.06
penggguin: folds 
AaronAarlson: folds 
sofaking1973: folds 
*** FLOP *** [3s 8s 3c]
cby123: bets $0.14
gerz380v: raises $0.77 to $0.91 and is all-in
cby123: calls $0.77
*** TURN *** [3s 8s 3c] [Ac]
*** RIVER *** [3s 8s 3c Ac] [3d]
*** SHOW DOWN ***
cby123: shows [Jd Jc] (a full house, Threes full of Jacks)
gerz380v: shows [4c 4d] (a full house, Threes full of Fours)
cby123 cashed out the hand for $1.73 | Cash Out Fee $0.02
*** SUMMARY ***
Total pot $1.97 | Rake $0.07 
Board [3s 8s 3c Ac 3d]
Seat 1: fabri74 folded before Flop (didn't bet)
Seat 2: gerz380v showed [4c 4d] and lost with a full house, Threes full of Fours
Seat 3: penggguin (button) folded before Flop (didn't bet)
Seat 4: AaronAarlson (small blind) folded before Flop
Seat 5: sofaking1973 (big blind) folded before Flop
Seat 6: cby123 showed [Jd Jc] and won ($1.90) with a full house, Threes full of Jacks (pot not awarded as player cashed out)
Seat 7: Coffeeinn70 folded before Flop (didn't bet)
Seat 8: Dorex2007 folded before Flop (didn't bet)
Seat 9: maxplant folded before Flop (didn't bet)



PokerStars Hand #226653747991:  Hold'em No Limit ($0.01/$0.02 USD) - 2021/05/10 22:40:36 PT [2021/05/11 1:40:36 ET]
Table 'Underhill' 9-max Seat #4 is the button
Seat 1: fabri74 ($2 in chips) 
Seat 3: penggguin ($1.42 in chips) 
Seat 4: AaronAarlson ($3.73 in chips) 
Seat 5: sofaking1973 ($1.89 in chips) 
Seat 6: cby123 ($3.77 in chips) 
Seat 7: Coffeeinn70 ($0.78 in chips) 
Seat 8: Dorex2007 ($2.63 in chips) 
Seat 9: maxplant ($1.95 in chips) 
sofaking1973: posts small blind $0.01
cby123: posts big blind $0.02
*** HOLE CARDS ***
Dealt to Dorex2007 [Kh As]
Coffeeinn70 has timed out
Coffeeinn70: folds 
Dorex2007: raises $0.06 to $0.08
maxplant: folds 
fabri74: folds 
penggguin: folds 
AaronAarlson: folds 
sofaking1973: folds 
cby123: folds 
Uncalled bet ($0.06) returned to Dorex2007
Dorex2007 collected $0.05 from pot
Dorex2007: doesn't show hand 
*** SUMMARY ***
Total pot $0.05 | Rake $0 
Seat 1: fabri74 folded before Flop (didn't bet)
Seat 3: penggguin folded before Flop (didn't bet)
Seat 4: AaronAarlson (button) folded before Flop (didn't bet)
Seat 5: sofaking1973 (small blind) folded before Flop
Seat 6: cby123 (big blind) folded before Flop
Seat 7: Coffeeinn70 folded before Flop (didn't bet)
Seat 8: Dorex2007 collected ($0.05)
Seat 9: maxplant folded before Flop (didn't bet)



PokerStars Hand #226653751141:  Hold'em No Limit ($0.01/$0.02 USD) - 2021/05/10 22:40:57 PT [2021/05/11 1:40:57 ET]
Table 'Underhill' 9-max Seat #5 is the button
Seat 1: fabri74 ($2 in chips) 
Seat 2: gerz380v ($2 in chips) 
Seat 3: penggguin ($1.42 in chips) 
Seat 4: AaronAarlson ($3.73 in chips) 
Seat 5: sofaking1973 ($1.88 in chips) 
Seat 6: cby123 ($3.75 in chips) 
Seat 8: Dorex2007 ($2.66 in chips) 
Seat 9: maxplant ($1.95 in chips) 
cby123: posts small blind $0.01
Dorex2007: posts big blind $0.02
*** HOLE CARDS ***
Dealt to Dorex2007 [2s 6h]
maxplant: folds 
fabri74: folds 
gerz380v: folds 
penggguin: raises $0.04 to $0.06
AaronAarlson: calls $0.06
sofaking1973: folds 
cby123: folds 
Dorex2007: folds 
*** FLOP *** [Ts Qd 5h]
penggguin: checks 
AaronAarlson: checks 
*** TURN *** [Ts Qd 5h] [2c]
penggguin: checks 
AaronAarlson: bets $0.08
penggguin: calls $0.08
*** RIVER *** [Ts Qd 5h 2c] [Jh]
penggguin: checks 
AaronAarlson: bets $0.18
penggguin: raises $0.22 to $0.40
AaronAarlson: calls $0.22
*** SHOW DOWN ***
penggguin: shows [9d Kh] (a straight, Nine to King)
AaronAarlson: mucks hand 
penggguin collected $1.07 from pot
*** SUMMARY ***
Total pot $1.11 | Rake $0.04 
Board [Ts Qd 5h 2c Jh]
Seat 1: fabri74 folded before Flop (didn't bet)
Seat 2: gerz380v folded before Flop (didn't bet)
Seat 3: penggguin showed [9d Kh] and won ($1.07) with a straight, Nine to King
Seat 4: AaronAarlson mucked [Qs Qc]
Seat 5: sofaking1973 (button) folded before Flop (didn't bet)
Seat 6: cby123 (small blind) folded before Flop
Seat 8: Dorex2007 (big blind) folded before Flop
Seat 9: maxplant folded before Flop (didn't bet)



PokerStars Hand #226653758832:  Hold'em No Limit ($0.01/$0.02 USD) - 2021/05/10 22:41:49 PT [2021/05/11 1:41:49 ET]
Table 'Underhill' 9-max Seat #6 is the button
Seat 1: fabri74 ($2 in chips) 
Seat 2: gerz380v ($2 in chips) 
Seat 3: penggguin ($1.95 in chips) 
Seat 4: AaronAarlson ($3.19 in chips) 
Seat 5: sofaking1973 ($1.88 in chips) 
Seat 6: cby123 ($3.74 in chips) 
Seat 8: Dorex2007 ($2.64 in chips) 
Seat 9: maxplant ($1.95 in chips) 
Dorex2007: posts small blind $0.01
maxplant: posts big blind $0.02
*** HOLE CARDS ***
Dealt to Dorex2007 [4h 2c]
fabri74: folds 
gerz380v: folds 
penggguin: folds 
AaronAarlson: folds 
sofaking1973: folds 
cby123: raises $0.04 to $0.06
Dorex2007: folds 
maxplant: folds 
Uncalled bet ($0.04) returned to cby123
cby123 collected $0.05 from pot
cby123: doesn't show hand 
*** SUMMARY ***
Total pot $0.05 | Rake $0 
Seat 1: fabri74 folded before Flop (didn't bet)
Seat 2: gerz380v folded before Flop (didn't bet)
Seat 3: penggguin folded before Flop (didn't bet)
Seat 4: AaronAarlson folded before Flop (didn't bet)
Seat 5: sofaking1973 folded before Flop (didn't bet)
Seat 6: cby123 (button) collected ($0.05)
Seat 8: Dorex2007 (small blind) folded before Flop
Seat 9: maxplant (big blind) folded before Flop



PokerStars Hand #226653761959:  Hold'em No Limit ($0.01/$0.02 USD) - 2021/05/10 22:42:10 PT [2021/05/11 1:42:10 ET]
Table 'Underhill' 9-max Seat #8 is the button
Seat 1: fabri74 ($2 in chips) 
Seat 2: gerz380v ($2 in chips) 
Seat 3: penggguin ($1.95 in chips) 
Seat 4: AaronAarlson ($3.19 in chips) 
Seat 5: sofaking1973 ($1.88 in chips) 
Seat 6: cby123 ($3.77 in chips) 
Seat 8: Dorex2007 ($2.63 in chips) 
Seat 9: maxplant ($1.93 in chips) 
maxplant: posts small blind $0.01
fabri74: posts big blind $0.02
*** HOLE CARDS ***
Dealt to Dorex2007 [8h 9s]
gerz380v: raises $0.04 to $0.06
penggguin: folds 
AaronAarlson: folds 
sofaking1973: folds 
cby123: calls $0.06
Dorex2007: folds 
maxplant: folds 
fabri74: folds 
*** FLOP *** [4h Qs Ks]
gerz380v: bets $0.07
cby123: calls $0.07
*** TURN *** [4h Qs Ks] [3h]
gerz380v: bets $0.14
cby123: folds 
Uncalled bet ($0.14) returned to gerz380v
gerz380v collected $0.28 from pot
gerz380v: doesn't show hand 
*** SUMMARY ***
Total pot $0.29 | Rake $0.01 
Board [4h Qs Ks 3h]
Seat 1: fabri74 (big blind) folded before Flop
Seat 2: gerz380v collected ($0.28)
Seat 3: penggguin folded before Flop (didn't bet)
Seat 4: AaronAarlson folded before Flop (didn't bet)
Seat 5: sofaking1973 folded before Flop (didn't bet)
Seat 6: cby123 folded on the Turn
Seat 8: Dorex2007 (button) folded before Flop (didn't bet)
Seat 9: maxplant (small blind) folded before Flop



PokerStars Hand #226653773618:  Hold'em No Limit ($0.01/$0.02 USD) - 2021/05/10 22:42:46 PT [2021/05/11 1:42:46 ET]
Table 'Underhill' 9-max Seat #9 is the button
Seat 1: fabri74 ($1.98 in chips) 
Seat 2: gerz380v ($2.15 in chips) 
Seat 3: penggguin ($1.95 in chips) 
Seat 4: AaronAarlson ($3.19 in chips) 
Seat 5: sofaking1973 ($1.88 in chips) 
Seat 6: cby123 ($3.64 in chips) 
Seat 8: Dorex2007 ($2.63 in chips) 
Seat 9: maxplant ($1.92 in chips) 
fabri74: posts small blind $0.01
gerz380v: posts big blind $0.02
*** HOLE CARDS ***
Dealt to Dorex2007 [2h 5h]
penggguin: folds 
AaronAarlson: folds 
sofaking1973: folds 
cby123: folds 
Dorex2007: folds 
maxplant: folds 
fabri74: folds 
Uncalled bet ($0.01) returned to gerz380v
gerz380v collected $0.02 from pot
gerz380v: doesn't show hand 
*** SUMMARY ***
Total pot $0.02 | Rake $0 
Seat 1: fabri74 (small blind) folded before Flop
Seat 2: gerz380v (big blind) collected ($0.02)
Seat 3: penggguin folded before Flop (didn't bet)
Seat 4: AaronAarlson folded before Flop (didn't bet)
Seat 5: sofaking1973 folded before Flop (didn't bet)
Seat 6: cby123 folded before Flop (didn't bet)
Seat 8: Dorex2007 folded before Flop (didn't bet)
Seat 9: maxplant (button) folded before Flop (didn't bet)



PokerStars Hand #226653775737:  Hold'em No Limit ($0.01/$0.02 USD) - 2021/05/10 22:43:00 PT [2021/05/11 1:43:00 ET]
Table 'Underhill' 9-max Seat #1 is the button
Seat 1: fabri74 ($1.97 in chips) 
Seat 2: gerz380v ($2.16 in chips) 
Seat 3: penggguin ($1.95 in chips) 
Seat 4: AaronAarlson ($3.19 in chips) 
Seat 5: sofaking1973 ($1.88 in chips) 
Seat 6: cby123 ($3.64 in chips) 
Seat 8: Dorex2007 ($2.63 in chips) 
Seat 9: maxplant ($1.92 in chips) 
gerz380v: posts small blind $0.01
penggguin: posts big blind $0.02
Coffeeinn70: sits out 
*** HOLE CARDS ***
Dealt to Dorex2007 [6c 4d]
AaronAarlson: folds 
sofaking1973: raises $0.02 to $0.04
cby123: calls $0.04
Dorex2007: folds 
maxplant: calls $0.04
fabri74: folds 
gerz380v: calls $0.03
penggguin: calls $0.02
*** FLOP *** [6h 7h 3d]
gerz380v: checks 
penggguin: checks 
sofaking1973: checks 
cby123: checks 
maxplant: checks 
*** TURN *** [6h 7h 3d] [8h]
gerz380v: bets $0.09
penggguin: folds 
sofaking1973: folds 
cby123: folds 
maxplant: calls $0.09
*** RIVER *** [6h 7h 3d 8h] [5d]
gerz380v: bets $0.02
maxplant: calls $0.02
*** SHOW DOWN ***
gerz380v: shows [9h Ts] (a straight, Six to Ten)
maxplant: mucks hand 
gerz380v collected $0.41 from pot
*** SUMMARY ***
Total pot $0.42 | Rake $0.01 
Board [6h 7h 3d 8h 5d]
Seat 1: fabri74 (button) folded before Flop (didn't bet)
Seat 2: gerz380v (small blind) showed [9h Ts] and won ($0.41) with a straight, Six to Ten
Seat 3: penggguin (big blind) folded on the Turn
Seat 4: AaronAarlson folded before Flop (didn't bet)
Seat 5: sofaking1973 folded on the Turn
Seat 6: cby123 folded on the Turn
Seat 8: Dorex2007 folded before Flop (didn't bet)
Seat 9: maxplant mucked [3h 3s]



PokerStars Hand #226653782740:  Hold'em No Limit ($0.01/$0.02 USD) - 2021/05/10 22:43:48 PT [2021/05/11 1:43:48 ET]
Table 'Underhill' 9-max Seat #2 is the button
Seat 1: fabri74 ($1.97 in chips) 
Seat 2: gerz380v ($2.42 in chips) 
Seat 3: penggguin ($1.91 in chips) 
Seat 4: AaronAarlson ($3.19 in chips) 
Seat 5: sofaking1973 ($1.84 in chips) 
Seat 6: cby123 ($3.60 in chips) 
Seat 8: Dorex2007 ($2.63 in chips) 
Seat 9: maxplant ($1.77 in chips) 
penggguin: posts small blind $0.01
AaronAarlson: posts big blind $0.02
Coffeeinn70: sits out 
*** HOLE CARDS ***
Dealt to Dorex2007 [Jh 5d]
sofaking1973: folds 
cby123: folds 
Dorex2007: folds 
maxplant: raises $0.02 to $0.04
fabri74: calls $0.04
Coffeeinn70 leaves the table
gerz380v: folds 
penggguin: folds 
Resipuljator joins the table at seat #7 
AaronAarlson: calls $0.02
*** FLOP *** [Ac 6c Kh]
AaronAarlson: checks 
maxplant: bets $0.06
fabri74: folds 
AaronAarlson: folds 
Uncalled bet ($0.06) returned to maxplant
maxplant collected $0.13 from pot
maxplant: doesn't show hand 
*** SUMMARY ***
Total pot $0.13 | Rake $0 
Board [Ac 6c Kh]
Seat 1: fabri74 folded on the Flop
Seat 2: gerz380v (button) folded before Flop (didn't bet)
Seat 3: penggguin (small blind) folded before Flop
Seat 4: AaronAarlson (big blind) folded on the Flop
Seat 5: sofaking1973 folded before Flop (didn't bet)
Seat 6: cby123 folded before Flop (didn't bet)
Seat 8: Dorex2007 folded before Flop (didn't bet)
Seat 9: maxplant collected ($0.13)



PokerStars Hand #226653791078:  Hold'em No Limit ($0.01/$0.02 USD) - 2021/05/10 22:44:45 PT [2021/05/11 1:44:45 ET]
Table 'Underhill' 9-max Seat #3 is the button
Seat 1: fabri74 ($1.93 in chips) 
Seat 2: gerz380v ($2.42 in chips) 
Seat 3: penggguin ($1.90 in chips) 
Seat 4: AaronAarlson ($3.15 in chips) 
Seat 5: sofaking1973 ($1.84 in chips) 
Seat 6: cby123 ($3.60 in chips) 
Seat 8: Dorex2007 ($2.63 in chips) 
Seat 9: maxplant ($1.86 in chips) 
AaronAarlson: posts small blind $0.01
sofaking1973: posts big blind $0.02
Resipuljator: sits out 
*** HOLE CARDS ***
Dealt to Dorex2007 [Qs 3d]
cby123: raises $0.02 to $0.04
Dorex2007: folds 
maxplant: folds 
fabri74: raises $0.09 to $0.13
gerz380v: folds 
penggguin: folds 
AaronAarlson: folds 
sofaking1973: folds 
cby123: calls $0.09
*** FLOP *** [9c Ks 6s]
cby123: checks 
fabri74: bets $0.10
cby123: folds 
Uncalled bet ($0.10) returned to fabri74
fabri74 collected $0.28 from pot
fabri74: doesn't show hand 
*** SUMMARY ***
Total pot $0.29 | Rake $0.01 
Board [9c Ks 6s]
Seat 1: fabri74 collected ($0.28)
Seat 2: gerz380v folded before Flop (didn't bet)
Seat 3: penggguin (button) folded before Flop (didn't bet)
Seat 4: AaronAarlson (small blind) folded before Flop
Seat 5: sofaking1973 (big blind) folded before Flop
Seat 6: cby123 folded on the Flop
Seat 8: Dorex2007 folded before Flop (didn't bet)
Seat 9: maxplant folded before Flop (didn't bet)



PokerStars Hand #226653796267:  Hold'em No Limit ($0.01/$0.02 USD) - 2021/05/10 22:45:21 PT [2021/05/11 1:45:21 ET]
Table 'Underhill' 9-max Seat #4 is the button
Seat 1: fabri74 ($2.08 in chips) 
Seat 2: gerz380v ($2.42 in chips) 
Seat 3: penggguin ($1.90 in chips) 
Seat 4: AaronAarlson ($3.14 in chips) 
Seat 5: sofaking1973 ($1.82 in chips) 
Seat 6: cby123 ($3.47 in chips) 
Seat 8: Dorex2007 ($2.63 in chips) 
Seat 9: maxplant ($1.86 in chips) 
sofaking1973: posts small blind $0.01
cby123: posts big blind $0.02
Resipuljator: sits out 
*** HOLE CARDS ***
Dealt to Dorex2007 [Qh Tc]
Dorex2007: folds 
maxplant: folds 
fabri74: folds 
gerz380v: folds 
penggguin: folds 
AaronAarlson: folds 
sofaking1973: folds 
Uncalled bet ($0.01) returned to cby123
cby123 collected $0.02 from pot
cby123: doesn't show hand 
*** SUMMARY ***
Total pot $0.02 | Rake $0 
Seat 1: fabri74 folded before Flop (didn't bet)
Seat 2: gerz380v folded before Flop (didn't bet)
Seat 3: penggguin folded before Flop (didn't bet)
Seat 4: AaronAarlson (button) folded before Flop (didn't bet)
Seat 5: sofaking1973 (small blind) folded before Flop
Seat 6: cby123 (big blind) collected ($0.02)
Seat 8: Dorex2007 folded before Flop (didn't bet)
Seat 9: maxplant folded before Flop (didn't bet)



PokerStars Hand #226653799554:  Hold'em No Limit ($0.01/$0.02 USD) - 2021/05/10 22:45:43 PT [2021/05/11 1:45:43 ET]
Table 'Underhill' 9-max Seat #5 is the button
Seat 1: fabri74 ($2.08 in chips) 
Seat 2: gerz380v ($2.42 in chips) 
Seat 3: penggguin ($1.90 in chips) 
Seat 4: AaronAarlson ($3.14 in chips) 
Seat 5: sofaking1973 ($1.81 in chips) 
Seat 6: cby123 ($3.48 in chips) 
Seat 7: Resipuljator ($1.50 in chips) 
Seat 8: Dorex2007 ($2.63 in chips) 
Seat 9: maxplant ($1.86 in chips) 
cby123: posts small blind $0.01
Resipuljator: posts big blind $0.02
*** HOLE CARDS ***
Dealt to Dorex2007 [3d 9d]
Dorex2007: folds 
maxplant: folds 
fabri74: folds 
gerz380v: folds 
penggguin: folds 
AaronAarlson has timed out
AaronAarlson: folds 
sofaking1973: folds 
cby123: calls $0.01
Resipuljator: checks 
*** FLOP *** [8s 9s 8d]
cby123: checks 
Resipuljator: checks 
*** TURN *** [8s 9s 8d] [9c]
cby123: checks 
Resipuljator: checks 
*** RIVER *** [8s 9s 8d 9c] [2c]
cby123: checks 
Resipuljator: checks 
*** SHOW DOWN ***
cby123: shows [Kd Qs] (two pair, Nines and Eights)
Resipuljator: mucks hand 
cby123 collected $0.04 from pot
*** SUMMARY ***
Total pot $0.04 | Rake $0 
Board [8s 9s 8d 9c 2c]
Seat 1: fabri74 folded before Flop (didn't bet)
Seat 2: gerz380v folded before Flop (didn't bet)
Seat 3: penggguin folded before Flop (didn't bet)
Seat 4: AaronAarlson folded before Flop (didn't bet)
Seat 5: sofaking1973 (button) folded before Flop (didn't bet)
Seat 6: cby123 (small blind) showed [Kd Qs] and won ($0.04) with two pair, Nines and Eights
Seat 7: Resipuljator (big blind) mucked [4s 5d]
Seat 8: Dorex2007 folded before Flop (didn't bet)
Seat 9: maxplant folded before Flop (didn't bet)



PokerStars Hand #226653805572:  Hold'em No Limit ($0.01/$0.02 USD) - 2021/05/10 22:46:24 PT [2021/05/11 1:46:24 ET]
Table 'Underhill' 9-max Seat #6 is the button
Seat 1: fabri74 ($2.08 in chips) 
Seat 2: gerz380v ($2.42 in chips) 
Seat 3: penggguin ($1.90 in chips) 
Seat 4: AaronAarlson ($3.14 in chips) 
Seat 5: sofaking1973 ($1.81 in chips) 
Seat 6: cby123 ($3.50 in chips) 
Seat 7: Resipuljator ($1.48 in chips) 
Seat 8: Dorex2007 ($2.63 in chips) 
Seat 9: maxplant ($1.86 in chips) 
Resipuljator: posts small blind $0.01
Dorex2007: posts big blind $0.02
*** HOLE CARDS ***
Dealt to Dorex2007 [7s Qs]
maxplant: folds 
fabri74: folds 
gerz380v: folds 
penggguin: folds 
AaronAarlson: calls $0.02
sofaking1973: folds 
cby123: calls $0.02
Resipuljator: raises $0.08 to $0.10
Dorex2007: folds 
AaronAarlson: calls $0.08
cby123: folds 
*** FLOP *** [Ac Qd 4c]
Resipuljator: bets $1.38 and is all-in
AaronAarlson: folds 
Uncalled bet ($1.38) returned to Resipuljator
Resipuljator collected $0.23 from pot
Resipuljator: doesn't show hand 
*** SUMMARY ***
Total pot $0.24 | Rake $0.01 
Board [Ac Qd 4c]
Seat 1: fabri74 folded before Flop (didn't bet)
Seat 2: gerz380v folded before Flop (didn't bet)
Seat 3: penggguin folded before Flop (didn't bet)
Seat 4: AaronAarlson folded on the Flop
Seat 5: sofaking1973 folded before Flop (didn't bet)
Seat 6: cby123 (button) folded before Flop
Seat 7: Resipuljator (small blind) collected ($0.23)
Seat 8: Dorex2007 (big blind) folded before Flop
Seat 9: maxplant folded before Flop (didn't bet)



PokerStars Hand #226653810476:  Hold'em No Limit ($0.01/$0.02 USD) - 2021/05/10 22:46:59 PT [2021/05/11 1:46:59 ET]
Table 'Underhill' 9-max Seat #7 is the button
Seat 1: fabri74 ($2.08 in chips) 
Seat 2: gerz380v ($2.42 in chips) 
Seat 3: penggguin ($1.90 in chips) 
Seat 4: AaronAarlson ($3.04 in chips) 
Seat 5: sofaking1973 ($1.81 in chips) 
Seat 6: cby123 ($3.48 in chips) 
Seat 7: Resipuljator ($1.61 in chips) 
Seat 8: Dorex2007 ($2.61 in chips) 
Seat 9: maxplant ($1.86 in chips) 
Dorex2007: posts small blind $0.01
maxplant: posts big blind $0.02
*** HOLE CARDS ***
Dealt to Dorex2007 [Kd 2h]
fabri74: folds 
gerz380v: folds 
penggguin: raises $0.04 to $0.06
AaronAarlson: folds 
sofaking1973: folds 
cby123: calls $0.06
Resipuljator: folds 
Dorex2007: folds 
maxplant: folds 
*** FLOP *** [8s Qh Ts]
penggguin: checks 
cby123: checks 
*** TURN *** [8s Qh Ts] [2s]
penggguin: bets $0.10
cby123: folds 
Uncalled bet ($0.10) returned to penggguin
penggguin collected $0.14 from pot
penggguin: doesn't show hand 
*** SUMMARY ***
Total pot $0.15 | Rake $0.01 
Board [8s Qh Ts 2s]
Seat 1: fabri74 folded before Flop (didn't bet)
Seat 2: gerz380v folded before Flop (didn't bet)
Seat 3: penggguin collected ($0.14)
Seat 4: AaronAarlson folded before Flop (didn't bet)
Seat 5: sofaking1973 folded before Flop (didn't bet)
Seat 6: cby123 folded on the Turn
Seat 7: Resipuljator (button) folded before Flop (didn't bet)
Seat 8: Dorex2007 (small blind) folded before Flop
Seat 9: maxplant (big blind) folded before Flop



PokerStars Hand #226653814604:  Hold'em No Limit ($0.01/$0.02 USD) - 2021/05/10 22:47:28 PT [2021/05/11 1:47:28 ET]
Table 'Underhill' 9-max Seat #8 is the button
Seat 1: fabri74 ($2.08 in chips) 
Seat 2: gerz380v ($2.42 in chips) 
Seat 3: penggguin ($1.98 in chips) 
Seat 4: AaronAarlson ($3.04 in chips) 
Seat 5: sofaking1973 ($1.81 in chips) 
Seat 6: cby123 ($3.42 in chips) 
Seat 7: Resipuljator ($1.61 in chips) 
Seat 8: Dorex2007 ($2.60 in chips) 
Seat 9: maxplant ($1.84 in chips) 
maxplant: posts small blind $0.01
fabri74: posts big blind $0.02
*** HOLE CARDS ***
Dealt to Dorex2007 [Ts Ac]
gerz380v: folds 
penggguin: folds 
AaronAarlson: folds 
sofaking1973: folds 
cby123: folds 
Resipuljator: raises $0.04 to $0.06
Dorex2007: calls $0.06
maxplant: raises $0.15 to $0.21
fabri74: folds 
Resipuljator: folds 
Dorex2007: folds 
Uncalled bet ($0.15) returned to maxplant
maxplant collected $0.20 from pot
maxplant: doesn't show hand 
*** SUMMARY ***
Total pot $0.20 | Rake $0 
Seat 1: fabri74 (big blind) folded before Flop
Seat 2: gerz380v folded before Flop (didn't bet)
Seat 3: penggguin folded before Flop (didn't bet)
Seat 4: AaronAarlson folded before Flop (didn't bet)
Seat 5: sofaking1973 folded before Flop (didn't bet)
Seat 6: cby123 folded before Flop (didn't bet)
Seat 7: Resipuljator folded before Flop
Seat 8: Dorex2007 (button) folded before Flop
Seat 9: maxplant (small blind) collected ($0.20)



PokerStars Hand #226653820415:  Hold'em No Limit ($0.01/$0.02 USD) - 2021/05/10 22:48:07 PT [2021/05/11 1:48:07 ET]
Table 'Underhill' 9-max Seat #9 is the button
Seat 1: fabri74 ($2.06 in chips) 
Seat 2: gerz380v ($2.42 in chips) 
Seat 3: penggguin ($1.98 in chips) 
Seat 4: AaronAarlson ($3.04 in chips) 
Seat 5: sofaking1973 ($1.81 in chips) 
Seat 6: cby123 ($3.42 in chips) 
Seat 7: Resipuljator ($1.55 in chips) 
Seat 8: Dorex2007 ($2.54 in chips) 
Seat 9: maxplant ($1.98 in chips) 
fabri74: posts small blind $0.01
gerz380v: posts big blind $0.02
*** HOLE CARDS ***
Dealt to Dorex2007 [4d 2h]
penggguin: folds 
AaronAarlson: folds 
sofaking1973: raises $0.02 to $0.04
cby123: folds 
Resipuljator: raises $0.16 to $0.20
Dorex2007: folds 
maxplant: folds 
fabri74: folds 
gerz380v: folds 
sofaking1973: folds 
Uncalled bet ($0.16) returned to Resipuljator
Resipuljator collected $0.11 from pot
Resipuljator: doesn't show hand 
*** SUMMARY ***
Total pot $0.11 | Rake $0 
Seat 1: fabri74 (small blind) folded before Flop
Seat 2: gerz380v (big blind) folded before Flop
Seat 3: penggguin folded before Flop (didn't bet)
Seat 4: AaronAarlson folded before Flop (didn't bet)
Seat 5: sofaking1973 folded before Flop
Seat 6: cby123 folded before Flop (didn't bet)
Seat 7: Resipuljator collected ($0.11)
Seat 8: Dorex2007 folded before Flop (didn't bet)
Seat 9: maxplant (button) folded before Flop (didn't bet)



PokerStars Hand #226653833511:  Hold'em No Limit ($0.01/$0.02 USD) - 2021/05/10 22:48:33 PT [2021/05/11 1:48:33 ET]
Table 'Underhill' 9-max Seat #1 is the button
Seat 1: fabri74 ($2.05 in chips) 
Seat 2: gerz380v ($2.40 in chips) 
Seat 3: penggguin ($1.98 in chips) 
Seat 4: AaronAarlson ($3.04 in chips) 
Seat 5: sofaking1973 ($1.77 in chips) 
Seat 6: cby123 ($3.42 in chips) 
Seat 7: Resipuljator ($1.62 in chips) 
Seat 8: Dorex2007 ($2.54 in chips) 
Seat 9: maxplant ($1.98 in chips) 
gerz380v: posts small blind $0.01
penggguin: posts big blind $0.02
*** HOLE CARDS ***
Dealt to Dorex2007 [2d 5s]
AaronAarlson: folds 
sofaking1973: folds 
cby123: folds 
Resipuljator: folds 
Dorex2007: folds 
maxplant: raises $0.02 to $0.04
fabri74: folds 
gerz380v: raises $0.02 to $0.06
penggguin: folds 
maxplant: calls $0.02
*** FLOP *** [Kh Ks Jc]
gerz380v: bets $0.04
maxplant: calls $0.04
*** TURN *** [Kh Ks Jc] [7s]
gerz380v: bets $0.04
maxplant: calls $0.04
*** RIVER *** [Kh Ks Jc 7s] [Ah]
gerz380v: checks 
maxplant: checks 
*** SHOW DOWN ***
gerz380v: shows [Jh Qc] (two pair, Kings and Jacks)
maxplant: shows [Qs Qd] (two pair, Kings and Queens)
maxplant collected $0.29 from pot
*** SUMMARY ***
Total pot $0.30 | Rake $0.01 
Board [Kh Ks Jc 7s Ah]
Seat 1: fabri74 (button) folded before Flop (didn't bet)
Seat 2: gerz380v (small blind) showed [Jh Qc] and lost with two pair, Kings and Jacks
Seat 3: penggguin (big blind) folded before Flop
Seat 4: AaronAarlson folded before Flop (didn't bet)
Seat 5: sofaking1973 folded before Flop (didn't bet)
Seat 6: cby123 folded before Flop (didn't bet)
Seat 7: Resipuljator folded before Flop (didn't bet)
Seat 8: Dorex2007 folded before Flop (didn't bet)
Seat 9: maxplant showed [Qs Qd] and won ($0.29) with two pair, Kings and Queens



PokerStars Hand #226653840530:  Hold'em No Limit ($0.01/$0.02 USD) - 2021/05/10 22:49:21 PT [2021/05/11 1:49:21 ET]
Table 'Underhill' 9-max Seat #2 is the button
Seat 1: fabri74 ($2.05 in chips) 
Seat 2: gerz380v ($2.26 in chips) 
Seat 3: penggguin ($1.96 in chips) 
Seat 4: AaronAarlson ($3.04 in chips) 
Seat 5: sofaking1973 ($1.77 in chips) 
Seat 6: cby123 ($3.42 in chips) 
Seat 7: Resipuljator ($1.62 in chips) 
Seat 8: Dorex2007 ($2.54 in chips) 
Seat 9: maxplant ($2.13 in chips) 
penggguin: posts small blind $0.01
AaronAarlson: posts big blind $0.02
*** HOLE CARDS ***
Dealt to Dorex2007 [9s 2h]
sofaking1973: calls $0.02
cby123: folds 
Resipuljator: calls $0.02
Dorex2007: folds 
maxplant: folds 
fabri74: folds 
gerz380v: raises $0.02 to $0.04
penggguin: folds 
AaronAarlson: folds 
sofaking1973: calls $0.02
Resipuljator: calls $0.02
*** FLOP *** [Tc Qs Th]
sofaking1973: checks 
Resipuljator: bets $0.08
gerz380v: folds 
sofaking1973: folds 
Uncalled bet ($0.08) returned to Resipuljator
Resipuljator collected $0.14 from pot
Resipuljator: doesn't show hand 
*** SUMMARY ***
Total pot $0.15 | Rake $0.01 
Board [Tc Qs Th]
Seat 1: fabri74 folded before Flop (didn't bet)
Seat 2: gerz380v (button) folded on the Flop
Seat 3: penggguin (small blind) folded before Flop
Seat 4: AaronAarlson (big blind) folded before Flop
Seat 5: sofaking1973 folded on the Flop
Seat 6: cby123 folded before Flop (didn't bet)
Seat 7: Resipuljator collected ($0.14)
Seat 8: Dorex2007 folded before Flop (didn't bet)
Seat 9: maxplant folded before Flop (didn't bet)



PokerStars Hand #226653845548:  Hold'em No Limit ($0.01/$0.02 USD) - 2021/05/10 22:49:55 PT [2021/05/11 1:49:55 ET]
Table 'Underhill' 9-max Seat #3 is the button
Seat 1: fabri74 ($2.05 in chips) 
Seat 2: gerz380v ($2.22 in chips) 
Seat 3: penggguin ($1.95 in chips) 
Seat 4: AaronAarlson ($3.02 in chips) 
Seat 6: cby123 ($3.42 in chips) 
Seat 7: Resipuljator ($1.72 in chips) 
Seat 8: Dorex2007 ($2.54 in chips) 
Seat 9: maxplant ($2.13 in chips) 
AaronAarlson: posts small blind $0.01
sofaking1973: is sitting out 
cby123: posts big blind $0.02
*** HOLE CARDS ***
Dealt to Dorex2007 [4s Kh]
Resipuljator: folds 
Dorex2007: folds 
maxplant: folds 
fabri74: folds 
gerz380v: raises $0.02 to $0.04
penggguin: raises $0.12 to $0.16
AaronAarlson: folds 
cby123: folds 
gerz380v: folds 
Uncalled bet ($0.12) returned to penggguin
penggguin collected $0.11 from pot
penggguin: doesn't show hand 
*** SUMMARY ***
Total pot $0.11 | Rake $0 
Seat 1: fabri74 folded before Flop (didn't bet)
Seat 2: gerz380v folded before Flop
Seat 3: penggguin (button) collected ($0.11)
Seat 4: AaronAarlson (small blind) folded before Flop
Seat 6: cby123 (big blind) folded before Flop
Seat 7: Resipuljator folded before Flop (didn't bet)
Seat 8: Dorex2007 folded before Flop (didn't bet)
Seat 9: maxplant folded before Flop (didn't bet)



PokerStars Hand #226653849423:  Hold'em No Limit ($0.01/$0.02 USD) - 2021/05/10 22:50:22 PT [2021/05/11 1:50:22 ET]
Table 'Underhill' 9-max Seat #4 is the button
Seat 1: fabri74 ($2.05 in chips) 
Seat 2: gerz380v ($2.18 in chips) 
Seat 3: penggguin ($2.02 in chips) 
Seat 4: AaronAarlson ($3.01 in chips) 
Seat 6: cby123 ($3.40 in chips) 
Seat 7: Resipuljator ($1.72 in chips) 
Seat 8: Dorex2007 ($2.54 in chips) 
Seat 9: maxplant ($2.13 in chips) 
cby123: posts small blind $0.01
Resipuljator: posts big blind $0.02
*** HOLE CARDS ***
Dealt to Dorex2007 [Kd 9s]
Dorex2007: folds 
maxplant: raises $0.02 to $0.04
fabri74: raises $0.14 to $0.18
gerz380v: folds 
penggguin: folds 
AaronAarlson: folds 
cby123: folds 
Resipuljator: folds 
maxplant: raises $0.24 to $0.42
fabri74: calls $0.24
*** FLOP *** [7h Qs 8d]
maxplant: bets $0.63
fabri74: folds 
Uncalled bet ($0.63) returned to maxplant
maxplant collected $0.84 from pot
maxplant: doesn't show hand 
*** SUMMARY ***
Total pot $0.87 | Rake $0.03 
Board [7h Qs 8d]
Seat 1: fabri74 folded on the Flop
Seat 2: gerz380v folded before Flop (didn't bet)
Seat 3: penggguin folded before Flop (didn't bet)
Seat 4: AaronAarlson (button) folded before Flop (didn't bet)
Seat 6: cby123 (small blind) folded before Flop
Seat 7: Resipuljator (big blind) folded before Flop
Seat 8: Dorex2007 folded before Flop (didn't bet)
Seat 9: maxplant collected ($0.84)



PokerStars Hand #226653857563:  Hold'em No Limit ($0.01/$0.02 USD) - 2021/05/10 22:51:17 PT [2021/05/11 1:51:17 ET]
Table 'Underhill' 9-max Seat #6 is the button
Seat 1: fabri74 ($1.63 in chips) 
Seat 2: gerz380v ($2.18 in chips) 
Seat 3: penggguin ($2.02 in chips) 
Seat 4: AaronAarlson ($3.01 in chips) 
Seat 6: cby123 ($3.39 in chips) 
Seat 7: Resipuljator ($1.70 in chips) 
Seat 8: Dorex2007 ($2.54 in chips) 
Seat 9: maxplant ($2.55 in chips) 
Resipuljator: posts small blind $0.01
Dorex2007: posts big blind $0.02
*** HOLE CARDS ***
Dealt to Dorex2007 [Td Qd]
maxplant: raises $0.02 to $0.04
fabri74: folds 
gerz380v: folds 
penggguin: folds 
AaronAarlson: folds 
cby123: folds 
Resipuljator: calls $0.03
Dorex2007: calls $0.02
*** FLOP *** [Jc Ks 5c]
Resipuljator: checks 
Dorex2007: checks 
maxplant: bets $0.06
Resipuljator: calls $0.06
Dorex2007: calls $0.06
*** TURN *** [Jc Ks 5c] [7c]
Resipuljator: checks 
Dorex2007: checks 
maxplant: bets $0.15
Resipuljator: calls $0.15
Dorex2007: folds 
*** RIVER *** [Jc Ks 5c 7c] [3h]
Resipuljator: checks 
maxplant: checks 
*** SHOW DOWN ***
Resipuljator: shows [Ac Qs] (high card Ace)
maxplant: shows [Kh Kc] (three of a kind, Kings)
maxplant collected $0.58 from pot
*** SUMMARY ***
Total pot $0.60 | Rake $0.02 
Board [Jc Ks 5c 7c 3h]
Seat 1: fabri74 folded before Flop (didn't bet)
Seat 2: gerz380v folded before Flop (didn't bet)
Seat 3: penggguin folded before Flop (didn't bet)
Seat 4: AaronAarlson folded before Flop (didn't bet)
Seat 6: cby123 (button) folded before Flop (didn't bet)
Seat 7: Resipuljator (small blind) showed [Ac Qs] and lost with high card Ace
Seat 8: Dorex2007 (big blind) folded on the Turn
Seat 9: maxplant showed [Kh Kc] and won ($0.58) with three of a kind, Kings



PokerStars Hand #226653866587:  Hold'em No Limit ($0.01/$0.02 USD) - 2021/05/10 22:52:19 PT [2021/05/11 1:52:19 ET]
Table 'Underhill' 9-max Seat #7 is the button
Seat 1: fabri74 ($1.63 in chips) 
Seat 2: gerz380v ($2.18 in chips) 
Seat 3: penggguin ($2.02 in chips) 
Seat 4: AaronAarlson ($3.01 in chips) 
Seat 6: cby123 ($3.39 in chips) 
Seat 7: Resipuljator ($1.45 in chips) 
Seat 8: Dorex2007 ($2.44 in chips) 
Seat 9: maxplant ($2.88 in chips) 
Dorex2007: posts small blind $0.01
maxplant: posts big blind $0.02
*** HOLE CARDS ***
Dealt to Dorex2007 [7c 3s]
fabri74: folds 
gerz380v: calls $0.02
penggguin: folds 
AaronAarlson: folds 
cby123: folds 
Resipuljator: folds 
Dorex2007: calls $0.01
maxplant: checks 
*** FLOP *** [5d 3h 4c]
Dorex2007: checks 
maxplant: checks 
gerz380v: checks 
*** TURN *** [5d 3h 4c] [Ts]
Dorex2007: bets $0.04
maxplant: folds 
gerz380v: calls $0.04
*** RIVER *** [5d 3h 4c Ts] [4s]
Dorex2007: checks 
gerz380v: bets $0.14
Dorex2007: folds 
Uncalled bet ($0.14) returned to gerz380v
gerz380v collected $0.14 from pot
gerz380v: doesn't show hand 
*** SUMMARY ***
Total pot $0.14 | Rake $0 
Board [5d 3h 4c Ts 4s]
Seat 1: fabri74 folded before Flop (didn't bet)
Seat 2: gerz380v collected ($0.14)
Seat 3: penggguin folded before Flop (didn't bet)
Seat 4: AaronAarlson folded before Flop (didn't bet)
Seat 6: cby123 folded before Flop (didn't bet)
Seat 7: Resipuljator (button) folded before Flop (didn't bet)
Seat 8: Dorex2007 (small blind) folded on the River
Seat 9: maxplant (big blind) folded on the Turn



PokerStars Hand #226653873418:  Hold'em No Limit ($0.01/$0.02 USD) - 2021/05/10 22:53:07 PT [2021/05/11 1:53:07 ET]
Table 'Underhill' 9-max Seat #8 is the button
Seat 1: fabri74 ($1.63 in chips) 
Seat 2: gerz380v ($2.26 in chips) 
Seat 3: penggguin ($2.02 in chips) 
Seat 4: AaronAarlson ($3.01 in chips) 
Seat 6: cby123 ($3.39 in chips) 
Seat 7: Resipuljator ($1.45 in chips) 
Seat 8: Dorex2007 ($2.38 in chips) 
Seat 9: maxplant ($2.86 in chips) 
maxplant: posts small blind $0.01
fabri74: posts big blind $0.02
*** HOLE CARDS ***
Dealt to Dorex2007 [Jc 2d]
gerz380v: folds 
penggguin: raises $0.04 to $0.06
AaronAarlson: folds 
cby123: folds 
Resipuljator: folds 
Dorex2007: folds 
maxplant: folds 
fabri74: folds 
Uncalled bet ($0.04) returned to penggguin
penggguin collected $0.05 from pot
penggguin: doesn't show hand 
*** SUMMARY ***
Total pot $0.05 | Rake $0 
Seat 1: fabri74 (big blind) folded before Flop
Seat 2: gerz380v folded before Flop (didn't bet)
Seat 3: penggguin collected ($0.05)
Seat 4: AaronAarlson folded before Flop (didn't bet)
Seat 6: cby123 folded before Flop (didn't bet)
Seat 7: Resipuljator folded before Flop (didn't bet)
Seat 8: Dorex2007 (button) folded before Flop (didn't bet)
Seat 9: maxplant (small blind) folded before Flop



PokerStars Hand #226653876716:  Hold'em No Limit ($0.01/$0.02 USD) - 2021/05/10 22:53:29 PT [2021/05/11 1:53:29 ET]
Table 'Underhill' 9-max Seat #9 is the button
Seat 1: fabri74 ($1.61 in chips) 
Seat 2: gerz380v ($2.26 in chips) 
Seat 3: penggguin ($2.05 in chips) 
Seat 4: AaronAarlson ($3.01 in chips) 
Seat 6: cby123 ($3.39 in chips) 
Seat 7: Resipuljator ($1.45 in chips) 
Seat 8: Dorex2007 ($2.38 in chips) 
Seat 9: maxplant ($2.85 in chips) 
fabri74: posts small blind $0.01
gerz380v: posts big blind $0.02
*** HOLE CARDS ***
Dealt to Dorex2007 [3s 7h]
penggguin: folds 
AaronAarlson: raises $0.04 to $0.06
cby123: folds 
Resipuljator: folds 
Dorex2007: folds 
maxplant: calls $0.06
fabri74: folds 
gerz380v: folds 
*** FLOP *** [Ks 7s 2s]
AaronAarlson: checks 
maxplant: checks 
*** TURN *** [Ks 7s 2s] [2d]
AaronAarlson: bets $0.10
maxplant: folds 
Uncalled bet ($0.10) returned to AaronAarlson
AaronAarlson collected $0.14 from pot
AaronAarlson: doesn't show hand 
*** SUMMARY ***
Total pot $0.15 | Rake $0.01 
Board [Ks 7s 2s 2d]
Seat 1: fabri74 (small blind) folded before Flop
Seat 2: gerz380v (big blind) folded before Flop
Seat 3: penggguin folded before Flop (didn't bet)
Seat 4: AaronAarlson collected ($0.14)
Seat 6: cby123 folded before Flop (didn't bet)
Seat 7: Resipuljator folded before Flop (didn't bet)
Seat 8: Dorex2007 folded before Flop (didn't bet)
Seat 9: maxplant (button) folded on the Turn



PokerStars Hand #226653881225:  Hold'em No Limit ($0.01/$0.02 USD) - 2021/05/10 22:54:00 PT [2021/05/11 1:54:00 ET]
Table 'Underhill' 9-max Seat #1 is the button
Seat 1: fabri74 ($1.60 in chips) 
Seat 2: gerz380v ($2.24 in chips) 
Seat 3: penggguin ($2.05 in chips) 
Seat 4: AaronAarlson ($3.09 in chips) 
Seat 6: cby123 ($3.39 in chips) 
Seat 7: Resipuljator ($1.45 in chips) 
Seat 8: Dorex2007 ($2.38 in chips) 
Seat 9: maxplant ($2.79 in chips) 
gerz380v: posts small blind $0.01
penggguin: posts big blind $0.02
*** HOLE CARDS ***
Dealt to Dorex2007 [8d 5h]
AaronAarlson: folds 
cby123: folds 
Resipuljator: folds 
Dorex2007: folds 
maxplant: folds 
fabri74: folds 
gerz380v: calls $0.01
penggguin: checks 
*** FLOP *** [9s Ah Qc]
gerz380v: bets $0.02
penggguin: folds 
Uncalled bet ($0.02) returned to gerz380v
gerz380v collected $0.04 from pot
gerz380v: doesn't show hand 
*** SUMMARY ***
Total pot $0.04 | Rake $0 
Board [9s Ah Qc]
Seat 1: fabri74 (button) folded before Flop (didn't bet)
Seat 2: gerz380v (small blind) collected ($0.04)
Seat 3: penggguin (big blind) folded on the Flop
Seat 4: AaronAarlson folded before Flop (didn't bet)
Seat 6: cby123 folded before Flop (didn't bet)
Seat 7: Resipuljator folded before Flop (didn't bet)
Seat 8: Dorex2007 folded before Flop (didn't bet)
Seat 9: maxplant folded before Flop (didn't bet)



PokerStars Hand #226653883990:  Hold'em No Limit ($0.01/$0.02 USD) - 2021/05/10 22:54:19 PT [2021/05/11 1:54:19 ET]
Table 'Underhill' 9-max Seat #2 is the button
Seat 1: fabri74 ($1.60 in chips) 
Seat 2: gerz380v ($2.26 in chips) 
Seat 3: penggguin ($2.03 in chips) 
Seat 4: AaronAarlson ($3.09 in chips) 
Seat 6: cby123 ($3.39 in chips) 
Seat 7: Resipuljator ($1.45 in chips) 
Seat 8: Dorex2007 ($2.38 in chips) 
Seat 9: maxplant ($2.79 in chips) 
penggguin: posts small blind $0.01
AaronAarlson: posts big blind $0.02
*** HOLE CARDS ***
Dealt to Dorex2007 [6d 2h]
cby123: folds 
Resipuljator: folds 
Dorex2007: folds 
maxplant: folds 
fabri74: folds 
gerz380v: folds 
penggguin: raises $0.02 to $0.04
AaronAarlson: folds 
Uncalled bet ($0.02) returned to penggguin
penggguin collected $0.04 from pot
penggguin: doesn't show hand 
*** SUMMARY ***
Total pot $0.04 | Rake $0 
Seat 1: fabri74 folded before Flop (didn't bet)
Seat 2: gerz380v (button) folded before Flop (didn't bet)
Seat 3: penggguin (small blind) collected ($0.04)
Seat 4: AaronAarlson (big blind) folded before Flop
Seat 6: cby123 folded before Flop (didn't bet)
Seat 7: Resipuljator folded before Flop (didn't bet)
Seat 8: Dorex2007 folded before Flop (didn't bet)
Seat 9: maxplant folded before Flop (didn't bet)



PokerStars Hand #226653886539:  Hold'em No Limit ($0.01/$0.02 USD) - 2021/05/10 22:54:37 PT [2021/05/11 1:54:37 ET]
Table 'Underhill' 9-max Seat #3 is the button
Seat 1: fabri74 ($1.60 in chips) 
Seat 2: gerz380v ($2.26 in chips) 
Seat 3: penggguin ($2.05 in chips) 
Seat 4: AaronAarlson ($3.07 in chips) 
Seat 6: cby123 ($3.39 in chips) 
Seat 7: Resipuljator ($1.45 in chips) 
Seat 8: Dorex2007 ($2.38 in chips) 
Seat 9: maxplant ($2.79 in chips) 
AaronAarlson: posts small blind $0.01
cby123: posts big blind $0.02
*** HOLE CARDS ***
Dealt to Dorex2007 [9d 2s]
Resipuljator: folds 
Dorex2007: folds 
maxplant: folds 
fabri74: folds 
gerz380v has timed out
gerz380v: folds 
penggguin: raises $0.04 to $0.06
AaronAarlson: folds 
cby123: folds 
Uncalled bet ($0.04) returned to penggguin
penggguin collected $0.05 from pot
penggguin: doesn't show hand 
*** SUMMARY ***
Total pot $0.05 | Rake $0 
Seat 1: fabri74 folded before Flop (didn't bet)
Seat 2: gerz380v folded before Flop (didn't bet)
Seat 3: penggguin (button) collected ($0.05)
Seat 4: AaronAarlson (small blind) folded before Flop
Seat 6: cby123 (big blind) folded before Flop
Seat 7: Resipuljator folded before Flop (didn't bet)
Seat 8: Dorex2007 folded before Flop (didn't bet)
Seat 9: maxplant folded before Flop (didn't bet)



PokerStars Hand #226653894818:  Hold'em No Limit ($0.01/$0.02 USD) - 2021/05/10 22:55:37 PT [2021/05/11 1:55:37 ET]
Table 'Underhill' 9-max Seat #4 is the button
Seat 1: fabri74 ($1.60 in chips) 
Seat 3: penggguin ($2.08 in chips) 
Seat 4: AaronAarlson ($3.06 in chips) 
Seat 6: cby123 ($3.37 in chips) 
Seat 7: Resipuljator ($1.45 in chips) 
Seat 8: Dorex2007 ($2.38 in chips) 
Seat 9: maxplant ($2.79 in chips) 
cby123: posts small blind $0.01
Resipuljator: posts big blind $0.02
*** HOLE CARDS ***
Dealt to Dorex2007 [4c 4s]
Dorex2007: calls $0.02
maxplant: folds 
fabri74: folds 
penggguin: raises $0.04 to $0.06
AaronAarlson: folds 
cby123: folds 
Resipuljator: calls $0.04
Dorex2007: calls $0.04
*** FLOP *** [As 2d Ad]
Resipuljator: checks 
Dorex2007: checks 
penggguin: bets $0.06
Resipuljator: folds 
Dorex2007: raises $0.06 to $0.12
penggguin: calls $0.06
*** TURN *** [As 2d Ad] [Kc]
Dorex2007: checks 
penggguin: checks 
*** RIVER *** [As 2d Ad Kc] [Js]
fabri74 leaves the table
Dorex2007: bets $0.21
penggguin: calls $0.21
*** SHOW DOWN ***
Dorex2007: shows [4c 4s] (two pair, Aces and Fours)
penggguin: shows [Ac 8h] (three of a kind, Aces)
penggguin collected $0.82 from pot
*** SUMMARY ***
Total pot $0.85 | Rake $0.03 
Board [As 2d Ad Kc Js]
Seat 1: fabri74 folded before Flop (didn't bet)
Seat 3: penggguin showed [Ac 8h] and won ($0.82) with three of a kind, Aces
Seat 4: AaronAarlson (button) folded before Flop (didn't bet)
Seat 6: cby123 (small blind) folded before Flop
Seat 7: Resipuljator (big blind) folded on the Flop
Seat 8: Dorex2007 showed [4c 4s] and lost with two pair, Aces and Fours
Seat 9: maxplant folded before Flop (didn't bet)



PokerStars Hand #226653901096:  Hold'em No Limit ($0.01/$0.02 USD) - 2021/05/10 22:56:25 PT [2021/05/11 1:56:25 ET]
Table 'Underhill' 9-max Seat #6 is the button
Seat 3: penggguin ($2.51 in chips) 
Seat 4: AaronAarlson ($3.06 in chips) 
Seat 6: cby123 ($3.36 in chips) 
Seat 7: Resipuljator ($1.39 in chips) 
Seat 8: Dorex2007 ($1.99 in chips) 
Seat 9: maxplant ($2.79 in chips) 
Resipuljator: posts small blind $0.01
Dorex2007: posts big blind $0.02
*** HOLE CARDS ***
Dealt to Dorex2007 [4h 7c]
maxplant: folds 
penggguin: folds 
AaronAarlson: folds 
cby123: folds 
Resipuljator: calls $0.01
Dorex2007: checks 
*** FLOP *** [2d Tc 9d]
POLLO ISRA75 joins the table at seat #1 
Resipuljator: checks 
Dorex2007: checks 
*** TURN *** [2d Tc 9d] [Ad]
gerz380v is disconnected 
Resipuljator: checks 
Dorex2007: checks 
*** RIVER *** [2d Tc 9d Ad] [8d]
Resipuljator: checks 
Dorex2007: checks 
*** SHOW DOWN ***
Resipuljator: shows [5c 6h] (high card Ace)
Dorex2007: shows [4h 7c] (high card Ace - Ten+Nine+Eight+Seven kicker)
Dorex2007 collected $0.04 from pot
*** SUMMARY ***
Total pot $0.04 | Rake $0 
Board [2d Tc 9d Ad 8d]
Seat 3: penggguin folded before Flop (didn't bet)
Seat 4: AaronAarlson folded before Flop (didn't bet)
Seat 6: cby123 (button) folded before Flop (didn't bet)
Seat 7: Resipuljator (small blind) showed [5c 6h] and lost with high card Ace
Seat 8: Dorex2007 (big blind) showed [4h 7c] and won ($0.04) with high card Ace
Seat 9: maxplant folded before Flop (didn't bet)



PokerStars Hand #226653904523:  Hold'em No Limit ($0.01/$0.02 USD) - 2021/05/10 22:56:52 PT [2021/05/11 1:56:52 ET]
Table 'Underhill' 9-max Seat #7 is the button
Seat 3: penggguin ($2.51 in chips) 
Seat 4: AaronAarlson ($3.06 in chips) 
Seat 6: cby123 ($3.36 in chips) 
Seat 7: Resipuljator ($1.37 in chips) 
Seat 8: Dorex2007 ($2.01 in chips) 
Seat 9: maxplant ($2.79 in chips) 
Dorex2007: posts small blind $0.01
maxplant: posts big blind $0.02
POLLO ISRA75: sits out 
*** HOLE CARDS ***
Dealt to Dorex2007 [5h Ts]
penggguin: folds 
AaronAarlson: folds 
cby123: folds 
Resipuljator: folds 
Dorex2007: folds 
Uncalled bet ($0.01) returned to maxplant
maxplant collected $0.02 from pot
maxplant: doesn't show hand 
*** SUMMARY ***
Total pot $0.02 | Rake $0 
Seat 3: penggguin folded before Flop (didn't bet)
Seat 4: AaronAarlson folded before Flop (didn't bet)
Seat 6: cby123 folded before Flop (didn't bet)
Seat 7: Resipuljator (button) folded before Flop (didn't bet)
Seat 8: Dorex2007 (small blind) folded before Flop
Seat 9: maxplant (big blind) collected ($0.02)



PokerStars Hand #226653906623:  Hold'em No Limit ($0.01/$0.02 USD) - 2021/05/10 22:57:08 PT [2021/05/11 1:57:08 ET]
Table 'Underhill' 9-max Seat #8 is the button
Seat 1: POLLO ISRA75 ($2 in chips) 
Seat 3: penggguin ($2.51 in chips) 
Seat 4: AaronAarlson ($3.06 in chips) 
Seat 6: cby123 ($3.36 in chips) 
Seat 7: Resipuljator ($1.37 in chips) 
Seat 8: Dorex2007 ($2 in chips) 
Seat 9: maxplant ($2.80 in chips) 
maxplant: posts small blind $0.01
POLLO ISRA75: posts big blind $0.02
*** HOLE CARDS ***
Dealt to Dorex2007 [4h 8h]
penggguin: folds 
AaronAarlson: folds 
cby123: folds 
Resipuljator: raises $0.04 to $0.06
Dorex2007: folds 
maxplant: folds 
POLLO ISRA75: folds 
Uncalled bet ($0.04) returned to Resipuljator
Resipuljator collected $0.05 from pot
Resipuljator: doesn't show hand 
*** SUMMARY ***
Total pot $0.05 | Rake $0 
Seat 1: POLLO ISRA75 (big blind) folded before Flop
Seat 3: penggguin folded before Flop (didn't bet)
Seat 4: AaronAarlson folded before Flop (didn't bet)
Seat 6: cby123 folded before Flop (didn't bet)
Seat 7: Resipuljator collected ($0.05)
Seat 8: Dorex2007 (button) folded before Flop (didn't bet)
Seat 9: maxplant (small blind) folded before Flop



PokerStars Hand #226653908181:  Hold'em No Limit ($0.01/$0.02 USD) - 2021/05/10 22:57:20 PT [2021/05/11 1:57:20 ET]
Table 'Underhill' 9-max Seat #9 is the button
Seat 1: POLLO ISRA75 ($1.98 in chips) 
Seat 3: penggguin ($2.51 in chips) 
Seat 4: AaronAarlson ($3.06 in chips) 
Seat 6: cby123 ($3.36 in chips) 
Seat 7: Resipuljator ($1.40 in chips) 
Seat 8: Dorex2007 ($2 in chips) 
Seat 9: maxplant ($2.79 in chips) 
POLLO ISRA75: posts small blind $0.01
penggguin: posts big blind $0.02
*** HOLE CARDS ***
Dealt to Dorex2007 [Th 3h]
AaronAarlson: calls $0.02
cby123: folds 
Resipuljator: folds 
Dorex2007: folds 
maxplant: calls $0.02
POLLO ISRA75: folds 
penggguin: checks 
*** FLOP *** [4h 6s 9s]
penggguin: checks 
AaronAarlson: checks 
maxplant: bets $0.07
penggguin: calls $0.07
AaronAarlson: folds 
*** TURN *** [4h 6s 9s] [8h]
penggguin: checks 
maxplant: checks 
*** RIVER *** [4h 6s 9s 8h] [5c]
penggguin: checks 
maxplant: bets $0.05
penggguin: calls $0.05
*** SHOW DOWN ***
maxplant: shows [Ah 2c] (high card Ace)
penggguin: shows [Ts 9d] (a pair of Nines)
penggguin collected $0.30 from pot
*** SUMMARY ***
Total pot $0.31 | Rake $0.01 
Board [4h 6s 9s 8h 5c]
Seat 1: POLLO ISRA75 (small blind) folded before Flop
Seat 3: penggguin (big blind) showed [Ts 9d] and won ($0.30) with a pair of Nines
Seat 4: AaronAarlson folded on the Flop
Seat 6: cby123 folded before Flop (didn't bet)
Seat 7: Resipuljator folded before Flop (didn't bet)
Seat 8: Dorex2007 folded before Flop (didn't bet)
Seat 9: maxplant (button) showed [Ah 2c] and lost with high card Ace



PokerStars Hand #226653915225:  Hold'em No Limit ($0.01/$0.02 USD) - 2021/05/10 22:58:14 PT [2021/05/11 1:58:14 ET]
Table 'Underhill' 9-max Seat #1 is the button
Seat 1: POLLO ISRA75 ($1.97 in chips) 
Seat 3: penggguin ($2.67 in chips) 
Seat 4: AaronAarlson ($3.04 in chips) 
Seat 6: cby123 ($3.36 in chips) 
Seat 7: Resipuljator ($1.40 in chips) 
Seat 8: Dorex2007 ($2 in chips) 
Seat 9: maxplant ($2.65 in chips) 
penggguin: posts small blind $0.01
AaronAarlson: posts big blind $0.02
*** HOLE CARDS ***
Dealt to Dorex2007 [Ks Kd]
cby123: folds 
Resipuljator: folds 
Dorex2007: raises $0.04 to $0.06
cby123 leaves the table
maxplant: calls $0.06
POLLO ISRA75: calls $0.06
penggguin: folds 
AaronAarlson: calls $0.04
*** FLOP *** [9c 7c 5d]
AaronAarlson: checks 
Dorex2007: bets $0.16
PeterL59 joins the table at seat #6 
maxplant: folds 
POLLO ISRA75: calls $0.16
AaronAarlson: calls $0.16
*** TURN *** [9c 7c 5d] [Tc]
AaronAarlson: checks 
Dorex2007: bets $0.70
POLLO ISRA75: calls $0.70
AaronAarlson: folds 
*** RIVER *** [9c 7c 5d Tc] [Ac]
Dorex2007: checks 
POLLO ISRA75: checks 
*** SHOW DOWN ***
Dorex2007: shows [Ks Kd] (a pair of Kings)
POLLO ISRA75: shows [Ts Td] (three of a kind, Tens)
POLLO ISRA75 collected $2.06 from pot
*** SUMMARY ***
Total pot $2.13 | Rake $0.07 
Board [9c 7c 5d Tc Ac]
Seat 1: POLLO ISRA75 (button) showed [Ts Td] and won ($2.06) with three of a kind, Tens
Seat 3: penggguin (small blind) folded before Flop
Seat 4: AaronAarlson (big blind) folded on the Turn
Seat 6: cby123 folded before Flop (didn't bet)
Seat 7: Resipuljator folded before Flop (didn't bet)
Seat 8: Dorex2007 showed [Ks Kd] and lost with a pair of Kings
Seat 9: maxplant folded on the Flop



PokerStars Hand #226653928580:  Hold'em No Limit ($0.01/$0.02 USD) - 2021/05/10 22:59:56 PT [2021/05/11 1:59:56 ET]
Table 'Underhill' 9-max Seat #3 is the button
Seat 1: POLLO ISRA75 ($3.11 in chips) 
Seat 3: penggguin ($2.66 in chips) 
Seat 4: AaronAarlson ($2.82 in chips) 
Seat 6: PeterL59 ($2 in chips) 
Seat 7: Resipuljator ($1.40 in chips) 
Seat 8: Dorex2007 ($1.08 in chips) 
Seat 9: maxplant ($2.59 in chips) 
AaronAarlson: posts small blind $0.01
PeterL59: posts big blind $0.02
*** HOLE CARDS ***
Dealt to Dorex2007 [9c Qc]
Resipuljator: folds 
Dorex2007: calls $0.02
maxplant: folds 
POLLO ISRA75: folds 
penggguin: folds 
AaronAarlson: calls $0.01
PeterL59: checks 
*** FLOP *** [4c 7d Kh]
AaronAarlson: checks 
PeterL59: checks 
Dorex2007: checks 
*** TURN *** [4c 7d Kh] [Qd]
AaronAarlson: checks 
PeterL59: checks 
Dorex2007: checks 
*** RIVER *** [4c 7d Kh Qd] [5d]
AaronAarlson: checks 
PeterL59: checks 
Dorex2007: checks 
*** SHOW DOWN ***
AaronAarlson: shows [Ad 4h] (a pair of Fours)
PeterL59: mucks hand 
Dorex2007: shows [9c Qc] (a pair of Queens)
Dorex2007 collected $0.06 from pot
*** SUMMARY ***
Total pot $0.06 | Rake $0 
Board [4c 7d Kh Qd 5d]
Seat 1: POLLO ISRA75 folded before Flop (didn't bet)
Seat 3: penggguin (button) folded before Flop (didn't bet)
Seat 4: AaronAarlson (small blind) showed [Ad 4h] and lost with a pair of Fours
Seat 6: PeterL59 (big blind) mucked [Jh As]
Seat 7: Resipuljator folded before Flop (didn't bet)
Seat 8: Dorex2007 showed [9c Qc] and won ($0.06) with a pair of Queens
Seat 9: maxplant folded before Flop (didn't bet)



PokerStars Hand #226653933318:  Hold'em No Limit ($0.01/$0.02 USD) - 2021/05/10 23:00:32 PT [2021/05/11 2:00:32 ET]
Table 'Underhill' 9-max Seat #4 is the button
Seat 1: POLLO ISRA75 ($3.11 in chips) 
Seat 3: penggguin ($2.66 in chips) 
Seat 4: AaronAarlson ($2.80 in chips) 
Seat 6: PeterL59 ($1.98 in chips) 
Seat 8: Dorex2007 ($1.12 in chips) 
Seat 9: maxplant ($2.59 in chips) 
PeterL59: posts small blind $0.01
Resipuljator: is sitting out 
Resipuljator leaves the table
Dorex2007: posts big blind $0.02
*** HOLE CARDS ***
Dealt to Dorex2007 [Tc 7s]
maxplant: folds 
POLLO ISRA75: folds 
penggguin: folds 
AaronAarlson: folds 
PeterL59: calls $0.01
Dorex2007: checks 
*** FLOP *** [Kc 6c 4h]
amswordam joins the table at seat #7 
PeterL59: checks 
Dorex2007: checks 
*** TURN *** [Kc 6c 4h] [4s]
PeterL59: checks 
Dorex2007: checks 
*** RIVER *** [Kc 6c 4h 4s] [Qc]
PeterL59: bets $0.10
Dorex2007: folds 
Uncalled bet ($0.10) returned to PeterL59
PeterL59 collected $0.04 from pot
PeterL59: doesn't show hand 
*** SUMMARY ***
Total pot $0.04 | Rake $0 
Board [Kc 6c 4h 4s Qc]
Seat 1: POLLO ISRA75 folded before Flop (didn't bet)
Seat 3: penggguin folded before Flop (didn't bet)
Seat 4: AaronAarlson (button) folded before Flop (didn't bet)
Seat 6: PeterL59 (small blind) collected ($0.04)
Seat 8: Dorex2007 (big blind) folded on the River
Seat 9: maxplant folded before Flop (didn't bet)



PokerStars Hand #226653938828:  Hold'em No Limit ($0.01/$0.02 USD) - 2021/05/10 23:01:12 PT [2021/05/11 2:01:12 ET]
Table 'Underhill' 9-max Seat #6 is the button
Seat 1: POLLO ISRA75 ($3.11 in chips) 
Seat 3: penggguin ($2.66 in chips) 
Seat 4: AaronAarlson ($2.80 in chips) 
Seat 6: PeterL59 ($2 in chips) 
Seat 8: Dorex2007 ($2 in chips) 
Seat 9: maxplant ($2.59 in chips) 
Dorex2007: posts small blind $0.01
maxplant: posts big blind $0.02
*** HOLE CARDS ***
Dealt to Dorex2007 [3c Kh]
POLLO ISRA75: calls $0.02
penggguin: folds 
AaronAarlson: folds 
PeterL59: calls $0.02
Dorex2007: folds 
maxplant: checks 
*** FLOP *** [Qc 2s 6d]
maxplant: checks 
POLLO ISRA75: checks 
PeterL59: checks 
*** TURN *** [Qc 2s 6d] [Qh]
maxplant: bets $0.07
POLLO ISRA75: folds 
PeterL59: calls $0.07
*** RIVER *** [Qc 2s 6d Qh] [Jh]
maxplant: checks 
PeterL59: bets $0.10
maxplant: folds 
Uncalled bet ($0.10) returned to PeterL59
PeterL59 collected $0.20 from pot
PeterL59: doesn't show hand 
*** SUMMARY ***
Total pot $0.21 | Rake $0.01 
Board [Qc 2s 6d Qh Jh]
Seat 1: POLLO ISRA75 folded on the Turn
Seat 3: penggguin folded before Flop (didn't bet)
Seat 4: AaronAarlson folded before Flop (didn't bet)
Seat 6: PeterL59 (button) collected ($0.20)
Seat 8: Dorex2007 (small blind) folded before Flop
Seat 9: maxplant (big blind) folded on the River



PokerStars Hand #226653946309:  Hold'em No Limit ($0.01/$0.02 USD) - 2021/05/10 23:02:04 PT [2021/05/11 2:02:04 ET]
Table 'Underhill' 9-max Seat #8 is the button
Seat 1: POLLO ISRA75 ($3.09 in chips) 
Seat 3: penggguin ($2.66 in chips) 
Seat 4: AaronAarlson ($2.80 in chips) 
Seat 6: PeterL59 ($2.11 in chips) 
Seat 7: amswordam ($2 in chips) 
Seat 8: Dorex2007 ($2 in chips) 
Seat 9: maxplant ($2.50 in chips) 
maxplant: posts small blind $0.01
POLLO ISRA75: posts big blind $0.02
amswordam: posts big blind $0.02
*** HOLE CARDS ***
Dealt to Dorex2007 [5c 6c]
penggguin: raises $0.04 to $0.06
AaronAarlson: folds 
PeterL59: folds 
amswordam: folds 
Dorex2007: calls $0.06
maxplant: calls $0.05
POLLO ISRA75: folds 
*** FLOP *** [8s Jd 7c]
maxplant: checks 
gerz380v is disconnected 
penggguin: bets $0.07
Dorex2007: calls $0.07
maxplant: calls $0.07
*** TURN *** [8s Jd 7c] [3s]
maxplant: checks 
penggguin: bets $0.14
Dorex2007: calls $0.14
maxplant: folds 
*** RIVER *** [8s Jd 7c 3s] [Jc]
penggguin: bets $0.23
Dorex2007: folds 
Uncalled bet ($0.23) returned to penggguin
penggguin collected $0.69 from pot
penggguin: doesn't show hand 
*** SUMMARY ***
Total pot $0.71 | Rake $0.02 
Board [8s Jd 7c 3s Jc]
Seat 1: POLLO ISRA75 (big blind) folded before Flop
Seat 3: penggguin collected ($0.69)
Seat 4: AaronAarlson folded before Flop (didn't bet)
Seat 6: PeterL59 folded before Flop (didn't bet)
Seat 7: amswordam folded before Flop (didn't bet)
Seat 8: Dorex2007 (button) folded on the River
Seat 9: maxplant (small blind) folded on the Turn



PokerStars Hand #226653952423:  Hold'em No Limit ($0.01/$0.02 USD) - 2021/05/10 23:02:46 PT [2021/05/11 2:02:46 ET]
Table 'Underhill' 9-max Seat #9 is the button
Seat 1: POLLO ISRA75 ($3.07 in chips) 
Seat 3: penggguin ($3.08 in chips) 
Seat 4: AaronAarlson ($2.80 in chips) 
Seat 6: PeterL59 ($2.11 in chips) 
Seat 7: amswordam ($1.98 in chips) 
Seat 8: Dorex2007 ($2 in chips) 
Seat 9: maxplant ($2.37 in chips) 
POLLO ISRA75: posts small blind $0.01
penggguin: posts big blind $0.02
*** HOLE CARDS ***
Dealt to Dorex2007 [2d 8h]
AaronAarlson: folds 
PeterL59: folds 
amswordam: folds 
Dorex2007: folds 
maxplant: raises $0.04 to $0.06
POLLO ISRA75: folds 
penggguin: calls $0.04
*** FLOP *** [Jd 7h Ah]
penggguin: checks 
maxplant: checks 
*** TURN *** [Jd 7h Ah] [6h]
penggguin: checks 
maxplant: bets $0.13
penggguin: folds 
Uncalled bet ($0.13) returned to maxplant
maxplant collected $0.13 from pot
maxplant: doesn't show hand 
*** SUMMARY ***
Total pot $0.13 | Rake $0 
Board [Jd 7h Ah 6h]
Seat 1: POLLO ISRA75 (small blind) folded before Flop
Seat 3: penggguin (big blind) folded on the Turn
Seat 4: AaronAarlson folded before Flop (didn't bet)
Seat 6: PeterL59 folded before Flop (didn't bet)
Seat 7: amswordam folded before Flop (didn't bet)
Seat 8: Dorex2007 folded before Flop (didn't bet)
Seat 9: maxplant (button) collected ($0.13)



PokerStars Hand #226653957368:  Hold'em No Limit ($0.01/$0.02 USD) - 2021/05/10 23:03:20 PT [2021/05/11 2:03:20 ET]
Table 'Underhill' 9-max Seat #1 is the button
Seat 1: POLLO ISRA75 ($3.06 in chips) 
Seat 3: penggguin ($3.02 in chips) 
Seat 4: AaronAarlson ($2.80 in chips) 
Seat 6: PeterL59 ($2.11 in chips) 
Seat 7: amswordam ($1.98 in chips) 
Seat 8: Dorex2007 ($2 in chips) 
Seat 9: maxplant ($2.44 in chips) 
penggguin: posts small blind $0.01
AaronAarlson: posts big blind $0.02
*** HOLE CARDS ***
Dealt to Dorex2007 [Ts 4d]
PeterL59: calls $0.02
amswordam: calls $0.02
Dorex2007: folds 
maxplant: folds 
POLLO ISRA75: folds 
penggguin: folds 
AaronAarlson: checks 
*** FLOP *** [9s Ac 7d]
AaronAarlson: checks 
PeterL59: checks 
amswordam: bets $0.07
AaronAarlson: folds 
PeterL59: folds 
Uncalled bet ($0.07) returned to amswordam
amswordam collected $0.07 from pot
*** SUMMARY ***
Total pot $0.07 | Rake $0 
Board [9s Ac 7d]
Seat 1: POLLO ISRA75 (button) folded before Flop (didn't bet)
Seat 3: penggguin (small blind) folded before Flop
Seat 4: AaronAarlson (big blind) folded on the Flop
Seat 6: PeterL59 folded on the Flop
Seat 7: amswordam collected ($0.07)
Seat 8: Dorex2007 folded before Flop (didn't bet)
Seat 9: maxplant folded before Flop (didn't bet)



PokerStars Hand #226653963258:  Hold'em No Limit ($0.01/$0.02 USD) - 2021/05/10 23:04:00 PT [2021/05/11 2:04:00 ET]
Table 'Underhill' 9-max Seat #3 is the button
Seat 1: POLLO ISRA75 ($3.06 in chips) 
Seat 3: penggguin ($3.01 in chips) 
Seat 4: AaronAarlson ($2.78 in chips) 
Seat 6: PeterL59 ($2.09 in chips) 
Seat 7: amswordam ($2.03 in chips) 
Seat 8: Dorex2007 ($2 in chips) 
Seat 9: maxplant ($2.44 in chips) 
AaronAarlson: posts small blind $0.01
PeterL59: posts big blind $0.02
*** HOLE CARDS ***
Dealt to Dorex2007 [3s Td]
amswordam: calls $0.02
Dorex2007: folds 
maxplant: raises $0.08 to $0.10
POLLO ISRA75: folds 
penggguin: folds 
AaronAarlson: folds 
PeterL59: folds 
amswordam: folds 
Uncalled bet ($0.08) returned to maxplant
maxplant collected $0.07 from pot
sofaking1973 leaves the table
maxplant: doesn't show hand 
*** SUMMARY ***
Total pot $0.07 | Rake $0 
Seat 1: POLLO ISRA75 folded before Flop (didn't bet)
Seat 3: penggguin (button) folded before Flop (didn't bet)
Seat 4: AaronAarlson (small blind) folded before Flop
Seat 6: PeterL59 (big blind) folded before Flop
Seat 7: amswordam folded before Flop
Seat 8: Dorex2007 folded before Flop (didn't bet)
Seat 9: maxplant collected ($0.07)



PokerStars Hand #226653966135:  Hold'em No Limit ($0.01/$0.02 USD) - 2021/05/10 23:04:20 PT [2021/05/11 2:04:20 ET]
Table 'Underhill' 9-max Seat #4 is the button
Seat 1: POLLO ISRA75 ($3.06 in chips) 
Seat 3: penggguin ($3.01 in chips) 
Seat 4: AaronAarlson ($2.77 in chips) 
Seat 6: PeterL59 ($2.07 in chips) 
Seat 7: amswordam ($2.01 in chips) 
Seat 8: Dorex2007 ($2 in chips) 
Seat 9: maxplant ($2.49 in chips) 
PeterL59: posts small blind $0.01
amswordam: posts big blind $0.02
*** HOLE CARDS ***
Dealt to Dorex2007 [9s Jh]
Dorex2007: folds 
maxplant: folds 
POLLO ISRA75: folds 
penggguin: raises $0.04 to $0.06
AaronAarlson: folds 
PeterL59: folds 
amswordam: calls $0.04
*** FLOP *** [7s 6h 3c]
amswordam: bets $0.07
penggguin: calls $0.07
*** TURN *** [7s 6h 3c] [Th]
amswordam: bets $0.13
penggguin: calls $0.13
*** RIVER *** [7s 6h 3c Th] [Ac]
amswordam: checks 
penggguin: checks 
*** SHOW DOWN ***
amswordam: shows [Jd Kc] (high card Ace)
penggguin: shows [Ks Td] (a pair of Tens)
penggguin collected $0.51 from pot
*** SUMMARY ***
Total pot $0.53 | Rake $0.02 
Board [7s 6h 3c Th Ac]
Seat 1: POLLO ISRA75 folded before Flop (didn't bet)
Seat 3: penggguin showed [Ks Td] and won ($0.51) with a pair of Tens
Seat 4: AaronAarlson (button) folded before Flop (didn't bet)
Seat 6: PeterL59 (small blind) folded before Flop
Seat 7: amswordam (big blind) showed [Jd Kc] and lost with high card Ace
Seat 8: Dorex2007 folded before Flop (didn't bet)
Seat 9: maxplant folded before Flop (didn't bet)



PokerStars Hand #226653972128:  Hold'em No Limit ($0.01/$0.02 USD) - 2021/05/10 23:05:01 PT [2021/05/11 2:05:01 ET]
Table 'Underhill' 9-max Seat #6 is the button
Seat 1: POLLO ISRA75 ($3.06 in chips) 
Seat 3: penggguin ($3.26 in chips) 
Seat 4: AaronAarlson ($2.77 in chips) 
Seat 6: PeterL59 ($2.06 in chips) 
Seat 7: amswordam ($1.75 in chips) 
Seat 8: Dorex2007 ($2 in chips) 
Seat 9: maxplant ($2.49 in chips) 
amswordam: posts small blind $0.01
Dorex2007: posts big blind $0.02
*** HOLE CARDS ***
Dealt to Dorex2007 [3h 6s]
maxplant: folds 
POLLO ISRA75: raises $0.04 to $0.06
penggguin: folds 
AaronAarlson: folds 
PeterL59: calls $0.06
amswordam: folds 
Dorex2007: folds 
*** FLOP *** [4c 9c Ac]
birgit233 joins the table at seat #5 
POLLO ISRA75: bets $0.07
PeterL59: folds 
Uncalled bet ($0.07) returned to POLLO ISRA75
POLLO ISRA75 collected $0.14 from pot
*** SUMMARY ***
Total pot $0.15 | Rake $0.01 
Board [4c 9c Ac]
Seat 1: POLLO ISRA75 collected ($0.14)
Seat 3: penggguin folded before Flop (didn't bet)
Seat 4: AaronAarlson folded before Flop (didn't bet)
Seat 6: PeterL59 (button) folded on the Flop
Seat 7: amswordam (small blind) folded before Flop
Seat 8: Dorex2007 (big blind) folded before Flop
Seat 9: maxplant folded before Flop (didn't bet)



PokerStars Hand #226653977580:  Hold'em No Limit ($0.01/$0.02 USD) - 2021/05/10 23:05:37 PT [2021/05/11 2:05:37 ET]
Table 'Underhill' 9-max Seat #7 is the button
Seat 1: POLLO ISRA75 ($3.14 in chips) 
Seat 3: penggguin ($3.26 in chips) 
Seat 4: AaronAarlson ($2.77 in chips) 
Seat 6: PeterL59 ($2 in chips) 
Seat 7: amswordam ($1.74 in chips) 
Seat 8: Dorex2007 ($2 in chips) 
Seat 9: maxplant ($2.49 in chips) 
Dorex2007: posts small blind $0.01
maxplant: posts big blind $0.02
birgit233: sits out 
*** HOLE CARDS ***
Dealt to Dorex2007 [5d 5h]
POLLO ISRA75: folds 
penggguin: raises $0.04 to $0.06
AaronAarlson: folds 
PeterL59: raises $0.04 to $0.10
amswordam: folds 
Dorex2007: folds 
maxplant: folds 
penggguin: calls $0.04
*** FLOP *** [8c Jc Qd]
penggguin: checks 
PeterL59: bets $0.04
penggguin: calls $0.04
*** TURN *** [8c Jc Qd] [7c]
penggguin: checks 
PeterL59: bets $0.12
penggguin: calls $0.12
*** RIVER *** [8c Jc Qd 7c] [9d]
penggguin: checks 
PeterL59: bets $1.74 and is all-in
amswordam leaves the table
penggguin: folds 
Uncalled bet ($1.74) returned to PeterL59
PeterL59 collected $0.53 from pot
PeterL59: doesn't show hand 
*** SUMMARY ***
Total pot $0.55 | Rake $0.02 
Board [8c Jc Qd 7c 9d]
Seat 1: POLLO ISRA75 folded before Flop (didn't bet)
Seat 3: penggguin folded on the River
Seat 4: AaronAarlson folded before Flop (didn't bet)
Seat 6: PeterL59 collected ($0.53)
Seat 7: amswordam (button) folded before Flop (didn't bet)
Seat 8: Dorex2007 (small blind) folded before Flop
Seat 9: maxplant (big blind) folded before Flop



PokerStars Hand #226653984754:  Hold'em No Limit ($0.01/$0.02 USD) - 2021/05/10 23:06:26 PT [2021/05/11 2:06:26 ET]
Table 'Underhill' 9-max Seat #8 is the button
Seat 1: POLLO ISRA75 ($3.14 in chips) 
Seat 3: penggguin ($3 in chips) 
Seat 4: AaronAarlson ($2.77 in chips) 
Seat 6: PeterL59 ($2.27 in chips) 
Seat 8: Dorex2007 ($2 in chips) 
Seat 9: maxplant ($2.47 in chips) 
maxplant: posts small blind $0.01
POLLO ISRA75: posts big blind $0.02
birgit233: sits out 
*** HOLE CARDS ***
Dealt to Dorex2007 [2d 2c]
penggguin: folds 
AaronAarlson: folds 
sofaking1973 joins the table at seat #7 
PeterL59: calls $0.02
Dorex2007: calls $0.02
maxplant: calls $0.01
POLLO ISRA75: checks 
*** FLOP *** [5d 8d Ac]
maxplant: checks 
POLLO ISRA75: checks 
PeterL59: checks 
Dorex2007: checks 
*** TURN *** [5d 8d Ac] [9s]
maxplant: checks 
POLLO ISRA75: checks 
PeterL59: checks 
Dorex2007: checks 
*** RIVER *** [5d 8d Ac 9s] [2h]
maxplant: bets $0.10
POLLO ISRA75: folds 
PeterL59: folds 
Dorex2007: raises $0.10 to $0.20
maxplant: raises $0.20 to $0.40
Dorex2007: calls $0.20
*** SHOW DOWN ***
maxplant: shows [6c 7h] (a straight, Five to Nine)
Dorex2007: mucks hand 
maxplant collected $0.85 from pot
*** SUMMARY ***
Total pot $0.88 | Rake $0.03 
Board [5d 8d Ac 9s 2h]
Seat 1: POLLO ISRA75 (big blind) folded on the River
Seat 3: penggguin folded before Flop (didn't bet)
Seat 4: AaronAarlson folded before Flop (didn't bet)
Seat 6: PeterL59 folded on the River
Seat 8: Dorex2007 (button) mucked [2d 2c]
Seat 9: maxplant (small blind) showed [6c 7h] and won ($0.85) with a straight, Five to Nine



PokerStars Hand #226653992434:  Hold'em No Limit ($0.01/$0.02 USD) - 2021/05/10 23:07:20 PT [2021/05/11 2:07:20 ET]
Table 'Underhill' 9-max Seat #9 is the button
Seat 1: POLLO ISRA75 ($3.12 in chips) 
Seat 3: penggguin ($3 in chips) 
Seat 4: AaronAarlson ($2.77 in chips) 
Seat 6: PeterL59 ($2.25 in chips) 
Seat 8: Dorex2007 ($2 in chips) 
Seat 9: maxplant ($2.90 in chips) 
POLLO ISRA75: posts small blind $0.01
penggguin: posts big blind $0.02
birgit233: sits out 
sofaking1973: sits out 
*** HOLE CARDS ***
Dealt to Dorex2007 [5d Jc]
sofaking1973 leaves the table
AaronAarlson: folds 
PeterL59: calls $0.02
Dorex2007: folds 
maxplant: calls $0.02
POLLO ISRA75: folds 
penggguin: checks 
*** FLOP *** [Kd 6h Qh]
penggguin: checks 
PeterL59: checks 
maxplant: checks 
*** TURN *** [Kd 6h Qh] [Ks]
penggguin: checks 
PeterL59: checks 
maxplant: bets $0.04
penggguin: folds 
PeterL59: folds 
Uncalled bet ($0.04) returned to maxplant
maxplant collected $0.07 from pot
maxplant: doesn't show hand 
*** SUMMARY ***
Total pot $0.07 | Rake $0 
Board [Kd 6h Qh Ks]
Seat 1: POLLO ISRA75 (small blind) folded before Flop
Seat 3: penggguin (big blind) folded on the Turn
Seat 4: AaronAarlson folded before Flop (didn't bet)
Seat 6: PeterL59 folded on the Turn
Seat 8: Dorex2007 folded before Flop (didn't bet)
Seat 9: maxplant (button) collected ($0.07)



PokerStars Hand #226653997375:  Hold'em No Limit ($0.01/$0.02 USD) - 2021/05/10 23:07:54 PT [2021/05/11 2:07:54 ET]
Table 'Underhill' 9-max Seat #1 is the button
Seat 1: POLLO ISRA75 ($3.11 in chips) 
Seat 3: penggguin ($2.98 in chips) 
Seat 4: AaronAarlson ($2.77 in chips) 
Seat 6: PeterL59 ($2.23 in chips) 
Seat 8: Dorex2007 ($2 in chips) 
Seat 9: maxplant ($2.95 in chips) 
penggguin: posts small blind $0.01
AaronAarlson: posts big blind $0.02
birgit233: sits out 
*** HOLE CARDS ***
Dealt to Dorex2007 [Jh Ad]
PeterL59: folds 
Dorex2007: raises $0.04 to $0.06
maxplant: folds 
POLLO ISRA75: folds 
PeterL59 leaves the table
penggguin: folds 
AaronAarlson: folds 
Uncalled bet ($0.04) returned to Dorex2007
Dorex2007 collected $0.05 from pot
Dorex2007: doesn't show hand 
*** SUMMARY ***
Total pot $0.05 | Rake $0 
Seat 1: POLLO ISRA75 (button) folded before Flop (didn't bet)
Seat 3: penggguin (small blind) folded before Flop
Seat 4: AaronAarlson (big blind) folded before Flop
Seat 6: PeterL59 folded before Flop (didn't bet)
Seat 8: Dorex2007 collected ($0.05)
Seat 9: maxplant folded before Flop (didn't bet)



PokerStars Hand #226653999718:  Hold'em No Limit ($0.01/$0.02 USD) - 2021/05/10 23:08:11 PT [2021/05/11 2:08:11 ET]
Table 'Underhill' 9-max Seat #3 is the button
Seat 1: POLLO ISRA75 ($3.11 in chips) 
Seat 3: penggguin ($2.97 in chips) 
Seat 4: AaronAarlson ($2.75 in chips) 
Seat 5: birgit233 ($0.80 in chips) 
Seat 8: Dorex2007 ($2.03 in chips) 
Seat 9: maxplant ($2.95 in chips) 
AaronAarlson: posts small blind $0.01
birgit233: posts big blind $0.02
*** HOLE CARDS ***
Dealt to Dorex2007 [3s As]
Dorex2007: calls $0.02
maxplant: calls $0.02
POLLO ISRA75: folds 
penggguin: folds 
AaronAarlson: calls $0.01
birgit233: checks 
*** FLOP *** [7h 2c 8c]
AaronAarlson: bets $0.08
birgit233: folds 
Dorex2007: folds 
maxplant: folds 
Uncalled bet ($0.08) returned to AaronAarlson
AaronAarlson collected $0.08 from pot
AaronAarlson: doesn't show hand 
*** SUMMARY ***
Total pot $0.08 | Rake $0 
Board [7h 2c 8c]
Seat 1: POLLO ISRA75 folded before Flop (didn't bet)
Seat 3: penggguin (button) folded before Flop (didn't bet)
Seat 4: AaronAarlson (small blind) collected ($0.08)
Seat 5: birgit233 (big blind) folded on the Flop
Seat 8: Dorex2007 folded on the Flop
Seat 9: maxplant folded on the Flop



PokerStars Hand #226654005114:  Hold'em No Limit ($0.01/$0.02 USD) - 2021/05/10 23:08:48 PT [2021/05/11 2:08:48 ET]
Table 'Underhill' 9-max Seat #4 is the button
Seat 1: POLLO ISRA75 ($3.11 in chips) 
Seat 3: penggguin ($2.97 in chips) 
Seat 4: AaronAarlson ($2.81 in chips) 
Seat 5: birgit233 ($0.78 in chips) 
Seat 8: Dorex2007 ($2.01 in chips) 
Seat 9: maxplant ($2.93 in chips) 
birgit233: posts small blind $0.01
Dorex2007: posts big blind $0.02
*** HOLE CARDS ***
Dealt to Dorex2007 [4c 7c]
maxplant: folds 
POLLO ISRA75: folds 
penggguin: folds 
AaronAarlson: folds 
birgit233: folds 
Uncalled bet ($0.01) returned to Dorex2007
Dorex2007 collected $0.02 from pot
Dorex2007: doesn't show hand 
*** SUMMARY ***
Total pot $0.02 | Rake $0 
Seat 1: POLLO ISRA75 folded before Flop (didn't bet)
Seat 3: penggguin folded before Flop (didn't bet)
Seat 4: AaronAarlson (button) folded before Flop (didn't bet)
Seat 5: birgit233 (small blind) folded before Flop
Seat 8: Dorex2007 (big blind) collected ($0.02)
Seat 9: maxplant folded before Flop (didn't bet)



PokerStars Hand #226654007553:  Hold'em No Limit ($0.01/$0.02 USD) - 2021/05/10 23:09:05 PT [2021/05/11 2:09:05 ET]
Table 'Underhill' 9-max Seat #5 is the button
Seat 1: POLLO ISRA75 ($3.11 in chips) 
Seat 3: penggguin ($2.97 in chips) 
Seat 4: AaronAarlson ($2.81 in chips) 
Seat 5: birgit233 ($0.77 in chips) 
Seat 8: Dorex2007 ($2.02 in chips) 
Seat 9: maxplant ($2.93 in chips) 
Dorex2007: posts small blind $0.01
maxplant: posts big blind $0.02
*** HOLE CARDS ***
Dealt to Dorex2007 [6h 2c]
POLLO ISRA75: calls $0.02
penggguin: raises $0.04 to $0.06
AaronAarlson: folds 
birgit233: folds 
Dorex2007: folds 
maxplant: folds 
POLLO ISRA75: calls $0.04
*** FLOP *** [5h 7h 9s]
POLLO ISRA75: checks 
penggguin: checks 
*** TURN *** [5h 7h 9s] [6c]
POLLO ISRA75: checks 
penggguin: checks 
*** RIVER *** [5h 7h 9s 6c] [7s]
POLLO ISRA75: checks 
penggguin: checks 
*** SHOW DOWN ***
POLLO ISRA75: shows [As Qd] (a pair of Sevens)
penggguin: mucks hand 
POLLO ISRA75 collected $0.14 from pot
*** SUMMARY ***
Total pot $0.15 | Rake $0.01 
Board [5h 7h 9s 6c 7s]
Seat 1: POLLO ISRA75 showed [As Qd] and won ($0.14) with a pair of Sevens
Seat 3: penggguin mucked [Kc Ts]
Seat 4: AaronAarlson folded before Flop (didn't bet)
Seat 5: birgit233 (button) folded before Flop (didn't bet)
Seat 8: Dorex2007 (small blind) folded before Flop
Seat 9: maxplant (big blind) folded before Flop



PokerStars Hand #226654011263:  Hold'em No Limit ($0.01/$0.02 USD) - 2021/05/10 23:09:31 PT [2021/05/11 2:09:31 ET]
Table 'Underhill' 9-max Seat #8 is the button
Seat 1: POLLO ISRA75 ($3.19 in chips) 
Seat 3: penggguin ($2.91 in chips) 
Seat 4: AaronAarlson ($2.81 in chips) 
Seat 5: birgit233 ($0.77 in chips) 
Seat 8: Dorex2007 ($2.01 in chips) 
Seat 9: maxplant ($2.91 in chips) 
maxplant: posts small blind $0.01
POLLO ISRA75: posts big blind $0.02
*** HOLE CARDS ***
Dealt to Dorex2007 [2d Qh]
penggguin: raises $0.04 to $0.06
AaronAarlson: folds 
birgit233: raises $0.15 to $0.21
Dorex2007: folds 
maxplant: folds 
POLLO ISRA75: folds 
penggguin: calls $0.15
*** FLOP *** [9s Kh Ad]
penggguin: checks 
birgit233: checks 
*** TURN *** [9s Kh Ad] [5s]
penggguin: bets $0.30
birgit233: folds 
Uncalled bet ($0.30) returned to penggguin
penggguin collected $0.43 from pot
penggguin: doesn't show hand 
*** SUMMARY ***
Total pot $0.45 | Rake $0.02 
Board [9s Kh Ad 5s]
Seat 1: POLLO ISRA75 (big blind) folded before Flop
Seat 3: penggguin collected ($0.43)
Seat 4: AaronAarlson folded before Flop (didn't bet)
Seat 5: birgit233 folded on the Turn
Seat 8: Dorex2007 (button) folded before Flop (didn't bet)
Seat 9: maxplant (small blind) folded before Flop



PokerStars Hand #226654015348:  Hold'em No Limit ($0.01/$0.02 USD) - 2021/05/10 23:09:59 PT [2021/05/11 2:09:59 ET]
Table 'Underhill' 9-max Seat #9 is the button
Seat 1: POLLO ISRA75 ($3.17 in chips) 
Seat 3: penggguin ($3.13 in chips) 
Seat 4: AaronAarlson ($2.81 in chips) 
Seat 5: birgit233 ($0.56 in chips) 
Seat 8: Dorex2007 ($2.01 in chips) 
Seat 9: maxplant ($2.90 in chips) 
POLLO ISRA75: posts small blind $0.01
penggguin: posts big blind $0.02
*** HOLE CARDS ***
Dealt to Dorex2007 [7d 5c]
AaronAarlson: folds 
birgit233: folds 
Dorex2007: folds 
maxplant: raises $0.02 to $0.04
POLLO ISRA75: folds 
penggguin: calls $0.02
*** FLOP *** [4d Jd 3s]
POLLO ISRA75 leaves the table
penggguin: checks 
maxplant: bets $0.05
penggguin: calls $0.05
*** TURN *** [4d Jd 3s] [8c]
penggguin: checks 
maxplant: bets $0.09
birgit233 leaves the table
penggguin: calls $0.09
*** RIVER *** [4d Jd 3s 8c] [Ac]
penggguin: checks 
maxplant: checks 
*** SHOW DOWN ***
penggguin: shows [Jc Qh] (a pair of Jacks)
maxplant: mucks hand 
penggguin collected $0.36 from pot
gerz380v leaves the table
*** SUMMARY ***
Total pot $0.37 | Rake $0.01 
Board [4d Jd 3s 8c Ac]
Seat 1: POLLO ISRA75 (small blind) folded before Flop
Seat 3: penggguin (big blind) showed [Jc Qh] and won ($0.36) with a pair of Jacks
Seat 4: AaronAarlson folded before Flop (didn't bet)
Seat 5: birgit233 folded before Flop (didn't bet)
Seat 8: Dorex2007 folded before Flop (didn't bet)
Seat 9: maxplant (button) mucked [8d Qd]



PokerStars Hand #226654019170:  Hold'em No Limit ($0.01/$0.02 USD) - 2021/05/10 23:10:26 PT [2021/05/11 2:10:26 ET]
Table 'Underhill' 9-max Seat #3 is the button
Seat 3: penggguin ($3.31 in chips) 
Seat 4: AaronAarlson ($2.81 in chips) 
Seat 8: Dorex2007 ($2.01 in chips) 
Seat 9: maxplant ($2.72 in chips) 
AaronAarlson: posts small blind $0.01
Dorex2007: posts big blind $0.02
*** HOLE CARDS ***
Dealt to Dorex2007 [3h 5c]
maxplant: raises $0.02 to $0.04
penggguin: folds 
penggguin leaves the table
AaronAarlson: folds 
Dorex2007: folds 
Uncalled bet ($0.02) returned to maxplant
maxplant collected $0.05 from pot
maxplant: doesn't show hand 
*** SUMMARY ***
Total pot $0.05 | Rake $0 
Seat 3: penggguin (button) folded before Flop (didn't bet)
Seat 4: AaronAarlson (small blind) folded before Flop
Seat 8: Dorex2007 (big blind) folded before Flop
Seat 9: maxplant collected ($0.05)



