PokerStars Hand #226990718613:  Hold'em No Limit ($0.01/$0.02 USD) - 2021/05/22 23:53:12 PT [2021/05/23 2:53:12 ET]
Table 'Aaltje' 9-max Seat #7 is the button
Seat 1: klimenko123rus ($0.80 in chips) 
Seat 2: PepperDM ($2.33 in chips) 
Seat 3: valera_9696@ ($3.18 in chips) 
Seat 5: DEPUTAT_793 ($2.54 in chips) 
Seat 6: Dorex2007 ($2 in chips) 
Seat 7: Ramkuss ($2.05 in chips) 
Seat 8: podlesh60 ($0.81 in chips) 
Seat 9: xblondie70x ($2.81 in chips) 
podlesh60: posts small blind $0.01
xblondie70x: posts big blind $0.02
klimenko123rus: posts big blind $0.02
Dorex2007: posts big blind $0.02
*** HOLE CARDS ***
Dealt to Dorex2007 [3c Qc]
klimenko123rus: raises $0.04 to $0.06
PepperDM: folds 
valera_9696@: folds 
DEPUTAT_793: folds 
Dorex2007: folds 
Ramkuss: folds 
podlesh60: folds 
xblondie70x: folds 
Uncalled bet ($0.04) returned to klimenko123rus
klimenko123rus collected $0.07 from pot
klimenko123rus: doesn't show hand 
*** SUMMARY ***
Total pot $0.07 | Rake $0 
Seat 1: klimenko123rus collected ($0.07)
Seat 2: PepperDM folded before Flop (didn't bet)
Seat 3: valera_9696@ folded before Flop (didn't bet)
Seat 5: DEPUTAT_793 folded before Flop (didn't bet)
Seat 6: Dorex2007 folded before Flop (didn't bet)
Seat 7: Ramkuss (button) folded before Flop (didn't bet)
Seat 8: podlesh60 (small blind) folded before Flop
Seat 9: xblondie70x (big blind) folded before Flop



PokerStars Hand #226990721637:  Hold'em No Limit ($0.01/$0.02 USD) - 2021/05/22 23:53:30 PT [2021/05/23 2:53:30 ET]
Table 'Aaltje' 9-max Seat #8 is the button
Seat 1: klimenko123rus ($0.85 in chips) 
Seat 2: PepperDM ($2.33 in chips) 
Seat 3: valera_9696@ ($3.18 in chips) 
Seat 5: DEPUTAT_793 ($2.54 in chips) 
Seat 6: Dorex2007 ($1.98 in chips) 
Seat 7: Ramkuss ($2.05 in chips) 
Seat 8: podlesh60 ($0.80 in chips) 
Seat 9: xblondie70x ($2.79 in chips) 
xblondie70x: posts small blind $0.01
klimenko123rus: posts big blind $0.02
*** HOLE CARDS ***
Dealt to Dorex2007 [8d Ah]
PepperDM: folds 
valera_9696@: folds 
DEPUTAT_793: calls $0.02
Dorex2007: folds 
Ramkuss: raises $0.07 to $0.09
podlesh60: folds 
xblondie70x: folds 
klimenko123rus: folds 
DEPUTAT_793: calls $0.07
*** FLOP *** [6s 9c Ad]
DEPUTAT_793: checks 
Ramkuss: checks 
*** TURN *** [6s 9c Ad] [Kh]
DEPUTAT_793: checks 
Ramkuss: bets $0.12
DEPUTAT_793: folds 
Uncalled bet ($0.12) returned to Ramkuss
Ramkuss collected $0.20 from pot
Ramkuss: doesn't show hand 
*** SUMMARY ***
Total pot $0.21 | Rake $0.01 
Board [6s 9c Ad Kh]
Seat 1: klimenko123rus (big blind) folded before Flop
Seat 2: PepperDM folded before Flop (didn't bet)
Seat 3: valera_9696@ folded before Flop (didn't bet)
Seat 5: DEPUTAT_793 folded on the Turn
Seat 6: Dorex2007 folded before Flop (didn't bet)
Seat 7: Ramkuss collected ($0.20)
Seat 8: podlesh60 (button) folded before Flop (didn't bet)
Seat 9: xblondie70x (small blind) folded before Flop



PokerStars Hand #226990731350:  Hold'em No Limit ($0.01/$0.02 USD) - 2021/05/22 23:54:29 PT [2021/05/23 2:54:29 ET]
Table 'Aaltje' 9-max Seat #9 is the button
Seat 1: klimenko123rus ($0.83 in chips) 
Seat 2: PepperDM ($2.33 in chips) 
Seat 3: valera_9696@ ($3.18 in chips) 
Seat 5: DEPUTAT_793 ($2.45 in chips) 
Seat 6: Dorex2007 ($1.98 in chips) 
Seat 7: Ramkuss ($2.16 in chips) 
Seat 8: podlesh60 ($0.80 in chips) 
Seat 9: xblondie70x ($2.78 in chips) 
klimenko123rus: posts small blind $0.01
PepperDM: posts big blind $0.02
*** HOLE CARDS ***
Dealt to Dorex2007 [Qd 3d]
valera_9696@: raises $0.05 to $0.07
DEPUTAT_793: calls $0.07
Dorex2007: folds 
Ramkuss: folds 
podlesh60: folds 
lolilolka leaves the table
xblondie70x: calls $0.07
klimenko123rus: raises $0.05 to $0.12
PepperDM: folds 
ARSENY2 joins the table at seat #4 
valera_9696@: raises $3.06 to $3.18 and is all-in
DEPUTAT_793: folds 
xblondie70x: folds 
klimenko123rus: calls $0.71 and is all-in
Uncalled bet ($2.35) returned to valera_9696@
*** FLOP *** [Qc Ks 3s]
*** TURN *** [Qc Ks 3s] [7d]
*** RIVER *** [Qc Ks 3s 7d] [Ts]
*** SHOW DOWN ***
klimenko123rus: shows [Qh Ac] (a pair of Queens)
valera_9696@: shows [Kd Ah] (a pair of Kings)
valera_9696@ collected $1.76 from pot
*** SUMMARY ***
Total pot $1.82 | Rake $0.06 
Board [Qc Ks 3s 7d Ts]
Seat 1: klimenko123rus (small blind) showed [Qh Ac] and lost with a pair of Queens
Seat 2: PepperDM (big blind) folded before Flop
Seat 3: valera_9696@ showed [Kd Ah] and won ($1.76) with a pair of Kings
Seat 5: DEPUTAT_793 folded before Flop
Seat 6: Dorex2007 folded before Flop (didn't bet)
Seat 7: Ramkuss folded before Flop (didn't bet)
Seat 8: podlesh60 folded before Flop (didn't bet)
Seat 9: xblondie70x (button) folded before Flop



PokerStars Hand #226990737942:  Hold'em No Limit ($0.01/$0.02 USD) - 2021/05/22 23:55:10 PT [2021/05/23 2:55:10 ET]
Table 'Aaltje' 9-max Seat #2 is the button
Seat 2: PepperDM ($2.31 in chips) 
Seat 3: valera_9696@ ($4.11 in chips) 
Seat 4: ARSENY2 ($2 in chips) 
Seat 5: DEPUTAT_793 ($2.38 in chips) 
Seat 6: Dorex2007 ($1.98 in chips) 
Seat 7: Ramkuss ($2.16 in chips) 
Seat 8: podlesh60 ($0.80 in chips) 
Seat 9: xblondie70x ($2.71 in chips) 
valera_9696@: posts small blind $0.01
ARSENY2: posts big blind $0.02
*** HOLE CARDS ***
Dealt to Dorex2007 [4d 4c]
DEPUTAT_793: folds 
Dorex2007: calls $0.02
klimenko123rus leaves the table
Ramkuss: folds 
podlesh60: folds 
xblondie70x: folds 
PepperDM: folds 
valera_9696@: folds 
ARSENY2: checks 
*** FLOP *** [Ad 2d 2c]
ARSENY2: checks 
Shutnica27 joins the table at seat #1 
Dorex2007: bets $0.05
ARSENY2: calls $0.05
*** TURN *** [Ad 2d 2c] [9s]
ARSENY2: bets $0.14
Dorex2007: folds 
Uncalled bet ($0.14) returned to ARSENY2
ARSENY2 collected $0.14 from pot
ARSENY2: doesn't show hand 
*** SUMMARY ***
Total pot $0.15 | Rake $0.01 
Board [Ad 2d 2c 9s]
Seat 2: PepperDM (button) folded before Flop (didn't bet)
Seat 3: valera_9696@ (small blind) folded before Flop
Seat 4: ARSENY2 (big blind) collected ($0.14)
Seat 5: DEPUTAT_793 folded before Flop (didn't bet)
Seat 6: Dorex2007 folded on the Turn
Seat 7: Ramkuss folded before Flop (didn't bet)
Seat 8: podlesh60 folded before Flop (didn't bet)
Seat 9: xblondie70x folded before Flop (didn't bet)



PokerStars Hand #226990744424:  Hold'em No Limit ($0.01/$0.02 USD) - 2021/05/22 23:55:54 PT [2021/05/23 2:55:54 ET]
Table 'Aaltje' 9-max Seat #3 is the button
Seat 2: PepperDM ($2.31 in chips) 
Seat 3: valera_9696@ ($4.10 in chips) 
Seat 4: ARSENY2 ($2.07 in chips) 
Seat 5: DEPUTAT_793 ($2.38 in chips) 
Seat 6: Dorex2007 ($1.91 in chips) 
Seat 7: Ramkuss ($2.16 in chips) 
Seat 8: podlesh60 ($0.80 in chips) 
Seat 9: xblondie70x ($2.71 in chips) 
ARSENY2: posts small blind $0.01
DEPUTAT_793: posts big blind $0.02
Shutnica27: sits out 
*** HOLE CARDS ***
Dealt to Dorex2007 [Kd 9h]
Dorex2007: folds 
Ramkuss: folds 
podlesh60: folds 
xblondie70x: folds 
PepperDM: calls $0.02
valera_9696@: folds 
ARSENY2: folds 
DEPUTAT_793: checks 
*** FLOP *** [Ac Ah Qs]
DEPUTAT_793: checks 
PepperDM: checks 
*** TURN *** [Ac Ah Qs] [Jh]
DEPUTAT_793: checks 
PepperDM: checks 
*** RIVER *** [Ac Ah Qs Jh] [Ad]
DEPUTAT_793: checks 
PepperDM: checks 
*** SHOW DOWN ***
DEPUTAT_793: shows [9s 2c] (three of a kind, Aces)
PepperDM: shows [2d 6d] (three of a kind, Aces)
DEPUTAT_793 collected $0.03 from pot
PepperDM collected $0.02 from pot
*** SUMMARY ***
Total pot $0.05 | Rake $0 
Board [Ac Ah Qs Jh Ad]
Seat 2: PepperDM showed [2d 6d] and won ($0.02) with three of a kind, Aces
Seat 3: valera_9696@ (button) folded before Flop (didn't bet)
Seat 4: ARSENY2 (small blind) folded before Flop
Seat 5: DEPUTAT_793 (big blind) showed [9s 2c] and won ($0.03) with three of a kind, Aces
Seat 6: Dorex2007 folded before Flop (didn't bet)
Seat 7: Ramkuss folded before Flop (didn't bet)
Seat 8: podlesh60 folded before Flop (didn't bet)
Seat 9: xblondie70x folded before Flop (didn't bet)



PokerStars Hand #226990748611:  Hold'em No Limit ($0.01/$0.02 USD) - 2021/05/22 23:56:22 PT [2021/05/23 2:56:22 ET]
Table 'Aaltje' 9-max Seat #4 is the button
Seat 1: Shutnica27 ($0.80 in chips) 
Seat 2: PepperDM ($2.31 in chips) 
Seat 3: valera_9696@ ($4.10 in chips) 
Seat 4: ARSENY2 ($2.06 in chips) 
Seat 5: DEPUTAT_793 ($2.39 in chips) 
Seat 6: Dorex2007 ($1.91 in chips) 
Seat 7: Ramkuss ($2.16 in chips) 
Seat 8: podlesh60 ($0.80 in chips) 
Seat 9: xblondie70x ($2.71 in chips) 
DEPUTAT_793: posts small blind $0.01
Dorex2007: posts big blind $0.02
Shutnica27: posts big blind $0.02
*** HOLE CARDS ***
Dealt to Dorex2007 [Qs Jh]
Ramkuss: folds 
podlesh60: calls $0.02
xblondie70x: folds 
Shutnica27: checks 
PepperDM: folds 
valera_9696@: folds 
ARSENY2: folds 
DEPUTAT_793: calls $0.01
Dorex2007: checks 
*** FLOP *** [8d Jc Kc]
DEPUTAT_793: checks 
Dorex2007: checks 
podlesh60: checks 
Shutnica27: checks 
*** TURN *** [8d Jc Kc] [8s]
DEPUTAT_793: checks 
Dorex2007: checks 
podlesh60: checks 
Shutnica27: checks 
*** RIVER *** [8d Jc Kc 8s] [2c]
DEPUTAT_793: checks 
Dorex2007: checks 
podlesh60: checks 
Shutnica27: checks 
*** SHOW DOWN ***
DEPUTAT_793: shows [As 9s] (a pair of Eights)
Dorex2007: shows [Qs Jh] (two pair, Jacks and Eights)
podlesh60: shows [Ad Jd] (two pair, Jacks and Eights - Ace kicker)
Shutnica27: mucks hand 
podlesh60 collected $0.08 from pot
*** SUMMARY ***
Total pot $0.08 | Rake $0 
Board [8d Jc Kc 8s 2c]
Seat 1: Shutnica27 mucked [4h Ac]
Seat 2: PepperDM folded before Flop (didn't bet)
Seat 3: valera_9696@ folded before Flop (didn't bet)
Seat 4: ARSENY2 (button) folded before Flop (didn't bet)
Seat 5: DEPUTAT_793 (small blind) showed [As 9s] and lost with a pair of Eights
Seat 6: Dorex2007 (big blind) showed [Qs Jh] and lost with two pair, Jacks and Eights
Seat 7: Ramkuss folded before Flop (didn't bet)
Seat 8: podlesh60 showed [Ad Jd] and won ($0.08) with two pair, Jacks and Eights
Seat 9: xblondie70x folded before Flop (didn't bet)



PokerStars Hand #226990755183:  Hold'em No Limit ($0.01/$0.02 USD) - 2021/05/22 23:57:07 PT [2021/05/23 2:57:07 ET]
Table 'Aaltje' 9-max Seat #5 is the button
Seat 1: Shutnica27 ($0.78 in chips) 
Seat 2: PepperDM ($2.31 in chips) 
Seat 3: valera_9696@ ($4.10 in chips) 
Seat 4: ARSENY2 ($2.06 in chips) 
Seat 5: DEPUTAT_793 ($2.37 in chips) 
Seat 6: Dorex2007 ($1.89 in chips) 
Seat 7: Ramkuss ($2.16 in chips) 
Seat 8: podlesh60 ($0.86 in chips) 
Seat 9: xblondie70x ($2.71 in chips) 
Dorex2007: posts small blind $0.01
Ramkuss: posts big blind $0.02
*** HOLE CARDS ***
Dealt to Dorex2007 [Td Tc]
podlesh60: folds 
xblondie70x: folds 
Shutnica27: calls $0.02
PepperDM: folds 
valera_9696@: folds 
ARSENY2: raises $0.06 to $0.08
DEPUTAT_793: folds 
Dorex2007: calls $0.07
podlesh60 leaves the table
Ramkuss: folds 
Shutnica27: calls $0.06
*** FLOP *** [9h Jh 4c]
Dorex2007: checks 
Shutnica27: checks 
ARSENY2: bets $0.15
Dorex2007: calls $0.15
Shutnica27: folds 
*** TURN *** [9h Jh 4c] [Ad]
TT29500 joins the table at seat #8 
Dorex2007: bets $0.27
ARSENY2: folds 
Uncalled bet ($0.27) returned to Dorex2007
Dorex2007 collected $0.54 from pot
Dorex2007: doesn't show hand 
*** SUMMARY ***
Total pot $0.56 | Rake $0.02 
Board [9h Jh 4c Ad]
Seat 1: Shutnica27 folded on the Flop
Seat 2: PepperDM folded before Flop (didn't bet)
Seat 3: valera_9696@ folded before Flop (didn't bet)
Seat 4: ARSENY2 folded on the Turn
Seat 5: DEPUTAT_793 (button) folded before Flop (didn't bet)
Seat 6: Dorex2007 (small blind) collected ($0.54)
Seat 7: Ramkuss (big blind) folded before Flop
Seat 8: podlesh60 folded before Flop (didn't bet)
Seat 9: xblondie70x folded before Flop (didn't bet)



PokerStars Hand #226990760595:  Hold'em No Limit ($0.01/$0.02 USD) - 2021/05/22 23:57:44 PT [2021/05/23 2:57:44 ET]
Table 'Aaltje' 9-max Seat #6 is the button
Seat 1: Shutnica27 ($0.70 in chips) 
Seat 2: PepperDM ($2.31 in chips) 
Seat 3: valera_9696@ ($4.10 in chips) 
Seat 4: ARSENY2 ($2 in chips) 
Seat 5: DEPUTAT_793 ($2.37 in chips) 
Seat 6: Dorex2007 ($2.20 in chips) 
Seat 7: Ramkuss ($2.14 in chips) 
Seat 8: TT29500 ($2 in chips) 
Seat 9: xblondie70x ($2.71 in chips) 
Ramkuss: posts small blind $0.01
TT29500: posts big blind $0.02
*** HOLE CARDS ***
Dealt to Dorex2007 [7h Th]
xblondie70x: folds 
Shutnica27: folds 
PepperDM: calls $0.02
valera_9696@: folds 
ARSENY2: folds 
DEPUTAT_793: folds 
Dorex2007: calls $0.02
Ramkuss: folds 
TT29500: checks 
*** FLOP *** [2s Jh 8s]
TT29500: checks 
PepperDM: checks 
Dorex2007: checks 
*** TURN *** [2s Jh 8s] [Ks]
TT29500: checks 
PepperDM: checks 
Dorex2007: bets $0.05
TT29500: folds 
PepperDM: folds 
Uncalled bet ($0.05) returned to Dorex2007
Dorex2007 collected $0.07 from pot
Dorex2007: doesn't show hand 
*** SUMMARY ***
Total pot $0.07 | Rake $0 
Board [2s Jh 8s Ks]
Seat 1: Shutnica27 folded before Flop (didn't bet)
Seat 2: PepperDM folded on the Turn
Seat 3: valera_9696@ folded before Flop (didn't bet)
Seat 4: ARSENY2 folded before Flop (didn't bet)
Seat 5: DEPUTAT_793 folded before Flop (didn't bet)
Seat 6: Dorex2007 (button) collected ($0.07)
Seat 7: Ramkuss (small blind) folded before Flop
Seat 8: TT29500 (big blind) folded on the Turn
Seat 9: xblondie70x folded before Flop (didn't bet)



PokerStars Hand #226990768905:  Hold'em No Limit ($0.01/$0.02 USD) - 2021/05/22 23:58:40 PT [2021/05/23 2:58:40 ET]
Table 'Aaltje' 9-max Seat #7 is the button
Seat 1: Shutnica27 ($0.70 in chips) 
Seat 2: PepperDM ($2.29 in chips) 
Seat 3: valera_9696@ ($4.10 in chips) 
Seat 4: ARSENY2 ($2 in chips) 
Seat 5: DEPUTAT_793 ($2.37 in chips) 
Seat 6: Dorex2007 ($2.25 in chips) 
Seat 7: Ramkuss ($2.13 in chips) 
Seat 8: TT29500 ($1.98 in chips) 
Seat 9: xblondie70x ($2.71 in chips) 
TT29500: posts small blind $0.01
xblondie70x: posts big blind $0.02
*** HOLE CARDS ***
Dealt to Dorex2007 [5s 5d]
Shutnica27: folds 
PepperDM: folds 
valera_9696@: folds 
ARSENY2: folds 
DEPUTAT_793: folds 
Dorex2007: calls $0.02
Ramkuss: folds 
TT29500: folds 
xblondie70x: checks 
*** FLOP *** [8s Td 6d]
xblondie70x: checks 
Dorex2007: bets $0.03
xblondie70x: folds 
Uncalled bet ($0.03) returned to Dorex2007
Dorex2007 collected $0.05 from pot
Dorex2007: doesn't show hand 
*** SUMMARY ***
Total pot $0.05 | Rake $0 
Board [8s Td 6d]
Seat 1: Shutnica27 folded before Flop (didn't bet)
Seat 2: PepperDM folded before Flop (didn't bet)
Seat 3: valera_9696@ folded before Flop (didn't bet)
Seat 4: ARSENY2 folded before Flop (didn't bet)
Seat 5: DEPUTAT_793 folded before Flop (didn't bet)
Seat 6: Dorex2007 collected ($0.05)
Seat 7: Ramkuss (button) folded before Flop (didn't bet)
Seat 8: TT29500 (small blind) folded before Flop
Seat 9: xblondie70x (big blind) folded on the Flop



PokerStars Hand #226990772634:  Hold'em No Limit ($0.01/$0.02 USD) - 2021/05/22 23:59:04 PT [2021/05/23 2:59:04 ET]
Table 'Aaltje' 9-max Seat #8 is the button
Seat 1: Shutnica27 ($0.70 in chips) 
Seat 2: PepperDM ($2.29 in chips) 
Seat 3: valera_9696@ ($4.10 in chips) 
Seat 4: ARSENY2 ($2 in chips) 
Seat 5: DEPUTAT_793 ($2.37 in chips) 
Seat 6: Dorex2007 ($2.28 in chips) 
Seat 7: Ramkuss ($2.13 in chips) 
Seat 8: TT29500 ($1.97 in chips) 
Seat 9: xblondie70x ($2.69 in chips) 
xblondie70x: posts small blind $0.01
Shutnica27: posts big blind $0.02
*** HOLE CARDS ***
Dealt to Dorex2007 [8d Qh]
PepperDM: folds 
valera_9696@: folds 
ARSENY2: folds 
DEPUTAT_793: folds 
Dorex2007: folds 
Ramkuss: folds 
TT29500: raises $0.04 to $0.06
xblondie70x: folds 
Shutnica27: calls $0.04
*** FLOP *** [3h 4c 5d]
Shutnica27: checks 
TT29500: bets $0.07
Shutnica27: calls $0.07
*** TURN *** [3h 4c 5d] [Qs]
Shutnica27: checks 
TT29500: checks 
*** RIVER *** [3h 4c 5d Qs] [Ts]
Shutnica27: bets $0.14
TT29500: calls $0.14
*** SHOW DOWN ***
Shutnica27: shows [5s Ac] (a pair of Fives)
TT29500: shows [Ah 5h] (a pair of Fives)
Shutnica27 collected $0.27 from pot
TT29500 collected $0.26 from pot
*** SUMMARY ***
Total pot $0.55 | Rake $0.02 
Board [3h 4c 5d Qs Ts]
Seat 1: Shutnica27 (big blind) showed [5s Ac] and won ($0.27) with a pair of Fives
Seat 2: PepperDM folded before Flop (didn't bet)
Seat 3: valera_9696@ folded before Flop (didn't bet)
Seat 4: ARSENY2 folded before Flop (didn't bet)
Seat 5: DEPUTAT_793 folded before Flop (didn't bet)
Seat 6: Dorex2007 folded before Flop (didn't bet)
Seat 7: Ramkuss folded before Flop (didn't bet)
Seat 8: TT29500 (button) showed [Ah 5h] and won ($0.26) with a pair of Fives
Seat 9: xblondie70x (small blind) folded before Flop



PokerStars Hand #226990779906:  Hold'em No Limit ($0.01/$0.02 USD) - 2021/05/22 23:59:53 PT [2021/05/23 2:59:53 ET]
Table 'Aaltje' 9-max Seat #9 is the button
Seat 1: Shutnica27 ($0.70 in chips) 
Seat 2: PepperDM ($2.29 in chips) 
Seat 3: valera_9696@ ($4.10 in chips) 
Seat 4: ARSENY2 ($2 in chips) 
Seat 5: DEPUTAT_793 ($2.37 in chips) 
Seat 6: Dorex2007 ($2.28 in chips) 
Seat 7: Ramkuss ($2.13 in chips) 
Seat 8: TT29500 ($1.96 in chips) 
Seat 9: xblondie70x ($2.68 in chips) 
Shutnica27: posts small blind $0.01
PepperDM: posts big blind $0.02
*** HOLE CARDS ***
Dealt to Dorex2007 [2s 8h]
valera_9696@: folds 
ARSENY2: folds 
DEPUTAT_793: folds 
ARSENY2 leaves the table
Dorex2007: folds 
Ramkuss: folds 
TT29500: folds 
xblondie70x: raises $0.04 to $0.06
Shutnica27: folds 
PepperDM: folds 
Uncalled bet ($0.04) returned to xblondie70x
xblondie70x collected $0.05 from pot
xblondie70x: doesn't show hand 
*** SUMMARY ***
Total pot $0.05 | Rake $0 
Seat 1: Shutnica27 (small blind) folded before Flop
Seat 2: PepperDM (big blind) folded before Flop
Seat 3: valera_9696@ folded before Flop (didn't bet)
Seat 4: ARSENY2 folded before Flop (didn't bet)
Seat 5: DEPUTAT_793 folded before Flop (didn't bet)
Seat 6: Dorex2007 folded before Flop (didn't bet)
Seat 7: Ramkuss folded before Flop (didn't bet)
Seat 8: TT29500 folded before Flop (didn't bet)
Seat 9: xblondie70x (button) collected ($0.05)



PokerStars Hand #226990784207:  Hold'em No Limit ($0.01/$0.02 USD) - 2021/05/23 0:00:20 PT [2021/05/23 3:00:20 ET]
Table 'Aaltje' 9-max Seat #1 is the button
Seat 1: Shutnica27 ($0.69 in chips) 
Seat 2: PepperDM ($2.27 in chips) 
Seat 3: valera_9696@ ($4.10 in chips) 
Seat 5: DEPUTAT_793 ($2.37 in chips) 
Seat 6: Dorex2007 ($2.28 in chips) 
Seat 7: Ramkuss ($2.13 in chips) 
Seat 8: TT29500 ($1.96 in chips) 
Seat 9: xblondie70x ($2.71 in chips) 
PepperDM: posts small blind $0.01
valera_9696@: posts big blind $0.02
*** HOLE CARDS ***
Dealt to Dorex2007 [8d 7s]
DEPUTAT_793: folds 
Dorex2007: folds 
Ramkuss: raises $0.04 to $0.06
shuhrat19744 joins the table at seat #4 
TT29500: calls $0.06
xblondie70x: folds 
Shutnica27: calls $0.06
PepperDM: folds 
valera_9696@: folds 
*** FLOP *** [Qd Kd 8h]
Ramkuss: bets $0.10
TT29500: folds 
Shutnica27: raises $0.53 to $0.63 and is all-in
Ramkuss: folds 
Uncalled bet ($0.53) returned to Shutnica27
Shutnica27 collected $0.40 from pot
*** SUMMARY ***
Total pot $0.41 | Rake $0.01 
Board [Qd Kd 8h]
Seat 1: Shutnica27 (button) collected ($0.40)
Seat 2: PepperDM (small blind) folded before Flop
Seat 3: valera_9696@ (big blind) folded before Flop
Seat 5: DEPUTAT_793 folded before Flop (didn't bet)
Seat 6: Dorex2007 folded before Flop (didn't bet)
Seat 7: Ramkuss folded on the Flop
Seat 8: TT29500 folded on the Flop
Seat 9: xblondie70x folded before Flop (didn't bet)



PokerStars Hand #226990791842:  Hold'em No Limit ($0.01/$0.02 USD) - 2021/05/23 0:01:06 PT [2021/05/23 3:01:06 ET]
Table 'Aaltje' 9-max Seat #2 is the button
Seat 1: Shutnica27 ($0.93 in chips) 
Seat 2: PepperDM ($2.26 in chips) 
Seat 3: valera_9696@ ($4.08 in chips) 
Seat 4: shuhrat19744 ($2 in chips) 
Seat 5: DEPUTAT_793 ($2.37 in chips) 
Seat 6: Dorex2007 ($2.28 in chips) 
Seat 7: Ramkuss ($1.97 in chips) 
Seat 8: TT29500 ($1.90 in chips) 
Seat 9: xblondie70x ($2.71 in chips) 
valera_9696@: posts small blind $0.01
shuhrat19744: posts big blind $0.02
*** HOLE CARDS ***
Dealt to Dorex2007 [2s Js]
DEPUTAT_793: folds 
Dorex2007: folds 
Ramkuss: folds 
TT29500: folds 
xblondie70x: folds 
Shutnica27: calls $0.02
PepperDM: folds 
valera_9696@: folds 
shuhrat19744: checks 
*** FLOP *** [6h Ad Qc]
shuhrat19744: checks 
Shutnica27: checks 
*** TURN *** [6h Ad Qc] [Th]
shuhrat19744: bets $0.04
Shutnica27: calls $0.04
*** RIVER *** [6h Ad Qc Th] [5d]
shuhrat19744: bets $0.04
Shutnica27: folds 
Uncalled bet ($0.04) returned to shuhrat19744
shuhrat19744 collected $0.13 from pot
shuhrat19744: doesn't show hand 
*** SUMMARY ***
Total pot $0.13 | Rake $0 
Board [6h Ad Qc Th 5d]
Seat 1: Shutnica27 folded on the River
Seat 2: PepperDM (button) folded before Flop (didn't bet)
Seat 3: valera_9696@ (small blind) folded before Flop
Seat 4: shuhrat19744 (big blind) collected ($0.13)
Seat 5: DEPUTAT_793 folded before Flop (didn't bet)
Seat 6: Dorex2007 folded before Flop (didn't bet)
Seat 7: Ramkuss folded before Flop (didn't bet)
Seat 8: TT29500 folded before Flop (didn't bet)
Seat 9: xblondie70x folded before Flop (didn't bet)



PokerStars Hand #226990797222:  Hold'em No Limit ($0.01/$0.02 USD) - 2021/05/23 0:01:37 PT [2021/05/23 3:01:37 ET]
Table 'Aaltje' 9-max Seat #3 is the button
Seat 1: Shutnica27 ($0.87 in chips) 
Seat 2: PepperDM ($2.26 in chips) 
Seat 3: valera_9696@ ($4.07 in chips) 
Seat 4: shuhrat19744 ($2.07 in chips) 
Seat 5: DEPUTAT_793 ($2.37 in chips) 
Seat 6: Dorex2007 ($2.28 in chips) 
Seat 7: Ramkuss ($1.97 in chips) 
Seat 8: TT29500 ($1.90 in chips) 
Seat 9: xblondie70x ($2.71 in chips) 
shuhrat19744: posts small blind $0.01
DEPUTAT_793: posts big blind $0.02
*** HOLE CARDS ***
Dealt to Dorex2007 [9c 6h]
Dorex2007: folds 
Ramkuss: folds 
TT29500: folds 
xblondie70x: folds 
Shutnica27: folds 
PepperDM: folds 
valera_9696@: folds 
shuhrat19744: folds 
Uncalled bet ($0.01) returned to DEPUTAT_793
DEPUTAT_793 collected $0.02 from pot
DEPUTAT_793: doesn't show hand 
*** SUMMARY ***
Total pot $0.02 | Rake $0 
Seat 1: Shutnica27 folded before Flop (didn't bet)
Seat 2: PepperDM folded before Flop (didn't bet)
Seat 3: valera_9696@ (button) folded before Flop (didn't bet)
Seat 4: shuhrat19744 (small blind) folded before Flop
Seat 5: DEPUTAT_793 (big blind) collected ($0.02)
Seat 6: Dorex2007 folded before Flop (didn't bet)
Seat 7: Ramkuss folded before Flop (didn't bet)
Seat 8: TT29500 folded before Flop (didn't bet)
Seat 9: xblondie70x folded before Flop (didn't bet)



PokerStars Hand #226990799729:  Hold'em No Limit ($0.01/$0.02 USD) - 2021/05/23 0:01:51 PT [2021/05/23 3:01:51 ET]
Table 'Aaltje' 9-max Seat #4 is the button
Seat 1: Shutnica27 ($0.87 in chips) 
Seat 2: PepperDM ($2.26 in chips) 
Seat 3: valera_9696@ ($4.07 in chips) 
Seat 4: shuhrat19744 ($2.06 in chips) 
Seat 5: DEPUTAT_793 ($2.38 in chips) 
Seat 6: Dorex2007 ($2.28 in chips) 
Seat 7: Ramkuss ($1.97 in chips) 
Seat 8: TT29500 ($1.90 in chips) 
Seat 9: xblondie70x ($2.71 in chips) 
DEPUTAT_793: posts small blind $0.01
Dorex2007: posts big blind $0.02
*** HOLE CARDS ***
Dealt to Dorex2007 [7c Ah]
Ramkuss: folds 
TT29500: raises $0.04 to $0.06
xblondie70x: folds 
Shutnica27: folds 
PepperDM: folds 
valera_9696@: folds 
shuhrat19744: folds 
DEPUTAT_793: calls $0.05
Dorex2007: folds 
*** FLOP *** [2c 8c Jh]
DEPUTAT_793: checks 
TT29500: bets $0.08
DEPUTAT_793: calls $0.08
*** TURN *** [2c 8c Jh] [6c]
DEPUTAT_793: checks 
TT29500: checks 
*** RIVER *** [2c 8c Jh 6c] [7d]
DEPUTAT_793: checks 
TT29500: checks 
*** SHOW DOWN ***
DEPUTAT_793: shows [Qh As] (high card Ace)
TT29500: shows [9s 9c] (a pair of Nines)
TT29500 collected $0.29 from pot
*** SUMMARY ***
Total pot $0.30 | Rake $0.01 
Board [2c 8c Jh 6c 7d]
Seat 1: Shutnica27 folded before Flop (didn't bet)
Seat 2: PepperDM folded before Flop (didn't bet)
Seat 3: valera_9696@ folded before Flop (didn't bet)
Seat 4: shuhrat19744 (button) folded before Flop (didn't bet)
Seat 5: DEPUTAT_793 (small blind) showed [Qh As] and lost with high card Ace
Seat 6: Dorex2007 (big blind) folded before Flop
Seat 7: Ramkuss folded before Flop (didn't bet)
Seat 8: TT29500 showed [9s 9c] and won ($0.29) with a pair of Nines
Seat 9: xblondie70x folded before Flop (didn't bet)



PokerStars Hand #226990811200:  Hold'em No Limit ($0.01/$0.02 USD) - 2021/05/23 0:02:57 PT [2021/05/23 3:02:57 ET]
Table 'Aaltje' 9-max Seat #5 is the button
Seat 1: Shutnica27 ($0.87 in chips) 
Seat 2: PepperDM ($2.26 in chips) 
Seat 3: valera_9696@ ($4.07 in chips) 
Seat 4: shuhrat19744 ($2.06 in chips) 
Seat 5: DEPUTAT_793 ($2.24 in chips) 
Seat 6: Dorex2007 ($2.26 in chips) 
Seat 7: Ramkuss ($1.97 in chips) 
Seat 8: TT29500 ($2.05 in chips) 
Seat 9: xblondie70x ($2.71 in chips) 
Dorex2007: posts small blind $0.01
Ramkuss: posts big blind $0.02
*** HOLE CARDS ***
Dealt to Dorex2007 [7s Ad]
TT29500: folds 
xblondie70x: folds 
Shutnica27: calls $0.02
PepperDM: calls $0.02
valera_9696@: folds 
shuhrat19744: raises $0.09 to $0.11
DEPUTAT_793: folds 
Dorex2007: folds 
Ramkuss: folds 
Shutnica27: folds 
PepperDM: folds 
Uncalled bet ($0.09) returned to shuhrat19744
shuhrat19744 collected $0.09 from pot
shuhrat19744: doesn't show hand 
*** SUMMARY ***
Total pot $0.09 | Rake $0 
Seat 1: Shutnica27 folded before Flop
Seat 2: PepperDM folded before Flop
Seat 3: valera_9696@ folded before Flop (didn't bet)
Seat 4: shuhrat19744 collected ($0.09)
Seat 5: DEPUTAT_793 (button) folded before Flop (didn't bet)
Seat 6: Dorex2007 (small blind) folded before Flop
Seat 7: Ramkuss (big blind) folded before Flop
Seat 8: TT29500 folded before Flop (didn't bet)
Seat 9: xblondie70x folded before Flop (didn't bet)



PokerStars Hand #226990815722:  Hold'em No Limit ($0.01/$0.02 USD) - 2021/05/23 0:03:23 PT [2021/05/23 3:03:23 ET]
Table 'Aaltje' 9-max Seat #6 is the button
Seat 1: Shutnica27 ($0.85 in chips) 
Seat 2: PepperDM ($2.24 in chips) 
Seat 3: valera_9696@ ($4.07 in chips) 
Seat 4: shuhrat19744 ($2.13 in chips) 
Seat 5: DEPUTAT_793 ($2.24 in chips) 
Seat 6: Dorex2007 ($2.25 in chips) 
Seat 7: Ramkuss ($1.95 in chips) 
Seat 8: TT29500 ($2.05 in chips) 
Seat 9: xblondie70x ($2.71 in chips) 
Ramkuss: posts small blind $0.01
TT29500: posts big blind $0.02
*** HOLE CARDS ***
Dealt to Dorex2007 [7c Jh]
xblondie70x: folds 
Shutnica27: folds 
PepperDM: folds 
valera_9696@: folds 
shuhrat19744: folds 
DEPUTAT_793: folds 
Dorex2007: folds 
Ramkuss: raises $0.04 to $0.06
TT29500: folds 
Uncalled bet ($0.04) returned to Ramkuss
Ramkuss collected $0.04 from pot
Ramkuss: doesn't show hand 
*** SUMMARY ***
Total pot $0.04 | Rake $0 
Seat 1: Shutnica27 folded before Flop (didn't bet)
Seat 2: PepperDM folded before Flop (didn't bet)
Seat 3: valera_9696@ folded before Flop (didn't bet)
Seat 4: shuhrat19744 folded before Flop (didn't bet)
Seat 5: DEPUTAT_793 folded before Flop (didn't bet)
Seat 6: Dorex2007 (button) folded before Flop (didn't bet)
Seat 7: Ramkuss (small blind) collected ($0.04)
Seat 8: TT29500 (big blind) folded before Flop
Seat 9: xblondie70x folded before Flop (didn't bet)



PokerStars Hand #226990819937:  Hold'em No Limit ($0.01/$0.02 USD) - 2021/05/23 0:03:47 PT [2021/05/23 3:03:47 ET]
Table 'Aaltje' 9-max Seat #7 is the button
Seat 1: Shutnica27 ($0.85 in chips) 
Seat 2: PepperDM ($2.24 in chips) 
Seat 3: valera_9696@ ($4.07 in chips) 
Seat 4: shuhrat19744 ($2.13 in chips) 
Seat 5: DEPUTAT_793 ($2.24 in chips) 
Seat 6: Dorex2007 ($2.25 in chips) 
Seat 7: Ramkuss ($1.97 in chips) 
Seat 8: TT29500 ($2.03 in chips) 
Seat 9: xblondie70x ($2.71 in chips) 
TT29500: posts small blind $0.01
xblondie70x: posts big blind $0.02
*** HOLE CARDS ***
Dealt to Dorex2007 [8h Kh]
Shutnica27: folds 
PepperDM: folds 
valera_9696@: folds 
shuhrat19744: folds 
DEPUTAT_793: folds 
Dorex2007: raises $0.04 to $0.06
DEPUTAT_793 leaves the table
Ramkuss: calls $0.06
TT29500: folds 
xblondie70x: folds 
*** FLOP *** [2s Ad Qc]
Dorex2007: bets $0.07
Ramkuss: calls $0.07
*** TURN *** [2s Ad Qc] [Qd]
Dorex2007: bets $0.14
Ramkuss: raises $0.14 to $0.28
Dorex2007: folds 
Uncalled bet ($0.14) returned to Ramkuss
Ramkuss collected $0.55 from pot
Ramkuss: doesn't show hand 
*** SUMMARY ***
Total pot $0.57 | Rake $0.02 
Board [2s Ad Qc Qd]
Seat 1: Shutnica27 folded before Flop (didn't bet)
Seat 2: PepperDM folded before Flop (didn't bet)
Seat 3: valera_9696@ folded before Flop (didn't bet)
Seat 4: shuhrat19744 folded before Flop (didn't bet)
Seat 5: DEPUTAT_793 folded before Flop (didn't bet)
Seat 6: Dorex2007 folded on the Turn
Seat 7: Ramkuss (button) collected ($0.55)
Seat 8: TT29500 (small blind) folded before Flop
Seat 9: xblondie70x (big blind) folded before Flop



PokerStars Hand #226990828362:  Hold'em No Limit ($0.01/$0.02 USD) - 2021/05/23 0:04:35 PT [2021/05/23 3:04:35 ET]
Table 'Aaltje' 9-max Seat #8 is the button
Seat 1: Shutnica27 ($0.85 in chips) 
Seat 2: PepperDM ($2.24 in chips) 
Seat 3: valera_9696@ ($4.07 in chips) 
Seat 4: shuhrat19744 ($2.13 in chips) 
Seat 6: Dorex2007 ($1.98 in chips) 
Seat 7: Ramkuss ($2.25 in chips) 
Seat 8: TT29500 ($2.02 in chips) 
Seat 9: xblondie70x ($2.69 in chips) 
xblondie70x: posts small blind $0.01
Shutnica27: posts big blind $0.02
*** HOLE CARDS ***
Dealt to Dorex2007 [9c Jh]
PepperDM: folds 
valera_9696@: folds 
shuhrat19744: folds 
Dorex2007: folds 
Ramkuss: folds 
TT29500: folds 
xblondie70x: folds 
Uncalled bet ($0.01) returned to Shutnica27
Shutnica27 collected $0.02 from pot
*** SUMMARY ***
Total pot $0.02 | Rake $0 
Seat 1: Shutnica27 (big blind) collected ($0.02)
Seat 2: PepperDM folded before Flop (didn't bet)
Seat 3: valera_9696@ folded before Flop (didn't bet)
Seat 4: shuhrat19744 folded before Flop (didn't bet)
Seat 6: Dorex2007 folded before Flop (didn't bet)
Seat 7: Ramkuss folded before Flop (didn't bet)
Seat 8: TT29500 (button) folded before Flop (didn't bet)
Seat 9: xblondie70x (small blind) folded before Flop



PokerStars Hand #226990830746:  Hold'em No Limit ($0.01/$0.02 USD) - 2021/05/23 0:04:48 PT [2021/05/23 3:04:48 ET]
Table 'Aaltje' 9-max Seat #9 is the button
Seat 1: Shutnica27 ($0.86 in chips) 
Seat 2: PepperDM ($2.24 in chips) 
Seat 3: valera_9696@ ($4.07 in chips) 
Seat 4: shuhrat19744 ($2.13 in chips) 
Seat 6: Dorex2007 ($1.98 in chips) 
Seat 7: Ramkuss ($2.25 in chips) 
Seat 8: TT29500 ($2.02 in chips) 
Seat 9: xblondie70x ($2.68 in chips) 
Shutnica27: posts small blind $0.01
PepperDM: posts big blind $0.02
*** HOLE CARDS ***
Dealt to Dorex2007 [Jd 3c]
valera_9696@: folds 
shuhrat19744: folds 
DENkul111 joins the table at seat #5 
Dorex2007: folds 
Ramkuss: folds 
TT29500: folds 
xblondie70x: raises $0.02 to $0.04
Shutnica27: folds 
PepperDM: calls $0.02
*** FLOP *** [3d 4s 9s]
PepperDM: checks 
xblondie70x: checks 
*** TURN *** [3d 4s 9s] [3h]
PepperDM: checks 
xblondie70x: checks 
*** RIVER *** [3d 4s 9s 3h] [7s]
PepperDM: checks 
xblondie70x: checks 
*** SHOW DOWN ***
PepperDM: shows [Qd Ts] (a pair of Threes)
xblondie70x: shows [Th Kd] (a pair of Threes - King kicker)
xblondie70x collected $0.09 from pot
*** SUMMARY ***
Total pot $0.09 | Rake $0 
Board [3d 4s 9s 3h 7s]
Seat 1: Shutnica27 (small blind) folded before Flop
Seat 2: PepperDM (big blind) showed [Qd Ts] and lost with a pair of Threes
Seat 3: valera_9696@ folded before Flop (didn't bet)
Seat 4: shuhrat19744 folded before Flop (didn't bet)
Seat 6: Dorex2007 folded before Flop (didn't bet)
Seat 7: Ramkuss folded before Flop (didn't bet)
Seat 8: TT29500 folded before Flop (didn't bet)
Seat 9: xblondie70x (button) showed [Th Kd] and won ($0.09) with a pair of Threes



PokerStars Hand #226990835957:  Hold'em No Limit ($0.01/$0.02 USD) - 2021/05/23 0:05:18 PT [2021/05/23 3:05:18 ET]
Table 'Aaltje' 9-max Seat #1 is the button
Seat 1: Shutnica27 ($0.85 in chips) 
Seat 2: PepperDM ($2.20 in chips) 
Seat 3: valera_9696@ ($4.07 in chips) 
Seat 4: shuhrat19744 ($2.13 in chips) 
Seat 6: Dorex2007 ($1.98 in chips) 
Seat 7: Ramkuss ($2.25 in chips) 
Seat 8: TT29500 ($2.02 in chips) 
Seat 9: xblondie70x ($2.73 in chips) 
PepperDM: posts small blind $0.01
valera_9696@: posts big blind $0.02
DENkul111: sits out 
*** HOLE CARDS ***
Dealt to Dorex2007 [Td 6h]
shuhrat19744: raises $0.02 to $0.04
Dorex2007: folds 
Ramkuss: folds 
TT29500: folds 
xblondie70x: folds 
Shutnica27: folds 
PepperDM: folds 
valera_9696@: calls $0.02
*** FLOP *** [Kh 4s Qs]
valera_9696@: bets $0.07
shuhrat19744: folds 
Uncalled bet ($0.07) returned to valera_9696@
valera_9696@ collected $0.09 from pot
valera_9696@: doesn't show hand 
*** SUMMARY ***
Total pot $0.09 | Rake $0 
Board [Kh 4s Qs]
Seat 1: Shutnica27 (button) folded before Flop (didn't bet)
Seat 2: PepperDM (small blind) folded before Flop
Seat 3: valera_9696@ (big blind) collected ($0.09)
Seat 4: shuhrat19744 folded on the Flop
Seat 6: Dorex2007 folded before Flop (didn't bet)
Seat 7: Ramkuss folded before Flop (didn't bet)
Seat 8: TT29500 folded before Flop (didn't bet)
Seat 9: xblondie70x folded before Flop (didn't bet)



PokerStars Hand #226990842264:  Hold'em No Limit ($0.01/$0.02 USD) - 2021/05/23 0:05:53 PT [2021/05/23 3:05:53 ET]
Table 'Aaltje' 9-max Seat #2 is the button
Seat 1: Shutnica27 ($0.85 in chips) 
Seat 2: PepperDM ($2.19 in chips) 
Seat 3: valera_9696@ ($4.12 in chips) 
Seat 4: shuhrat19744 ($2.09 in chips) 
Seat 5: DENkul111 ($1.83 in chips) 
Seat 6: Dorex2007 ($1.98 in chips) 
Seat 7: Ramkuss ($2.25 in chips) 
Seat 8: TT29500 ($2.02 in chips) 
Seat 9: xblondie70x ($2.73 in chips) 
valera_9696@: posts small blind $0.01
shuhrat19744: posts big blind $0.02
DENkul111: posts big blind $0.02
*** HOLE CARDS ***
Dealt to Dorex2007 [5s Kd]
DENkul111: checks 
Dorex2007: folds 
Ramkuss: folds 
TT29500: folds 
xblondie70x: raises $0.02 to $0.04
Shutnica27: calls $0.04
PepperDM: folds 
valera_9696@: folds 
shuhrat19744: calls $0.02
DENkul111: calls $0.02
*** FLOP *** [2h 9h 9s]
shuhrat19744: checks 
DENkul111: checks 
xblondie70x: checks 
Shutnica27: bets $0.02
shuhrat19744: folds 
DENkul111: calls $0.02
xblondie70x: folds 
*** TURN *** [2h 9h 9s] [4c]
DENkul111: checks 
Shutnica27: bets $0.20
DENkul111: folds 
Uncalled bet ($0.20) returned to Shutnica27
Shutnica27 collected $0.20 from pot
*** SUMMARY ***
Total pot $0.21 | Rake $0.01 
Board [2h 9h 9s 4c]
Seat 1: Shutnica27 collected ($0.20)
Seat 2: PepperDM (button) folded before Flop (didn't bet)
Seat 3: valera_9696@ (small blind) folded before Flop
Seat 4: shuhrat19744 (big blind) folded on the Flop
Seat 5: DENkul111 folded on the Turn
Seat 6: Dorex2007 folded before Flop (didn't bet)
Seat 7: Ramkuss folded before Flop (didn't bet)
Seat 8: TT29500 folded before Flop (didn't bet)
Seat 9: xblondie70x folded on the Flop



PokerStars Hand #226990848666:  Hold'em No Limit ($0.01/$0.02 USD) - 2021/05/23 0:06:29 PT [2021/05/23 3:06:29 ET]
Table 'Aaltje' 9-max Seat #3 is the button
Seat 1: Shutnica27 ($0.99 in chips) 
Seat 2: PepperDM ($2.19 in chips) 
Seat 3: valera_9696@ ($4.11 in chips) 
Seat 4: shuhrat19744 ($2.05 in chips) 
Seat 5: DENkul111 ($1.77 in chips) 
Seat 6: Dorex2007 ($1.98 in chips) 
Seat 7: Ramkuss ($2.25 in chips) 
Seat 8: TT29500 ($2.02 in chips) 
Seat 9: xblondie70x ($2.69 in chips) 
shuhrat19744: posts small blind $0.01
DENkul111: posts big blind $0.02
*** HOLE CARDS ***
Dealt to Dorex2007 [8h 7d]
Dorex2007: folds 
Ramkuss: folds 
TT29500: folds 
xblondie70x: folds 
Shutnica27: calls $0.02
PepperDM: folds 
valera_9696@: folds 
shuhrat19744: folds 
DENkul111: checks 
*** FLOP *** [Ah Jc 8d]
DENkul111: checks 
Shutnica27: checks 
*** TURN *** [Ah Jc 8d] [2d]
DENkul111: bets $0.02
Shutnica27: folds 
Uncalled bet ($0.02) returned to DENkul111
DENkul111 collected $0.05 from pot
DENkul111: doesn't show hand 
*** SUMMARY ***
Total pot $0.05 | Rake $0 
Board [Ah Jc 8d 2d]
Seat 1: Shutnica27 folded on the Turn
Seat 2: PepperDM folded before Flop (didn't bet)
Seat 3: valera_9696@ (button) folded before Flop (didn't bet)
Seat 4: shuhrat19744 (small blind) folded before Flop
Seat 5: DENkul111 (big blind) collected ($0.05)
Seat 6: Dorex2007 folded before Flop (didn't bet)
Seat 7: Ramkuss folded before Flop (didn't bet)
Seat 8: TT29500 folded before Flop (didn't bet)
Seat 9: xblondie70x folded before Flop (didn't bet)



PokerStars Hand #226990854517:  Hold'em No Limit ($0.01/$0.02 USD) - 2021/05/23 0:07:03 PT [2021/05/23 3:07:03 ET]
Table 'Aaltje' 9-max Seat #4 is the button
Seat 1: Shutnica27 ($0.97 in chips) 
Seat 2: PepperDM ($2.19 in chips) 
Seat 3: valera_9696@ ($4.11 in chips) 
Seat 4: shuhrat19744 ($2.04 in chips) 
Seat 5: DENkul111 ($1.80 in chips) 
Seat 6: Dorex2007 ($1.98 in chips) 
Seat 7: Ramkuss ($2.25 in chips) 
Seat 8: TT29500 ($2.02 in chips) 
Seat 9: xblondie70x ($2.69 in chips) 
DENkul111: posts small blind $0.01
Dorex2007: posts big blind $0.02
*** HOLE CARDS ***
Dealt to Dorex2007 [Jc 8h]
Ramkuss: folds 
TT29500: folds 
xblondie70x: folds 
Shutnica27: calls $0.02
PepperDM: folds 
valera_9696@: folds 
shuhrat19744: folds 
DENkul111: calls $0.01
Dorex2007: checks 
*** FLOP *** [6s Td 8s]
DENkul111: bets $0.03
Dorex2007: folds 
Shutnica27: folds 
Uncalled bet ($0.03) returned to DENkul111
DENkul111 collected $0.06 from pot
*** SUMMARY ***
Total pot $0.06 | Rake $0 
Board [6s Td 8s]
Seat 1: Shutnica27 folded on the Flop
Seat 2: PepperDM folded before Flop (didn't bet)
Seat 3: valera_9696@ folded before Flop (didn't bet)
Seat 4: shuhrat19744 (button) folded before Flop (didn't bet)
Seat 5: DENkul111 (small blind) collected ($0.06)
Seat 6: Dorex2007 (big blind) folded on the Flop
Seat 7: Ramkuss folded before Flop (didn't bet)
Seat 8: TT29500 folded before Flop (didn't bet)
Seat 9: xblondie70x folded before Flop (didn't bet)



PokerStars Hand #226990860020:  Hold'em No Limit ($0.01/$0.02 USD) - 2021/05/23 0:07:34 PT [2021/05/23 3:07:34 ET]
Table 'Aaltje' 9-max Seat #5 is the button
Seat 1: Shutnica27 ($0.95 in chips) 
Seat 2: PepperDM ($2.19 in chips) 
Seat 3: valera_9696@ ($4.11 in chips) 
Seat 4: shuhrat19744 ($2.04 in chips) 
Seat 5: DENkul111 ($1.84 in chips) 
Seat 6: Dorex2007 ($1.96 in chips) 
Seat 7: Ramkuss ($2.25 in chips) 
Seat 8: TT29500 ($2.02 in chips) 
Seat 9: xblondie70x ($2.69 in chips) 
Dorex2007: posts small blind $0.01
Ramkuss: posts big blind $0.02
*** HOLE CARDS ***
Dealt to Dorex2007 [Js Td]
TT29500: folds 
xblondie70x: folds 
Shutnica27: folds 
PepperDM: folds 
valera_9696@: folds 
shuhrat19744: raises $0.04 to $0.06
DENkul111 is disconnected 
DENkul111 has timed out while being disconnected
DENkul111: folds 
Dorex2007: folds 
Ramkuss: folds 
Uncalled bet ($0.04) returned to shuhrat19744
shuhrat19744 collected $0.05 from pot
shuhrat19744: doesn't show hand 
*** SUMMARY ***
Total pot $0.05 | Rake $0 
Seat 1: Shutnica27 folded before Flop (didn't bet)
Seat 2: PepperDM folded before Flop (didn't bet)
Seat 3: valera_9696@ folded before Flop (didn't bet)
Seat 4: shuhrat19744 collected ($0.05)
Seat 5: DENkul111 (button) folded before Flop (didn't bet)
Seat 6: Dorex2007 (small blind) folded before Flop
Seat 7: Ramkuss (big blind) folded before Flop
Seat 8: TT29500 folded before Flop (didn't bet)
Seat 9: xblondie70x folded before Flop (didn't bet)



PokerStars Hand #226990867589:  Hold'em No Limit ($0.01/$0.02 USD) - 2021/05/23 0:08:16 PT [2021/05/23 3:08:16 ET]
Table 'Aaltje' 9-max Seat #6 is the button
Seat 1: Shutnica27 ($0.95 in chips) 
Seat 2: PepperDM ($2.19 in chips) 
Seat 3: valera_9696@ ($4.11 in chips) 
Seat 4: shuhrat19744 ($2.07 in chips) 
Seat 6: Dorex2007 ($1.95 in chips) 
Seat 7: Ramkuss ($2.23 in chips) 
Seat 8: TT29500 ($2.02 in chips) 
Seat 9: xblondie70x ($2.69 in chips) 
Ramkuss: posts small blind $0.01
TT29500: posts big blind $0.02
*** HOLE CARDS ***
Dealt to Dorex2007 [6c Ts]
xblondie70x: folds 
Shutnica27: folds 
PepperDM: folds 
valera_9696@: folds 
shuhrat19744: folds 
Dorex2007: folds 
Ramkuss: folds 
Uncalled bet ($0.01) returned to TT29500
TT29500 collected $0.02 from pot
TT29500: doesn't show hand 
*** SUMMARY ***
Total pot $0.02 | Rake $0 
Seat 1: Shutnica27 folded before Flop (didn't bet)
Seat 2: PepperDM folded before Flop (didn't bet)
Seat 3: valera_9696@ folded before Flop (didn't bet)
Seat 4: shuhrat19744 folded before Flop (didn't bet)
Seat 6: Dorex2007 (button) folded before Flop (didn't bet)
Seat 7: Ramkuss (small blind) folded before Flop
Seat 8: TT29500 (big blind) collected ($0.02)
Seat 9: xblondie70x folded before Flop (didn't bet)



PokerStars Hand #226990871235:  Hold'em No Limit ($0.01/$0.02 USD) - 2021/05/23 0:08:37 PT [2021/05/23 3:08:37 ET]
Table 'Aaltje' 9-max Seat #7 is the button
Seat 1: Shutnica27 ($0.95 in chips) 
Seat 2: PepperDM ($2.19 in chips) 
Seat 3: valera_9696@ ($4.11 in chips) 
Seat 4: shuhrat19744 ($2.07 in chips) 
Seat 6: Dorex2007 ($1.95 in chips) 
Seat 7: Ramkuss ($2.22 in chips) 
Seat 8: TT29500 ($2.03 in chips) 
Seat 9: xblondie70x ($2.69 in chips) 
TT29500: posts small blind $0.01
xblondie70x: posts big blind $0.02
*** HOLE CARDS ***
Dealt to Dorex2007 [Jh 8h]
Shutnica27: raises $0.02 to $0.04
PepperDM: folds 
valera_9696@: raises $0.10 to $0.14
shuhrat19744: folds 
Dorex2007: folds 
Ramkuss: folds 
TT29500: folds 
xblondie70x: calls $0.12
Shutnica27: calls $0.10
*** FLOP *** [6s Ah 7h]
xblondie70x: bets $0.20
Shutnica27: folds 
valera_9696@: raises $0.20 to $0.40
xblondie70x: raises $0.20 to $0.60
valera_9696@: folds 
Uncalled bet ($0.20) returned to xblondie70x
xblondie70x collected $1.19 from pot
xblondie70x: doesn't show hand 
*** SUMMARY ***
Total pot $1.23 | Rake $0.04 
Board [6s Ah 7h]
Seat 1: Shutnica27 folded on the Flop
Seat 2: PepperDM folded before Flop (didn't bet)
Seat 3: valera_9696@ folded on the Flop
Seat 4: shuhrat19744 folded before Flop (didn't bet)
Seat 6: Dorex2007 folded before Flop (didn't bet)
Seat 7: Ramkuss (button) folded before Flop (didn't bet)
Seat 8: TT29500 (small blind) folded before Flop
Seat 9: xblondie70x (big blind) collected ($1.19)



PokerStars Hand #226990890135:  Hold'em No Limit ($0.01/$0.02 USD) - 2021/05/23 0:10:23 PT [2021/05/23 3:10:23 ET]
Table 'Aaltje' 9-max Seat #8 is the button
Seat 1: Shutnica27 ($0.81 in chips) 
Seat 2: PepperDM ($2.19 in chips) 
Seat 3: valera_9696@ ($3.57 in chips) 
Seat 4: shuhrat19744 ($2.07 in chips) 
Seat 6: Dorex2007 ($1.95 in chips) 
Seat 7: Ramkuss ($2.22 in chips) 
Seat 8: TT29500 ($2.02 in chips) 
Seat 9: xblondie70x ($3.34 in chips) 
xblondie70x: posts small blind $0.01
Shutnica27: posts big blind $0.02
*** HOLE CARDS ***
Dealt to Dorex2007 [Ts 6d]
PepperDM: calls $0.02
valera_9696@: folds 
shuhrat19744: folds 
Dorex2007: folds 
xblondie70x said, "66"
Ramkuss: raises $0.06 to $0.08
TT29500: folds 
xblondie70x: folds 
Shutnica27: folds 
PepperDM: calls $0.06
*** FLOP *** [4h As Ac]
PepperDM: checks 
Ramkuss: bets $0.10
PepperDM: folds 
Uncalled bet ($0.10) returned to Ramkuss
Ramkuss collected $0.18 from pot
Ramkuss: doesn't show hand 
*** SUMMARY ***
Total pot $0.19 | Rake $0.01 
Board [4h As Ac]
Seat 1: Shutnica27 (big blind) folded before Flop
Seat 2: PepperDM folded on the Flop
Seat 3: valera_9696@ folded before Flop (didn't bet)
Seat 4: shuhrat19744 folded before Flop (didn't bet)
Seat 6: Dorex2007 folded before Flop (didn't bet)
Seat 7: Ramkuss collected ($0.18)
Seat 8: TT29500 (button) folded before Flop (didn't bet)
Seat 9: xblondie70x (small blind) folded before Flop



PokerStars Hand #226990896928:  Hold'em No Limit ($0.01/$0.02 USD) - 2021/05/23 0:11:02 PT [2021/05/23 3:11:02 ET]
Table 'Aaltje' 9-max Seat #1 is the button
Seat 1: Shutnica27 ($0.79 in chips) 
Seat 2: PepperDM ($2.11 in chips) 
Seat 3: valera_9696@ ($3.57 in chips) 
Seat 4: shuhrat19744 ($2.07 in chips) 
Seat 6: Dorex2007 ($1.95 in chips) 
Seat 7: Ramkuss ($2.32 in chips) 
Seat 8: TT29500 ($2.02 in chips) 
PepperDM: posts small blind $0.01
valera_9696@: posts big blind $0.02
*** HOLE CARDS ***
Dealt to Dorex2007 [Td 6d]
xblondie70x leaves the table
shuhrat19744: folds 
Dorex2007: folds 
Ramkuss: folds 
TT29500: folds 
Shutnica27: calls $0.02
PepperDM: folds 
VIST0988 joins the table at seat #9 
valera_9696@: checks 
*** FLOP *** [Jh 5c Kd]
valera_9696@: checks 
Shutnica27: checks 
*** TURN *** [Jh 5c Kd] [As]
valera_9696@: checks 
Shutnica27: checks 
*** RIVER *** [Jh 5c Kd As] [2c]
valera_9696@: checks 
Shutnica27: checks 
*** SHOW DOWN ***
valera_9696@: shows [4c 8d] (high card Ace)
Shutnica27: shows [8s Qc] (high card Ace - King+Queen kicker)
Shutnica27 collected $0.05 from pot
*** SUMMARY ***
Total pot $0.05 | Rake $0 
Board [Jh 5c Kd As 2c]
Seat 1: Shutnica27 (button) showed [8s Qc] and won ($0.05) with high card Ace
Seat 2: PepperDM (small blind) folded before Flop
Seat 3: valera_9696@ (big blind) showed [4c 8d] and lost with high card Ace
Seat 4: shuhrat19744 folded before Flop (didn't bet)
Seat 6: Dorex2007 folded before Flop (didn't bet)
Seat 7: Ramkuss folded before Flop (didn't bet)
Seat 8: TT29500 folded before Flop (didn't bet)



PokerStars Hand #226990903901:  Hold'em No Limit ($0.01/$0.02 USD) - 2021/05/23 0:11:41 PT [2021/05/23 3:11:41 ET]
Table 'Aaltje' 9-max Seat #2 is the button
Seat 1: Shutnica27 ($0.82 in chips) 
Seat 2: PepperDM ($2.10 in chips) 
Seat 3: valera_9696@ ($3.55 in chips) 
Seat 4: shuhrat19744 ($2.07 in chips) 
Seat 6: Dorex2007 ($1.95 in chips) 
Seat 7: Ramkuss ($2.32 in chips) 
Seat 8: TT29500 ($2.02 in chips) 
valera_9696@: posts small blind $0.01
shuhrat19744: posts big blind $0.02
VIST0988: sits out 
*** HOLE CARDS ***
Dealt to Dorex2007 [Ad 3s]
Dorex2007: folds 
Ramkuss: folds 
TT29500: folds 
Shutnica27: folds 
PepperDM: folds 
valera_9696@: raises $0.04 to $0.06
shuhrat19744: folds 
Uncalled bet ($0.04) returned to valera_9696@
valera_9696@ collected $0.04 from pot
valera_9696@: doesn't show hand 
*** SUMMARY ***
Total pot $0.04 | Rake $0 
Seat 1: Shutnica27 folded before Flop (didn't bet)
Seat 2: PepperDM (button) folded before Flop (didn't bet)
Seat 3: valera_9696@ (small blind) collected ($0.04)
Seat 4: shuhrat19744 (big blind) folded before Flop
Seat 6: Dorex2007 folded before Flop (didn't bet)
Seat 7: Ramkuss folded before Flop (didn't bet)
Seat 8: TT29500 folded before Flop (didn't bet)



PokerStars Hand #226990907432:  Hold'em No Limit ($0.01/$0.02 USD) - 2021/05/23 0:12:01 PT [2021/05/23 3:12:01 ET]
Table 'Aaltje' 9-max Seat #3 is the button
Seat 1: Shutnica27 ($0.82 in chips) 
Seat 2: PepperDM ($2.10 in chips) 
Seat 3: valera_9696@ ($3.57 in chips) 
Seat 4: shuhrat19744 ($2.05 in chips) 
Seat 6: Dorex2007 ($1.95 in chips) 
Seat 7: Ramkuss ($2.32 in chips) 
Seat 8: TT29500 ($2.02 in chips) 
shuhrat19744: posts small blind $0.01
Dorex2007: posts big blind $0.02
VIST0988: sits out 
*** HOLE CARDS ***
Dealt to Dorex2007 [7d 4h]
Ramkuss: folds 
TT29500: folds 
Shutnica27: calls $0.02
PepperDM: calls $0.02
valera_9696@: folds 
shuhrat19744: folds 
Dorex2007: checks 
*** FLOP *** [4s 6h 2c]
Dorex2007: checks 
Shutnica27: bets $0.07
PepperDM: folds 
Dorex2007: calls $0.07
*** TURN *** [4s 6h 2c] [Ah]
Dorex2007: checks 
Shutnica27: bets $0.20
Dorex2007: folds 
Uncalled bet ($0.20) returned to Shutnica27
Shutnica27 collected $0.20 from pot
*** SUMMARY ***
Total pot $0.21 | Rake $0.01 
Board [4s 6h 2c Ah]
Seat 1: Shutnica27 collected ($0.20)
Seat 2: PepperDM folded on the Flop
Seat 3: valera_9696@ (button) folded before Flop (didn't bet)
Seat 4: shuhrat19744 (small blind) folded before Flop
Seat 6: Dorex2007 (big blind) folded on the Turn
Seat 7: Ramkuss folded before Flop (didn't bet)
Seat 8: TT29500 folded before Flop (didn't bet)



PokerStars Hand #226990914925:  Hold'em No Limit ($0.01/$0.02 USD) - 2021/05/23 0:12:42 PT [2021/05/23 3:12:42 ET]
Table 'Aaltje' 9-max Seat #4 is the button
Seat 1: Shutnica27 ($0.93 in chips) 
Seat 2: PepperDM ($2.08 in chips) 
Seat 3: valera_9696@ ($3.57 in chips) 
Seat 4: shuhrat19744 ($2.04 in chips) 
Seat 6: Dorex2007 ($1.86 in chips) 
Seat 7: Ramkuss ($2.32 in chips) 
Seat 8: TT29500 ($2.02 in chips) 
Dorex2007: posts small blind $0.01
Ramkuss: posts big blind $0.02
VIST0988: sits out 
*** HOLE CARDS ***
Dealt to Dorex2007 [8s 5d]
TT29500: folds 
Shutnica27: folds 
PepperDM: folds 
valera_9696@: folds 
shuhrat19744: raises $0.04 to $0.06
Dorex2007: folds 
Ramkuss: folds 
Uncalled bet ($0.04) returned to shuhrat19744
shuhrat19744 collected $0.05 from pot
shuhrat19744: doesn't show hand 
*** SUMMARY ***
Total pot $0.05 | Rake $0 
Seat 1: Shutnica27 folded before Flop (didn't bet)
Seat 2: PepperDM folded before Flop (didn't bet)
Seat 3: valera_9696@ folded before Flop (didn't bet)
Seat 4: shuhrat19744 (button) collected ($0.05)
Seat 6: Dorex2007 (small blind) folded before Flop
Seat 7: Ramkuss (big blind) folded before Flop
Seat 8: TT29500 folded before Flop (didn't bet)



PokerStars Hand #226990918217:  Hold'em No Limit ($0.01/$0.02 USD) - 2021/05/23 0:13:01 PT [2021/05/23 3:13:01 ET]
Table 'Aaltje' 9-max Seat #6 is the button
Seat 1: Shutnica27 ($0.93 in chips) 
Seat 2: PepperDM ($2.08 in chips) 
Seat 3: valera_9696@ ($3.57 in chips) 
Seat 4: shuhrat19744 ($2.07 in chips) 
Seat 6: Dorex2007 ($1.85 in chips) 
Seat 7: Ramkuss ($2.30 in chips) 
Seat 8: TT29500 ($2.02 in chips) 
Ramkuss: posts small blind $0.01
TT29500: posts big blind $0.02
VIST0988: sits out 
*** HOLE CARDS ***
Dealt to Dorex2007 [Td Ks]
Shutnica27: calls $0.02
PepperDM: calls $0.02
valera_9696@: folds 
shuhrat19744: folds 
Dorex2007: calls $0.02
Ramkuss: calls $0.01
TT29500: checks 
*** FLOP *** [Kc 2s 3s]
Ramkuss: checks 
TT29500: checks 
Shutnica27: checks 
PepperDM: checks 
Dorex2007: checks 
*** TURN *** [Kc 2s 3s] [3c]
Ramkuss: checks 
TT29500: checks 
Shutnica27: checks 
PepperDM: checks 
Dorex2007: bets $0.07
Ramkuss: folds 
TT29500: folds 
Shutnica27: folds 
PepperDM: folds 
Uncalled bet ($0.07) returned to Dorex2007
Dorex2007 collected $0.10 from pot
Dorex2007: doesn't show hand 
*** SUMMARY ***
Total pot $0.10 | Rake $0 
Board [Kc 2s 3s 3c]
Seat 1: Shutnica27 folded on the Turn
Seat 2: PepperDM folded on the Turn
Seat 3: valera_9696@ folded before Flop (didn't bet)
Seat 4: shuhrat19744 folded before Flop (didn't bet)
Seat 6: Dorex2007 (button) collected ($0.10)
Seat 7: Ramkuss (small blind) folded on the Turn
Seat 8: TT29500 (big blind) folded on the Turn



PokerStars Hand #226990930258:  Hold'em No Limit ($0.01/$0.02 USD) - 2021/05/23 0:14:07 PT [2021/05/23 3:14:07 ET]
Table 'Aaltje' 9-max Seat #7 is the button
Seat 1: Shutnica27 ($0.91 in chips) 
Seat 2: PepperDM ($2.06 in chips) 
Seat 3: valera_9696@ ($3.57 in chips) 
Seat 4: shuhrat19744 ($2.07 in chips) 
Seat 6: Dorex2007 ($1.93 in chips) 
Seat 7: Ramkuss ($2.28 in chips) 
Seat 8: TT29500 ($2 in chips) 
Seat 9: VIST0988 ($0.80 in chips) 
TT29500: posts small blind $0.01
VIST0988: posts big blind $0.02
*** HOLE CARDS ***
Dealt to Dorex2007 [Ks As]
Shutnica27: folds 
PepperDM: folds 
valera_9696@: folds 
shuhrat19744: folds 
Dorex2007: raises $0.04 to $0.06
Ramkuss: folds 
TT29500: folds 
VIST0988: folds 
Uncalled bet ($0.04) returned to Dorex2007
Dorex2007 collected $0.05 from pot
Dorex2007: doesn't show hand 
*** SUMMARY ***
Total pot $0.05 | Rake $0 
Seat 1: Shutnica27 folded before Flop (didn't bet)
Seat 2: PepperDM folded before Flop (didn't bet)
Seat 3: valera_9696@ folded before Flop (didn't bet)
Seat 4: shuhrat19744 folded before Flop (didn't bet)
Seat 6: Dorex2007 collected ($0.05)
Seat 7: Ramkuss (button) folded before Flop (didn't bet)
Seat 8: TT29500 (small blind) folded before Flop
Seat 9: VIST0988 (big blind) folded before Flop



PokerStars Hand #226990932787:  Hold'em No Limit ($0.01/$0.02 USD) - 2021/05/23 0:14:21 PT [2021/05/23 3:14:21 ET]
Table 'Aaltje' 9-max Seat #8 is the button
Seat 1: Shutnica27 ($0.91 in chips) 
Seat 2: PepperDM ($2.06 in chips) 
Seat 3: valera_9696@ ($3.57 in chips) 
Seat 4: shuhrat19744 ($2.07 in chips) 
Seat 6: Dorex2007 ($1.96 in chips) 
Seat 7: Ramkuss ($2.28 in chips) 
Seat 8: TT29500 ($1.99 in chips) 
Seat 9: VIST0988 ($0.78 in chips) 
VIST0988: posts small blind $0.01
Shutnica27: posts big blind $0.02
*** HOLE CARDS ***
Dealt to Dorex2007 [4s 6c]
PepperDM: calls $0.02
valera_9696@: folds 
shuhrat19744: folds 
Dorex2007: folds 
Ramkuss: raises $0.07 to $0.09
TT29500: folds 
VIST0988: folds 
Shutnica27: calls $0.07
PepperDM: calls $0.07
*** FLOP *** [Kh 2c 5h]
Shutnica27: bets $0.02
PepperDM: folds 
PepperDM leaves the table
Ramkuss: raises $0.12 to $0.14
Shutnica27: raises $0.68 to $0.82 and is all-in
kamaz7 joins the table at seat #2 
Ramkuss: calls $0.68
*** TURN *** [Kh 2c 5h] [Jh]
*** RIVER *** [Kh 2c 5h Jh] [4c]
*** SHOW DOWN ***
Shutnica27: shows [3h Qh] (a flush, King high)
Ramkuss: shows [Js Kd] (two pair, Kings and Jacks)
Shutnica27 collected $1.85 from pot
*** SUMMARY ***
Total pot $1.92 | Rake $0.07 
Board [Kh 2c 5h Jh 4c]
Seat 1: Shutnica27 (big blind) showed [3h Qh] and won ($1.85) with a flush, King high
Seat 2: PepperDM folded on the Flop
Seat 3: valera_9696@ folded before Flop (didn't bet)
Seat 4: shuhrat19744 folded before Flop (didn't bet)
Seat 6: Dorex2007 folded before Flop (didn't bet)
Seat 7: Ramkuss showed [Js Kd] and lost with two pair, Kings and Jacks
Seat 8: TT29500 (button) folded before Flop (didn't bet)
Seat 9: VIST0988 (small blind) folded before Flop



PokerStars Hand #226990940598:  Hold'em No Limit ($0.01/$0.02 USD) - 2021/05/23 0:15:06 PT [2021/05/23 3:15:06 ET]
Table 'Aaltje' 9-max Seat #9 is the button
Seat 1: Shutnica27 ($1.85 in chips) 
Seat 2: kamaz7 ($2 in chips) 
Seat 3: valera_9696@ ($3.57 in chips) 
Seat 4: shuhrat19744 ($2.07 in chips) 
Seat 6: Dorex2007 ($1.96 in chips) 
Seat 7: Ramkuss ($1.37 in chips) 
Seat 8: TT29500 ($1.99 in chips) 
Seat 9: VIST0988 ($0.77 in chips) 
Shutnica27: posts small blind $0.01
kamaz7: posts big blind $0.02
*** HOLE CARDS ***
Dealt to Dorex2007 [8c 9d]
valera_9696@: folds 
shuhrat19744: folds 
Dorex2007: folds 
Ramkuss: folds 
TT29500: folds 
VIST0988: calls $0.02
Shutnica27: calls $0.01
kamaz7: raises $0.06 to $0.08
VIST0988: folds 
Shutnica27: folds 
Uncalled bet ($0.06) returned to kamaz7
kamaz7 collected $0.06 from pot
kamaz7: doesn't show hand 
*** SUMMARY ***
Total pot $0.06 | Rake $0 
Seat 1: Shutnica27 (small blind) folded before Flop
Seat 2: kamaz7 (big blind) collected ($0.06)
Seat 3: valera_9696@ folded before Flop (didn't bet)
Seat 4: shuhrat19744 folded before Flop (didn't bet)
Seat 6: Dorex2007 folded before Flop (didn't bet)
Seat 7: Ramkuss folded before Flop (didn't bet)
Seat 8: TT29500 folded before Flop (didn't bet)
Seat 9: VIST0988 (button) folded before Flop



PokerStars Hand #226990944280:  Hold'em No Limit ($0.01/$0.02 USD) - 2021/05/23 0:15:27 PT [2021/05/23 3:15:27 ET]
Table 'Aaltje' 9-max Seat #1 is the button
Seat 1: Shutnica27 ($1.83 in chips) 
Seat 2: kamaz7 ($2.04 in chips) 
Seat 3: valera_9696@ ($3.57 in chips) 
Seat 4: shuhrat19744 ($2.07 in chips) 
Seat 6: Dorex2007 ($1.96 in chips) 
Seat 7: Ramkuss ($1.37 in chips) 
Seat 8: TT29500 ($1.99 in chips) 
Seat 9: VIST0988 ($0.75 in chips) 
kamaz7: posts small blind $0.01
valera_9696@: posts big blind $0.02
*** HOLE CARDS ***
Dealt to Dorex2007 [Qc Tc]
shuhrat19744: folds 
Dorex2007: raises $0.04 to $0.06
Ramkuss: folds 
TT29500: folds 
VIST0988: calls $0.06
Shutnica27: folds 
kamaz7: calls $0.05
valera_9696@: calls $0.04
*** FLOP *** [4h 7s 4d]
kamaz7: bets $0.17
valera_9696@: folds 
Dorex2007: folds 
VIST0988: folds 
Uncalled bet ($0.17) returned to kamaz7
kamaz7 collected $0.23 from pot
kamaz7: doesn't show hand 
*** SUMMARY ***
Total pot $0.24 | Rake $0.01 
Board [4h 7s 4d]
Seat 1: Shutnica27 (button) folded before Flop (didn't bet)
Seat 2: kamaz7 (small blind) collected ($0.23)
Seat 3: valera_9696@ (big blind) folded on the Flop
Seat 4: shuhrat19744 folded before Flop (didn't bet)
Seat 6: Dorex2007 folded on the Flop
Seat 7: Ramkuss folded before Flop (didn't bet)
Seat 8: TT29500 folded before Flop (didn't bet)
Seat 9: VIST0988 folded on the Flop



PokerStars Hand #226990951234:  Hold'em No Limit ($0.01/$0.02 USD) - 2021/05/23 0:16:05 PT [2021/05/23 3:16:05 ET]
Table 'Aaltje' 9-max Seat #2 is the button
Seat 1: Shutnica27 ($1.83 in chips) 
Seat 2: kamaz7 ($2.21 in chips) 
Seat 3: valera_9696@ ($3.51 in chips) 
Seat 4: shuhrat19744 ($2.07 in chips) 
Seat 6: Dorex2007 ($1.90 in chips) 
Seat 7: Ramkuss ($1.37 in chips) 
Seat 8: TT29500 ($1.99 in chips) 
Seat 9: VIST0988 ($0.69 in chips) 
valera_9696@: posts small blind $0.01
shuhrat19744: posts big blind $0.02
*** HOLE CARDS ***
Dealt to Dorex2007 [Ad 8c]
Dorex2007: folds 
Ramkuss: folds 
TT29500: folds 
VIST0988: folds 
Shutnica27: folds 
kamaz7: folds 
valera_9696@: folds 
Uncalled bet ($0.01) returned to shuhrat19744
shuhrat19744 collected $0.02 from pot
shuhrat19744: doesn't show hand 
*** SUMMARY ***
Total pot $0.02 | Rake $0 
Seat 1: Shutnica27 folded before Flop (didn't bet)
Seat 2: kamaz7 (button) folded before Flop (didn't bet)
Seat 3: valera_9696@ (small blind) folded before Flop
Seat 4: shuhrat19744 (big blind) collected ($0.02)
Seat 6: Dorex2007 folded before Flop (didn't bet)
Seat 7: Ramkuss folded before Flop (didn't bet)
Seat 8: TT29500 folded before Flop (didn't bet)
Seat 9: VIST0988 folded before Flop (didn't bet)



PokerStars Hand #226990954148:  Hold'em No Limit ($0.01/$0.02 USD) - 2021/05/23 0:16:22 PT [2021/05/23 3:16:22 ET]
Table 'Aaltje' 9-max Seat #3 is the button
Seat 1: Shutnica27 ($1.83 in chips) 
Seat 2: kamaz7 ($2.21 in chips) 
Seat 3: valera_9696@ ($3.50 in chips) 
Seat 4: shuhrat19744 ($2.08 in chips) 
Seat 6: Dorex2007 ($1.90 in chips) 
Seat 7: Ramkuss ($1.37 in chips) 
Seat 8: TT29500 ($1.99 in chips) 
Seat 9: VIST0988 ($0.69 in chips) 
shuhrat19744: posts small blind $0.01
Dorex2007: posts big blind $0.02
*** HOLE CARDS ***
Dealt to Dorex2007 [Qh Qc]
Ramkuss: folds 
TT29500: folds 
VIST0988: folds 
Shutnica27: calls $0.02
kamaz7: folds 
valera_9696@: folds 
shuhrat19744: calls $0.01
Dorex2007: raises $0.08 to $0.10
Shutnica27: calls $0.08
shuhrat19744: folds 
*** FLOP *** [Ac 4d 6c]
Dorex2007: bets $0.11
Shutnica27: calls $0.11
*** TURN *** [Ac 4d 6c] [8d]
Dorex2007: bets $0.21
Shutnica27: calls $0.21
*** RIVER *** [Ac 4d 6c 8d] [2c]
Dorex2007: bets $0.42
Shutnica27: calls $0.42
*** SHOW DOWN ***
Dorex2007: shows [Qh Qc] (a pair of Queens)
Shutnica27: shows [Js As] (a pair of Aces)
Shutnica27 collected $1.64 from pot
*** SUMMARY ***
Total pot $1.70 | Rake $0.06 
Board [Ac 4d 6c 8d 2c]
Seat 1: Shutnica27 showed [Js As] and won ($1.64) with a pair of Aces
Seat 2: kamaz7 folded before Flop (didn't bet)
Seat 3: valera_9696@ (button) folded before Flop (didn't bet)
Seat 4: shuhrat19744 (small blind) folded before Flop
Seat 6: Dorex2007 (big blind) showed [Qh Qc] and lost with a pair of Queens
Seat 7: Ramkuss folded before Flop (didn't bet)
Seat 8: TT29500 folded before Flop (didn't bet)
Seat 9: VIST0988 folded before Flop (didn't bet)



PokerStars Hand #226990965228:  Hold'em No Limit ($0.01/$0.02 USD) - 2021/05/23 0:17:06 PT [2021/05/23 3:17:06 ET]
Table 'Aaltje' 9-max Seat #4 is the button
Seat 1: Shutnica27 ($2.63 in chips) 
Seat 2: kamaz7 ($2.21 in chips) 
Seat 3: valera_9696@ ($3.50 in chips) 
Seat 4: shuhrat19744 ($2.06 in chips) 
Seat 6: Dorex2007 ($1.06 in chips) 
Seat 7: Ramkuss ($1.37 in chips) 
Seat 8: TT29500 ($1.99 in chips) 
Seat 9: VIST0988 ($0.69 in chips) 
Dorex2007: posts small blind $0.01
Ramkuss: posts big blind $0.02
*** HOLE CARDS ***
Dealt to Dorex2007 [Td 7h]
TT29500: folds 
VIST0988: folds 
Shutnica27: calls $0.02
kamaz7: folds 
valera_9696@: folds 
shuhrat19744: folds 
Dorex2007: folds 
Ramkuss: checks 
*** FLOP *** [8h Jh Kh]
Ramkuss: checks 
Shutnica27: checks 
*** TURN *** [8h Jh Kh] [4s]
Ramkuss: checks 
Shutnica27: checks 
*** RIVER *** [8h Jh Kh 4s] [Qc]
Ramkuss: checks 
Shutnica27: checks 
*** SHOW DOWN ***
Ramkuss: shows [3s 8s] (a pair of Eights)
Shutnica27: mucks hand 
Ramkuss collected $0.05 from pot
*** SUMMARY ***
Total pot $0.05 | Rake $0 
Board [8h Jh Kh 4s Qc]
Seat 1: Shutnica27 mucked [As 2s]
Seat 2: kamaz7 folded before Flop (didn't bet)
Seat 3: valera_9696@ folded before Flop (didn't bet)
Seat 4: shuhrat19744 (button) folded before Flop (didn't bet)
Seat 6: Dorex2007 (small blind) folded before Flop
Seat 7: Ramkuss (big blind) showed [3s 8s] and won ($0.05) with a pair of Eights
Seat 8: TT29500 folded before Flop (didn't bet)
Seat 9: VIST0988 folded before Flop (didn't bet)



PokerStars Hand #226990972723:  Hold'em No Limit ($0.01/$0.02 USD) - 2021/05/23 0:17:48 PT [2021/05/23 3:17:48 ET]
Table 'Aaltje' 9-max Seat #6 is the button
Seat 1: Shutnica27 ($2.61 in chips) 
Seat 2: kamaz7 ($2.21 in chips) 
Seat 3: valera_9696@ ($3.50 in chips) 
Seat 4: shuhrat19744 ($2.06 in chips) 
Seat 6: Dorex2007 ($1.85 in chips) 
Seat 7: Ramkuss ($1.40 in chips) 
Seat 8: TT29500 ($1.99 in chips) 
Seat 9: VIST0988 ($0.69 in chips) 
Ramkuss: posts small blind $0.01
TT29500: posts big blind $0.02
*** HOLE CARDS ***
Dealt to Dorex2007 [Kh 3d]
VIST0988: folds 
Shutnica27: folds 
kamaz7: folds 
valera_9696@: folds 
shuhrat19744: folds 
Dorex2007: folds 
Ramkuss: raises $0.04 to $0.06
DENkul111 leaves the table
TT29500: folds 
Uncalled bet ($0.04) returned to Ramkuss
Ramkuss collected $0.04 from pot
Ramkuss: doesn't show hand 
*** SUMMARY ***
Total pot $0.04 | Rake $0 
Seat 1: Shutnica27 folded before Flop (didn't bet)
Seat 2: kamaz7 folded before Flop (didn't bet)
Seat 3: valera_9696@ folded before Flop (didn't bet)
Seat 4: shuhrat19744 folded before Flop (didn't bet)
Seat 6: Dorex2007 (button) folded before Flop (didn't bet)
Seat 7: Ramkuss (small blind) collected ($0.04)
Seat 8: TT29500 (big blind) folded before Flop
Seat 9: VIST0988 folded before Flop (didn't bet)



PokerStars Hand #226990976650:  Hold'em No Limit ($0.01/$0.02 USD) - 2021/05/23 0:18:11 PT [2021/05/23 3:18:11 ET]
Table 'Aaltje' 9-max Seat #7 is the button
Seat 1: Shutnica27 ($2.61 in chips) 
Seat 2: kamaz7 ($2.21 in chips) 
Seat 3: valera_9696@ ($3.50 in chips) 
Seat 4: shuhrat19744 ($2.06 in chips) 
Seat 6: Dorex2007 ($1.85 in chips) 
Seat 7: Ramkuss ($1.42 in chips) 
Seat 8: TT29500 ($1.97 in chips) 
TT29500: posts small blind $0.01
Shutnica27: posts big blind $0.02
*** HOLE CARDS ***
Dealt to Dorex2007 [6c Kh]
kamaz7: folds 
ARSENY2 joins the table at seat #5 
valera_9696@: folds 
VIST0988 leaves the table
shuhrat19744: folds 
Dorex2007: folds 
Ramkuss: raises $0.04 to $0.06
TT29500: folds 
Shutnica27: calls $0.04
*** FLOP *** [5c Th 6s]
gaguicardi1996 joins the table at seat #9 
Shutnica27: checks 
Ramkuss: checks 
*** TURN *** [5c Th 6s] [7c]
Shutnica27: bets $0.06
Ramkuss: raises $0.10 to $0.16
Shutnica27: calls $0.10
*** RIVER *** [5c Th 6s 7c] [Jd]
Shutnica27: checks 
Ramkuss: bets $0.40
Shutnica27: folds 
Uncalled bet ($0.40) returned to Ramkuss
Ramkuss collected $0.43 from pot
Ramkuss: doesn't show hand 
*** SUMMARY ***
Total pot $0.45 | Rake $0.02 
Board [5c Th 6s 7c Jd]
Seat 1: Shutnica27 (big blind) folded on the River
Seat 2: kamaz7 folded before Flop (didn't bet)
Seat 3: valera_9696@ folded before Flop (didn't bet)
Seat 4: shuhrat19744 folded before Flop (didn't bet)
Seat 6: Dorex2007 folded before Flop (didn't bet)
Seat 7: Ramkuss (button) collected ($0.43)
Seat 8: TT29500 (small blind) folded before Flop



PokerStars Hand #226990984289:  Hold'em No Limit ($0.01/$0.02 USD) - 2021/05/23 0:18:54 PT [2021/05/23 3:18:54 ET]
Table 'Aaltje' 9-max Seat #8 is the button
Seat 1: Shutnica27 ($2.39 in chips) 
Seat 2: kamaz7 ($2.21 in chips) 
Seat 3: valera_9696@ ($3.50 in chips) 
Seat 4: shuhrat19744 ($2.06 in chips) 
Seat 6: Dorex2007 ($1.85 in chips) 
Seat 7: Ramkuss ($1.63 in chips) 
Seat 8: TT29500 ($1.96 in chips) 
Shutnica27: posts small blind $0.01
kamaz7: posts big blind $0.02
ARSENY2: sits out 
*** HOLE CARDS ***
Dealt to Dorex2007 [3h Qs]
valera_9696@: folds 
shuhrat19744: folds 
Dorex2007: folds 
Ramkuss: folds 
TT29500: raises $0.04 to $0.06
Shutnica27: folds 
kamaz7: calls $0.04
*** FLOP *** [Jd 9h Ac]
kamaz7: bets $0.10
TT29500: calls $0.10
*** TURN *** [Jd 9h Ac] [Ah]
kamaz7: bets $0.24
TT29500: folds 
Uncalled bet ($0.24) returned to kamaz7
kamaz7 collected $0.32 from pot
kamaz7: doesn't show hand 
*** SUMMARY ***
Total pot $0.33 | Rake $0.01 
Board [Jd 9h Ac Ah]
Seat 1: Shutnica27 (small blind) folded before Flop
Seat 2: kamaz7 (big blind) collected ($0.32)
Seat 3: valera_9696@ folded before Flop (didn't bet)
Seat 4: shuhrat19744 folded before Flop (didn't bet)
Seat 6: Dorex2007 folded before Flop (didn't bet)
Seat 7: Ramkuss folded before Flop (didn't bet)
Seat 8: TT29500 (button) folded on the Turn



PokerStars Hand #226990989893:  Hold'em No Limit ($0.01/$0.02 USD) - 2021/05/23 0:19:26 PT [2021/05/23 3:19:26 ET]
Table 'Aaltje' 9-max Seat #1 is the button
Seat 1: Shutnica27 ($2.38 in chips) 
Seat 2: kamaz7 ($2.37 in chips) 
Seat 3: valera_9696@ ($3.50 in chips) 
Seat 4: shuhrat19744 ($2.06 in chips) 
Seat 6: Dorex2007 ($1.85 in chips) 
Seat 7: Ramkuss ($1.63 in chips) 
Seat 8: TT29500 ($1.80 in chips) 
kamaz7: posts small blind $0.01
valera_9696@: posts big blind $0.02
ARSENY2: sits out 
gaguicardi1996: sits out 
*** HOLE CARDS ***
Dealt to Dorex2007 [5d Jh]
shuhrat19744: folds 
Dorex2007: folds 
Ramkuss: folds 
TT29500: folds 
Shutnica27: folds 
kamaz7: folds 
Uncalled bet ($0.01) returned to valera_9696@
valera_9696@ collected $0.02 from pot
valera_9696@: doesn't show hand 
*** SUMMARY ***
Total pot $0.02 | Rake $0 
Seat 1: Shutnica27 (button) folded before Flop (didn't bet)
Seat 2: kamaz7 (small blind) folded before Flop
Seat 3: valera_9696@ (big blind) collected ($0.02)
Seat 4: shuhrat19744 folded before Flop (didn't bet)
Seat 6: Dorex2007 folded before Flop (didn't bet)
Seat 7: Ramkuss folded before Flop (didn't bet)
Seat 8: TT29500 folded before Flop (didn't bet)



PokerStars Hand #226990991202:  Hold'em No Limit ($0.01/$0.02 USD) - 2021/05/23 0:19:33 PT [2021/05/23 3:19:33 ET]
Table 'Aaltje' 9-max Seat #2 is the button
Seat 1: Shutnica27 ($2.38 in chips) 
Seat 2: kamaz7 ($2.36 in chips) 
Seat 3: valera_9696@ ($3.51 in chips) 
Seat 4: shuhrat19744 ($2.06 in chips) 
Seat 6: Dorex2007 ($1.85 in chips) 
Seat 7: Ramkuss ($1.63 in chips) 
Seat 8: TT29500 ($1.80 in chips) 
valera_9696@: posts small blind $0.01
shuhrat19744: posts big blind $0.02
ARSENY2: sits out 
gaguicardi1996: sits out 
*** HOLE CARDS ***
Dealt to Dorex2007 [3s Qc]
Dorex2007: folds 
Ramkuss: folds 
TT29500: folds 
Shutnica27: folds 
kamaz7: folds 
valera_9696@: raises $0.04 to $0.06
shuhrat19744: raises $0.12 to $0.18
valera_9696@: folds 
Uncalled bet ($0.12) returned to shuhrat19744
shuhrat19744 collected $0.12 from pot
shuhrat19744: doesn't show hand 
*** SUMMARY ***
Total pot $0.12 | Rake $0 
Seat 1: Shutnica27 folded before Flop (didn't bet)
Seat 2: kamaz7 (button) folded before Flop (didn't bet)
Seat 3: valera_9696@ (small blind) folded before Flop
Seat 4: shuhrat19744 (big blind) collected ($0.12)
Seat 6: Dorex2007 folded before Flop (didn't bet)
Seat 7: Ramkuss folded before Flop (didn't bet)
Seat 8: TT29500 folded before Flop (didn't bet)



PokerStars Hand #226990996947:  Hold'em No Limit ($0.01/$0.02 USD) - 2021/05/23 0:20:05 PT [2021/05/23 3:20:05 ET]
Table 'Aaltje' 9-max Seat #3 is the button
Seat 1: Shutnica27 ($2.38 in chips) 
Seat 2: kamaz7 ($2.36 in chips) 
Seat 3: valera_9696@ ($3.45 in chips) 
Seat 4: shuhrat19744 ($2.12 in chips) 
Seat 5: ARSENY2 ($2 in chips) 
Seat 6: Dorex2007 ($1.85 in chips) 
Seat 7: Ramkuss ($1.63 in chips) 
Seat 8: TT29500 ($1.80 in chips) 
shuhrat19744: posts small blind $0.01
ARSENY2: posts big blind $0.02
gaguicardi1996: sits out 
*** HOLE CARDS ***
Dealt to Dorex2007 [7c 2h]
Dorex2007: folds 
Ramkuss: folds 
TT29500: folds 
Shutnica27: calls $0.02
kamaz7: raises $0.06 to $0.08
valera_9696@: calls $0.08
shuhrat19744: folds 
ARSENY2: folds 
Shutnica27: calls $0.06
*** FLOP *** [3c 3d Kd]
Shutnica27: bets $0.30
kamaz7: folds 
valera_9696@: calls $0.30
*** TURN *** [3c 3d Kd] [Ac]
Shutnica27: checks 
valera_9696@: checks 
*** RIVER *** [3c 3d Kd Ac] [4c]
Shutnica27: checks 
valera_9696@: checks 
*** SHOW DOWN ***
Shutnica27: shows [Kc 8h] (two pair, Kings and Threes)
valera_9696@: shows [Js Ks] (two pair, Kings and Threes)
Shutnica27 collected $0.42 from pot
valera_9696@ collected $0.42 from pot
*** SUMMARY ***
Total pot $0.87 | Rake $0.03 
Board [3c 3d Kd Ac 4c]
Seat 1: Shutnica27 showed [Kc 8h] and won ($0.42) with two pair, Kings and Threes
Seat 2: kamaz7 folded on the Flop
Seat 3: valera_9696@ (button) showed [Js Ks] and won ($0.42) with two pair, Kings and Threes
Seat 4: shuhrat19744 (small blind) folded before Flop
Seat 5: ARSENY2 (big blind) folded before Flop
Seat 6: Dorex2007 folded before Flop (didn't bet)
Seat 7: Ramkuss folded before Flop (didn't bet)
Seat 8: TT29500 folded before Flop (didn't bet)



PokerStars Hand #226991009104:  Hold'em No Limit ($0.01/$0.02 USD) - 2021/05/23 0:21:13 PT [2021/05/23 3:21:13 ET]
Table 'Aaltje' 9-max Seat #4 is the button
Seat 1: Shutnica27 ($2.42 in chips) 
Seat 2: kamaz7 ($2.28 in chips) 
Seat 3: valera_9696@ ($3.49 in chips) 
Seat 4: shuhrat19744 ($2.11 in chips) 
Seat 5: ARSENY2 ($2 in chips) 
Seat 6: Dorex2007 ($1.85 in chips) 
Seat 7: Ramkuss ($1.63 in chips) 
Seat 8: TT29500 ($1.80 in chips) 
ARSENY2: posts small blind $0.01
Dorex2007: posts big blind $0.02
gaguicardi1996: sits out 
*** HOLE CARDS ***
Dealt to Dorex2007 [Ks Js]
Ramkuss: folds 
TT29500: folds 
Shutnica27: folds 
kamaz7: folds 
valera_9696@: raises $0.03 to $0.05
shuhrat19744: calls $0.05
ARSENY2: folds 
Dorex2007: raises $0.13 to $0.18
valera_9696@: folds 
shuhrat19744: folds 
Uncalled bet ($0.13) returned to Dorex2007
Dorex2007 collected $0.16 from pot
Dorex2007: doesn't show hand 
*** SUMMARY ***
Total pot $0.16 | Rake $0 
Seat 1: Shutnica27 folded before Flop (didn't bet)
Seat 2: kamaz7 folded before Flop (didn't bet)
Seat 3: valera_9696@ folded before Flop
Seat 4: shuhrat19744 (button) folded before Flop
Seat 5: ARSENY2 (small blind) folded before Flop
Seat 6: Dorex2007 (big blind) collected ($0.16)
Seat 7: Ramkuss folded before Flop (didn't bet)
Seat 8: TT29500 folded before Flop (didn't bet)



PokerStars Hand #226991016327:  Hold'em No Limit ($0.01/$0.02 USD) - 2021/05/23 0:21:54 PT [2021/05/23 3:21:54 ET]
Table 'Aaltje' 9-max Seat #5 is the button
Seat 1: Shutnica27 ($2.42 in chips) 
Seat 2: kamaz7 ($2.28 in chips) 
Seat 3: valera_9696@ ($3.44 in chips) 
Seat 4: shuhrat19744 ($2.06 in chips) 
Seat 5: ARSENY2 ($2 in chips) 
Seat 6: Dorex2007 ($1.96 in chips) 
Seat 7: Ramkuss ($1.63 in chips) 
Seat 8: TT29500 ($1.80 in chips) 
Dorex2007: posts small blind $0.01
Ramkuss: posts big blind $0.02
gaguicardi1996: sits out 
*** HOLE CARDS ***
Dealt to Dorex2007 [4d Kc]
TT29500: folds 
Shutnica27: calls $0.02
kamaz7: folds 
TT29500 leaves the table
valera_9696@: folds 
shuhrat19744: folds 
ARSENY2: folds 
Dorex2007: calls $0.01
underpressure28 joins the table at seat #8 
Ramkuss: checks 
*** FLOP *** [Th 6c 5d]
Dorex2007: checks 
Ramkuss: checks 
Shutnica27: checks 
*** TURN *** [Th 6c 5d] [Ks]
Dorex2007: checks 
Ramkuss: checks 
Shutnica27: bets $0.06
Dorex2007: calls $0.06
Ramkuss: folds 
*** RIVER *** [Th 6c 5d Ks] [Qs]
Dorex2007: bets $0.09
Shutnica27: raises $0.09 to $0.18
Dorex2007: calls $0.09
*** SHOW DOWN ***
Shutnica27: shows [9c Kh] (a pair of Kings)
Dorex2007: mucks hand 
Shutnica27 collected $0.52 from pot
*** SUMMARY ***
Total pot $0.54 | Rake $0.02 
Board [Th 6c 5d Ks Qs]
Seat 1: Shutnica27 showed [9c Kh] and won ($0.52) with a pair of Kings
Seat 2: kamaz7 folded before Flop (didn't bet)
Seat 3: valera_9696@ folded before Flop (didn't bet)
Seat 4: shuhrat19744 folded before Flop (didn't bet)
Seat 5: ARSENY2 (button) folded before Flop (didn't bet)
Seat 6: Dorex2007 (small blind) mucked [4d Kc]
Seat 7: Ramkuss (big blind) folded on the Turn
Seat 8: TT29500 folded before Flop (didn't bet)



PokerStars Hand #226991030577:  Hold'em No Limit ($0.01/$0.02 USD) - 2021/05/23 0:23:15 PT [2021/05/23 3:23:15 ET]
Table 'Aaltje' 9-max Seat #6 is the button
Seat 1: Shutnica27 ($2.68 in chips) 
Seat 2: kamaz7 ($2.28 in chips) 
Seat 3: valera_9696@ ($3.44 in chips) 
Seat 4: shuhrat19744 ($2.06 in chips) 
Seat 5: ARSENY2 ($2 in chips) 
Seat 6: Dorex2007 ($1.70 in chips) 
Seat 7: Ramkuss ($1.61 in chips) 
Seat 8: underpressure28 ($1.19 in chips) 
Ramkuss: posts small blind $0.01
underpressure28: posts big blind $0.02
gaguicardi1996: sits out 
*** HOLE CARDS ***
Dealt to Dorex2007 [Ts 2s]
Shutnica27: calls $0.02
kamaz7: folds 
valera_9696@: folds 
shuhrat19744: calls $0.02
ARSENY2: raises $0.08 to $0.10
Dorex2007: folds 
Ramkuss: folds 
underpressure28: folds 
Shutnica27: calls $0.08
shuhrat19744: calls $0.08
*** FLOP *** [8d 2h 6d]
Shutnica27: checks 
shuhrat19744: checks 
ARSENY2: bets $0.19
Shutnica27: folds 
shuhrat19744: raises $0.35 to $0.54
ARSENY2: folds 
Uncalled bet ($0.35) returned to shuhrat19744
shuhrat19744 collected $0.69 from pot
shuhrat19744: doesn't show hand 
*** SUMMARY ***
Total pot $0.71 | Rake $0.02 
Board [8d 2h 6d]
Seat 1: Shutnica27 folded on the Flop
Seat 2: kamaz7 folded before Flop (didn't bet)
Seat 3: valera_9696@ folded before Flop (didn't bet)
Seat 4: shuhrat19744 collected ($0.69)
Seat 5: ARSENY2 folded on the Flop
Seat 6: Dorex2007 (button) folded before Flop (didn't bet)
Seat 7: Ramkuss (small blind) folded before Flop
Seat 8: underpressure28 (big blind) folded before Flop



PokerStars Hand #226991039232:  Hold'em No Limit ($0.01/$0.02 USD) - 2021/05/23 0:24:04 PT [2021/05/23 3:24:04 ET]
Table 'Aaltje' 9-max Seat #7 is the button
Seat 1: Shutnica27 ($2.58 in chips) 
Seat 2: kamaz7 ($2.28 in chips) 
Seat 3: valera_9696@ ($3.44 in chips) 
Seat 4: shuhrat19744 ($2.46 in chips) 
Seat 5: ARSENY2 ($2 in chips) 
Seat 6: Dorex2007 ($1.70 in chips) 
Seat 7: Ramkuss ($1.60 in chips) 
Seat 8: underpressure28 ($1.17 in chips) 
Seat 9: gaguicardi1996 ($2 in chips) 
underpressure28: posts small blind $0.01
gaguicardi1996: posts big blind $0.02
*** HOLE CARDS ***
Dealt to Dorex2007 [Tc 4c]
Shutnica27: calls $0.02
kamaz7: folds 
valera_9696@: folds 
shuhrat19744: raises $0.02 to $0.04
ARSENY2: folds 
Dorex2007: folds 
Ramkuss: folds 
underpressure28: raises $0.04 to $0.08
gaguicardi1996: folds 
Shutnica27: calls $0.06
shuhrat19744: calls $0.04
*** FLOP *** [9c 6s 3c]
underpressure28: checks 
Shutnica27: checks 
shuhrat19744: bets $2.38 and is all-in
underpressure28: folds 
Shutnica27: folds 
Uncalled bet ($2.38) returned to shuhrat19744
Shutnica27 leaves the table
shuhrat19744 collected $0.25 from pot
shuhrat19744: doesn't show hand 
*** SUMMARY ***
Total pot $0.26 | Rake $0.01 
Board [9c 6s 3c]
Seat 1: Shutnica27 folded on the Flop
Seat 2: kamaz7 folded before Flop (didn't bet)
Seat 3: valera_9696@ folded before Flop (didn't bet)
Seat 4: shuhrat19744 collected ($0.25)
Seat 5: ARSENY2 folded before Flop (didn't bet)
Seat 6: Dorex2007 folded before Flop (didn't bet)
Seat 7: Ramkuss (button) folded before Flop (didn't bet)
Seat 8: underpressure28 (small blind) folded on the Flop
Seat 9: gaguicardi1996 (big blind) folded before Flop



PokerStars Hand #226991044598:  Hold'em No Limit ($0.01/$0.02 USD) - 2021/05/23 0:24:34 PT [2021/05/23 3:24:34 ET]
Table 'Aaltje' 9-max Seat #8 is the button
Seat 2: kamaz7 ($2.28 in chips) 
Seat 3: valera_9696@ ($3.44 in chips) 
Seat 4: shuhrat19744 ($2.63 in chips) 
Seat 5: ARSENY2 ($2 in chips) 
Seat 6: Dorex2007 ($1.70 in chips) 
Seat 7: Ramkuss ($1.60 in chips) 
Seat 8: underpressure28 ($1.09 in chips) 
Seat 9: gaguicardi1996 ($1.98 in chips) 
gaguicardi1996: posts small blind $0.01
kamaz7: posts big blind $0.02
*** HOLE CARDS ***
Dealt to Dorex2007 [8d 7s]
valera_9696@: folds 
shuhrat19744: folds 
ARSENY2: folds 
Dorex2007: folds 
Ramkuss: raises $0.04 to $0.06
underpressure28: calls $0.06
gaguicardi1996: folds 
kamaz7: folds 
*** FLOP *** [Qc 5h 9c]
Ramkuss: bets $0.08
underpressure28: calls $0.08
*** TURN *** [Qc 5h 9c] [Jd]
Ramkuss: bets $0.14
underpressure28: raises $0.16 to $0.30
Ramkuss: calls $0.16
*** RIVER *** [Qc 5h 9c Jd] [8c]
Ramkuss: checks 
underpressure28: bets $0.65 and is all-in
Ramkuss: folds 
Uncalled bet ($0.65) returned to underpressure28
underpressure28 collected $0.88 from pot
underpressure28: doesn't show hand 
*** SUMMARY ***
Total pot $0.91 | Rake $0.03 
Board [Qc 5h 9c Jd 8c]
Seat 2: kamaz7 (big blind) folded before Flop
Seat 3: valera_9696@ folded before Flop (didn't bet)
Seat 4: shuhrat19744 folded before Flop (didn't bet)
Seat 5: ARSENY2 folded before Flop (didn't bet)
Seat 6: Dorex2007 folded before Flop (didn't bet)
Seat 7: Ramkuss folded on the River
Seat 8: underpressure28 (button) collected ($0.88)
Seat 9: gaguicardi1996 (small blind) folded before Flop



PokerStars Hand #226991055289:  Hold'em No Limit ($0.01/$0.02 USD) - 2021/05/23 0:25:35 PT [2021/05/23 3:25:35 ET]
Table 'Aaltje' 9-max Seat #9 is the button
Seat 2: kamaz7 ($2.26 in chips) 
Seat 3: valera_9696@ ($3.44 in chips) 
Seat 4: shuhrat19744 ($2.63 in chips) 
Seat 5: ARSENY2 ($2 in chips) 
Seat 6: Dorex2007 ($1.70 in chips) 
Seat 7: Ramkuss ($1.16 in chips) 
Seat 8: underpressure28 ($1.53 in chips) 
Seat 9: gaguicardi1996 ($1.97 in chips) 
kamaz7: posts small blind $0.01
valera_9696@: posts big blind $0.02
*** HOLE CARDS ***
Dealt to Dorex2007 [As 7h]
shuhrat19744: folds 
ARSENY2: folds 
Dorex2007: folds 
Ramkuss: folds 
underpressure28: raises $0.03 to $0.05
Gamlet_by joins the table at seat #1 
gaguicardi1996: raises $0.13 to $0.18
kamaz7: folds 
valera_9696@: folds 
underpressure28: calls $0.13
*** FLOP *** [3c Kc 7d]
underpressure28: checks 
gaguicardi1996: bets $0.19
underpressure28: calls $0.19
*** TURN *** [3c Kc 7d] [2s]
underpressure28: checks 
gaguicardi1996: checks 
*** RIVER *** [3c Kc 7d 2s] [Qc]
underpressure28: bets $0.46
gaguicardi1996: folds 
Uncalled bet ($0.46) returned to underpressure28
underpressure28 collected $0.74 from pot
underpressure28: doesn't show hand 
*** SUMMARY ***
Total pot $0.77 | Rake $0.03 
Board [3c Kc 7d 2s Qc]
Seat 2: kamaz7 (small blind) folded before Flop
Seat 3: valera_9696@ (big blind) folded before Flop
Seat 4: shuhrat19744 folded before Flop (didn't bet)
Seat 5: ARSENY2 folded before Flop (didn't bet)
Seat 6: Dorex2007 folded before Flop (didn't bet)
Seat 7: Ramkuss folded before Flop (didn't bet)
Seat 8: underpressure28 collected ($0.74)
Seat 9: gaguicardi1996 (button) folded on the River



PokerStars Hand #226991064636:  Hold'em No Limit ($0.01/$0.02 USD) - 2021/05/23 0:26:28 PT [2021/05/23 3:26:28 ET]
Table 'Aaltje' 9-max Seat #2 is the button
Seat 1: Gamlet_by ($1.60 in chips) 
Seat 2: kamaz7 ($2.25 in chips) 
Seat 3: valera_9696@ ($3.42 in chips) 
Seat 4: shuhrat19744 ($2.63 in chips) 
Seat 5: ARSENY2 ($2 in chips) 
Seat 6: Dorex2007 ($1.70 in chips) 
Seat 7: Ramkuss ($1.16 in chips) 
Seat 8: underpressure28 ($1.90 in chips) 
Seat 9: gaguicardi1996 ($1.60 in chips) 
valera_9696@: posts small blind $0.01
shuhrat19744: posts big blind $0.02
Gamlet_by: posts big blind $0.02
*** HOLE CARDS ***
Dealt to Dorex2007 [Kc 7h]
ARSENY2: folds 
Dorex2007: folds 
Ramkuss: calls $0.02
underpressure28: raises $0.03 to $0.05
gaguicardi1996: folds 
gaguicardi1996 leaves the table
Gamlet_by: folds 
kamaz7: folds 
valera_9696@: folds 
shuhrat19744: folds 
Ramkuss: calls $0.03
*** FLOP *** [5c Ah Ad]
Ramkuss: checks 
underpressure28: checks 
*** TURN *** [5c Ah Ad] [7c]
Ramkuss: checks 
underpressure28: bets $0.05
Ramkuss: calls $0.05
*** RIVER *** [5c Ah Ad 7c] [3d]
Ramkuss: checks 
underpressure28: checks 
*** SHOW DOWN ***
Ramkuss: shows [2h 2d] (two pair, Aces and Deuces)
underpressure28: mucks hand 
Ramkuss collected $0.24 from pot
*** SUMMARY ***
Total pot $0.25 | Rake $0.01 
Board [5c Ah Ad 7c 3d]
Seat 1: Gamlet_by folded before Flop (didn't bet)
Seat 2: kamaz7 (button) folded before Flop (didn't bet)
Seat 3: valera_9696@ (small blind) folded before Flop
Seat 4: shuhrat19744 (big blind) folded before Flop
Seat 5: ARSENY2 folded before Flop (didn't bet)
Seat 6: Dorex2007 folded before Flop (didn't bet)
Seat 7: Ramkuss showed [2h 2d] and won ($0.24) with two pair, Aces and Deuces
Seat 8: underpressure28 mucked [Kd Tc]
Seat 9: gaguicardi1996 folded before Flop (didn't bet)



PokerStars Hand #226991071235:  Hold'em No Limit ($0.01/$0.02 USD) - 2021/05/23 0:27:06 PT [2021/05/23 3:27:06 ET]
Table 'Aaltje' 9-max Seat #3 is the button
Seat 1: Gamlet_by ($1.58 in chips) 
Seat 2: kamaz7 ($2.25 in chips) 
Seat 3: valera_9696@ ($3.41 in chips) 
Seat 4: shuhrat19744 ($2.61 in chips) 
Seat 5: ARSENY2 ($2 in chips) 
Seat 6: Dorex2007 ($1.70 in chips) 
Seat 7: Ramkuss ($1.30 in chips) 
Seat 8: underpressure28 ($1.80 in chips) 
shuhrat19744: posts small blind $0.01
ARSENY2: posts big blind $0.02
*** HOLE CARDS ***
Dealt to Dorex2007 [Qh 3h]
Dorex2007: folds 
Ramkuss: raises $0.04 to $0.06
underpressure28: folds 
Gamlet_by: calls $0.06
kamaz7: folds 
valera_9696@: folds 
shuhrat19744: folds 
ARSENY2: folds 
*** FLOP *** [Td 8c 2d]
Ramkuss: bets $0.10
Gamlet_by: calls $0.10
*** TURN *** [Td 8c 2d] [6h]
Ramkuss: bets $0.23
Gamlet_by: calls $0.23
*** RIVER *** [Td 8c 2d 6h] [9s]
dziad1985 joins the table at seat #9 
Ramkuss: bets $0.91 and is all-in
Gamlet_by: folds 
Uncalled bet ($0.91) returned to Ramkuss
Ramkuss collected $0.78 from pot
Ramkuss: doesn't show hand 
*** SUMMARY ***
Total pot $0.81 | Rake $0.03 
Board [Td 8c 2d 6h 9s]
Seat 1: Gamlet_by folded on the River
Seat 2: kamaz7 folded before Flop (didn't bet)
Seat 3: valera_9696@ (button) folded before Flop (didn't bet)
Seat 4: shuhrat19744 (small blind) folded before Flop
Seat 5: ARSENY2 (big blind) folded before Flop
Seat 6: Dorex2007 folded before Flop (didn't bet)
Seat 7: Ramkuss collected ($0.78)
Seat 8: underpressure28 folded before Flop (didn't bet)



PokerStars Hand #226991079812:  Hold'em No Limit ($0.01/$0.02 USD) - 2021/05/23 0:27:54 PT [2021/05/23 3:27:54 ET]
Table 'Aaltje' 9-max Seat #4 is the button
Seat 1: Gamlet_by ($1.19 in chips) 
Seat 2: kamaz7 ($2.25 in chips) 
Seat 3: valera_9696@ ($3.41 in chips) 
Seat 4: shuhrat19744 ($2.60 in chips) 
Seat 5: ARSENY2 ($2 in chips) 
Seat 6: Dorex2007 ($1.70 in chips) 
Seat 7: Ramkuss ($1.69 in chips) 
Seat 8: underpressure28 ($1.80 in chips) 
ARSENY2: posts small blind $0.01
Dorex2007: posts big blind $0.02
dziad1985: sits out 
*** HOLE CARDS ***
Dealt to Dorex2007 [8d 4c]
Ramkuss: folds 
underpressure28: raises $0.04 to $0.06
Gamlet_by: folds 
kamaz7: folds 
valera_9696@: folds 
shuhrat19744: folds 
ARSENY2: folds 
Dorex2007: folds 
Uncalled bet ($0.04) returned to underpressure28
underpressure28 collected $0.05 from pot
underpressure28: doesn't show hand 
*** SUMMARY ***
Total pot $0.05 | Rake $0 
Seat 1: Gamlet_by folded before Flop (didn't bet)
Seat 2: kamaz7 folded before Flop (didn't bet)
Seat 3: valera_9696@ folded before Flop (didn't bet)
Seat 4: shuhrat19744 (button) folded before Flop (didn't bet)
Seat 5: ARSENY2 (small blind) folded before Flop
Seat 6: Dorex2007 (big blind) folded before Flop
Seat 7: Ramkuss folded before Flop (didn't bet)
Seat 8: underpressure28 collected ($0.05)



PokerStars Hand #226991082340:  Hold'em No Limit ($0.01/$0.02 USD) - 2021/05/23 0:28:09 PT [2021/05/23 3:28:09 ET]
Table 'Aaltje' 9-max Seat #5 is the button
Seat 1: Gamlet_by ($1.19 in chips) 
Seat 2: kamaz7 ($2.25 in chips) 
Seat 3: valera_9696@ ($3.41 in chips) 
Seat 4: shuhrat19744 ($2.60 in chips) 
Seat 5: ARSENY2 ($2 in chips) 
Seat 6: Dorex2007 ($1.68 in chips) 
Seat 7: Ramkuss ($1.69 in chips) 
Seat 8: underpressure28 ($1.83 in chips) 
Dorex2007: posts small blind $0.01
Ramkuss: posts big blind $0.02
dziad1985: sits out 
*** HOLE CARDS ***
Dealt to Dorex2007 [Jh 2d]
underpressure28: folds 
Gamlet_by: folds 
kamaz7: calls $0.02
valera_9696@: folds 
shuhrat19744: calls $0.02
ARSENY2: raises $0.14 to $0.16
Dorex2007: folds 
Ramkuss: folds 
kamaz7: folds 
shuhrat19744: folds 
Uncalled bet ($0.14) returned to ARSENY2
ARSENY2 collected $0.09 from pot
ARSENY2: doesn't show hand 
*** SUMMARY ***
Total pot $0.09 | Rake $0 
Seat 1: Gamlet_by folded before Flop (didn't bet)
Seat 2: kamaz7 folded before Flop
Seat 3: valera_9696@ folded before Flop (didn't bet)
Seat 4: shuhrat19744 folded before Flop
Seat 5: ARSENY2 (button) collected ($0.09)
Seat 6: Dorex2007 (small blind) folded before Flop
Seat 7: Ramkuss (big blind) folded before Flop
Seat 8: underpressure28 folded before Flop (didn't bet)



PokerStars Hand #226991086664:  Hold'em No Limit ($0.01/$0.02 USD) - 2021/05/23 0:28:33 PT [2021/05/23 3:28:33 ET]
Table 'Aaltje' 9-max Seat #6 is the button
Seat 1: Gamlet_by ($1.19 in chips) 
Seat 2: kamaz7 ($2.23 in chips) 
Seat 3: valera_9696@ ($3.41 in chips) 
Seat 4: shuhrat19744 ($2.58 in chips) 
Seat 5: ARSENY2 ($2.07 in chips) 
Seat 6: Dorex2007 ($1.67 in chips) 
Seat 7: Ramkuss ($1.67 in chips) 
Seat 8: underpressure28 ($1.83 in chips) 
Ramkuss: posts small blind $0.01
underpressure28: posts big blind $0.02
dziad1985: sits out 
*** HOLE CARDS ***
Dealt to Dorex2007 [8c Ks]
Gamlet_by: folds 
kamaz7: raises $0.06 to $0.08
valera_9696@: folds 
shuhrat19744: folds 
ARSENY2: folds 
Dorex2007: folds 
Ramkuss: folds 
underpressure28: calls $0.06
*** FLOP *** [8s Js Tc]
underpressure28: checks 
kamaz7: bets $0.12
underpressure28: calls $0.12
*** TURN *** [8s Js Tc] [Ts]
underpressure28: checks 
kamaz7: checks 
*** RIVER *** [8s Js Tc Ts] [Jd]
underpressure28: bets $0.23
kamaz7: folds 
Uncalled bet ($0.23) returned to underpressure28
underpressure28 collected $0.40 from pot
underpressure28: doesn't show hand 
*** SUMMARY ***
Total pot $0.41 | Rake $0.01 
Board [8s Js Tc Ts Jd]
Seat 1: Gamlet_by folded before Flop (didn't bet)
Seat 2: kamaz7 folded on the River
Seat 3: valera_9696@ folded before Flop (didn't bet)
Seat 4: shuhrat19744 folded before Flop (didn't bet)
Seat 5: ARSENY2 folded before Flop (didn't bet)
Seat 6: Dorex2007 (button) folded before Flop (didn't bet)
Seat 7: Ramkuss (small blind) folded before Flop
Seat 8: underpressure28 (big blind) collected ($0.40)



PokerStars Hand #226991095507:  Hold'em No Limit ($0.01/$0.02 USD) - 2021/05/23 0:29:23 PT [2021/05/23 3:29:23 ET]
Table 'Aaltje' 9-max Seat #7 is the button
Seat 1: Gamlet_by ($1.19 in chips) 
Seat 2: kamaz7 ($2.03 in chips) 
Seat 3: valera_9696@ ($3.41 in chips) 
Seat 4: shuhrat19744 ($2.58 in chips) 
Seat 5: ARSENY2 ($2.07 in chips) 
Seat 6: Dorex2007 ($1.67 in chips) 
Seat 7: Ramkuss ($1.66 in chips) 
Seat 8: underpressure28 ($2.03 in chips) 
Seat 9: dziad1985 ($2 in chips) 
underpressure28: posts small blind $0.01
dziad1985: posts big blind $0.02
*** HOLE CARDS ***
Dealt to Dorex2007 [Th 2h]
Gamlet_by: folds 
kamaz7: folds 
valera_9696@: folds 
shuhrat19744: folds 
ARSENY2: folds 
Dorex2007: folds 
Ramkuss: folds 
underpressure28: raises $0.02 to $0.04
dziad1985: folds 
Uncalled bet ($0.02) returned to underpressure28
underpressure28 collected $0.04 from pot
underpressure28: doesn't show hand 
*** SUMMARY ***
Total pot $0.04 | Rake $0 
Seat 1: Gamlet_by folded before Flop (didn't bet)
Seat 2: kamaz7 folded before Flop (didn't bet)
Seat 3: valera_9696@ folded before Flop (didn't bet)
Seat 4: shuhrat19744 folded before Flop (didn't bet)
Seat 5: ARSENY2 folded before Flop (didn't bet)
Seat 6: Dorex2007 folded before Flop (didn't bet)
Seat 7: Ramkuss (button) folded before Flop (didn't bet)
Seat 8: underpressure28 (small blind) collected ($0.04)
Seat 9: dziad1985 (big blind) folded before Flop



PokerStars Hand #226991098632:  Hold'em No Limit ($0.01/$0.02 USD) - 2021/05/23 0:29:41 PT [2021/05/23 3:29:41 ET]
Table 'Aaltje' 9-max Seat #8 is the button
Seat 1: Gamlet_by ($1.19 in chips) 
Seat 2: kamaz7 ($2.03 in chips) 
Seat 3: valera_9696@ ($3.41 in chips) 
Seat 4: shuhrat19744 ($2.58 in chips) 
Seat 5: ARSENY2 ($2.07 in chips) 
Seat 6: Dorex2007 ($2 in chips) 
Seat 7: Ramkuss ($1.66 in chips) 
Seat 8: underpressure28 ($2.05 in chips) 
Seat 9: dziad1985 ($2 in chips) 
dziad1985: posts small blind $0.01
Gamlet_by: posts big blind $0.02
*** HOLE CARDS ***
Dealt to Dorex2007 [Qc 6s]
kamaz7: folds 
valera_9696@: folds 
shuhrat19744: folds 
ARSENY2: folds 
Dorex2007: folds 
Ramkuss: raises $0.04 to $0.06
underpressure28: folds 
dziad1985: folds 
Gamlet_by: folds 
Uncalled bet ($0.04) returned to Ramkuss
Ramkuss collected $0.05 from pot
Ramkuss: doesn't show hand 
*** SUMMARY ***
Total pot $0.05 | Rake $0 
Seat 1: Gamlet_by (big blind) folded before Flop
Seat 2: kamaz7 folded before Flop (didn't bet)
Seat 3: valera_9696@ folded before Flop (didn't bet)
Seat 4: shuhrat19744 folded before Flop (didn't bet)
Seat 5: ARSENY2 folded before Flop (didn't bet)
Seat 6: Dorex2007 folded before Flop (didn't bet)
Seat 7: Ramkuss collected ($0.05)
Seat 8: underpressure28 (button) folded before Flop (didn't bet)
Seat 9: dziad1985 (small blind) folded before Flop



PokerStars Hand #226991105292:  Hold'em No Limit ($0.01/$0.02 USD) - 2021/05/23 0:30:18 PT [2021/05/23 3:30:18 ET]
Table 'Aaltje' 9-max Seat #9 is the button
Seat 1: Gamlet_by ($1.17 in chips) 
Seat 2: kamaz7 ($2.03 in chips) 
Seat 3: valera_9696@ ($3.41 in chips) 
Seat 4: shuhrat19744 ($2.58 in chips) 
Seat 5: ARSENY2 ($2.07 in chips) 
Seat 6: Dorex2007 ($2 in chips) 
Seat 7: Ramkuss ($1.69 in chips) 
Seat 8: underpressure28 ($2.05 in chips) 
Seat 9: dziad1985 ($2 in chips) 
Gamlet_by: posts small blind $0.01
kamaz7: posts big blind $0.02
*** HOLE CARDS ***
Dealt to Dorex2007 [2s 8h]
valera_9696@: folds 
shuhrat19744: folds 
ARSENY2 has timed out
ARSENY2: folds 
Dorex2007: folds 
Ramkuss: raises $0.04 to $0.06
underpressure28: raises $0.05 to $0.11
dziad1985: folds 
Gamlet_by: folds 
kamaz7: folds 
Ramkuss: calls $0.05
*** FLOP *** [8c 7s 2d]
Ramkuss: checks 
underpressure28: bets $0.13
Ramkuss: raises $0.17 to $0.30
underpressure28: calls $0.17
*** TURN *** [8c 7s 2d] [9d]
Ramkuss: bets $1.28 and is all-in
underpressure28: folds 
Uncalled bet ($1.28) returned to Ramkuss
Ramkuss collected $0.82 from pot
Ramkuss: doesn't show hand 
*** SUMMARY ***
Total pot $0.85 | Rake $0.03 
Board [8c 7s 2d 9d]
Seat 1: Gamlet_by (small blind) folded before Flop
Seat 2: kamaz7 (big blind) folded before Flop
Seat 3: valera_9696@ folded before Flop (didn't bet)
Seat 4: shuhrat19744 folded before Flop (didn't bet)
Seat 5: ARSENY2 folded before Flop (didn't bet)
Seat 6: Dorex2007 folded before Flop (didn't bet)
Seat 7: Ramkuss collected ($0.82)
Seat 8: underpressure28 folded on the Turn
Seat 9: dziad1985 (button) folded before Flop (didn't bet)



PokerStars Hand #226991120587:  Hold'em No Limit ($0.01/$0.02 USD) - 2021/05/23 0:31:28 PT [2021/05/23 3:31:28 ET]
Table 'Aaltje' 9-max Seat #1 is the button
Seat 1: Gamlet_by ($1.16 in chips) 
Seat 2: kamaz7 ($2.01 in chips) 
Seat 3: valera_9696@ ($3.41 in chips) 
Seat 4: shuhrat19744 ($2.58 in chips) 
Seat 5: ARSENY2 ($2.07 in chips) 
Seat 6: Dorex2007 ($2 in chips) 
Seat 7: Ramkuss ($2.10 in chips) 
Seat 8: underpressure28 ($1.64 in chips) 
Seat 9: dziad1985 ($2 in chips) 
kamaz7: posts small blind $0.01
valera_9696@: posts big blind $0.02
*** HOLE CARDS ***
Dealt to Dorex2007 [Qh Kc]
shuhrat19744: folds 
ARSENY2: folds 
Dorex2007: raises $0.04 to $0.06
Ramkuss: raises $0.12 to $0.18
underpressure28: folds 
dziad1985: folds 
Gamlet_by: folds 
kamaz7: folds 
valera_9696@: folds 
Dorex2007: folds 
Uncalled bet ($0.12) returned to Ramkuss
Ramkuss collected $0.15 from pot
Ramkuss: doesn't show hand 
*** SUMMARY ***
Total pot $0.15 | Rake $0 
Seat 1: Gamlet_by (button) folded before Flop (didn't bet)
Seat 2: kamaz7 (small blind) folded before Flop
Seat 3: valera_9696@ (big blind) folded before Flop
Seat 4: shuhrat19744 folded before Flop (didn't bet)
Seat 5: ARSENY2 folded before Flop (didn't bet)
Seat 6: Dorex2007 folded before Flop
Seat 7: Ramkuss collected ($0.15)
Seat 8: underpressure28 folded before Flop (didn't bet)
Seat 9: dziad1985 folded before Flop (didn't bet)



PokerStars Hand #226991126804:  Hold'em No Limit ($0.01/$0.02 USD) - 2021/05/23 0:32:04 PT [2021/05/23 3:32:04 ET]
Table 'Aaltje' 9-max Seat #2 is the button
Seat 1: Gamlet_by ($1.16 in chips) 
Seat 2: kamaz7 ($2 in chips) 
Seat 3: valera_9696@ ($3.39 in chips) 
Seat 4: shuhrat19744 ($2.58 in chips) 
Seat 5: ARSENY2 ($2.07 in chips) 
Seat 6: Dorex2007 ($1.94 in chips) 
Seat 7: Ramkuss ($2.19 in chips) 
Seat 8: underpressure28 ($1.64 in chips) 
Seat 9: dziad1985 ($2 in chips) 
valera_9696@: posts small blind $0.01
shuhrat19744: posts big blind $0.02
*** HOLE CARDS ***
Dealt to Dorex2007 [Qc 9s]
ARSENY2: folds 
Dorex2007: folds 
Ramkuss: raises $0.04 to $0.06
underpressure28: calls $0.06
dziad1985: folds 
Gamlet_by: folds 
kamaz7: folds 
valera_9696@: folds 
shuhrat19744: folds 
*** FLOP *** [9h 2d 4h]
Ramkuss: checks 
underpressure28: bets $0.10
Ramkuss: calls $0.10
*** TURN *** [9h 2d 4h] [Ac]
Ramkuss: checks 
underpressure28: bets $0.25
Ramkuss: folds 
Uncalled bet ($0.25) returned to underpressure28
underpressure28 collected $0.34 from pot
underpressure28: doesn't show hand 
*** SUMMARY ***
Total pot $0.35 | Rake $0.01 
Board [9h 2d 4h Ac]
Seat 1: Gamlet_by folded before Flop (didn't bet)
Seat 2: kamaz7 (button) folded before Flop (didn't bet)
Seat 3: valera_9696@ (small blind) folded before Flop
Seat 4: shuhrat19744 (big blind) folded before Flop
Seat 5: ARSENY2 folded before Flop (didn't bet)
Seat 6: Dorex2007 folded before Flop (didn't bet)
Seat 7: Ramkuss folded on the Turn
Seat 8: underpressure28 collected ($0.34)
Seat 9: dziad1985 folded before Flop (didn't bet)



PokerStars Hand #226991136665:  Hold'em No Limit ($0.01/$0.02 USD) - 2021/05/23 0:33:00 PT [2021/05/23 3:33:00 ET]
Table 'Aaltje' 9-max Seat #3 is the button
Seat 1: Gamlet_by ($1.16 in chips) 
Seat 2: kamaz7 ($2 in chips) 
Seat 3: valera_9696@ ($3.38 in chips) 
Seat 4: shuhrat19744 ($2.56 in chips) 
Seat 5: ARSENY2 ($2.07 in chips) 
Seat 6: Dorex2007 ($1.94 in chips) 
Seat 7: Ramkuss ($2.03 in chips) 
Seat 8: underpressure28 ($1.82 in chips) 
Seat 9: dziad1985 ($2 in chips) 
shuhrat19744: posts small blind $0.01
ARSENY2: posts big blind $0.02
*** HOLE CARDS ***
Dealt to Dorex2007 [Js As]
Dorex2007: raises $0.04 to $0.06
Ramkuss: folds 
underpressure28: calls $0.06
dziad1985: folds 
Gamlet_by: calls $0.06
kamaz7: calls $0.06
valera_9696@: folds 
shuhrat19744: folds 
ARSENY2: folds 
*** FLOP *** [7s Qh 8h]
Dorex2007: bets $0.13
underpressure28: calls $0.13
Gamlet_by: calls $0.13
kamaz7: folds 
*** TURN *** [7s Qh 8h] [Kd]
Dorex2007: checks 
underpressure28: bets $0.28
Gamlet_by: calls $0.28
Dorex2007: folds 
*** RIVER *** [7s Qh 8h Kd] [Kc]
underpressure28: checks 
Gamlet_by: bets $0.30
underpressure28: raises $1.05 to $1.35 and is all-in
Gamlet_by: calls $0.39 and is all-in
Uncalled bet ($0.66) returned to underpressure28
*** SHOW DOWN ***
underpressure28: shows [8c 9s] (two pair, Kings and Eights)
Gamlet_by: shows [Jh Kh] (three of a kind, Kings)
Gamlet_by collected $2.51 from pot
*** SUMMARY ***
Total pot $2.60 | Rake $0.09 
Board [7s Qh 8h Kd Kc]
Seat 1: Gamlet_by showed [Jh Kh] and won ($2.51) with three of a kind, Kings
Seat 2: kamaz7 folded on the Flop
Seat 3: valera_9696@ (button) folded before Flop (didn't bet)
Seat 4: shuhrat19744 (small blind) folded before Flop
Seat 5: ARSENY2 (big blind) folded before Flop
Seat 6: Dorex2007 folded on the Turn
Seat 7: Ramkuss folded before Flop (didn't bet)
Seat 8: underpressure28 showed [8c 9s] and lost with two pair, Kings and Eights
Seat 9: dziad1985 folded before Flop (didn't bet)



PokerStars Hand #226991151112:  Hold'em No Limit ($0.01/$0.02 USD) - 2021/05/23 0:34:24 PT [2021/05/23 3:34:24 ET]
Table 'Aaltje' 9-max Seat #4 is the button
Seat 1: Gamlet_by ($2.51 in chips) 
Seat 2: kamaz7 ($1.94 in chips) 
Seat 3: valera_9696@ ($3.38 in chips) 
Seat 4: shuhrat19744 ($2.55 in chips) 
Seat 5: ARSENY2 ($2.05 in chips) 
Seat 6: Dorex2007 ($1.75 in chips) 
Seat 7: Ramkuss ($2.03 in chips) 
Seat 8: underpressure28 ($0.66 in chips) 
Seat 9: dziad1985 ($2 in chips) 
ARSENY2: posts small blind $0.01
Dorex2007: posts big blind $0.02
*** HOLE CARDS ***
Dealt to Dorex2007 [2c 8d]
Ramkuss: folds 
underpressure28: raises $0.03 to $0.05
dziad1985: folds 
Gamlet_by: calls $0.05
kamaz7: folds 
valera_9696@: folds 
shuhrat19744: folds 
ARSENY2: folds 
Dorex2007: folds 
*** FLOP *** [3s 4c 9s]
underpressure28: checks 
Gamlet_by: checks 
*** TURN *** [3s 4c 9s] [4h]
underpressure28: bets $0.06
Gamlet_by: folds 
Uncalled bet ($0.06) returned to underpressure28
underpressure28 collected $0.13 from pot
underpressure28: doesn't show hand 
*** SUMMARY ***
Total pot $0.13 | Rake $0 
Board [3s 4c 9s 4h]
Seat 1: Gamlet_by folded on the Turn
Seat 2: kamaz7 folded before Flop (didn't bet)
Seat 3: valera_9696@ folded before Flop (didn't bet)
Seat 4: shuhrat19744 (button) folded before Flop (didn't bet)
Seat 5: ARSENY2 (small blind) folded before Flop
Seat 6: Dorex2007 (big blind) folded before Flop
Seat 7: Ramkuss folded before Flop (didn't bet)
Seat 8: underpressure28 collected ($0.13)
Seat 9: dziad1985 folded before Flop (didn't bet)



PokerStars Hand #226991157285:  Hold'em No Limit ($0.01/$0.02 USD) - 2021/05/23 0:34:59 PT [2021/05/23 3:34:59 ET]
Table 'Aaltje' 9-max Seat #5 is the button
Seat 1: Gamlet_by ($2.46 in chips) 
Seat 2: kamaz7 ($1.94 in chips) 
Seat 3: valera_9696@ ($3.38 in chips) 
Seat 4: shuhrat19744 ($2.55 in chips) 
Seat 5: ARSENY2 ($2.04 in chips) 
Seat 6: Dorex2007 ($1.73 in chips) 
Seat 7: Ramkuss ($2.03 in chips) 
Seat 8: underpressure28 ($0.74 in chips) 
Seat 9: dziad1985 ($2 in chips) 
Dorex2007: posts small blind $0.01
Ramkuss: posts big blind $0.02
*** HOLE CARDS ***
Dealt to Dorex2007 [2d 6h]
underpressure28: folds 
dziad1985: raises $0.04 to $0.06
Gamlet_by: folds 
kamaz7: folds 
valera_9696@: folds 
shuhrat19744: folds 
ARSENY2: raises $0.12 to $0.18
Dorex2007: folds 
Ramkuss: folds 
dziad1985: folds 
Uncalled bet ($0.12) returned to ARSENY2
ARSENY2 collected $0.15 from pot
ARSENY2: doesn't show hand 
*** SUMMARY ***
Total pot $0.15 | Rake $0 
Seat 1: Gamlet_by folded before Flop (didn't bet)
Seat 2: kamaz7 folded before Flop (didn't bet)
Seat 3: valera_9696@ folded before Flop (didn't bet)
Seat 4: shuhrat19744 folded before Flop (didn't bet)
Seat 5: ARSENY2 (button) collected ($0.15)
Seat 6: Dorex2007 (small blind) folded before Flop
Seat 7: Ramkuss (big blind) folded before Flop
Seat 8: underpressure28 folded before Flop (didn't bet)
Seat 9: dziad1985 folded before Flop



PokerStars Hand #226991162167:  Hold'em No Limit ($0.01/$0.02 USD) - 2021/05/23 0:35:27 PT [2021/05/23 3:35:27 ET]
Table 'Aaltje' 9-max Seat #6 is the button
Seat 1: Gamlet_by ($2.46 in chips) 
Seat 2: kamaz7 ($1.94 in chips) 
Seat 3: valera_9696@ ($3.38 in chips) 
Seat 4: shuhrat19744 ($2.55 in chips) 
Seat 5: ARSENY2 ($2.13 in chips) 
Seat 6: Dorex2007 ($1.72 in chips) 
Seat 7: Ramkuss ($2.01 in chips) 
Seat 8: underpressure28 ($0.74 in chips) 
Seat 9: dziad1985 ($2 in chips) 
Ramkuss: posts small blind $0.01
underpressure28: posts big blind $0.02
*** HOLE CARDS ***
Dealt to Dorex2007 [Tc 7h]
dziad1985: folds 
Gamlet_by: calls $0.02
kamaz7: folds 
valera_9696@: folds 
shuhrat19744: folds 
ARSENY2: folds 
Dorex2007: folds 
Ramkuss: calls $0.01
underpressure28: checks 
*** FLOP *** [6d 4c 6c]
Ramkuss: checks 
underpressure28: bets $0.03
Gamlet_by: calls $0.03
Ramkuss: folds 
*** TURN *** [6d 4c 6c] [3d]
underpressure28: bets $0.08
Gamlet_by: calls $0.08
*** RIVER *** [6d 4c 6c 3d] [2h]
underpressure28: bets $0.61 and is all-in
Gamlet_by: calls $0.61
*** SHOW DOWN ***
underpressure28: shows [5h 2s] (a straight, Deuce to Six)
Gamlet_by: shows [4s 6s] (a full house, Sixes full of Fours)
Gamlet_by collected $1.45 from pot
*** SUMMARY ***
Total pot $1.50 | Rake $0.05 
Board [6d 4c 6c 3d 2h]
Seat 1: Gamlet_by showed [4s 6s] and won ($1.45) with a full house, Sixes full of Fours
Seat 2: kamaz7 folded before Flop (didn't bet)
Seat 3: valera_9696@ folded before Flop (didn't bet)
Seat 4: shuhrat19744 folded before Flop (didn't bet)
Seat 5: ARSENY2 folded before Flop (didn't bet)
Seat 6: Dorex2007 (button) folded before Flop (didn't bet)
Seat 7: Ramkuss (small blind) folded on the Flop
Seat 8: underpressure28 (big blind) showed [5h 2s] and lost with a straight, Deuce to Six
Seat 9: dziad1985 folded before Flop (didn't bet)



PokerStars Hand #226991172408:  Hold'em No Limit ($0.01/$0.02 USD) - 2021/05/23 0:36:26 PT [2021/05/23 3:36:26 ET]
Table 'Aaltje' 9-max Seat #7 is the button
Seat 1: Gamlet_by ($3.17 in chips) 
Seat 2: kamaz7 ($1.94 in chips) 
Seat 3: valera_9696@ ($3.38 in chips) 
Seat 4: shuhrat19744 ($2.55 in chips) 
Seat 5: ARSENY2 ($2.13 in chips) 
Seat 6: Dorex2007 ($2 in chips) 
Seat 7: Ramkuss ($1.99 in chips) 
Seat 9: dziad1985 ($2 in chips) 
dziad1985: posts small blind $0.01
Gamlet_by: posts big blind $0.02
*** HOLE CARDS ***
Dealt to Dorex2007 [4s 7s]
kamaz7: raises $0.06 to $0.08
valera_9696@: folds 
shuhrat19744: folds 
ARSENY2: folds 
Dorex2007: folds 
Ramkuss: folds 
dziad1985: folds 
Gamlet_by: folds 
Uncalled bet ($0.06) returned to kamaz7
kamaz7 collected $0.05 from pot
kamaz7: doesn't show hand 
*** SUMMARY ***
Total pot $0.05 | Rake $0 
Seat 1: Gamlet_by (big blind) folded before Flop
Seat 2: kamaz7 collected ($0.05)
Seat 3: valera_9696@ folded before Flop (didn't bet)
Seat 4: shuhrat19744 folded before Flop (didn't bet)
Seat 5: ARSENY2 folded before Flop (didn't bet)
Seat 6: Dorex2007 folded before Flop (didn't bet)
Seat 7: Ramkuss (button) folded before Flop (didn't bet)
Seat 9: dziad1985 (small blind) folded before Flop



PokerStars Hand #226991174998:  Hold'em No Limit ($0.01/$0.02 USD) - 2021/05/23 0:36:40 PT [2021/05/23 3:36:40 ET]
Table 'Aaltje' 9-max Seat #9 is the button
Seat 1: Gamlet_by ($3.15 in chips) 
Seat 2: kamaz7 ($1.97 in chips) 
Seat 3: valera_9696@ ($3.38 in chips) 
Seat 4: shuhrat19744 ($2.55 in chips) 
Seat 5: ARSENY2 ($2.13 in chips) 
Seat 6: Dorex2007 ($2 in chips) 
Seat 7: Ramkuss ($1.99 in chips) 
Seat 9: dziad1985 ($2 in chips) 
Gamlet_by: posts small blind $0.01
kamaz7: posts big blind $0.02
*** HOLE CARDS ***
Dealt to Dorex2007 [Ah 4c]
valera_9696@: folds 
shuhrat19744: folds 
ARSENY2: folds 
Dorex2007: folds 
underpressure28 leaves the table
Ramkuss: raises $0.04 to $0.06
dziad1985: calls $0.06
Gamlet_by: folds 
kamaz7: folds 
*** FLOP *** [4d Js 2h]
Ramkuss: bets $0.10
dziad1985: folds 
Uncalled bet ($0.10) returned to Ramkuss
Ramkuss collected $0.14 from pot
Ramkuss: doesn't show hand 
*** SUMMARY ***
Total pot $0.15 | Rake $0.01 
Board [4d Js 2h]
Seat 1: Gamlet_by (small blind) folded before Flop
Seat 2: kamaz7 (big blind) folded before Flop
Seat 3: valera_9696@ folded before Flop (didn't bet)
Seat 4: shuhrat19744 folded before Flop (didn't bet)
Seat 5: ARSENY2 folded before Flop (didn't bet)
Seat 6: Dorex2007 folded before Flop (didn't bet)
Seat 7: Ramkuss collected ($0.14)
Seat 9: dziad1985 (button) folded on the Flop



PokerStars Hand #226991180230:  Hold'em No Limit ($0.01/$0.02 USD) - 2021/05/23 0:37:10 PT [2021/05/23 3:37:10 ET]
Table 'Aaltje' 9-max Seat #1 is the button
Seat 1: Gamlet_by ($3.14 in chips) 
Seat 2: kamaz7 ($1.95 in chips) 
Seat 3: valera_9696@ ($3.38 in chips) 
Seat 4: shuhrat19744 ($2.55 in chips) 
Seat 5: ARSENY2 ($2.13 in chips) 
Seat 6: Dorex2007 ($2 in chips) 
Seat 7: Ramkuss ($2.07 in chips) 
Seat 9: dziad1985 ($2 in chips) 
kamaz7: posts small blind $0.01
valera_9696@: posts big blind $0.02
*** HOLE CARDS ***
Dealt to Dorex2007 [4h As]
shuhrat19744: raises $0.02 to $0.04
ARSENY2: folds 
Dorex2007: folds 
Ramkuss: folds 
dziad1985: folds 
kqfall1 joins the table at seat #8 
Gamlet_by: calls $0.04
kamaz7: calls $0.03
valera_9696@: folds 
*** FLOP *** [6d 2c 9d]
kamaz7: checks 
shuhrat19744: checks 
Gamlet_by: checks 
*** TURN *** [6d 2c 9d] [5s]
kamaz7: checks 
shuhrat19744: checks 
Gamlet_by: bets $0.02
kamaz7: calls $0.02
shuhrat19744: calls $0.02
*** RIVER *** [6d 2c 9d 5s] [5c]
kamaz7: checks 
shuhrat19744: checks 
kqfall1 leaves the table
Gamlet_by: bets $0.05
kamaz7: folds 
fR0sE68 joins the table at seat #8 
shuhrat19744: folds 
Uncalled bet ($0.05) returned to Gamlet_by
Gamlet_by collected $0.19 from pot
Gamlet_by: doesn't show hand 
*** SUMMARY ***
Total pot $0.20 | Rake $0.01 
Board [6d 2c 9d 5s 5c]
Seat 1: Gamlet_by (button) collected ($0.19)
Seat 2: kamaz7 (small blind) folded on the River
Seat 3: valera_9696@ (big blind) folded before Flop
Seat 4: shuhrat19744 folded on the River
Seat 5: ARSENY2 folded before Flop (didn't bet)
Seat 6: Dorex2007 folded before Flop (didn't bet)
Seat 7: Ramkuss folded before Flop (didn't bet)
Seat 9: dziad1985 folded before Flop (didn't bet)



PokerStars Hand #226991190032:  Hold'em No Limit ($0.01/$0.02 USD) - 2021/05/23 0:38:06 PT [2021/05/23 3:38:06 ET]
Table 'Aaltje' 9-max Seat #2 is the button
Seat 1: Gamlet_by ($3.27 in chips) 
Seat 2: kamaz7 ($1.89 in chips) 
Seat 3: valera_9696@ ($3.36 in chips) 
Seat 4: shuhrat19744 ($2.49 in chips) 
Seat 5: ARSENY2 ($2.13 in chips) 
Seat 6: Dorex2007 ($2 in chips) 
Seat 7: Ramkuss ($2.07 in chips) 
Seat 9: dziad1985 ($2 in chips) 
valera_9696@: posts small blind $0.01
shuhrat19744: posts big blind $0.02
fR0sE68: sits out 
*** HOLE CARDS ***
Dealt to Dorex2007 [2h 4h]
ARSENY2: folds 
Dorex2007: folds 
Ramkuss: folds 
dziad1985: folds 
Gamlet_by: folds 
kamaz7: raises $0.06 to $0.08
valera_9696@: folds 
shuhrat19744: folds 
Uncalled bet ($0.06) returned to kamaz7
kamaz7 collected $0.05 from pot
kamaz7: doesn't show hand 
*** SUMMARY ***
Total pot $0.05 | Rake $0 
Seat 1: Gamlet_by folded before Flop (didn't bet)
Seat 2: kamaz7 (button) collected ($0.05)
Seat 3: valera_9696@ (small blind) folded before Flop
Seat 4: shuhrat19744 (big blind) folded before Flop
Seat 5: ARSENY2 folded before Flop (didn't bet)
Seat 6: Dorex2007 folded before Flop (didn't bet)
Seat 7: Ramkuss folded before Flop (didn't bet)
Seat 9: dziad1985 folded before Flop (didn't bet)



PokerStars Hand #226991193867:  Hold'em No Limit ($0.01/$0.02 USD) - 2021/05/23 0:38:27 PT [2021/05/23 3:38:27 ET]
Table 'Aaltje' 9-max Seat #3 is the button
Seat 1: Gamlet_by ($3.27 in chips) 
Seat 2: kamaz7 ($1.92 in chips) 
Seat 3: valera_9696@ ($3.35 in chips) 
Seat 4: shuhrat19744 ($2.47 in chips) 
Seat 5: ARSENY2 ($2.13 in chips) 
Seat 6: Dorex2007 ($2 in chips) 
Seat 7: Ramkuss ($2.07 in chips) 
Seat 9: dziad1985 ($2 in chips) 
shuhrat19744: posts small blind $0.01
ARSENY2: posts big blind $0.02
fR0sE68: sits out 
*** HOLE CARDS ***
Dealt to Dorex2007 [7h Ac]
Dorex2007: folds 
Ramkuss: folds 
dziad1985: raises $0.04 to $0.06
Gamlet_by: folds 
kamaz7: folds 
valera_9696@: raises $0.12 to $0.18
shuhrat19744: folds 
ARSENY2: folds 
dziad1985: folds 
Uncalled bet ($0.12) returned to valera_9696@
valera_9696@ collected $0.15 from pot
valera_9696@: doesn't show hand 
*** SUMMARY ***
Total pot $0.15 | Rake $0 
Seat 1: Gamlet_by folded before Flop (didn't bet)
Seat 2: kamaz7 folded before Flop (didn't bet)
Seat 3: valera_9696@ (button) collected ($0.15)
Seat 4: shuhrat19744 (small blind) folded before Flop
Seat 5: ARSENY2 (big blind) folded before Flop
Seat 6: Dorex2007 folded before Flop (didn't bet)
Seat 7: Ramkuss folded before Flop (didn't bet)
Seat 9: dziad1985 folded before Flop



PokerStars Hand #226991198545:  Hold'em No Limit ($0.01/$0.02 USD) - 2021/05/23 0:38:54 PT [2021/05/23 3:38:54 ET]
Table 'Aaltje' 9-max Seat #4 is the button
Seat 1: Gamlet_by ($3.27 in chips) 
Seat 2: kamaz7 ($1.92 in chips) 
Seat 3: valera_9696@ ($3.44 in chips) 
Seat 4: shuhrat19744 ($2.46 in chips) 
Seat 5: ARSENY2 ($2.11 in chips) 
Seat 6: Dorex2007 ($2 in chips) 
Seat 7: Ramkuss ($2.07 in chips) 
Seat 9: dziad1985 ($2 in chips) 
ARSENY2: posts small blind $0.01
Dorex2007: posts big blind $0.02
fR0sE68: sits out 
*** HOLE CARDS ***
Dealt to Dorex2007 [4c Ac]
Ramkuss: folds 
dziad1985: folds 
Gamlet_by: folds 
kamaz7: folds 
valera_9696@: raises $0.03 to $0.05
shuhrat19744: calls $0.05
ARSENY2: folds 
Dorex2007: calls $0.03
*** FLOP *** [Th 3s Ah]
Dorex2007: checks 
valera_9696@: bets $0.05
shuhrat19744: folds 
Dorex2007: folds 
Uncalled bet ($0.05) returned to valera_9696@
valera_9696@ collected $0.15 from pot
valera_9696@: doesn't show hand 
*** SUMMARY ***
Total pot $0.16 | Rake $0.01 
Board [Th 3s Ah]
Seat 1: Gamlet_by folded before Flop (didn't bet)
Seat 2: kamaz7 folded before Flop (didn't bet)
Seat 3: valera_9696@ collected ($0.15)
Seat 4: shuhrat19744 (button) folded on the Flop
Seat 5: ARSENY2 (small blind) folded before Flop
Seat 6: Dorex2007 (big blind) folded on the Flop
Seat 7: Ramkuss folded before Flop (didn't bet)
Seat 9: dziad1985 folded before Flop (didn't bet)



PokerStars Hand #226991206275:  Hold'em No Limit ($0.01/$0.02 USD) - 2021/05/23 0:39:38 PT [2021/05/23 3:39:38 ET]
Table 'Aaltje' 9-max Seat #5 is the button
Seat 1: Gamlet_by ($3.27 in chips) 
Seat 2: kamaz7 ($1.92 in chips) 
Seat 3: valera_9696@ ($3.54 in chips) 
Seat 4: shuhrat19744 ($2.41 in chips) 
Seat 5: ARSENY2 ($2.10 in chips) 
Seat 6: Dorex2007 ($1.95 in chips) 
Seat 7: Ramkuss ($2.07 in chips) 
Seat 9: dziad1985 ($2 in chips) 
Dorex2007: posts small blind $0.01
Ramkuss: posts big blind $0.02
fR0sE68: sits out 
*** HOLE CARDS ***
Dealt to Dorex2007 [2s 9s]
dziad1985: folds 
Gamlet_by: folds 
kamaz7: folds 
valera_9696@: folds 
shuhrat19744: raises $0.04 to $0.06
ARSENY2: folds 
Dorex2007: folds 
Ramkuss: folds 
Uncalled bet ($0.04) returned to shuhrat19744
shuhrat19744 collected $0.05 from pot
shuhrat19744: doesn't show hand 
*** SUMMARY ***
Total pot $0.05 | Rake $0 
Seat 1: Gamlet_by folded before Flop (didn't bet)
Seat 2: kamaz7 folded before Flop (didn't bet)
Seat 3: valera_9696@ folded before Flop (didn't bet)
Seat 4: shuhrat19744 collected ($0.05)
Seat 5: ARSENY2 (button) folded before Flop (didn't bet)
Seat 6: Dorex2007 (small blind) folded before Flop
Seat 7: Ramkuss (big blind) folded before Flop
Seat 9: dziad1985 folded before Flop (didn't bet)



PokerStars Hand #226991209459:  Hold'em No Limit ($0.01/$0.02 USD) - 2021/05/23 0:39:56 PT [2021/05/23 3:39:56 ET]
Table 'Aaltje' 9-max Seat #6 is the button
Seat 1: Gamlet_by ($3.27 in chips) 
Seat 2: kamaz7 ($1.92 in chips) 
Seat 3: valera_9696@ ($3.54 in chips) 
Seat 4: shuhrat19744 ($2.44 in chips) 
Seat 5: ARSENY2 ($2.10 in chips) 
Seat 6: Dorex2007 ($1.94 in chips) 
Seat 7: Ramkuss ($2.05 in chips) 
Seat 8: fR0sE68 ($2 in chips) 
Seat 9: dziad1985 ($2 in chips) 
Ramkuss: posts small blind $0.01
fR0sE68: posts big blind $0.02
*** HOLE CARDS ***
Dealt to Dorex2007 [2c 5c]
dziad1985: folds 
Gamlet_by: folds 
kamaz7: folds 
valera_9696@: folds 
shuhrat19744: folds 
ARSENY2: folds 
Dorex2007: folds 
Ramkuss: raises $0.04 to $0.06
fR0sE68: calls $0.04
*** FLOP *** [Kh 7c 4c]
Ramkuss: checks 
fR0sE68: checks 
*** TURN *** [Kh 7c 4c] [8h]
Ramkuss: checks 
fR0sE68: bets $0.04
Ramkuss: folds 
Uncalled bet ($0.04) returned to fR0sE68
fR0sE68 collected $0.12 from pot
fR0sE68: doesn't show hand 
*** SUMMARY ***
Total pot $0.12 | Rake $0 
Board [Kh 7c 4c 8h]
Seat 1: Gamlet_by folded before Flop (didn't bet)
Seat 2: kamaz7 folded before Flop (didn't bet)
Seat 3: valera_9696@ folded before Flop (didn't bet)
Seat 4: shuhrat19744 folded before Flop (didn't bet)
Seat 5: ARSENY2 folded before Flop (didn't bet)
Seat 6: Dorex2007 (button) folded before Flop (didn't bet)
Seat 7: Ramkuss (small blind) folded on the Turn
Seat 8: fR0sE68 (big blind) collected ($0.12)
Seat 9: dziad1985 folded before Flop (didn't bet)



PokerStars Hand #226991218893:  Hold'em No Limit ($0.01/$0.02 USD) - 2021/05/23 0:40:50 PT [2021/05/23 3:40:50 ET]
Table 'Aaltje' 9-max Seat #7 is the button
Seat 1: Gamlet_by ($3.27 in chips) 
Seat 2: kamaz7 ($1.92 in chips) 
Seat 3: valera_9696@ ($3.54 in chips) 
Seat 4: shuhrat19744 ($2.44 in chips) 
Seat 5: ARSENY2 ($2.10 in chips) 
Seat 6: Dorex2007 ($1.94 in chips) 
Seat 7: Ramkuss ($1.99 in chips) 
Seat 8: fR0sE68 ($2.06 in chips) 
Seat 9: dziad1985 ($2 in chips) 
fR0sE68: posts small blind $0.01
dziad1985: posts big blind $0.02
*** HOLE CARDS ***
Dealt to Dorex2007 [3s Qs]
Gamlet_by: calls $0.02
kamaz7: folds 
valera_9696@: folds 
shuhrat19744: folds 
ARSENY2: folds 
Dorex2007: folds 
Ramkuss: raises $0.07 to $0.09
fR0sE68: raises $0.13 to $0.22
dziad1985: folds 
Gamlet_by: folds 
Ramkuss: calls $0.13
*** FLOP *** [7h 5d Ad]
fR0sE68: bets $0.14
Ramkuss: calls $0.14
*** TURN *** [7h 5d Ad] [7d]
fR0sE68: checks 
Ramkuss: checks 
*** RIVER *** [7h 5d Ad 7d] [Jc]
fR0sE68: checks 
Ramkuss: checks 
*** SHOW DOWN ***
fR0sE68: shows [Kh Kc] (two pair, Kings and Sevens)
Ramkuss: shows [Ts Ah] (two pair, Aces and Sevens)
Ramkuss collected $0.73 from pot
*** SUMMARY ***
Total pot $0.76 | Rake $0.03 
Board [7h 5d Ad 7d Jc]
Seat 1: Gamlet_by folded before Flop
Seat 2: kamaz7 folded before Flop (didn't bet)
Seat 3: valera_9696@ folded before Flop (didn't bet)
Seat 4: shuhrat19744 folded before Flop (didn't bet)
Seat 5: ARSENY2 folded before Flop (didn't bet)
Seat 6: Dorex2007 folded before Flop (didn't bet)
Seat 7: Ramkuss (button) showed [Ts Ah] and won ($0.73) with two pair, Aces and Sevens
Seat 8: fR0sE68 (small blind) showed [Kh Kc] and lost with two pair, Kings and Sevens
Seat 9: dziad1985 (big blind) folded before Flop



PokerStars Hand #226991230479:  Hold'em No Limit ($0.01/$0.02 USD) - 2021/05/23 0:41:56 PT [2021/05/23 3:41:56 ET]
Table 'Aaltje' 9-max Seat #8 is the button
Seat 1: Gamlet_by ($3.25 in chips) 
Seat 2: kamaz7 ($1.92 in chips) 
Seat 3: valera_9696@ ($3.54 in chips) 
Seat 4: shuhrat19744 ($2.44 in chips) 
Seat 5: ARSENY2 ($2.10 in chips) 
Seat 6: Dorex2007 ($1.94 in chips) 
Seat 7: Ramkuss ($2.36 in chips) 
Seat 8: fR0sE68 ($2 in chips) 
Seat 9: dziad1985 ($2 in chips) 
dziad1985: posts small blind $0.01
Gamlet_by: posts big blind $0.02
*** HOLE CARDS ***
Dealt to Dorex2007 [Ks Td]
kamaz7: folds 
valera_9696@: folds 
shuhrat19744: folds 
ARSENY2: folds 
Dorex2007: folds 
Ramkuss: folds 
fR0sE68: raises $0.03 to $0.05
dziad1985: raises $0.15 to $0.20
Gamlet_by: folds 
fR0sE68: folds 
Uncalled bet ($0.15) returned to dziad1985
dziad1985 collected $0.12 from pot
dziad1985: doesn't show hand 
*** SUMMARY ***
Total pot $0.12 | Rake $0 
Seat 1: Gamlet_by (big blind) folded before Flop
Seat 2: kamaz7 folded before Flop (didn't bet)
Seat 3: valera_9696@ folded before Flop (didn't bet)
Seat 4: shuhrat19744 folded before Flop (didn't bet)
Seat 5: ARSENY2 folded before Flop (didn't bet)
Seat 6: Dorex2007 folded before Flop (didn't bet)
Seat 7: Ramkuss folded before Flop (didn't bet)
Seat 8: fR0sE68 (button) folded before Flop
Seat 9: dziad1985 (small blind) collected ($0.12)



PokerStars Hand #226991235514:  Hold'em No Limit ($0.01/$0.02 USD) - 2021/05/23 0:42:24 PT [2021/05/23 3:42:24 ET]
Table 'Aaltje' 9-max Seat #9 is the button
Seat 1: Gamlet_by ($3.23 in chips) 
Seat 2: kamaz7 ($1.92 in chips) 
Seat 3: valera_9696@ ($3.54 in chips) 
Seat 4: shuhrat19744 ($2.44 in chips) 
Seat 5: ARSENY2 ($2.10 in chips) 
Seat 6: Dorex2007 ($1.94 in chips) 
Seat 7: Ramkuss ($2.36 in chips) 
Seat 8: fR0sE68 ($2 in chips) 
Seat 9: dziad1985 ($2.07 in chips) 
Gamlet_by: posts small blind $0.01
kamaz7: posts big blind $0.02
*** HOLE CARDS ***
Dealt to Dorex2007 [Kc 9c]
valera_9696@: folds 
shuhrat19744: folds 
ARSENY2: folds 
Dorex2007: calls $0.02
Ramkuss: folds 
fR0sE68: folds 
dziad1985: folds 
Gamlet_by: calls $0.01
kamaz7: checks 
*** FLOP *** [Th Ah 8h]
Gamlet_by: checks 
kamaz7: bets $0.05
Dorex2007: folds 
Gamlet_by: folds 
Uncalled bet ($0.05) returned to kamaz7
kamaz7 collected $0.06 from pot
kamaz7: doesn't show hand 
*** SUMMARY ***
Total pot $0.06 | Rake $0 
Board [Th Ah 8h]
Seat 1: Gamlet_by (small blind) folded on the Flop
Seat 2: kamaz7 (big blind) collected ($0.06)
Seat 3: valera_9696@ folded before Flop (didn't bet)
Seat 4: shuhrat19744 folded before Flop (didn't bet)
Seat 5: ARSENY2 folded before Flop (didn't bet)
Seat 6: Dorex2007 folded on the Flop
Seat 7: Ramkuss folded before Flop (didn't bet)
Seat 8: fR0sE68 folded before Flop (didn't bet)
Seat 9: dziad1985 (button) folded before Flop (didn't bet)



PokerStars Hand #226991253138:  Hold'em No Limit ($0.01/$0.02 USD) - 2021/05/23 0:43:12 PT [2021/05/23 3:43:12 ET]
Table 'Aaltje' 9-max Seat #1 is the button
Seat 1: Gamlet_by ($3.21 in chips) 
Seat 2: kamaz7 ($1.96 in chips) 
Seat 4: shuhrat19744 ($2.44 in chips) 
Seat 5: ARSENY2 ($2.10 in chips) 
Seat 6: Dorex2007 ($1.92 in chips) 
Seat 7: Ramkuss ($2.36 in chips) 
Seat 8: fR0sE68 ($2 in chips) 
Seat 9: dziad1985 ($2.07 in chips) 
kamaz7: posts small blind $0.01
valera_9696@: is sitting out 
shuhrat19744: posts big blind $0.02
*** HOLE CARDS ***
Dealt to Dorex2007 [9s 2s]
valera_9696@ leaves the table
zillakamisoul joins the table at seat #3 
ARSENY2: folds 
Dorex2007: folds 
Ramkuss: raises $0.04 to $0.06
fR0sE68: folds 
dziad1985: folds 
Gamlet_by: raises $0.04 to $0.10
kamaz7: folds 
shuhrat19744: folds 
Ramkuss: calls $0.04
*** FLOP *** [3s 4s 2h]
ARSENY2 leaves the table
Ramkuss: bets $0.14
Gamlet_by: raises $0.14 to $0.28
Ramkuss: folds 
Uncalled bet ($0.14) returned to Gamlet_by
Gamlet_by collected $0.49 from pot
Gamlet_by: doesn't show hand 
*** SUMMARY ***
Total pot $0.51 | Rake $0.02 
Board [3s 4s 2h]
Seat 1: Gamlet_by (button) collected ($0.49)
Seat 2: kamaz7 (small blind) folded before Flop
Seat 4: shuhrat19744 (big blind) folded before Flop
Seat 5: ARSENY2 folded before Flop (didn't bet)
Seat 6: Dorex2007 folded before Flop (didn't bet)
Seat 7: Ramkuss folded on the Flop
Seat 8: fR0sE68 folded before Flop (didn't bet)
Seat 9: dziad1985 folded before Flop (didn't bet)



PokerStars Hand #226991264081:  Hold'em No Limit ($0.01/$0.02 USD) - 2021/05/23 0:44:14 PT [2021/05/23 3:44:14 ET]
Table 'Aaltje' 9-max Seat #2 is the button
Seat 1: Gamlet_by ($3.46 in chips) 
Seat 2: kamaz7 ($1.95 in chips) 
Seat 4: shuhrat19744 ($2.42 in chips) 
Seat 6: Dorex2007 ($1.92 in chips) 
Seat 7: Ramkuss ($2.12 in chips) 
Seat 8: fR0sE68 ($2 in chips) 
Seat 9: dziad1985 ($2.07 in chips) 
shuhrat19744: posts small blind $0.01
Dorex2007: posts big blind $0.02
*** HOLE CARDS ***
Dealt to Dorex2007 [9s 8d]
Ramkuss: folds 
fR0sE68: folds 
dziad1985: folds 
Gamlet_by: raises $0.02 to $0.04
kamaz7: folds 
shuhrat19744: folds 
Dorex2007: calls $0.02
*** FLOP *** [7c 2c 2d]
Dorex2007: checks 
Gamlet_by: checks 
*** TURN *** [7c 2c 2d] [8s]
Dorex2007: bets $0.09
Gamlet_by: calls $0.09
*** RIVER *** [7c 2c 2d 8s] [6s]
Dorex2007: bets $0.13
Gamlet_by: folds 
Uncalled bet ($0.13) returned to Dorex2007
Dorex2007 collected $0.26 from pot
Dorex2007: doesn't show hand 
*** SUMMARY ***
Total pot $0.27 | Rake $0.01 
Board [7c 2c 2d 8s 6s]
Seat 1: Gamlet_by folded on the River
Seat 2: kamaz7 (button) folded before Flop (didn't bet)
Seat 4: shuhrat19744 (small blind) folded before Flop
Seat 6: Dorex2007 (big blind) collected ($0.26)
Seat 7: Ramkuss folded before Flop (didn't bet)
Seat 8: fR0sE68 folded before Flop (didn't bet)
Seat 9: dziad1985 folded before Flop (didn't bet)



PokerStars Hand #226991273269:  Hold'em No Limit ($0.01/$0.02 USD) - 2021/05/23 0:45:05 PT [2021/05/23 3:45:05 ET]
Table 'Aaltje' 9-max Seat #4 is the button
Seat 1: Gamlet_by ($3.33 in chips) 
Seat 2: kamaz7 ($1.95 in chips) 
Seat 4: shuhrat19744 ($2.41 in chips) 
Seat 6: Dorex2007 ($2.05 in chips) 
Seat 7: Ramkuss ($2.12 in chips) 
Seat 8: fR0sE68 ($2 in chips) 
Seat 9: dziad1985 ($2.07 in chips) 
Dorex2007: posts small blind $0.01
Ramkuss: posts big blind $0.02
zillakamisoul: sits out 
*** HOLE CARDS ***
Dealt to Dorex2007 [4s Jh]
fR0sE68: folds 
dziad1985: folds 
Gamlet_by: calls $0.02
kamaz7: folds 
shuhrat19744: folds 
Dorex2007: folds 
Ramkuss: checks 
*** FLOP *** [Qd As Ah]
Ramkuss: checks 
Gamlet_by: bets $0.02
Ramkuss: folds 
Uncalled bet ($0.02) returned to Gamlet_by
Gamlet_by collected $0.05 from pot
Gamlet_by: doesn't show hand 
*** SUMMARY ***
Total pot $0.05 | Rake $0 
Board [Qd As Ah]
Seat 1: Gamlet_by collected ($0.05)
Seat 2: kamaz7 folded before Flop (didn't bet)
Seat 4: shuhrat19744 (button) folded before Flop (didn't bet)
Seat 6: Dorex2007 (small blind) folded before Flop
Seat 7: Ramkuss (big blind) folded on the Flop
Seat 8: fR0sE68 folded before Flop (didn't bet)
Seat 9: dziad1985 folded before Flop (didn't bet)



PokerStars Hand #226991277742:  Hold'em No Limit ($0.01/$0.02 USD) - 2021/05/23 0:45:30 PT [2021/05/23 3:45:30 ET]
Table 'Aaltje' 9-max Seat #6 is the button
Seat 1: Gamlet_by ($3.36 in chips) 
Seat 2: kamaz7 ($1.95 in chips) 
Seat 4: shuhrat19744 ($2.41 in chips) 
Seat 6: Dorex2007 ($2.04 in chips) 
Seat 7: Ramkuss ($2.10 in chips) 
Seat 8: fR0sE68 ($2 in chips) 
Seat 9: dziad1985 ($2.07 in chips) 
Ramkuss: posts small blind $0.01
fR0sE68: posts big blind $0.02
zillakamisoul: sits out 
*** HOLE CARDS ***
Dealt to Dorex2007 [Ah 3c]
dziad1985: folds 
Gamlet_by: calls $0.02
kamaz7: folds 
shuhrat19744: calls $0.02
Dorex2007: folds 
Ramkuss: folds 
fR0sE68: checks 
*** FLOP *** [Ad 6d Js]
andrey040962 joins the table at seat #5 
fR0sE68: checks 
Gamlet_by: bets $0.03
shuhrat19744: folds 
fR0sE68: folds 
Uncalled bet ($0.03) returned to Gamlet_by
Gamlet_by collected $0.07 from pot
Gamlet_by: doesn't show hand 
*** SUMMARY ***
Total pot $0.07 | Rake $0 
Board [Ad 6d Js]
Seat 1: Gamlet_by collected ($0.07)
Seat 2: kamaz7 folded before Flop (didn't bet)
Seat 4: shuhrat19744 folded on the Flop
Seat 6: Dorex2007 (button) folded before Flop (didn't bet)
Seat 7: Ramkuss (small blind) folded before Flop
Seat 8: fR0sE68 (big blind) folded on the Flop
Seat 9: dziad1985 folded before Flop (didn't bet)



PokerStars Hand #226991284802:  Hold'em No Limit ($0.01/$0.02 USD) - 2021/05/23 0:46:08 PT [2021/05/23 3:46:08 ET]
Table 'Aaltje' 9-max Seat #7 is the button
Seat 1: Gamlet_by ($3.41 in chips) 
Seat 2: kamaz7 ($1.95 in chips) 
Seat 4: shuhrat19744 ($2.39 in chips) 
Seat 5: andrey040962 ($2 in chips) 
Seat 6: Dorex2007 ($2.04 in chips) 
Seat 7: Ramkuss ($2.09 in chips) 
Seat 8: fR0sE68 ($2 in chips) 
Seat 9: dziad1985 ($2.07 in chips) 
fR0sE68: posts small blind $0.01
dziad1985: posts big blind $0.02
zillakamisoul: sits out 
andrey040962: posts big blind $0.02
*** HOLE CARDS ***
Dealt to Dorex2007 [Jh 3h]
Gamlet_by: folds 
kamaz7: folds 
shuhrat19744: folds 
andrey040962: checks 
Dorex2007: folds 
Ramkuss: folds 
fR0sE68: folds 
dziad1985: checks 
*** FLOP *** [7d 9d Jc]
dziad1985: checks 
andrey040962: checks 
*** TURN *** [7d 9d Jc] [4d]
dziad1985: checks 
andrey040962: bets $0.03
dziad1985: folds 
Uncalled bet ($0.03) returned to andrey040962
andrey040962 collected $0.05 from pot
andrey040962: doesn't show hand 
*** SUMMARY ***
Total pot $0.05 | Rake $0 
Board [7d 9d Jc 4d]
Seat 1: Gamlet_by folded before Flop (didn't bet)
Seat 2: kamaz7 folded before Flop (didn't bet)
Seat 4: shuhrat19744 folded before Flop (didn't bet)
Seat 5: andrey040962 collected ($0.05)
Seat 6: Dorex2007 folded before Flop (didn't bet)
Seat 7: Ramkuss (button) folded before Flop (didn't bet)
Seat 8: fR0sE68 (small blind) folded before Flop
Seat 9: dziad1985 (big blind) folded on the Turn



PokerStars Hand #226991292511:  Hold'em No Limit ($0.01/$0.02 USD) - 2021/05/23 0:46:50 PT [2021/05/23 3:46:50 ET]
Table 'Aaltje' 9-max Seat #8 is the button
Seat 1: Gamlet_by ($3.41 in chips) 
Seat 2: kamaz7 ($1.95 in chips) 
Seat 4: shuhrat19744 ($2.39 in chips) 
Seat 5: andrey040962 ($2.03 in chips) 
Seat 6: Dorex2007 ($2.04 in chips) 
Seat 7: Ramkuss ($2.09 in chips) 
Seat 8: fR0sE68 ($2 in chips) 
Seat 9: dziad1985 ($2.05 in chips) 
dziad1985: posts small blind $0.01
Gamlet_by: posts big blind $0.02
zillakamisoul: sits out 
*** HOLE CARDS ***
Dealt to Dorex2007 [2s 7s]
kamaz7: folds 
shuhrat19744: folds 
andrey040962: raises $0.04 to $0.06
Dorex2007: folds 
Ramkuss: folds 
fR0sE68: folds 
dziad1985: folds 
Gamlet_by: folds 
Uncalled bet ($0.04) returned to andrey040962
andrey040962 collected $0.05 from pot
andrey040962: doesn't show hand 
*** SUMMARY ***
Total pot $0.05 | Rake $0 
Seat 1: Gamlet_by (big blind) folded before Flop
Seat 2: kamaz7 folded before Flop (didn't bet)
Seat 4: shuhrat19744 folded before Flop (didn't bet)
Seat 5: andrey040962 collected ($0.05)
Seat 6: Dorex2007 folded before Flop (didn't bet)
Seat 7: Ramkuss folded before Flop (didn't bet)
Seat 8: fR0sE68 (button) folded before Flop (didn't bet)
Seat 9: dziad1985 (small blind) folded before Flop



PokerStars Hand #226991295179:  Hold'em No Limit ($0.01/$0.02 USD) - 2021/05/23 0:47:05 PT [2021/05/23 3:47:05 ET]
Table 'Aaltje' 9-max Seat #9 is the button
Seat 1: Gamlet_by ($3.39 in chips) 
Seat 2: kamaz7 ($1.95 in chips) 
Seat 4: shuhrat19744 ($2.39 in chips) 
Seat 5: andrey040962 ($2.06 in chips) 
Seat 6: Dorex2007 ($2.04 in chips) 
Seat 7: Ramkuss ($2.09 in chips) 
Seat 8: fR0sE68 ($2 in chips) 
Seat 9: dziad1985 ($2.04 in chips) 
Gamlet_by: posts small blind $0.01
kamaz7: posts big blind $0.02
zillakamisoul: sits out 
*** HOLE CARDS ***
Dealt to Dorex2007 [Ks 9h]
shuhrat19744: raises $0.04 to $0.06
andrey040962: folds 
Dorex2007: folds 
Ramkuss: folds 
fR0sE68: folds 
dziad1985: folds 
Gamlet_by: folds 
kamaz7: folds 
Uncalled bet ($0.04) returned to shuhrat19744
shuhrat19744 collected $0.05 from pot
shuhrat19744: doesn't show hand 
*** SUMMARY ***
Total pot $0.05 | Rake $0 
Seat 1: Gamlet_by (small blind) folded before Flop
Seat 2: kamaz7 (big blind) folded before Flop
Seat 4: shuhrat19744 collected ($0.05)
Seat 5: andrey040962 folded before Flop (didn't bet)
Seat 6: Dorex2007 folded before Flop (didn't bet)
Seat 7: Ramkuss folded before Flop (didn't bet)
Seat 8: fR0sE68 folded before Flop (didn't bet)
Seat 9: dziad1985 (button) folded before Flop (didn't bet)



PokerStars Hand #226991298093:  Hold'em No Limit ($0.01/$0.02 USD) - 2021/05/23 0:47:20 PT [2021/05/23 3:47:20 ET]
Table 'Aaltje' 9-max Seat #1 is the button
Seat 1: Gamlet_by ($3.38 in chips) 
Seat 2: kamaz7 ($1.93 in chips) 
Seat 3: zillakamisoul ($2 in chips) 
Seat 4: shuhrat19744 ($2.42 in chips) 
Seat 5: andrey040962 ($2.06 in chips) 
Seat 6: Dorex2007 ($2.04 in chips) 
Seat 7: Ramkuss ($2.09 in chips) 
Seat 8: fR0sE68 ($2 in chips) 
Seat 9: dziad1985 ($2.04 in chips) 
kamaz7: posts small blind $0.01
zillakamisoul: posts big blind $0.02
*** HOLE CARDS ***
Dealt to Dorex2007 [7c 6c]
shuhrat19744: folds 
andrey040962: folds 
Dorex2007: raises $0.04 to $0.06
Ramkuss: folds 
fR0sE68: folds 
dziad1985: folds 
Gamlet_by: calls $0.06
kamaz7: folds 
zillakamisoul: folds 
*** FLOP *** [Ad 8s Qc]
Dorex2007: checks 
Gamlet_by: bets $0.02
Dorex2007: calls $0.02
*** TURN *** [Ad 8s Qc] [Td]
Dorex2007: checks 
Gamlet_by: bets $0.05
Dorex2007: calls $0.05
*** RIVER *** [Ad 8s Qc Td] [4h]
Dorex2007: bets $0.14
Gamlet_by: calls $0.14
*** SHOW DOWN ***
Dorex2007: shows [7c 6c] (high card Ace)
Gamlet_by: shows [Ac Ts] (two pair, Aces and Tens)
Gamlet_by collected $0.55 from pot
*** SUMMARY ***
Total pot $0.57 | Rake $0.02 
Board [Ad 8s Qc Td 4h]
Seat 1: Gamlet_by (button) showed [Ac Ts] and won ($0.55) with two pair, Aces and Tens
Seat 2: kamaz7 (small blind) folded before Flop
Seat 3: zillakamisoul (big blind) folded before Flop
Seat 4: shuhrat19744 folded before Flop (didn't bet)
Seat 5: andrey040962 folded before Flop (didn't bet)
Seat 6: Dorex2007 showed [7c 6c] and lost with high card Ace
Seat 7: Ramkuss folded before Flop (didn't bet)
Seat 8: fR0sE68 folded before Flop (didn't bet)
Seat 9: dziad1985 folded before Flop (didn't bet)



PokerStars Hand #226991307366:  Hold'em No Limit ($0.01/$0.02 USD) - 2021/05/23 0:48:10 PT [2021/05/23 3:48:10 ET]
Table 'Aaltje' 9-max Seat #2 is the button
Seat 1: Gamlet_by ($3.66 in chips) 
Seat 2: kamaz7 ($1.92 in chips) 
Seat 3: zillakamisoul ($1.98 in chips) 
Seat 4: shuhrat19744 ($2.42 in chips) 
Seat 5: andrey040962 ($2.06 in chips) 
Seat 6: Dorex2007 ($1.77 in chips) 
Seat 7: Ramkuss ($2.09 in chips) 
Seat 8: fR0sE68 ($2 in chips) 
Seat 9: dziad1985 ($2.04 in chips) 
zillakamisoul: posts small blind $0.01
shuhrat19744: posts big blind $0.02
*** HOLE CARDS ***
Dealt to Dorex2007 [Qs 5h]
andrey040962: folds 
Dorex2007: folds 
Ramkuss: folds 
fR0sE68: folds 
dziad1985: folds 
Gamlet_by: raises $0.02 to $0.04
kamaz7: folds 
zillakamisoul: calls $0.03
shuhrat19744: folds 
*** FLOP *** [Ah Ks Qh]
zillakamisoul: bets $0.05
Gamlet_by: folds 
Uncalled bet ($0.05) returned to zillakamisoul
zillakamisoul collected $0.10 from pot
zillakamisoul: doesn't show hand 
*** SUMMARY ***
Total pot $0.10 | Rake $0 
Board [Ah Ks Qh]
Seat 1: Gamlet_by folded on the Flop
Seat 2: kamaz7 (button) folded before Flop (didn't bet)
Seat 3: zillakamisoul (small blind) collected ($0.10)
Seat 4: shuhrat19744 (big blind) folded before Flop
Seat 5: andrey040962 folded before Flop (didn't bet)
Seat 6: Dorex2007 folded before Flop (didn't bet)
Seat 7: Ramkuss folded before Flop (didn't bet)
Seat 8: fR0sE68 folded before Flop (didn't bet)
Seat 9: dziad1985 folded before Flop (didn't bet)



PokerStars Hand #226991313005:  Hold'em No Limit ($0.01/$0.02 USD) - 2021/05/23 0:48:41 PT [2021/05/23 3:48:41 ET]
Table 'Aaltje' 9-max Seat #3 is the button
Seat 1: Gamlet_by ($3.62 in chips) 
Seat 2: kamaz7 ($1.92 in chips) 
Seat 3: zillakamisoul ($2.04 in chips) 
Seat 4: shuhrat19744 ($2.40 in chips) 
Seat 5: andrey040962 ($2.06 in chips) 
Seat 6: Dorex2007 ($2 in chips) 
Seat 7: Ramkuss ($2.09 in chips) 
Seat 8: fR0sE68 ($2 in chips) 
Seat 9: dziad1985 ($2.04 in chips) 
shuhrat19744: posts small blind $0.01
andrey040962: posts big blind $0.02
*** HOLE CARDS ***
Dealt to Dorex2007 [2c 4s]
Dorex2007: folds 
Ramkuss: raises $0.04 to $0.06
fR0sE68: folds 
dziad1985: folds 
Gamlet_by: folds 
kamaz7: folds 
zillakamisoul: folds 
shuhrat19744: folds 
andrey040962: folds 
Uncalled bet ($0.04) returned to Ramkuss
Ramkuss collected $0.05 from pot
Ramkuss: doesn't show hand 
*** SUMMARY ***
Total pot $0.05 | Rake $0 
Seat 1: Gamlet_by folded before Flop (didn't bet)
Seat 2: kamaz7 folded before Flop (didn't bet)
Seat 3: zillakamisoul (button) folded before Flop (didn't bet)
Seat 4: shuhrat19744 (small blind) folded before Flop
Seat 5: andrey040962 (big blind) folded before Flop
Seat 6: Dorex2007 folded before Flop (didn't bet)
Seat 7: Ramkuss collected ($0.05)
Seat 8: fR0sE68 folded before Flop (didn't bet)
Seat 9: dziad1985 folded before Flop (didn't bet)



PokerStars Hand #226991318588:  Hold'em No Limit ($0.01/$0.02 USD) - 2021/05/23 0:49:12 PT [2021/05/23 3:49:12 ET]
Table 'Aaltje' 9-max Seat #4 is the button
Seat 1: Gamlet_by ($3.62 in chips) 
Seat 2: kamaz7 ($1.92 in chips) 
Seat 3: zillakamisoul ($2.04 in chips) 
Seat 4: shuhrat19744 ($2.39 in chips) 
Seat 5: andrey040962 ($2.04 in chips) 
Seat 6: Dorex2007 ($2 in chips) 
Seat 7: Ramkuss ($2.12 in chips) 
Seat 8: fR0sE68 ($2 in chips) 
Seat 9: dziad1985 ($2.04 in chips) 
andrey040962: posts small blind $0.01
Dorex2007: posts big blind $0.02
*** HOLE CARDS ***
Dealt to Dorex2007 [6s Td]
Ramkuss: folds 
fR0sE68: folds 
dziad1985: folds 
Gamlet_by: calls $0.02
kamaz7: folds 
zillakamisoul: raises $0.04 to $0.06
shuhrat19744: calls $0.06
andrey040962: calls $0.05
Dorex2007: folds 
Gamlet_by: calls $0.04
*** FLOP *** [2h 5c Jc]
andrey040962: bets $0.13
Gamlet_by: folds 
zillakamisoul: calls $0.13
shuhrat19744: calls $0.13
*** TURN *** [2h 5c Jc] [4h]
andrey040962: checks 
zillakamisoul: bets $0.63
shuhrat19744: calls $0.63
andrey040962: folds 
*** RIVER *** [2h 5c Jc 4h] [3c]
zillakamisoul: checks 
shuhrat19744: checks 
*** SHOW DOWN ***
zillakamisoul: shows [Kc 9c] (a flush, King high)
shuhrat19744: mucks hand 
zillakamisoul collected $1.84 from pot
*** SUMMARY ***
Total pot $1.91 | Rake $0.07 
Board [2h 5c Jc 4h 3c]
Seat 1: Gamlet_by folded on the Flop
Seat 2: kamaz7 folded before Flop (didn't bet)
Seat 3: zillakamisoul showed [Kc 9c] and won ($1.84) with a flush, King high
Seat 4: shuhrat19744 (button) mucked [Ks Js]
Seat 5: andrey040962 (small blind) folded on the Turn
Seat 6: Dorex2007 (big blind) folded before Flop
Seat 7: Ramkuss folded before Flop (didn't bet)
Seat 8: fR0sE68 folded before Flop (didn't bet)
Seat 9: dziad1985 folded before Flop (didn't bet)



PokerStars Hand #226991332495:  Hold'em No Limit ($0.01/$0.02 USD) - 2021/05/23 0:50:27 PT [2021/05/23 3:50:27 ET]
Table 'Aaltje' 9-max Seat #5 is the button
Seat 1: Gamlet_by ($3.56 in chips) 
Seat 2: kamaz7 ($1.92 in chips) 
Seat 3: zillakamisoul ($3.06 in chips) 
Seat 4: shuhrat19744 ($2 in chips) 
Seat 5: andrey040962 ($1.85 in chips) 
Seat 6: Dorex2007 ($1.98 in chips) 
Seat 8: fR0sE68 ($2 in chips) 
Seat 9: dziad1985 ($2.04 in chips) 
Dorex2007: posts small blind $0.01
fR0sE68: posts big blind $0.02
*** HOLE CARDS ***
Dealt to Dorex2007 [5s 6d]
dziad1985: folds 
Gamlet_by: calls $0.02
kamaz7: raises $0.06 to $0.08
zillakamisoul: folds 
shuhrat19744: folds 
shuhrat19744 leaves the table
andrey040962: folds 
Dorex2007: folds 
fR0sE68: folds 
Gamlet_by: calls $0.06
*** FLOP *** [4c Ts 6h]
Gamlet_by: bets $0.12
kamaz7: folds 
Uncalled bet ($0.12) returned to Gamlet_by
Gamlet_by collected $0.18 from pot
Gamlet_by: doesn't show hand 
BoerAas joins the table at seat #4 
*** SUMMARY ***
Total pot $0.19 | Rake $0.01 
Board [4c Ts 6h]
Seat 1: Gamlet_by collected ($0.18)
Seat 2: kamaz7 folded on the Flop
Seat 3: zillakamisoul folded before Flop (didn't bet)
Seat 4: shuhrat19744 folded before Flop (didn't bet)
Seat 5: andrey040962 (button) folded before Flop (didn't bet)
Seat 6: Dorex2007 (small blind) folded before Flop
Seat 8: fR0sE68 (big blind) folded before Flop
Seat 9: dziad1985 folded before Flop (didn't bet)



PokerStars Hand #226991338713:  Hold'em No Limit ($0.01/$0.02 USD) - 2021/05/23 0:51:01 PT [2021/05/23 3:51:01 ET]
Table 'Aaltje' 9-max Seat #6 is the button
Seat 1: Gamlet_by ($3.66 in chips) 
Seat 2: kamaz7 ($1.84 in chips) 
Seat 3: zillakamisoul ($3.06 in chips) 
Seat 5: andrey040962 ($1.85 in chips) 
Seat 6: Dorex2007 ($1.97 in chips) 
Seat 8: fR0sE68 ($2 in chips) 
Seat 9: dziad1985 ($2.04 in chips) 
fR0sE68: posts small blind $0.01
dziad1985: posts big blind $0.02
BoerAas: sits out 
*** HOLE CARDS ***
Dealt to Dorex2007 [7h 6c]
Gamlet_by: calls $0.02
kamaz7: calls $0.02
zillakamisoul: folds 
andrey040962: folds 
Dorex2007: folds 
fR0sE68: folds 
dziad1985: raises $0.08 to $0.10
Gamlet_by: folds 
kamaz7: folds 
Uncalled bet ($0.08) returned to dziad1985
dziad1985 collected $0.07 from pot
dziad1985: doesn't show hand 
*** SUMMARY ***
Total pot $0.07 | Rake $0 
Seat 1: Gamlet_by folded before Flop
Seat 2: kamaz7 folded before Flop
Seat 3: zillakamisoul folded before Flop (didn't bet)
Seat 5: andrey040962 folded before Flop (didn't bet)
Seat 6: Dorex2007 (button) folded before Flop (didn't bet)
Seat 8: fR0sE68 (small blind) folded before Flop
Seat 9: dziad1985 (big blind) collected ($0.07)



PokerStars Hand #226991343381:  Hold'em No Limit ($0.01/$0.02 USD) - 2021/05/23 0:51:26 PT [2021/05/23 3:51:26 ET]
Table 'Aaltje' 9-max Seat #8 is the button
Seat 1: Gamlet_by ($3.64 in chips) 
Seat 2: kamaz7 ($1.82 in chips) 
Seat 3: zillakamisoul ($3.06 in chips) 
Seat 5: andrey040962 ($1.85 in chips) 
Seat 6: Dorex2007 ($1.97 in chips) 
Seat 8: fR0sE68 ($2 in chips) 
Seat 9: dziad1985 ($2.09 in chips) 
dziad1985: posts small blind $0.01
Gamlet_by: posts big blind $0.02
BoerAas: sits out 
*** HOLE CARDS ***
Dealt to Dorex2007 [4h Jc]
kamaz7: raises $0.06 to $0.08
zillakamisoul: folds 
andrey040962: folds 
Dorex2007: folds 
fR0sE68: calls $0.08
dziad1985: folds 
Gamlet_by: folds 
*** FLOP *** [Tc 5h Kd]
kamaz7: bets $0.14
fR0sE68: calls $0.14
*** TURN *** [Tc 5h Kd] [8d]
kamaz7: bets $0.34
fR0sE68: folds 
Uncalled bet ($0.34) returned to kamaz7
kamaz7 collected $0.45 from pot
kamaz7: doesn't show hand 
*** SUMMARY ***
Total pot $0.47 | Rake $0.02 
Board [Tc 5h Kd 8d]
Seat 1: Gamlet_by (big blind) folded before Flop
Seat 2: kamaz7 collected ($0.45)
Seat 3: zillakamisoul folded before Flop (didn't bet)
Seat 5: andrey040962 folded before Flop (didn't bet)
Seat 6: Dorex2007 folded before Flop (didn't bet)
Seat 8: fR0sE68 (button) folded on the Turn
Seat 9: dziad1985 (small blind) folded before Flop



PokerStars Hand #226991351199:  Hold'em No Limit ($0.01/$0.02 USD) - 2021/05/23 0:52:09 PT [2021/05/23 3:52:09 ET]
Table 'Aaltje' 9-max Seat #9 is the button
Seat 1: Gamlet_by ($3.62 in chips) 
Seat 2: kamaz7 ($2.05 in chips) 
Seat 3: zillakamisoul ($3.06 in chips) 
Seat 5: andrey040962 ($1.85 in chips) 
Seat 6: Dorex2007 ($1.97 in chips) 
Seat 8: fR0sE68 ($2 in chips) 
Seat 9: dziad1985 ($2.08 in chips) 
Gamlet_by: posts small blind $0.01
kamaz7: posts big blind $0.02
BoerAas: sits out 
*** HOLE CARDS ***
Dealt to Dorex2007 [5h Tc]
zillakamisoul: folds 
andrey040962: folds 
Dorex2007: folds 
fR0sE68 has timed out
fR0sE68: folds 
dziad1985: folds 
Gamlet_by: calls $0.01
kamaz7: checks 
*** FLOP *** [3c Js 6h]
Gamlet_by: checks 
kamaz7: checks 
*** TURN *** [3c Js 6h] [9c]
Gamlet_by: checks 
kamaz7: bets $0.03
Gamlet_by: folds 
Uncalled bet ($0.03) returned to kamaz7
kamaz7 collected $0.04 from pot
kamaz7: doesn't show hand 
*** SUMMARY ***
Total pot $0.04 | Rake $0 
Board [3c Js 6h 9c]
Seat 1: Gamlet_by (small blind) folded on the Turn
Seat 2: kamaz7 (big blind) collected ($0.04)
Seat 3: zillakamisoul folded before Flop (didn't bet)
Seat 5: andrey040962 folded before Flop (didn't bet)
Seat 6: Dorex2007 folded before Flop (didn't bet)
Seat 8: fR0sE68 folded before Flop (didn't bet)
Seat 9: dziad1985 (button) folded before Flop (didn't bet)



PokerStars Hand #226991357685:  Hold'em No Limit ($0.01/$0.02 USD) - 2021/05/23 0:52:44 PT [2021/05/23 3:52:44 ET]
Table 'Aaltje' 9-max Seat #1 is the button
Seat 1: Gamlet_by ($3.60 in chips) 
Seat 2: kamaz7 ($2.07 in chips) 
Seat 3: zillakamisoul ($3.06 in chips) 
Seat 5: andrey040962 ($1.85 in chips) 
Seat 6: Dorex2007 ($1.97 in chips) 
Seat 8: fR0sE68 ($2 in chips) 
Seat 9: dziad1985 ($2.08 in chips) 
kamaz7: posts small blind $0.01
zillakamisoul: posts big blind $0.02
BoerAas: sits out 
*** HOLE CARDS ***
Dealt to Dorex2007 [Th Ad]
andrey040962: folds 
Dorex2007: raises $0.04 to $0.06
fR0sE68: folds 
dziad1985: folds 
Gamlet_by: folds 
kamaz7: folds 
zillakamisoul: folds 
Uncalled bet ($0.04) returned to Dorex2007
Dorex2007 collected $0.05 from pot
Dorex2007: doesn't show hand 
*** SUMMARY ***
Total pot $0.05 | Rake $0 
Seat 1: Gamlet_by (button) folded before Flop (didn't bet)
Seat 2: kamaz7 (small blind) folded before Flop
Seat 3: zillakamisoul (big blind) folded before Flop
Seat 5: andrey040962 folded before Flop (didn't bet)
Seat 6: Dorex2007 collected ($0.05)
Seat 8: fR0sE68 folded before Flop (didn't bet)
Seat 9: dziad1985 folded before Flop (didn't bet)



PokerStars Hand #226991360941:  Hold'em No Limit ($0.01/$0.02 USD) - 2021/05/23 0:53:02 PT [2021/05/23 3:53:02 ET]
Table 'Aaltje' 9-max Seat #2 is the button
Seat 1: Gamlet_by ($3.60 in chips) 
Seat 2: kamaz7 ($2.06 in chips) 
Seat 3: zillakamisoul ($3.04 in chips) 
Seat 4: BoerAas ($2 in chips) 
Seat 5: andrey040962 ($1.85 in chips) 
Seat 6: Dorex2007 ($2 in chips) 
Seat 8: fR0sE68 ($2 in chips) 
Seat 9: dziad1985 ($2.08 in chips) 
zillakamisoul: posts small blind $0.01
BoerAas: posts big blind $0.02
*** HOLE CARDS ***
Dealt to Dorex2007 [7c 2d]
andrey040962: folds 
Dorex2007: folds 
fR0sE68: raises $0.03 to $0.05
dziad1985: folds 
Gamlet_by: folds 
kamaz7: folds 
zillakamisoul: calls $0.04
BoerAas: folds 
*** FLOP *** [Kh 9s 5s]
zillakamisoul: checks 
fR0sE68: bets $0.06
zillakamisoul: calls $0.06
*** TURN *** [Kh 9s 5s] [9h]
zillakamisoul: checks 
fR0sE68: bets $0.08
zillakamisoul: calls $0.08
*** RIVER *** [Kh 9s 5s 9h] [Jh]
zillakamisoul: checks 
fR0sE68: checks 
*** SHOW DOWN ***
zillakamisoul: shows [9c 5c] (a full house, Nines full of Fives)
fR0sE68: mucks hand 
zillakamisoul collected $0.39 from pot
*** SUMMARY ***
Total pot $0.40 | Rake $0.01 
Board [Kh 9s 5s 9h Jh]
Seat 1: Gamlet_by folded before Flop (didn't bet)
Seat 2: kamaz7 (button) folded before Flop (didn't bet)
Seat 3: zillakamisoul (small blind) showed [9c 5c] and won ($0.39) with a full house, Nines full of Fives
Seat 4: BoerAas (big blind) folded before Flop
Seat 5: andrey040962 folded before Flop (didn't bet)
Seat 6: Dorex2007 folded before Flop (didn't bet)
Seat 8: fR0sE68 mucked [Tc Th]
Seat 9: dziad1985 folded before Flop (didn't bet)



PokerStars Hand #226991372681:  Hold'em No Limit ($0.01/$0.02 USD) - 2021/05/23 0:54:07 PT [2021/05/23 3:54:07 ET]
Table 'Aaltje' 9-max Seat #3 is the button
Seat 1: Gamlet_by ($3.60 in chips) 
Seat 2: kamaz7 ($2.06 in chips) 
Seat 3: zillakamisoul ($3.24 in chips) 
Seat 4: BoerAas ($1.98 in chips) 
Seat 5: andrey040962 ($1.85 in chips) 
Seat 6: Dorex2007 ($2 in chips) 
Seat 8: fR0sE68 ($2 in chips) 
Seat 9: dziad1985 ($2.08 in chips) 
BoerAas: posts small blind $0.01
andrey040962: posts big blind $0.02
*** HOLE CARDS ***
Dealt to Dorex2007 [Qd 4s]
Dorex2007: folds 
fR0sE68: folds 
dziad1985: folds 
Gamlet_by: raises $0.03 to $0.05
kamaz7: folds 
zillakamisoul: folds 
BoerAas: folds 
andrey040962: folds 
Uncalled bet ($0.03) returned to Gamlet_by
Gamlet_by collected $0.05 from pot
Gamlet_by: doesn't show hand 
*** SUMMARY ***
Total pot $0.05 | Rake $0 
Seat 1: Gamlet_by collected ($0.05)
Seat 2: kamaz7 folded before Flop (didn't bet)
Seat 3: zillakamisoul (button) folded before Flop (didn't bet)
Seat 4: BoerAas (small blind) folded before Flop
Seat 5: andrey040962 (big blind) folded before Flop
Seat 6: Dorex2007 folded before Flop (didn't bet)
Seat 8: fR0sE68 folded before Flop (didn't bet)
Seat 9: dziad1985 folded before Flop (didn't bet)



PokerStars Hand #226991376727:  Hold'em No Limit ($0.01/$0.02 USD) - 2021/05/23 0:54:28 PT [2021/05/23 3:54:28 ET]
Table 'Aaltje' 9-max Seat #4 is the button
Seat 1: Gamlet_by ($3.63 in chips) 
Seat 2: kamaz7 ($2.06 in chips) 
Seat 3: zillakamisoul ($3.24 in chips) 
Seat 4: BoerAas ($1.97 in chips) 
Seat 5: andrey040962 ($1.83 in chips) 
Seat 6: Dorex2007 ($2 in chips) 
Seat 8: fR0sE68 ($2 in chips) 
Seat 9: dziad1985 ($2.08 in chips) 
andrey040962: posts small blind $0.01
Dorex2007: posts big blind $0.02
*** HOLE CARDS ***
Dealt to Dorex2007 [Tc As]
fR0sE68: folds 
dziad1985: folds 
Gamlet_by: folds 
kamaz7: folds 
zillakamisoul: calls $0.02
BoerAas: raises $0.03 to $0.05
andrey040962: folds 
Dorex2007: calls $0.03
zillakamisoul: folds 
*** FLOP *** [4s Js Jh]
Dorex2007: checks 
BoerAas: checks 
*** TURN *** [4s Js Jh] [7h]
Dorex2007: bets $0.07
BoerAas: calls $0.07
*** RIVER *** [4s Js Jh 7h] [Ks]
Dorex2007: checks 
BoerAas: bets $0.14
Dorex2007: folds 
Uncalled bet ($0.14) returned to BoerAas
BoerAas collected $0.26 from pot
*** SUMMARY ***
Total pot $0.27 | Rake $0.01 
Board [4s Js Jh 7h Ks]
Seat 1: Gamlet_by folded before Flop (didn't bet)
Seat 2: kamaz7 folded before Flop (didn't bet)
Seat 3: zillakamisoul folded before Flop
Seat 4: BoerAas (button) collected ($0.26)
Seat 5: andrey040962 (small blind) folded before Flop
Seat 6: Dorex2007 (big blind) folded on the River
Seat 8: fR0sE68 folded before Flop (didn't bet)
Seat 9: dziad1985 folded before Flop (didn't bet)



PokerStars Hand #226991395671:  Hold'em No Limit ($0.01/$0.02 USD) - 2021/05/23 0:55:35 PT [2021/05/23 3:55:35 ET]
Table 'Aaltje' 9-max Seat #5 is the button
Seat 1: Gamlet_by ($3.63 in chips) 
Seat 2: kamaz7 ($2.06 in chips) 
Seat 3: zillakamisoul ($3.22 in chips) 
Seat 4: BoerAas ($2.11 in chips) 
Seat 5: andrey040962 ($1.82 in chips) 
Seat 6: Dorex2007 ($1.88 in chips) 
Seat 8: fR0sE68 ($2 in chips) 
Seat 9: dziad1985 ($2.08 in chips) 
Dorex2007: posts small blind $0.01
fR0sE68: posts big blind $0.02
*** HOLE CARDS ***
Dealt to Dorex2007 [Ac Td]
dziad1985: folds 
Gamlet_by: folds 
kamaz7: folds 
zillakamisoul has timed out
zillakamisoul: folds 
BoerAas: folds 
andrey040962: folds 
Dorex2007: raises $0.04 to $0.06
fR0sE68: folds 
Uncalled bet ($0.04) returned to Dorex2007
Dorex2007 collected $0.04 from pot
Dorex2007: doesn't show hand 
*** SUMMARY ***
Total pot $0.04 | Rake $0 
Seat 1: Gamlet_by folded before Flop (didn't bet)
Seat 2: kamaz7 folded before Flop (didn't bet)
Seat 3: zillakamisoul folded before Flop (didn't bet)
Seat 4: BoerAas folded before Flop (didn't bet)
Seat 5: andrey040962 (button) folded before Flop (didn't bet)
Seat 6: Dorex2007 (small blind) collected ($0.04)
Seat 8: fR0sE68 (big blind) folded before Flop
Seat 9: dziad1985 folded before Flop (didn't bet)



