PokerStars Hand #237345510352:  Hold'em No Limit ($0.01/$0.02 USD) - 2022/07/13 18:11:05 PT [2022/07/13 21:11:05 ET]
Table 'Tinette IV' 9-max Seat #8 is the button
Seat 1: Paluzskeiviz ($0.76 in chips) 
Seat 2: GengivaSangrent ($1.72 in chips) 
Seat 3: jim13my ($1.02 in chips) 
Seat 4: olbap_104 ($2.13 in chips) 
Seat 6: INTIMIDATOR69 ($1 in chips) 
Seat 7: Dorex2007 ($2 in chips) 
Seat 8: Domi8472 ($0.71 in chips) 
Seat 9: campaxl ($1.98 in chips) 
campaxl: posts small blind $0.01
Paluzskeiviz: posts big blind $0.02
Alex366296: sits out 
Dorex2007: posts big blind $0.02
*** HOLE CARDS ***
Dealt to Dorex2007 [2h Jh]
GengivaSangrent: folds 
jim13my: calls $0.02
olbap_104: folds 
INTIMIDATOR69: calls $0.02
Dorex2007: checks 
Domi8472: folds 
campaxl: calls $0.01
Paluzskeiviz: checks 
*** FLOP *** [4d 6c 4s]
campaxl: checks 
Paluzskeiviz: checks 
jim13my: checks 
INTIMIDATOR69: checks 
Dorex2007: checks 
*** TURN *** [4d 6c 4s] [Ah]
campaxl: bets $0.10
Paluzskeiviz: folds 
jim13my: folds 
INTIMIDATOR69: folds 
Dorex2007: folds 
Uncalled bet ($0.10) returned to campaxl
campaxl collected $0.10 from pot
*** SUMMARY ***
Total pot $0.10 | Rake $0 
Board [4d 6c 4s Ah]
Seat 1: Paluzskeiviz (big blind) folded on the Turn
Seat 2: GengivaSangrent folded before Flop (didn't bet)
Seat 3: jim13my folded on the Turn
Seat 4: olbap_104 folded before Flop (didn't bet)
Seat 6: INTIMIDATOR69 folded on the Turn
Seat 7: Dorex2007 folded on the Turn (didn't bet)
Seat 8: Domi8472 (button) folded before Flop (didn't bet)
Seat 9: campaxl (small blind) collected ($0.10)



PokerStars Hand #237345518524:  Hold'em No Limit ($0.01/$0.02 USD) - 2022/07/13 18:11:45 PT [2022/07/13 21:11:45 ET]
Table 'Tinette IV' 9-max Seat #9 is the button
Seat 1: Paluzskeiviz ($0.74 in chips) 
Seat 2: GengivaSangrent ($1.72 in chips) 
Seat 3: jim13my ($1 in chips) 
Seat 4: olbap_104 ($2.13 in chips) 
Seat 6: INTIMIDATOR69 ($1 in chips) 
Seat 7: Dorex2007 ($2 in chips) 
Seat 8: Domi8472 ($0.71 in chips) 
Seat 9: campaxl ($2.06 in chips) 
Paluzskeiviz: posts small blind $0.01
GengivaSangrent: posts big blind $0.02
Alex366296: sits out 
*** HOLE CARDS ***
Dealt to Dorex2007 [Ts 2s]
jim13my: calls $0.02
olbap_104: folds 
INTIMIDATOR69: calls $0.02
Dorex2007: folds 
Domi8472: raises $0.04 to $0.06
campaxl: folds 
Paluzskeiviz: folds 
GengivaSangrent: folds 
jim13my: calls $0.04
INTIMIDATOR69: calls $0.04
*** FLOP *** [Jd Th Kd]
jim13my: checks 
INTIMIDATOR69: checks 
Domi8472: bets $0.04
jim13my: calls $0.04
INTIMIDATOR69: folds 
*** TURN *** [Jd Th Kd] [Qd]
jim13my: checks 
Domi8472: checks 
*** RIVER *** [Jd Th Kd Qd] [Td]
jim13my: checks 
Domi8472: checks 
*** SHOW DOWN ***
jim13my: shows [8d 6d] (a flush, King high)
Domi8472: mucks hand 
jim13my collected $0.28 from pot
*** SUMMARY ***
Total pot $0.29 | Rake $0.01 
Board [Jd Th Kd Qd Td]
Seat 1: Paluzskeiviz (small blind) folded before Flop
Seat 2: GengivaSangrent (big blind) folded before Flop
Seat 3: jim13my showed [8d 6d] and won ($0.28) with a flush, King high
Seat 4: olbap_104 folded before Flop (didn't bet)
Seat 6: INTIMIDATOR69 folded on the Flop
Seat 7: Dorex2007 folded before Flop (didn't bet)
Seat 8: Domi8472 mucked [7h 8h]
Seat 9: campaxl (button) folded before Flop (didn't bet)



PokerStars Hand #237345530467:  Hold'em No Limit ($0.01/$0.02 USD) - 2022/07/13 18:12:44 PT [2022/07/13 21:12:44 ET]
Table 'Tinette IV' 9-max Seat #1 is the button
Seat 1: Paluzskeiviz ($0.73 in chips) 
Seat 2: GengivaSangrent ($1.70 in chips) 
Seat 3: jim13my ($1.18 in chips) 
Seat 4: olbap_104 ($2.13 in chips) 
Seat 6: INTIMIDATOR69 ($1 in chips) 
Seat 7: Dorex2007 ($2 in chips) 
Seat 8: Domi8472 ($0.61 in chips) 
Seat 9: campaxl ($2.06 in chips) 
GengivaSangrent: posts small blind $0.01
jim13my: posts big blind $0.02
Alex366296: sits out 
*** HOLE CARDS ***
Dealt to Dorex2007 [4s Ah]
olbap_104: folds 
INTIMIDATOR69: folds 
Dorex2007: folds 
Domi8472: raises $0.04 to $0.06
campaxl: folds 
Paluzskeiviz: folds 
GengivaSangrent: folds 
jim13my: folds 
Uncalled bet ($0.04) returned to Domi8472
Domi8472 collected $0.05 from pot
*** SUMMARY ***
Total pot $0.05 | Rake $0 
Seat 1: Paluzskeiviz (button) folded before Flop (didn't bet)
Seat 2: GengivaSangrent (small blind) folded before Flop
Seat 3: jim13my (big blind) folded before Flop
Seat 4: olbap_104 folded before Flop (didn't bet)
Seat 6: INTIMIDATOR69 folded before Flop (didn't bet)
Seat 7: Dorex2007 folded before Flop (didn't bet)
Seat 8: Domi8472 collected ($0.05)
Seat 9: campaxl folded before Flop (didn't bet)



PokerStars Hand #237345533568:  Hold'em No Limit ($0.01/$0.02 USD) - 2022/07/13 18:13:00 PT [2022/07/13 21:13:00 ET]
Table 'Tinette IV' 9-max Seat #2 is the button
Seat 1: Paluzskeiviz ($0.73 in chips) 
Seat 2: GengivaSangrent ($1.69 in chips) 
Seat 3: jim13my ($1.16 in chips) 
Seat 4: olbap_104 ($2.13 in chips) 
Seat 6: INTIMIDATOR69 ($1 in chips) 
Seat 7: Dorex2007 ($2 in chips) 
Seat 8: Domi8472 ($0.64 in chips) 
Seat 9: campaxl ($2.06 in chips) 
jim13my: posts small blind $0.01
olbap_104: posts big blind $0.02
Alex366296: sits out 
*** HOLE CARDS ***
Dealt to Dorex2007 [Kc 9s]
INTIMIDATOR69: folds 
Dorex2007: folds 
Domi8472: raises $0.02 to $0.04
campaxl: raises $0.10 to $0.14
Paluzskeiviz: folds 
GengivaSangrent: folds 
jim13my: folds 
olbap_104: folds 
Domi8472: folds 
Uncalled bet ($0.10) returned to campaxl
campaxl collected $0.11 from pot
*** SUMMARY ***
Total pot $0.11 | Rake $0 
Seat 1: Paluzskeiviz folded before Flop (didn't bet)
Seat 2: GengivaSangrent (button) folded before Flop (didn't bet)
Seat 3: jim13my (small blind) folded before Flop
Seat 4: olbap_104 (big blind) folded before Flop
Seat 6: INTIMIDATOR69 folded before Flop (didn't bet)
Seat 7: Dorex2007 folded before Flop (didn't bet)
Seat 8: Domi8472 folded before Flop
Seat 9: campaxl collected ($0.11)



PokerStars Hand #237345540283:  Hold'em No Limit ($0.01/$0.02 USD) - 2022/07/13 18:13:32 PT [2022/07/13 21:13:32 ET]
Table 'Tinette IV' 9-max Seat #3 is the button
Seat 1: Paluzskeiviz ($0.73 in chips) 
Seat 2: GengivaSangrent ($1.69 in chips) 
Seat 3: jim13my ($1.15 in chips) 
Seat 4: olbap_104 ($2.11 in chips) 
Seat 5: Alex366296 ($2 in chips) 
Seat 6: INTIMIDATOR69 ($1 in chips) 
Seat 7: Dorex2007 ($2 in chips) 
Seat 8: Domi8472 ($0.60 in chips) 
Seat 9: campaxl ($2.13 in chips) 
olbap_104: posts small blind $0.01
Alex366296: posts big blind $0.02
*** HOLE CARDS ***
Dealt to Dorex2007 [Kc Kd]
INTIMIDATOR69: folds 
Dorex2007: raises $0.04 to $0.06
Domi8472: folds 
campaxl: calls $0.06
Paluzskeiviz: folds 
GengivaSangrent: folds 
jim13my: calls $0.06
olbap_104: folds 
Alex366296: folds 
*** FLOP *** [Th 4c Js]
Dorex2007: bets $0.10
campaxl: calls $0.10
jim13my: folds 
*** TURN *** [Th 4c Js] [Ah]
Dorex2007: bets $0.04
campaxl: calls $0.04
*** RIVER *** [Th 4c Js Ah] [Qc]
Dorex2007: checks 
campaxl: checks 
*** SHOW DOWN ***
Dorex2007: shows [Kc Kd] (a straight, Ten to Ace)
campaxl: mucks hand 
Dorex2007 collected $0.47 from pot
*** SUMMARY ***
Total pot $0.49 | Rake $0.02 
Board [Th 4c Js Ah Qc]
Seat 1: Paluzskeiviz folded before Flop (didn't bet)
Seat 2: GengivaSangrent folded before Flop (didn't bet)
Seat 3: jim13my (button) folded on the Flop
Seat 4: olbap_104 (small blind) folded before Flop
Seat 5: Alex366296 (big blind) folded before Flop
Seat 6: INTIMIDATOR69 folded before Flop (didn't bet)
Seat 7: Dorex2007 showed [Kc Kd] and won ($0.47) with a straight, Ten to Ace
Seat 8: Domi8472 folded before Flop (didn't bet)
Seat 9: campaxl mucked [7h 8h]



PokerStars Hand #237345555013:  Hold'em No Limit ($0.01/$0.02 USD) - 2022/07/13 18:14:24 PT [2022/07/13 21:14:24 ET]
Table 'Tinette IV' 9-max Seat #4 is the button
Seat 1: Paluzskeiviz ($0.73 in chips) 
Seat 2: GengivaSangrent ($1.69 in chips) 
Seat 3: jim13my ($1.09 in chips) 
Seat 4: olbap_104 ($2.10 in chips) 
Seat 5: Alex366296 ($2 in chips) 
Seat 6: INTIMIDATOR69 ($1 in chips) 
Seat 7: Dorex2007 ($2.27 in chips) 
Seat 8: Domi8472 ($0.60 in chips) 
Seat 9: campaxl ($1.93 in chips) 
Alex366296: posts small blind $0.01
INTIMIDATOR69: posts big blind $0.02
*** HOLE CARDS ***
Dealt to Dorex2007 [Qc 8c]
Dorex2007: folds 
Domi8472: folds 
campaxl: folds 
Paluzskeiviz: folds 
GengivaSangrent: folds 
jim13my: folds 
olbap_104: calls $0.02
Alex366296: folds 
INTIMIDATOR69: checks 
*** FLOP *** [Ac 6s 4c]
INTIMIDATOR69: checks 
olbap_104: checks 
*** TURN *** [Ac 6s 4c] [2h]
INTIMIDATOR69: checks 
olbap_104: checks 
*** RIVER *** [Ac 6s 4c 2h] [Qd]
INTIMIDATOR69: checks 
olbap_104: bets $0.06
INTIMIDATOR69: folds 
Uncalled bet ($0.06) returned to olbap_104
olbap_104 collected $0.05 from pot
*** SUMMARY ***
Total pot $0.05 | Rake $0 
Board [Ac 6s 4c 2h Qd]
Seat 1: Paluzskeiviz folded before Flop (didn't bet)
Seat 2: GengivaSangrent folded before Flop (didn't bet)
Seat 3: jim13my folded before Flop (didn't bet)
Seat 4: olbap_104 (button) collected ($0.05)
Seat 5: Alex366296 (small blind) folded before Flop
Seat 6: INTIMIDATOR69 (big blind) folded on the River
Seat 7: Dorex2007 folded before Flop (didn't bet)
Seat 8: Domi8472 folded before Flop (didn't bet)
Seat 9: campaxl folded before Flop (didn't bet)



PokerStars Hand #237345630127:  Hold'em No Limit ($0.01/$0.02 USD) - 2022/07/13 18:19:55 PT [2022/07/13 21:19:55 ET]
Table 'Tinette IV' 9-max Seat #1 is the button
Seat 1: Paluzskeiviz ($0.97 in chips) 
Seat 2: GengivaSangrent ($1.67 in chips) 
Seat 3: jim13my ($1.10 in chips) 
Seat 4: olbap_104 ($2.67 in chips) 
Seat 5: Alex366296 ($2 in chips) 
Seat 6: INTIMIDATOR69 ($1.04 in chips) 
Seat 7: Dorex2007 ($2.27 in chips) 
Seat 8: Domi8472 ($1.80 in chips) 
Seat 9: campaxl ($1.97 in chips) 
GengivaSangrent: posts small blind $0.01
jim13my: posts big blind $0.02
Dorex2007: posts small & big blinds $0.03
*** HOLE CARDS ***
Dealt to Dorex2007 [Jd 7d]
olbap_104: folds 
olbap_104 leaves the table
Alex366296: calls $0.02
INTIMIDATOR69: calls $0.02
Dorex2007: checks 
Domi8472: calls $0.02
campaxl: folds 
Paluzskeiviz: folds 
DIEGON26 joins the table at seat #4 
GengivaSangrent: folds 
jim13my: checks 
*** FLOP *** [3h 3c 6c]
jim13my: checks 
Alex366296: checks 
INTIMIDATOR69: checks 
Dorex2007: checks 
Domi8472: checks 
*** TURN *** [3h 3c 6c] [5c]
jim13my: checks 
Alex366296: checks 
INTIMIDATOR69: checks 
Dorex2007: checks 
Domi8472: bets $0.06
jim13my: folds 
Alex366296: folds 
INTIMIDATOR69: calls $0.06
Dorex2007: folds 
*** RIVER *** [3h 3c 6c 5c] [Qd]
INTIMIDATOR69: checks 
Domi8472: checks 
*** SHOW DOWN ***
INTIMIDATOR69: shows [2d 5d] (two pair, Fives and Threes)
Domi8472: mucks hand 
INTIMIDATOR69 collected $0.23 from pot
*** SUMMARY ***
Total pot $0.24 | Rake $0.01 
Board [3h 3c 6c 5c Qd]
Seat 1: Paluzskeiviz (button) folded before Flop (didn't bet)
Seat 2: GengivaSangrent (small blind) folded before Flop
Seat 3: jim13my (big blind) folded on the Turn
Seat 4: olbap_104 folded before Flop (didn't bet)
Seat 5: Alex366296 folded on the Turn
Seat 6: INTIMIDATOR69 showed [2d 5d] and won ($0.23) with two pair, Fives and Threes
Seat 7: Dorex2007 folded on the Turn (didn't bet)
Seat 8: Domi8472 mucked [8h 4h]
Seat 9: campaxl folded before Flop (didn't bet)



PokerStars Hand #237345650829:  Hold'em No Limit ($0.01/$0.02 USD) - 2022/07/13 18:21:38 PT [2022/07/13 21:21:38 ET]
Table 'Tinette IV' 9-max Seat #2 is the button
Seat 1: Paluzskeiviz ($0.97 in chips) 
Seat 2: GengivaSangrent ($1.66 in chips) 
Seat 3: jim13my ($1.08 in chips) 
Seat 4: DIEGON26 ($0.80 in chips) 
Seat 5: Alex366296 ($2 in chips) 
Seat 6: INTIMIDATOR69 ($1.19 in chips) 
Seat 7: Dorex2007 ($2.24 in chips) 
Seat 8: Domi8472 ($1.72 in chips) 
jim13my: posts small blind $0.01
DIEGON26: posts big blind $0.02
*** HOLE CARDS ***
Dealt to Dorex2007 [Ad 4c]
Alex366296: folds 
INTIMIDATOR69: calls $0.02
Dorex2007: folds 
Domi8472: folds 
campaxl leaves the table
Paluzskeiviz: folds 
GengivaSangrent: folds 
jim13my: raises $1.06 to $1.08 and is all-in
DIEGON26: folds 
INTIMIDATOR69: folds 
Uncalled bet ($1.06) returned to jim13my
jim13my collected $0.06 from pot
*** SUMMARY ***
Total pot $0.06 | Rake $0 
Seat 1: Paluzskeiviz folded before Flop (didn't bet)
Seat 2: GengivaSangrent (button) folded before Flop (didn't bet)
Seat 3: jim13my (small blind) collected ($0.06)
Seat 4: DIEGON26 (big blind) folded before Flop
Seat 5: Alex366296 folded before Flop (didn't bet)
Seat 6: INTIMIDATOR69 folded before Flop
Seat 7: Dorex2007 folded before Flop (didn't bet)
Seat 8: Domi8472 folded before Flop (didn't bet)



PokerStars Hand #237345655096:  Hold'em No Limit ($0.01/$0.02 USD) - 2022/07/13 18:21:59 PT [2022/07/13 21:21:59 ET]
Table 'Tinette IV' 9-max Seat #3 is the button
Seat 1: Paluzskeiviz ($0.97 in chips) 
Seat 2: GengivaSangrent ($1.66 in chips) 
Seat 3: jim13my ($1.12 in chips) 
Seat 4: DIEGON26 ($0.78 in chips) 
Seat 5: Alex366296 ($2 in chips) 
Seat 6: INTIMIDATOR69 ($1.17 in chips) 
Seat 7: Dorex2007 ($2.24 in chips) 
Seat 8: Domi8472 ($1.72 in chips) 
DIEGON26: posts small blind $0.01
Alex366296: posts big blind $0.02
*** HOLE CARDS ***
Dealt to Dorex2007 [3d As]
VANVIGA joins the table at seat #9 
INTIMIDATOR69: folds 
Dorex2007: folds 
Domi8472: raises $0.04 to $0.06
Paluzskeiviz: folds 
GengivaSangrent: folds 
jim13my: folds 
DIEGON26: calls $0.05
Alex366296: folds 
*** FLOP *** [3c 4h Ah]
DIEGON26: checks 
Domi8472: bets $0.07
DIEGON26: folds 
Uncalled bet ($0.07) returned to Domi8472
Domi8472 collected $0.14 from pot
*** SUMMARY ***
Total pot $0.14 | Rake $0 
Board [3c 4h Ah]
Seat 1: Paluzskeiviz folded before Flop (didn't bet)
Seat 2: GengivaSangrent folded before Flop (didn't bet)
Seat 3: jim13my (button) folded before Flop (didn't bet)
Seat 4: DIEGON26 (small blind) folded on the Flop
Seat 5: Alex366296 (big blind) folded before Flop
Seat 6: INTIMIDATOR69 folded before Flop (didn't bet)
Seat 7: Dorex2007 folded before Flop (didn't bet)
Seat 8: Domi8472 collected ($0.14)



PokerStars Hand #237345665145:  Hold'em No Limit ($0.01/$0.02 USD) - 2022/07/13 18:22:49 PT [2022/07/13 21:22:49 ET]
Table 'Tinette IV' 9-max Seat #4 is the button
Seat 1: Paluzskeiviz ($0.97 in chips) 
Seat 2: GengivaSangrent ($1.66 in chips) 
Seat 3: jim13my ($1.12 in chips) 
Seat 4: DIEGON26 ($0.72 in chips) 
Seat 5: Alex366296 ($2 in chips) 
Seat 6: INTIMIDATOR69 ($1.17 in chips) 
Seat 7: Dorex2007 ($2.24 in chips) 
Seat 8: Domi8472 ($1.80 in chips) 
Seat 9: VANVIGA ($2 in chips) 
Alex366296: posts small blind $0.01
INTIMIDATOR69: posts big blind $0.02
VANVIGA: posts big blind $0.02
*** HOLE CARDS ***
Dealt to Dorex2007 [6h 5c]
Dorex2007: folds 
Domi8472: raises $0.02 to $0.04
VANVIGA: folds 
Paluzskeiviz: folds 
GengivaSangrent: folds 
jim13my: calls $0.04
DIEGON26: folds 
Alex366296: folds 
INTIMIDATOR69: folds 
*** FLOP *** [Qs 9h 8d]
Domi8472: bets $0.04
jim13my: raises $0.12 to $0.16
Domi8472: folds 
Uncalled bet ($0.12) returned to jim13my
jim13my collected $0.20 from pot
*** SUMMARY ***
Total pot $0.21 | Rake $0.01 
Board [Qs 9h 8d]
Seat 1: Paluzskeiviz folded before Flop (didn't bet)
Seat 2: GengivaSangrent folded before Flop (didn't bet)
Seat 3: jim13my collected ($0.20)
Seat 4: DIEGON26 (button) folded before Flop (didn't bet)
Seat 5: Alex366296 (small blind) folded before Flop
Seat 6: INTIMIDATOR69 (big blind) folded before Flop
Seat 7: Dorex2007 folded before Flop (didn't bet)
Seat 8: Domi8472 folded on the Flop
Seat 9: VANVIGA folded before Flop (didn't bet)



PokerStars Hand #237345678913:  Hold'em No Limit ($0.01/$0.02 USD) - 2022/07/13 18:23:59 PT [2022/07/13 21:23:59 ET]
Table 'Tinette IV' 9-max Seat #5 is the button
Seat 1: Paluzskeiviz ($0.97 in chips) 
Seat 2: GengivaSangrent ($1.66 in chips) 
Seat 3: jim13my ($1.24 in chips) 
Seat 4: DIEGON26 ($0.72 in chips) 
Seat 5: Alex366296 ($2 in chips) 
Seat 6: INTIMIDATOR69 ($1.15 in chips) 
Seat 7: Dorex2007 ($2.24 in chips) 
Seat 8: Domi8472 ($1.72 in chips) 
Seat 9: VANVIGA ($2 in chips) 
INTIMIDATOR69: posts small blind $0.01
Dorex2007: posts big blind $0.02
*** HOLE CARDS ***
Dealt to Dorex2007 [6d Ad]
Domi8472: raises $0.02 to $0.04
VANVIGA: raises $0.08 to $0.12
Paluzskeiviz: folds 
GengivaSangrent: folds 
jim13my: folds 
DIEGON26: folds 
Alex366296: folds 
INTIMIDATOR69: folds 
Dorex2007: folds 
Domi8472: calls $0.08
*** FLOP *** [Ks 7d 3d]
Domi8472: checks 
VANVIGA: bets $0.20
Domi8472: folds 
Uncalled bet ($0.20) returned to VANVIGA
VANVIGA collected $0.26 from pot
*** SUMMARY ***
Total pot $0.27 | Rake $0.01 
Board [Ks 7d 3d]
Seat 1: Paluzskeiviz folded before Flop (didn't bet)
Seat 2: GengivaSangrent folded before Flop (didn't bet)
Seat 3: jim13my folded before Flop (didn't bet)
Seat 4: DIEGON26 folded before Flop (didn't bet)
Seat 5: Alex366296 (button) folded before Flop (didn't bet)
Seat 6: INTIMIDATOR69 (small blind) folded before Flop
Seat 7: Dorex2007 (big blind) folded before Flop
Seat 8: Domi8472 folded on the Flop
Seat 9: VANVIGA collected ($0.26)



PokerStars Hand #237345687533:  Hold'em No Limit ($0.01/$0.02 USD) - 2022/07/13 18:24:42 PT [2022/07/13 21:24:42 ET]
Table 'Tinette IV' 9-max Seat #6 is the button
Seat 1: Paluzskeiviz ($0.97 in chips) 
Seat 2: GengivaSangrent ($1.66 in chips) 
Seat 3: jim13my ($1.24 in chips) 
Seat 4: DIEGON26 ($0.72 in chips) 
Seat 5: Alex366296 ($2 in chips) 
Seat 6: INTIMIDATOR69 ($1.14 in chips) 
Seat 7: Dorex2007 ($2.22 in chips) 
Seat 8: Domi8472 ($1.60 in chips) 
Seat 9: VANVIGA ($2.14 in chips) 
Dorex2007: posts small blind $0.01
Domi8472: posts big blind $0.02
*** HOLE CARDS ***
Dealt to Dorex2007 [4s 3d]
VANVIGA: folds 
Paluzskeiviz: folds 
GengivaSangrent: folds 
jim13my: calls $0.02
DIEGON26: folds 
Alex366296: folds 
INTIMIDATOR69: raises $0.16 to $0.18
Dorex2007: folds 
Domi8472: folds 
jim13my: folds 
Uncalled bet ($0.16) returned to INTIMIDATOR69
INTIMIDATOR69 collected $0.07 from pot
*** SUMMARY ***
Total pot $0.07 | Rake $0 
Seat 1: Paluzskeiviz folded before Flop (didn't bet)
Seat 2: GengivaSangrent folded before Flop (didn't bet)
Seat 3: jim13my folded before Flop
Seat 4: DIEGON26 folded before Flop (didn't bet)
Seat 5: Alex366296 folded before Flop (didn't bet)
Seat 6: INTIMIDATOR69 (button) collected ($0.07)
Seat 7: Dorex2007 (small blind) folded before Flop
Seat 8: Domi8472 (big blind) folded before Flop
Seat 9: VANVIGA folded before Flop (didn't bet)



PokerStars Hand #237345692762:  Hold'em No Limit ($0.01/$0.02 USD) - 2022/07/13 18:25:08 PT [2022/07/13 21:25:08 ET]
Table 'Tinette IV' 9-max Seat #7 is the button
Seat 1: Paluzskeiviz ($0.97 in chips) 
Seat 2: GengivaSangrent ($1.66 in chips) 
Seat 3: jim13my ($1.22 in chips) 
Seat 4: DIEGON26 ($0.72 in chips) 
Seat 5: Alex366296 ($2 in chips) 
Seat 6: INTIMIDATOR69 ($1.19 in chips) 
Seat 7: Dorex2007 ($2.21 in chips) 
Seat 8: Domi8472 ($1.58 in chips) 
Seat 9: VANVIGA ($2.14 in chips) 
Domi8472: posts small blind $0.01
VANVIGA: posts big blind $0.02
*** HOLE CARDS ***
Dealt to Dorex2007 [9d Tc]
Paluzskeiviz: folds 
GengivaSangrent: folds 
jim13my: folds 
DIEGON26: folds 
Alex366296: folds 
INTIMIDATOR69: calls $0.02
Dorex2007: folds 
Domi8472: calls $0.01
VANVIGA: checks 
*** FLOP *** [7c 5h Ad]
Domi8472: checks 
VANVIGA: checks 
INTIMIDATOR69: checks 
*** TURN *** [7c 5h Ad] [Th]
Domi8472: bets $0.08
VANVIGA: folds 
INTIMIDATOR69: calls $0.08
*** RIVER *** [7c 5h Ad Th] [3h]
Domi8472: bets $0.06
INTIMIDATOR69: folds 
Uncalled bet ($0.06) returned to Domi8472
Domi8472 collected $0.21 from pot
*** SUMMARY ***
Total pot $0.22 | Rake $0.01 
Board [7c 5h Ad Th 3h]
Seat 1: Paluzskeiviz folded before Flop (didn't bet)
Seat 2: GengivaSangrent folded before Flop (didn't bet)
Seat 3: jim13my folded before Flop (didn't bet)
Seat 4: DIEGON26 folded before Flop (didn't bet)
Seat 5: Alex366296 folded before Flop (didn't bet)
Seat 6: INTIMIDATOR69 folded on the River
Seat 7: Dorex2007 (button) folded before Flop (didn't bet)
Seat 8: Domi8472 (small blind) collected ($0.21)
Seat 9: VANVIGA (big blind) folded on the Turn



PokerStars Hand #237345704087:  Hold'em No Limit ($0.01/$0.02 USD) - 2022/07/13 18:26:05 PT [2022/07/13 21:26:05 ET]
Table 'Tinette IV' 9-max Seat #8 is the button
Seat 1: Paluzskeiviz ($0.97 in chips) 
Seat 2: GengivaSangrent ($1.66 in chips) 
Seat 3: jim13my ($1.22 in chips) 
Seat 4: DIEGON26 ($0.72 in chips) 
Seat 5: Alex366296 ($2 in chips) 
Seat 6: INTIMIDATOR69 ($1.09 in chips) 
Seat 7: Dorex2007 ($2.21 in chips) 
Seat 8: Domi8472 ($1.69 in chips) 
Seat 9: VANVIGA ($2.12 in chips) 
VANVIGA: posts small blind $0.01
Paluzskeiviz: posts big blind $0.02
*** HOLE CARDS ***
Dealt to Dorex2007 [Qs 6d]
GengivaSangrent: folds 
jim13my: folds 
DIEGON26: calls $0.02
Alex366296: folds 
INTIMIDATOR69: folds 
Dorex2007: folds 
Domi8472: folds 
VANVIGA: raises $0.10 to $0.12
Paluzskeiviz: folds 
DIEGON26: calls $0.10
*** FLOP *** [Qc 3h 3c]
VANVIGA: bets $0.12
DIEGON26: folds 
Uncalled bet ($0.12) returned to VANVIGA
VANVIGA collected $0.25 from pot
*** SUMMARY ***
Total pot $0.26 | Rake $0.01 
Board [Qc 3h 3c]
Seat 1: Paluzskeiviz (big blind) folded before Flop
Seat 2: GengivaSangrent folded before Flop (didn't bet)
Seat 3: jim13my folded before Flop (didn't bet)
Seat 4: DIEGON26 folded on the Flop
Seat 5: Alex366296 folded before Flop (didn't bet)
Seat 6: INTIMIDATOR69 folded before Flop (didn't bet)
Seat 7: Dorex2007 folded before Flop (didn't bet)
Seat 8: Domi8472 (button) folded before Flop (didn't bet)
Seat 9: VANVIGA (small blind) collected ($0.25)



PokerStars Hand #237345716568:  Hold'em No Limit ($0.01/$0.02 USD) - 2022/07/13 18:27:09 PT [2022/07/13 21:27:09 ET]
Table 'Tinette IV' 9-max Seat #9 is the button
Seat 1: Paluzskeiviz ($0.95 in chips) 
Seat 2: GengivaSangrent ($1.66 in chips) 
Seat 3: jim13my ($1.22 in chips) 
Seat 4: DIEGON26 ($0.60 in chips) 
Seat 5: Alex366296 ($2 in chips) 
Seat 6: INTIMIDATOR69 ($1.09 in chips) 
Seat 7: Dorex2007 ($2.21 in chips) 
Seat 8: Domi8472 ($1.69 in chips) 
Seat 9: VANVIGA ($2.25 in chips) 
Paluzskeiviz: posts small blind $0.01
GengivaSangrent: posts big blind $0.02
*** HOLE CARDS ***
Dealt to Dorex2007 [3d Qc]
jim13my: calls $0.02
DIEGON26: folds 
Alex366296: folds 
INTIMIDATOR69: calls $0.02
Dorex2007: folds 
Domi8472: raises $0.02 to $0.04
VANVIGA: folds 
Paluzskeiviz: calls $0.03
GengivaSangrent: folds 
jim13my: calls $0.02
INTIMIDATOR69: calls $0.02
*** FLOP *** [4d 5d Jh]
Paluzskeiviz: bets $0.08
jim13my: folds 
INTIMIDATOR69: folds 
Domi8472: folds 
Uncalled bet ($0.08) returned to Paluzskeiviz
Paluzskeiviz collected $0.17 from pot
*** SUMMARY ***
Total pot $0.18 | Rake $0.01 
Board [4d 5d Jh]
Seat 1: Paluzskeiviz (small blind) collected ($0.17)
Seat 2: GengivaSangrent (big blind) folded before Flop
Seat 3: jim13my folded on the Flop
Seat 4: DIEGON26 folded before Flop (didn't bet)
Seat 5: Alex366296 folded before Flop (didn't bet)
Seat 6: INTIMIDATOR69 folded on the Flop
Seat 7: Dorex2007 folded before Flop (didn't bet)
Seat 8: Domi8472 folded on the Flop
Seat 9: VANVIGA (button) folded before Flop (didn't bet)



PokerStars Hand #237345736243:  Hold'em No Limit ($0.01/$0.02 USD) - 2022/07/13 18:28:20 PT [2022/07/13 21:28:20 ET]
Table 'Tinette IV' 9-max Seat #1 is the button
Seat 1: Paluzskeiviz ($1.08 in chips) 
Seat 2: GengivaSangrent ($1.64 in chips) 
Seat 3: jim13my ($1.18 in chips) 
Seat 4: DIEGON26 ($0.60 in chips) 
Seat 5: Alex366296 ($2 in chips) 
Seat 6: INTIMIDATOR69 ($1.05 in chips) 
Seat 7: Dorex2007 ($2.21 in chips) 
Seat 8: Domi8472 ($1.65 in chips) 
Seat 9: VANVIGA ($2.25 in chips) 
GengivaSangrent: posts small blind $0.01
jim13my: posts big blind $0.02
*** HOLE CARDS ***
Dealt to Dorex2007 [Qd 3d]
DIEGON26: raises $0.02 to $0.04
Alex366296: folds 
INTIMIDATOR69: folds 
Dorex2007: folds 
Domi8472: raises $0.02 to $0.06
VANVIGA: folds 
Paluzskeiviz: folds 
GengivaSangrent: folds 
jim13my: raises $1.12 to $1.18 and is all-in
DIEGON26: calls $0.56 and is all-in
Domi8472: folds 
Uncalled bet ($0.58) returned to jim13my
*** FLOP *** [7d 4d 9h]
*** TURN *** [7d 4d 9h] [Ts]
*** RIVER *** [7d 4d 9h Ts] [Jh]
*** SHOW DOWN ***
jim13my: shows [Td Kc] (a pair of Tens)
DIEGON26: shows [Js Kd] (a pair of Jacks)
DIEGON26 cashed out the hand for $0.89 | Cash Out Fee $0.01
*** SUMMARY ***
Total pot $1.27 | Rake $0.04 
Board [7d 4d 9h Ts Jh]
Seat 1: Paluzskeiviz (button) folded before Flop (didn't bet)
Seat 2: GengivaSangrent (small blind) folded before Flop
Seat 3: jim13my (big blind) showed [Td Kc] and lost with a pair of Tens
Seat 4: DIEGON26 showed [Js Kd] and won ($1.23) with a pair of Jacks (pot not awarded as player cashed out)
Seat 5: Alex366296 folded before Flop (didn't bet)
Seat 6: INTIMIDATOR69 folded before Flop (didn't bet)
Seat 7: Dorex2007 folded before Flop (didn't bet)
Seat 8: Domi8472 folded before Flop
Seat 9: VANVIGA folded before Flop (didn't bet)



PokerStars Hand #237345743888:  Hold'em No Limit ($0.01/$0.02 USD) - 2022/07/13 18:28:59 PT [2022/07/13 21:28:59 ET]
Table 'Tinette IV' 9-max Seat #2 is the button
Seat 1: Paluzskeiviz ($1.08 in chips) 
Seat 2: GengivaSangrent ($1.63 in chips) 
Seat 3: jim13my ($0.58 in chips) 
Seat 4: DIEGON26 ($0.89 in chips) 
Seat 5: Alex366296 ($2 in chips) 
Seat 6: INTIMIDATOR69 ($1.05 in chips) 
Seat 7: Dorex2007 ($2.21 in chips) 
Seat 8: Domi8472 ($1.59 in chips) 
Seat 9: VANVIGA ($2.25 in chips) 
jim13my: posts small blind $0.01
DIEGON26: posts big blind $0.02
*** HOLE CARDS ***
Dealt to Dorex2007 [9d 6d]
Alex366296: folds 
INTIMIDATOR69: folds 
Dorex2007: folds 
Domi8472: folds 
VANVIGA: folds 
Paluzskeiviz: raises $0.02 to $0.04
GengivaSangrent: folds 
jim13my: raises $0.54 to $0.58 and is all-in
DIEGON26: folds 
Paluzskeiviz: folds 
Uncalled bet ($0.54) returned to jim13my
jim13my collected $0.10 from pot
*** SUMMARY ***
Total pot $0.10 | Rake $0 
Seat 1: Paluzskeiviz folded before Flop
Seat 2: GengivaSangrent (button) folded before Flop (didn't bet)
Seat 3: jim13my (small blind) collected ($0.10)
Seat 4: DIEGON26 (big blind) folded before Flop
Seat 5: Alex366296 folded before Flop (didn't bet)
Seat 6: INTIMIDATOR69 folded before Flop (didn't bet)
Seat 7: Dorex2007 folded before Flop (didn't bet)
Seat 8: Domi8472 folded before Flop (didn't bet)
Seat 9: VANVIGA folded before Flop (didn't bet)



PokerStars Hand #237345749237:  Hold'em No Limit ($0.01/$0.02 USD) - 2022/07/13 18:29:27 PT [2022/07/13 21:29:27 ET]
Table 'Tinette IV' 9-max Seat #3 is the button
Seat 1: Paluzskeiviz ($1.04 in chips) 
Seat 2: GengivaSangrent ($1.63 in chips) 
Seat 3: jim13my ($0.64 in chips) 
Seat 4: DIEGON26 ($0.87 in chips) 
Seat 5: Alex366296 ($2 in chips) 
Seat 6: INTIMIDATOR69 ($1.05 in chips) 
Seat 7: Dorex2007 ($2.21 in chips) 
Seat 8: Domi8472 ($1.59 in chips) 
Seat 9: VANVIGA ($2.25 in chips) 
DIEGON26: posts small blind $0.01
Alex366296: posts big blind $0.02
*** HOLE CARDS ***
Dealt to Dorex2007 [Jc Jh]
INTIMIDATOR69: folds 
Dorex2007: raises $0.04 to $0.06
Domi8472: calls $0.06
VANVIGA: folds 
Paluzskeiviz: folds 
GengivaSangrent: folds 
jim13my: raises $0.58 to $0.64 and is all-in
DIEGON26: folds 
Alex366296: folds 
Dorex2007: folds 
Domi8472: calls $0.58
*** FLOP *** [Th Ac Qd]
*** TURN *** [Th Ac Qd] [5c]
*** RIVER *** [Th Ac Qd 5c] [5h]
*** SHOW DOWN ***
Domi8472: shows [8s Ad] (two pair, Aces and Fives)
jim13my: shows [9s 8h] (a pair of Fives)
Domi8472 cashed out the hand for $0.91 | Cash Out Fee $0.01
*** SUMMARY ***
Total pot $1.37 | Rake $0.05 
Board [Th Ac Qd 5c 5h]
Seat 1: Paluzskeiviz folded before Flop (didn't bet)
Seat 2: GengivaSangrent folded before Flop (didn't bet)
Seat 3: jim13my (button) showed [9s 8h] and lost with a pair of Fives
Seat 4: DIEGON26 (small blind) folded before Flop
Seat 5: Alex366296 (big blind) folded before Flop
Seat 6: INTIMIDATOR69 folded before Flop (didn't bet)
Seat 7: Dorex2007 folded before Flop
Seat 8: Domi8472 showed [8s Ad] and won ($1.32) with two pair, Aces and Fives (pot not awarded as player cashed out)
Seat 9: VANVIGA folded before Flop (didn't bet)



PokerStars Hand #237345760171:  Hold'em No Limit ($0.01/$0.02 USD) - 2022/07/13 18:30:22 PT [2022/07/13 21:30:22 ET]
Table 'Tinette IV' 9-max Seat #4 is the button
Seat 1: Paluzskeiviz ($1.04 in chips) 
Seat 2: GengivaSangrent ($1.63 in chips) 
Seat 4: DIEGON26 ($0.86 in chips) 
Seat 5: Alex366296 ($2 in chips) 
Seat 6: INTIMIDATOR69 ($1.05 in chips) 
Seat 7: Dorex2007 ($2.15 in chips) 
Seat 8: Domi8472 ($1.86 in chips) 
Seat 9: VANVIGA ($2.25 in chips) 
Alex366296: posts small blind $0.01
INTIMIDATOR69: posts big blind $0.02
*** HOLE CARDS ***
Dealt to Dorex2007 [4c Jh]
jim13my is disconnected 
Dorex2007: folds 
Domi8472: raises $0.02 to $0.04
VANVIGA: folds 
Paluzskeiviz: calls $0.04
GengivaSangrent: folds 
DIEGON26: calls $0.04
Alex366296: folds 
INTIMIDATOR69: folds 
*** FLOP *** [3h 8c 9h]
Domi8472: checks 
Paluzskeiviz: bets $0.06
DIEGON26: calls $0.06
Domi8472: folds 
*** TURN *** [3h 8c 9h] [Ah]
Paluzskeiviz: bets $0.04
DIEGON26: calls $0.04
*** RIVER *** [3h 8c 9h Ah] [Ks]
Paluzskeiviz: checks 
DIEGON26: checks 
*** SHOW DOWN ***
Paluzskeiviz: shows [7s 7d] (a pair of Sevens)
DIEGON26: mucks hand 
Paluzskeiviz collected $0.34 from pot
*** SUMMARY ***
Total pot $0.35 | Rake $0.01 
Board [3h 8c 9h Ah Ks]
Seat 1: Paluzskeiviz showed [7s 7d] and won ($0.34) with a pair of Sevens
Seat 2: GengivaSangrent folded before Flop (didn't bet)
Seat 4: DIEGON26 (button) mucked [Qd Th]
Seat 5: Alex366296 (small blind) folded before Flop
Seat 6: INTIMIDATOR69 (big blind) folded before Flop
Seat 7: Dorex2007 folded before Flop (didn't bet)
Seat 8: Domi8472 folded on the Flop
Seat 9: VANVIGA folded before Flop (didn't bet)



PokerStars Hand #237345771483:  Hold'em No Limit ($0.01/$0.02 USD) - 2022/07/13 18:31:19 PT [2022/07/13 21:31:19 ET]
Table 'Tinette IV' 9-max Seat #5 is the button
Seat 1: Paluzskeiviz ($1.24 in chips) 
Seat 2: GengivaSangrent ($1.63 in chips) 
Seat 4: DIEGON26 ($0.72 in chips) 
Seat 5: Alex366296 ($2 in chips) 
Seat 6: INTIMIDATOR69 ($1.03 in chips) 
Seat 7: Dorex2007 ($2.15 in chips) 
Seat 8: Domi8472 ($1.82 in chips) 
Seat 9: VANVIGA ($2.25 in chips) 
INTIMIDATOR69: posts small blind $0.01
Dorex2007: posts big blind $0.02
*** HOLE CARDS ***
Dealt to Dorex2007 [Jh Qd]
Domi8472: raises $0.02 to $0.04
VANVIGA: calls $0.04
Paluzskeiviz: folds 
GengivaSangrent: folds 
DIEGON26: folds 
Alex366296: calls $0.04
INTIMIDATOR69: calls $0.03
Dorex2007: calls $0.02
*** FLOP *** [4c 6c Th]
INTIMIDATOR69: checks 
Dorex2007: checks 
Domi8472: checks 
VANVIGA: checks 
Alex366296: bets $0.11
INTIMIDATOR69: calls $0.11
Dorex2007: folds 
Domi8472: folds 
VANVIGA: folds 
*** TURN *** [4c 6c Th] [2c]
INTIMIDATOR69: checks 
Alex366296: checks 
*** RIVER *** [4c 6c Th 2c] [5s]
INTIMIDATOR69: checks 
Alex366296: bets $0.45
INTIMIDATOR69: calls $0.45
*** SHOW DOWN ***
Alex366296: shows [Jc Qc] (a flush, Queen high)
INTIMIDATOR69: mucks hand 
Alex366296 collected $1.27 from pot
*** SUMMARY ***
Total pot $1.32 | Rake $0.05 
Board [4c 6c Th 2c 5s]
Seat 1: Paluzskeiviz folded before Flop (didn't bet)
Seat 2: GengivaSangrent folded before Flop (didn't bet)
Seat 4: DIEGON26 folded before Flop (didn't bet)
Seat 5: Alex366296 (button) showed [Jc Qc] and won ($1.27) with a flush, Queen high
Seat 6: INTIMIDATOR69 (small blind) mucked [6s 7h]
Seat 7: Dorex2007 (big blind) folded on the Flop
Seat 8: Domi8472 folded on the Flop
Seat 9: VANVIGA folded on the Flop



PokerStars Hand #237345799054:  Hold'em No Limit ($0.01/$0.02 USD) - 2022/07/13 18:33:11 PT [2022/07/13 21:33:11 ET]
Table 'Tinette IV' 9-max Seat #6 is the button
Seat 1: Paluzskeiviz ($1.24 in chips) 
Seat 2: GengivaSangrent ($1.63 in chips) 
Seat 4: DIEGON26 ($0.72 in chips) 
Seat 5: Alex366296 ($2.67 in chips) 
Seat 6: INTIMIDATOR69 ($1 in chips) 
Seat 7: Dorex2007 ($2.11 in chips) 
Seat 8: Domi8472 ($1.78 in chips) 
Seat 9: VANVIGA ($2.21 in chips) 
Dorex2007: posts small blind $0.01
Domi8472: posts big blind $0.02
*** HOLE CARDS ***
Dealt to Dorex2007 [Jd Ad]
VANVIGA: raises $0.04 to $0.06
Paluzskeiviz: folds 
GengivaSangrent: folds 
DIEGON26: folds 
Alex366296: folds 
INTIMIDATOR69: calls $0.06
Dorex2007: calls $0.05
Domi8472: calls $0.04
*** FLOP *** [Jh 2h Kh]
Dorex2007: checks 
Domi8472: checks 
VANVIGA: checks 
INTIMIDATOR69: checks 
*** TURN *** [Jh 2h Kh] [9d]
Dorex2007: checks 
Domi8472: checks 
VANVIGA: bets $0.11
INTIMIDATOR69: folds 
Dorex2007: folds 
Domi8472: folds 
Uncalled bet ($0.11) returned to VANVIGA
VANVIGA collected $0.23 from pot
*** SUMMARY ***
Total pot $0.24 | Rake $0.01 
Board [Jh 2h Kh 9d]
Seat 1: Paluzskeiviz folded before Flop (didn't bet)
Seat 2: GengivaSangrent folded before Flop (didn't bet)
Seat 4: DIEGON26 folded before Flop (didn't bet)
Seat 5: Alex366296 folded before Flop (didn't bet)
Seat 6: INTIMIDATOR69 (button) folded on the Turn
Seat 7: Dorex2007 (small blind) folded on the Turn
Seat 8: Domi8472 (big blind) folded on the Turn
Seat 9: VANVIGA collected ($0.23)



PokerStars Hand #237345809087:  Hold'em No Limit ($0.01/$0.02 USD) - 2022/07/13 18:34:02 PT [2022/07/13 21:34:02 ET]
Table 'Tinette IV' 9-max Seat #7 is the button
Seat 1: Paluzskeiviz ($1.24 in chips) 
Seat 2: GengivaSangrent ($1.63 in chips) 
Seat 4: DIEGON26 ($0.72 in chips) 
Seat 5: Alex366296 ($2.67 in chips) 
Seat 6: INTIMIDATOR69 ($1 in chips) 
Seat 7: Dorex2007 ($2.05 in chips) 
Seat 8: Domi8472 ($1.72 in chips) 
Seat 9: VANVIGA ($2.38 in chips) 
Domi8472: posts small blind $0.01
VANVIGA: posts big blind $0.02
*** HOLE CARDS ***
Dealt to Dorex2007 [6h 2h]
Paluzskeiviz: folds 
GengivaSangrent: calls $0.02
DIEGON26: folds 
Alex366296: folds 
INTIMIDATOR69: calls $0.02
Dorex2007: folds 
Domi8472: calls $0.01
VANVIGA: checks 
*** FLOP *** [4d 8d 8c]
Domi8472: checks 
VANVIGA: checks 
GengivaSangrent: checks 
INTIMIDATOR69: checks 
*** TURN *** [4d 8d 8c] [Kh]
Domi8472: checks 
VANVIGA: checks 
GengivaSangrent: checks 
INTIMIDATOR69: checks 
*** RIVER *** [4d 8d 8c Kh] [5d]
Domi8472: checks 
VANVIGA: checks 
GengivaSangrent: checks 
INTIMIDATOR69: checks 
*** SHOW DOWN ***
Domi8472: shows [7c 3s] (a pair of Eights)
VANVIGA: shows [Jh 9d] (a pair of Eights - King+Jack kicker)
GengivaSangrent: shows [Qc As] (a pair of Eights - Ace kicker)
INTIMIDATOR69: mucks hand 
GengivaSangrent collected $0.08 from pot
*** SUMMARY ***
Total pot $0.08 | Rake $0 
Board [4d 8d 8c Kh 5d]
Seat 1: Paluzskeiviz folded before Flop (didn't bet)
Seat 2: GengivaSangrent showed [Qc As] and won ($0.08) with a pair of Eights
Seat 4: DIEGON26 folded before Flop (didn't bet)
Seat 5: Alex366296 folded before Flop (didn't bet)
Seat 6: INTIMIDATOR69 mucked [Qh Ts]
Seat 7: Dorex2007 (button) folded before Flop (didn't bet)
Seat 8: Domi8472 (small blind) showed [7c 3s] and lost with a pair of Eights
Seat 9: VANVIGA (big blind) showed [Jh 9d] and lost with a pair of Eights



PokerStars Hand #237345818264:  Hold'em No Limit ($0.01/$0.02 USD) - 2022/07/13 18:34:49 PT [2022/07/13 21:34:49 ET]
Table 'Tinette IV' 9-max Seat #8 is the button
Seat 1: Paluzskeiviz ($1.24 in chips) 
Seat 2: GengivaSangrent ($1.69 in chips) 
Seat 4: DIEGON26 ($0.72 in chips) 
Seat 5: Alex366296 ($2.67 in chips) 
Seat 6: INTIMIDATOR69 ($1 in chips) 
Seat 7: Dorex2007 ($2.05 in chips) 
Seat 8: Domi8472 ($1.70 in chips) 
Seat 9: VANVIGA ($2.36 in chips) 
VANVIGA: posts small blind $0.01
Paluzskeiviz: posts big blind $0.02
*** HOLE CARDS ***
Dealt to Dorex2007 [Qh 6c]
GengivaSangrent: folds 
DIEGON26: folds 
Alex366296: folds 
INTIMIDATOR69: folds 
Dorex2007: folds 
Domi8472: folds 
VANVIGA: calls $0.01
Paluzskeiviz: checks 
*** FLOP *** [4d Qd Jd]
VANVIGA: checks 
Paluzskeiviz: bets $0.02
VANVIGA: folds 
Uncalled bet ($0.02) returned to Paluzskeiviz
Paluzskeiviz collected $0.04 from pot
*** SUMMARY ***
Total pot $0.04 | Rake $0 
Board [4d Qd Jd]
Seat 1: Paluzskeiviz (big blind) collected ($0.04)
Seat 2: GengivaSangrent folded before Flop (didn't bet)
Seat 4: DIEGON26 folded before Flop (didn't bet)
Seat 5: Alex366296 folded before Flop (didn't bet)
Seat 6: INTIMIDATOR69 folded before Flop (didn't bet)
Seat 7: Dorex2007 folded before Flop (didn't bet)
Seat 8: Domi8472 (button) folded before Flop (didn't bet)
Seat 9: VANVIGA (small blind) folded on the Flop



PokerStars Hand #237345824324:  Hold'em No Limit ($0.01/$0.02 USD) - 2022/07/13 18:35:19 PT [2022/07/13 21:35:19 ET]
Table 'Tinette IV' 9-max Seat #9 is the button
Seat 1: Paluzskeiviz ($1.26 in chips) 
Seat 2: GengivaSangrent ($1.69 in chips) 
Seat 4: DIEGON26 ($0.72 in chips) 
Seat 5: Alex366296 ($2.67 in chips) 
Seat 6: INTIMIDATOR69 ($1 in chips) 
Seat 7: Dorex2007 ($2.05 in chips) 
Seat 8: Domi8472 ($1.70 in chips) 
Seat 9: VANVIGA ($2.34 in chips) 
Paluzskeiviz: posts small blind $0.01
GengivaSangrent: posts big blind $0.02
*** HOLE CARDS ***
Dealt to Dorex2007 [5c Js]
DIEGON26 has timed out
DIEGON26: folds 
Alex366296: folds 
INTIMIDATOR69: folds 
Dorex2007: folds 
Domi8472: folds 
VANVIGA: folds 
Paluzskeiviz: folds 
Uncalled bet ($0.01) returned to GengivaSangrent
GengivaSangrent collected $0.02 from pot
*** SUMMARY ***
Total pot $0.02 | Rake $0 
Seat 1: Paluzskeiviz (small blind) folded before Flop
Seat 2: GengivaSangrent (big blind) collected ($0.02)
Seat 4: DIEGON26 folded before Flop (didn't bet)
Seat 5: Alex366296 folded before Flop (didn't bet)
Seat 6: INTIMIDATOR69 folded before Flop (didn't bet)
Seat 7: Dorex2007 folded before Flop (didn't bet)
Seat 8: Domi8472 folded before Flop (didn't bet)
Seat 9: VANVIGA (button) folded before Flop (didn't bet)



PokerStars Hand #237345827646:  Hold'em No Limit ($0.01/$0.02 USD) - 2022/07/13 18:35:36 PT [2022/07/13 21:35:36 ET]
Table 'Tinette IV' 9-max Seat #1 is the button
Seat 1: Paluzskeiviz ($1.25 in chips) 
Seat 2: GengivaSangrent ($1.70 in chips) 
Seat 4: DIEGON26 ($0.72 in chips) 
Seat 5: Alex366296 ($2.67 in chips) 
Seat 6: INTIMIDATOR69 ($1 in chips) 
Seat 7: Dorex2007 ($2.05 in chips) 
Seat 8: Domi8472 ($1.70 in chips) 
Seat 9: VANVIGA ($2.34 in chips) 
GengivaSangrent: posts small blind $0.01
DIEGON26: posts big blind $0.02
*** HOLE CARDS ***
Dealt to Dorex2007 [Td Ah]
Alex366296: folds 
INTIMIDATOR69: folds 
Dorex2007: calls $0.02
Domi8472: calls $0.02
VANVIGA: folds 
Paluzskeiviz: calls $0.02
GengivaSangrent: raises $0.10 to $0.12
DIEGON26: folds 
Dorex2007: folds 
Domi8472: folds 
Paluzskeiviz: folds 
Uncalled bet ($0.10) returned to GengivaSangrent
GengivaSangrent collected $0.10 from pot
*** SUMMARY ***
Total pot $0.10 | Rake $0 
Seat 1: Paluzskeiviz (button) folded before Flop
Seat 2: GengivaSangrent (small blind) collected ($0.10)
Seat 4: DIEGON26 (big blind) folded before Flop
Seat 5: Alex366296 folded before Flop (didn't bet)
Seat 6: INTIMIDATOR69 folded before Flop (didn't bet)
Seat 7: Dorex2007 folded before Flop
Seat 8: Domi8472 folded before Flop
Seat 9: VANVIGA folded before Flop (didn't bet)



PokerStars Hand #237345832763:  Hold'em No Limit ($0.01/$0.02 USD) - 2022/07/13 18:36:01 PT [2022/07/13 21:36:01 ET]
Table 'Tinette IV' 9-max Seat #2 is the button
Seat 1: Paluzskeiviz ($1.23 in chips) 
Seat 2: GengivaSangrent ($1.78 in chips) 
Seat 4: DIEGON26 ($0.70 in chips) 
Seat 6: INTIMIDATOR69 ($1 in chips) 
Seat 7: Dorex2007 ($2.03 in chips) 
Seat 8: Domi8472 ($1.68 in chips) 
Seat 9: VANVIGA ($2.34 in chips) 
DIEGON26: posts small blind $0.01
Alex366296: is sitting out 
Alex366296 leaves the table
INTIMIDATOR69: posts big blind $0.02
*** HOLE CARDS ***
Dealt to Dorex2007 [2d 5h]
Dorex2007: folds 
Domi8472: raises $0.02 to $0.04
VANVIGA: raises $0.08 to $0.12
Paluzskeiviz: folds 
GengivaSangrent: folds 
Paluzskeiviz leaves the table
DIEGON26: folds 
INTIMIDATOR69: folds 
Domi8472: calls $0.08
*** FLOP *** [4d 5d 5c]
Domi8472: bets $0.08
capi1093 joins the table at seat #5 
Dr. JMFL joins the table at seat #1 
VANVIGA: raises $0.12 to $0.20
Domi8472: folds 
Uncalled bet ($0.12) returned to VANVIGA
VANVIGA collected $0.41 from pot
*** SUMMARY ***
Total pot $0.43 | Rake $0.02 
Board [4d 5d 5c]
Seat 1: Paluzskeiviz folded before Flop (didn't bet)
Seat 2: GengivaSangrent (button) folded before Flop (didn't bet)
Seat 4: DIEGON26 (small blind) folded before Flop
Seat 6: INTIMIDATOR69 (big blind) folded before Flop
Seat 7: Dorex2007 folded before Flop (didn't bet)
Seat 8: Domi8472 folded on the Flop
Seat 9: VANVIGA collected ($0.41)



PokerStars Hand #237345843159:  Hold'em No Limit ($0.01/$0.02 USD) - 2022/07/13 18:36:53 PT [2022/07/13 21:36:53 ET]
Table 'Tinette IV' 9-max Seat #4 is the button
Seat 2: GengivaSangrent ($1.78 in chips) 
Seat 4: DIEGON26 ($0.69 in chips) 
Seat 6: INTIMIDATOR69 ($1 in chips) 
Seat 7: Dorex2007 ($2.03 in chips) 
Seat 8: Domi8472 ($1.48 in chips) 
Seat 9: VANVIGA ($2.55 in chips) 
INTIMIDATOR69: posts small blind $0.01
Dorex2007: posts big blind $0.02
Dr. JMFL: sits out 
*** HOLE CARDS ***
Dealt to Dorex2007 [Kc 4h]
Domi8472: folds 
VANVIGA: folds 
GengivaSangrent: folds 
DIEGON26: folds 
INTIMIDATOR69: folds 
Uncalled bet ($0.01) returned to Dorex2007
Dorex2007 collected $0.02 from pot
*** SUMMARY ***
Total pot $0.02 | Rake $0 
Seat 2: GengivaSangrent folded before Flop (didn't bet)
Seat 4: DIEGON26 (button) folded before Flop (didn't bet)
Seat 6: INTIMIDATOR69 (small blind) folded before Flop
Seat 7: Dorex2007 (big blind) collected ($0.02)
Seat 8: Domi8472 folded before Flop (didn't bet)
Seat 9: VANVIGA folded before Flop (didn't bet)



PokerStars Hand #237345844996:  Hold'em No Limit ($0.01/$0.02 USD) - 2022/07/13 18:37:02 PT [2022/07/13 21:37:02 ET]
Table 'Tinette IV' 9-max Seat #6 is the button
Seat 2: GengivaSangrent ($1.78 in chips) 
Seat 4: DIEGON26 ($0.69 in chips) 
Seat 6: INTIMIDATOR69 ($1 in chips) 
Seat 7: Dorex2007 ($2.04 in chips) 
Seat 8: Domi8472 ($1.48 in chips) 
Seat 9: VANVIGA ($2.55 in chips) 
Dorex2007: posts small blind $0.01
Domi8472: posts big blind $0.02
Dr. JMFL: sits out 
capi1093: sits out 
*** HOLE CARDS ***
Dealt to Dorex2007 [6c 5s]
VANVIGA: folds 
GengivaSangrent: folds 
DIEGON26: calls $0.02
INTIMIDATOR69: folds 
Dorex2007: folds 
Domi8472: checks 
*** FLOP *** [9d Ts 4c]
Domi8472: checks 
DIEGON26: checks 
*** TURN *** [9d Ts 4c] [Qd]
Domi8472: checks 
DIEGON26: checks 
*** RIVER *** [9d Ts 4c Qd] [Th]
Domi8472: checks 
DIEGON26: checks 
*** SHOW DOWN ***
Domi8472: shows [8s 5c] (a pair of Tens)
DIEGON26: shows [Ah 2h] (a pair of Tens - Ace kicker)
DIEGON26 collected $0.05 from pot
*** SUMMARY ***
Total pot $0.05 | Rake $0 
Board [9d Ts 4c Qd Th]
Seat 2: GengivaSangrent folded before Flop (didn't bet)
Seat 4: DIEGON26 showed [Ah 2h] and won ($0.05) with a pair of Tens
Seat 6: INTIMIDATOR69 (button) folded before Flop (didn't bet)
Seat 7: Dorex2007 (small blind) folded before Flop
Seat 8: Domi8472 (big blind) showed [8s 5c] and lost with a pair of Tens
Seat 9: VANVIGA folded before Flop (didn't bet)



PokerStars Hand #237345851889:  Hold'em No Limit ($0.01/$0.02 USD) - 2022/07/13 18:37:37 PT [2022/07/13 21:37:37 ET]
Table 'Tinette IV' 9-max Seat #7 is the button
Seat 1: Dr. JMFL ($1.60 in chips) 
Seat 2: GengivaSangrent ($1.78 in chips) 
Seat 4: DIEGON26 ($0.72 in chips) 
Seat 6: INTIMIDATOR69 ($1 in chips) 
Seat 7: Dorex2007 ($2.03 in chips) 
Seat 8: Domi8472 ($1.46 in chips) 
Seat 9: VANVIGA ($2.55 in chips) 
Domi8472: posts small blind $0.01
VANVIGA: posts big blind $0.02
Dr. JMFL: posts big blind $0.02
capi1093: sits out 
*** HOLE CARDS ***
Dealt to Dorex2007 [3d 5h]
Dr. JMFL: checks 
GengivaSangrent: folds 
DIEGON26: folds 
INTIMIDATOR69: calls $0.02
Dorex2007: folds 
Domi8472: calls $0.01
VANVIGA: checks 
*** FLOP *** [Kd 8h Th]
Domi8472: checks 
VANVIGA: checks 
Dr. JMFL: checks 
INTIMIDATOR69: checks 
*** TURN *** [Kd 8h Th] [9s]
Domi8472: bets $0.04
VANVIGA: folds 
Dr. JMFL: folds 
INTIMIDATOR69: raises $0.24 to $0.28
Domi8472: folds 
Uncalled bet ($0.24) returned to INTIMIDATOR69
INTIMIDATOR69 collected $0.15 from pot
*** SUMMARY ***
Total pot $0.16 | Rake $0.01 
Board [Kd 8h Th 9s]
Seat 1: Dr. JMFL folded on the Turn (didn't bet)
Seat 2: GengivaSangrent folded before Flop (didn't bet)
Seat 4: DIEGON26 folded before Flop (didn't bet)
Seat 6: INTIMIDATOR69 collected ($0.15)
Seat 7: Dorex2007 (button) folded before Flop (didn't bet)
Seat 8: Domi8472 (small blind) folded on the Turn
Seat 9: VANVIGA (big blind) folded on the Turn



PokerStars Hand #237345864880:  Hold'em No Limit ($0.01/$0.02 USD) - 2022/07/13 18:38:42 PT [2022/07/13 21:38:42 ET]
Table 'Tinette IV' 9-max Seat #8 is the button
Seat 1: Dr. JMFL ($1.58 in chips) 
Seat 2: GengivaSangrent ($1.78 in chips) 
Seat 4: DIEGON26 ($0.72 in chips) 
Seat 6: INTIMIDATOR69 ($1.09 in chips) 
Seat 7: Dorex2007 ($2.03 in chips) 
Seat 8: Domi8472 ($1.40 in chips) 
Seat 9: VANVIGA ($2.53 in chips) 
VANVIGA: posts small blind $0.01
Dr. JMFL: posts big blind $0.02
capi1093: sits out 
*** HOLE CARDS ***
Dealt to Dorex2007 [Qs Ks]
GengivaSangrent: calls $0.02
DIEGON26: calls $0.02
INTIMIDATOR69: folds 
Dorex2007: raises $0.06 to $0.08
Domi8472: calls $0.08
VANVIGA: calls $0.07
Dr. JMFL: folds 
GengivaSangrent: calls $0.06
DIEGON26: calls $0.06
*** FLOP *** [5s Td 6d]
VANVIGA: checks 
GengivaSangrent: bets $1.70 and is all-in
DIEGON26: calls $0.64 and is all-in
Dorex2007: folds 
Domi8472: calls $1.32 and is all-in
VANVIGA: folds 
Uncalled bet ($0.38) returned to GengivaSangrent
*** TURN *** [5s Td 6d] [7h]
*** RIVER *** [5s Td 6d 7h] [Qh]
*** SHOW DOWN ***
GengivaSangrent: shows [Kc Ts] (a pair of Tens)
Domi8472: shows [4s 7s] (a pair of Sevens)
GengivaSangrent collected $1.31 from side pot
DIEGON26: shows [Kd 9d] (high card King)
GengivaSangrent collected $2.26 from main pot
DIEGON26 cashed out the hand for $0.87 | Cash Out Fee $0.01
*** SUMMARY ***
Total pot $3.70 Main pot $2.26. Side pot $1.31. | Rake $0.13 
Board [5s Td 6d 7h Qh]
Seat 1: Dr. JMFL (big blind) folded before Flop
Seat 2: GengivaSangrent showed [Kc Ts] and won ($3.57) with a pair of Tens
Seat 4: DIEGON26 showed [Kd 9d] and lost with high card King (cashed out).
Seat 6: INTIMIDATOR69 folded before Flop (didn't bet)
Seat 7: Dorex2007 folded on the Flop
Seat 8: Domi8472 (button) showed [4s 7s] and lost with a pair of Sevens
Seat 9: VANVIGA (small blind) folded on the Flop



PokerStars Hand #237345885200:  Hold'em No Limit ($0.01/$0.02 USD) - 2022/07/13 18:40:24 PT [2022/07/13 21:40:24 ET]
Table 'Tinette IV' 9-max Seat #9 is the button
Seat 1: Dr. JMFL ($1.56 in chips) 
Seat 2: GengivaSangrent ($3.95 in chips) 
Seat 4: DIEGON26 ($0.87 in chips) 
Seat 5: capi1093 ($2 in chips) 
Seat 6: INTIMIDATOR69 ($1.09 in chips) 
Seat 7: Dorex2007 ($2 in chips) 
Seat 9: VANVIGA ($2.45 in chips) 
Dr. JMFL: posts small blind $0.01
jim13my leaves the table
GengivaSangrent: posts big blind $0.02
capi1093: posts big blind $0.02
*** HOLE CARDS ***
Dealt to Dorex2007 [2s 8s]
DIEGON26: calls $0.02
capi1093: checks 
INTIMIDATOR69: folds 
Dorex2007: folds 
VANVIGA: folds 
cracker360 joins the table at seat #3 
Dr. JMFL: calls $0.01
GengivaSangrent: checks 
*** FLOP *** [Kc As 2d]
Dr. JMFL: checks 
GengivaSangrent: checks 
DIEGON26: bets $0.06
capi1093: folds 
Dr. JMFL: folds 
GengivaSangrent: folds 
Uncalled bet ($0.06) returned to DIEGON26
DIEGON26 collected $0.08 from pot
*** SUMMARY ***
Total pot $0.08 | Rake $0 
Board [Kc As 2d]
Seat 1: Dr. JMFL (small blind) folded on the Flop
Seat 2: GengivaSangrent (big blind) folded on the Flop
Seat 4: DIEGON26 collected ($0.08)
Seat 5: capi1093 folded on the Flop (didn't bet)
Seat 6: INTIMIDATOR69 folded before Flop (didn't bet)
Seat 7: Dorex2007 folded before Flop (didn't bet)
Seat 9: VANVIGA (button) folded before Flop (didn't bet)



PokerStars Hand #237345894730:  Hold'em No Limit ($0.01/$0.02 USD) - 2022/07/13 18:41:12 PT [2022/07/13 21:41:12 ET]
Table 'Tinette IV' 9-max Seat #1 is the button
Seat 1: Dr. JMFL ($1.54 in chips) 
Seat 2: GengivaSangrent ($3.93 in chips) 
Seat 3: cracker360 ($2 in chips) 
Seat 4: DIEGON26 ($0.93 in chips) 
Seat 5: capi1093 ($1.98 in chips) 
Seat 6: INTIMIDATOR69 ($1.09 in chips) 
Seat 7: Dorex2007 ($2 in chips) 
Seat 8: Domi8472 ($2 in chips) 
Seat 9: VANVIGA ($2.45 in chips) 
GengivaSangrent: posts small blind $0.01
cracker360: posts big blind $0.02
*** HOLE CARDS ***
Dealt to Dorex2007 [2h 5h]
DIEGON26: folds 
capi1093: folds 
INTIMIDATOR69: folds 
Dorex2007: folds 
Domi8472: folds 
VANVIGA: folds 
Dr. JMFL: calls $0.02
GengivaSangrent: folds 
cracker360: checks 
*** FLOP *** [5s 8h As]
GengivaSangrent leaves the table
cracker360: checks 
Dr. JMFL: checks 
*** TURN *** [5s 8h As] [Ah]
cracker360: checks 
Dr. JMFL: checks 
*** RIVER *** [5s 8h As Ah] [7s]
cracker360: checks 
Om@rx7 joins the table at seat #2 
Dr. JMFL: checks 
*** SHOW DOWN ***
cracker360: shows [9d 4h] (a pair of Aces)
Dr. JMFL: shows [Th Kc] (a pair of Aces - King kicker)
Dr. JMFL collected $0.05 from pot
*** SUMMARY ***
Total pot $0.05 | Rake $0 
Board [5s 8h As Ah 7s]
Seat 1: Dr. JMFL (button) showed [Th Kc] and won ($0.05) with a pair of Aces
Seat 2: GengivaSangrent (small blind) folded before Flop
Seat 3: cracker360 (big blind) showed [9d 4h] and lost with a pair of Aces
Seat 4: DIEGON26 folded before Flop (didn't bet)
Seat 5: capi1093 folded before Flop (didn't bet)
Seat 6: INTIMIDATOR69 folded before Flop (didn't bet)
Seat 7: Dorex2007 folded before Flop (didn't bet)
Seat 8: Domi8472 folded before Flop (didn't bet)
Seat 9: VANVIGA folded before Flop (didn't bet)



PokerStars Hand #237345909435:  Hold'em No Limit ($0.01/$0.02 USD) - 2022/07/13 18:42:06 PT [2022/07/13 21:42:06 ET]
Table 'Tinette IV' 9-max Seat #3 is the button
Seat 1: Dr. JMFL ($1.57 in chips) 
Seat 3: cracker360 ($1.98 in chips) 
Seat 4: DIEGON26 ($0.93 in chips) 
Seat 5: capi1093 ($1.98 in chips) 
Seat 6: INTIMIDATOR69 ($1.09 in chips) 
Seat 7: Dorex2007 ($2 in chips) 
Seat 8: Domi8472 ($2 in chips) 
Seat 9: VANVIGA ($2.45 in chips) 
DIEGON26: posts small blind $0.01
capi1093: posts big blind $0.02
Om@rx7: sits out 
*** HOLE CARDS ***
Dealt to Dorex2007 [2c As]
INTIMIDATOR69: folds 
Dorex2007: folds 
Domi8472: folds 
VANVIGA: folds 
Dr. JMFL: folds 
cracker360: raises $0.02 to $0.04
DIEGON26: folds 
capi1093: calls $0.02
*** FLOP *** [2h 7d Qc]
capi1093: checks 
cracker360: checks 
*** TURN *** [2h 7d Qc] [Qs]
capi1093: bets $0.03
cracker360: calls $0.03
*** RIVER *** [2h 7d Qc Qs] [5s]
capi1093: checks 
cracker360: checks 
*** SHOW DOWN ***
capi1093: shows [5d 6h] (two pair, Queens and Fives)
cracker360: mucks hand 
capi1093 collected $0.14 from pot
*** SUMMARY ***
Total pot $0.15 | Rake $0.01 
Board [2h 7d Qc Qs 5s]
Seat 1: Dr. JMFL folded before Flop (didn't bet)
Seat 3: cracker360 (button) mucked [Jd Ac]
Seat 4: DIEGON26 (small blind) folded before Flop
Seat 5: capi1093 (big blind) showed [5d 6h] and won ($0.14) with two pair, Queens and Fives
Seat 6: INTIMIDATOR69 folded before Flop (didn't bet)
Seat 7: Dorex2007 folded before Flop (didn't bet)
Seat 8: Domi8472 folded before Flop (didn't bet)
Seat 9: VANVIGA folded before Flop (didn't bet)



PokerStars Hand #237345927888:  Hold'em No Limit ($0.01/$0.02 USD) - 2022/07/13 18:42:50 PT [2022/07/13 21:42:50 ET]
Table 'Tinette IV' 9-max Seat #4 is the button
Seat 1: Dr. JMFL ($1.57 in chips) 
Seat 3: cracker360 ($1.91 in chips) 
Seat 4: DIEGON26 ($0.92 in chips) 
Seat 5: capi1093 ($2.05 in chips) 
Seat 6: INTIMIDATOR69 ($1.09 in chips) 
Seat 7: Dorex2007 ($2 in chips) 
Seat 8: Domi8472 ($2 in chips) 
Seat 9: VANVIGA ($2.45 in chips) 
capi1093: posts small blind $0.01
INTIMIDATOR69: posts big blind $0.02
Om@rx7: sits out 
*** HOLE CARDS ***
Dealt to Dorex2007 [6c 5h]
Dorex2007: folds 
Domi8472: raises $0.02 to $0.04
VANVIGA: folds 
Dr. JMFL: folds 
cracker360: calls $0.04
DIEGON26: folds 
capi1093: raises $0.26 to $0.30
INTIMIDATOR69: calls $0.28
Domi8472: folds 
cracker360: calls $0.26
*** FLOP *** [8s 3d Ts]
capi1093: bets $0.50
INTIMIDATOR69: raises $0.29 to $0.79 and is all-in
cracker360: raises $0.50 to $1.29
capi1093: raises $0.46 to $1.75 and is all-in
cracker360: calls $0.32 and is all-in
Uncalled bet ($0.14) returned to capi1093
*** TURN *** [8s 3d Ts] [5d]
*** RIVER *** [8s 3d Ts 5d] [4c]
*** SHOW DOWN ***
capi1093: shows [Qc Qh] (a pair of Queens)
cracker360: shows [5s 6s] (a pair of Fives)
capi1093 collected $1.59 from side pot
INTIMIDATOR69: shows [Jd Jc] (a pair of Jacks)
capi1093 collected $3.19 from main pot
*** SUMMARY ***
Total pot $4.95 Main pot $3.19. Side pot $1.59. | Rake $0.17 
Board [8s 3d Ts 5d 4c]
Seat 1: Dr. JMFL folded before Flop (didn't bet)
Seat 3: cracker360 showed [5s 6s] and lost with a pair of Fives
Seat 4: DIEGON26 (button) folded before Flop (didn't bet)
Seat 5: capi1093 (small blind) showed [Qc Qh] and won ($4.78) with a pair of Queens
Seat 6: INTIMIDATOR69 (big blind) showed [Jd Jc] and lost with a pair of Jacks
Seat 7: Dorex2007 folded before Flop (didn't bet)
Seat 8: Domi8472 folded before Flop
Seat 9: VANVIGA folded before Flop (didn't bet)



PokerStars Hand #237345939985:  Hold'em No Limit ($0.01/$0.02 USD) - 2022/07/13 18:43:51 PT [2022/07/13 21:43:51 ET]
Table 'Tinette IV' 9-max Seat #5 is the button
Seat 1: Dr. JMFL ($1.57 in chips) 
Seat 2: Om@rx7 ($2 in chips) 
Seat 4: DIEGON26 ($0.92 in chips) 
Seat 5: capi1093 ($4.92 in chips) 
Seat 6: INTIMIDATOR69 ($1 in chips) 
Seat 7: Dorex2007 ($2 in chips) 
Seat 8: Domi8472 ($1.96 in chips) 
Seat 9: VANVIGA ($2.45 in chips) 
INTIMIDATOR69: posts small blind $0.01
Dorex2007: posts big blind $0.02
Om@rx7: posts big blind $0.02
*** HOLE CARDS ***
Dealt to Dorex2007 [Qd 2h]
Domi8472: folds 
VANVIGA: folds 
Dr. JMFL: folds 
Om@rx7: checks 
DIEGON26: calls $0.02
capi1093: folds 
INTIMIDATOR69: calls $0.01
Dorex2007: checks 
*** FLOP *** [6h 8s 8h]
INTIMIDATOR69: checks 
Dorex2007: checks 
Om@rx7: checks 
DIEGON26: checks 
*** TURN *** [6h 8s 8h] [4d]
INTIMIDATOR69: checks 
Dorex2007: checks 
Om@rx7: checks 
DIEGON26: checks 
*** RIVER *** [6h 8s 8h 4d] [3s]
INTIMIDATOR69: checks 
Dorex2007: checks 
Om@rx7: checks 
DIEGON26: checks 
*** SHOW DOWN ***
INTIMIDATOR69: shows [5c Qc] (a pair of Eights)
Dorex2007: mucks hand 
Om@rx7: mucks hand 
DIEGON26: shows [Ah 5h] (a pair of Eights - Ace kicker)
DIEGON26 collected $0.08 from pot
*** SUMMARY ***
Total pot $0.08 | Rake $0 
Board [6h 8s 8h 4d 3s]
Seat 1: Dr. JMFL folded before Flop (didn't bet)
Seat 2: Om@rx7 mucked [Tc 7c]
Seat 4: DIEGON26 showed [Ah 5h] and won ($0.08) with a pair of Eights
Seat 5: capi1093 (button) folded before Flop (didn't bet)
Seat 6: INTIMIDATOR69 (small blind) showed [5c Qc] and lost with a pair of Eights
Seat 7: Dorex2007 (big blind) mucked [Qd 2h]
Seat 8: Domi8472 folded before Flop (didn't bet)
Seat 9: VANVIGA folded before Flop (didn't bet)



PokerStars Hand #237345953670:  Hold'em No Limit ($0.01/$0.02 USD) - 2022/07/13 18:44:59 PT [2022/07/13 21:44:59 ET]
Table 'Tinette IV' 9-max Seat #6 is the button
Seat 1: Dr. JMFL ($1.57 in chips) 
Seat 2: Om@rx7 ($2 in chips) 
Seat 4: DIEGON26 ($0.98 in chips) 
Seat 5: capi1093 ($4.92 in chips) 
Seat 6: INTIMIDATOR69 ($1 in chips) 
Seat 7: Dorex2007 ($2 in chips) 
Seat 8: Domi8472 ($1.96 in chips) 
Seat 9: VANVIGA ($2.45 in chips) 
Dorex2007: posts small blind $0.01
Domi8472: posts big blind $0.02
*** HOLE CARDS ***
Dealt to Dorex2007 [6d 8h]
VANVIGA: folds 
Dr. JMFL: folds 
Om@rx7: folds 
DIEGON26: calls $0.02
capi1093 has timed out
capi1093: folds 
INTIMIDATOR69: folds 
Dorex2007: folds 
Domi8472: checks 
*** FLOP *** [Kh 7h Qc]
Domi8472: checks 
DIEGON26: bets $0.04
Domi8472: folds 
Uncalled bet ($0.04) returned to DIEGON26
DIEGON26 collected $0.05 from pot
*** SUMMARY ***
Total pot $0.05 | Rake $0 
Board [Kh 7h Qc]
Seat 1: Dr. JMFL folded before Flop (didn't bet)
Seat 2: Om@rx7 folded before Flop (didn't bet)
Seat 4: DIEGON26 collected ($0.05)
Seat 5: capi1093 folded before Flop (didn't bet)
Seat 6: INTIMIDATOR69 (button) folded before Flop (didn't bet)
Seat 7: Dorex2007 (small blind) folded before Flop
Seat 8: Domi8472 (big blind) folded on the Flop
Seat 9: VANVIGA folded before Flop (didn't bet)



PokerStars Hand #237345964185:  Hold'em No Limit ($0.01/$0.02 USD) - 2022/07/13 18:45:53 PT [2022/07/13 21:45:53 ET]
Table 'Tinette IV' 9-max Seat #7 is the button
Seat 1: Dr. JMFL ($1.57 in chips) 
Seat 2: Om@rx7 ($2 in chips) 
Seat 4: DIEGON26 ($1.01 in chips) 
Seat 6: INTIMIDATOR69 ($1 in chips) 
Seat 7: Dorex2007 ($2 in chips) 
Seat 8: Domi8472 ($1.94 in chips) 
Seat 9: VANVIGA ($2.45 in chips) 
Domi8472: posts small blind $0.01
VANVIGA: posts big blind $0.02
*** HOLE CARDS ***
Dealt to Dorex2007 [7c 2s]
Dr. JMFL has timed out
Dr. JMFL: folds 
Om@rx7: folds 
DIEGON26: folds 
INTIMIDATOR69: folds 
Dorex2007: folds 
Domi8472: calls $0.01
VANVIGA: raises $0.06 to $0.08
Domi8472: folds 
Uncalled bet ($0.06) returned to VANVIGA
VANVIGA collected $0.04 from pot
*** SUMMARY ***
Total pot $0.04 | Rake $0 
Seat 1: Dr. JMFL folded before Flop (didn't bet)
Seat 2: Om@rx7 folded before Flop (didn't bet)
Seat 4: DIEGON26 folded before Flop (didn't bet)
Seat 6: INTIMIDATOR69 folded before Flop (didn't bet)
Seat 7: Dorex2007 (button) folded before Flop (didn't bet)
Seat 8: Domi8472 (small blind) folded before Flop
Seat 9: VANVIGA (big blind) collected ($0.04)



PokerStars Hand #237345969543:  Hold'em No Limit ($0.01/$0.02 USD) - 2022/07/13 18:46:20 PT [2022/07/13 21:46:20 ET]
Table 'Tinette IV' 9-max Seat #8 is the button
Seat 1: Dr. JMFL ($1.57 in chips) 
Seat 2: Om@rx7 ($2 in chips) 
Seat 4: DIEGON26 ($1.01 in chips) 
Seat 6: INTIMIDATOR69 ($1 in chips) 
Seat 7: Dorex2007 ($2 in chips) 
Seat 8: Domi8472 ($1.92 in chips) 
Seat 9: VANVIGA ($2.47 in chips) 
VANVIGA: posts small blind $0.01
Dr. JMFL: posts big blind $0.02
*** HOLE CARDS ***
Dealt to Dorex2007 [7s Qd]
Om@rx7: folds 
DIEGON26: calls $0.02
INTIMIDATOR69: folds 
Dorex2007: folds 
Domi8472: raises $0.04 to $0.06
VANVIGA: folds 
Dr. JMFL: folds 
DIEGON26: calls $0.04
*** FLOP *** [4h 3s Jh]
DIEGON26: checks 
Domi8472: bets $0.05
DIEGON26: calls $0.05
*** TURN *** [4h 3s Jh] [6s]
DIEGON26: checks 
Domi8472: bets $0.08
DIEGON26: calls $0.08
*** RIVER *** [4h 3s Jh 6s] [3c]
DIEGON26: checks 
Domi8472: bets $0.14
DIEGON26: folds 
Uncalled bet ($0.14) returned to Domi8472
Domi8472 collected $0.40 from pot
*** SUMMARY ***
Total pot $0.41 | Rake $0.01 
Board [4h 3s Jh 6s 3c]
Seat 1: Dr. JMFL (big blind) folded before Flop
Seat 2: Om@rx7 folded before Flop (didn't bet)
Seat 4: DIEGON26 folded on the River
Seat 6: INTIMIDATOR69 folded before Flop (didn't bet)
Seat 7: Dorex2007 folded before Flop (didn't bet)
Seat 8: Domi8472 (button) collected ($0.40)
Seat 9: VANVIGA (small blind) folded before Flop



PokerStars Hand #237345983481:  Hold'em No Limit ($0.01/$0.02 USD) - 2022/07/13 18:47:18 PT [2022/07/13 21:47:18 ET]
Table 'Tinette IV' 9-max Seat #9 is the button
Seat 1: Dr. JMFL ($1.55 in chips) 
Seat 2: Om@rx7 ($2 in chips) 
Seat 4: DIEGON26 ($0.82 in chips) 
Seat 6: INTIMIDATOR69 ($1 in chips) 
Seat 7: Dorex2007 ($2 in chips) 
Seat 8: Domi8472 ($2.13 in chips) 
Seat 9: VANVIGA ($2.46 in chips) 
Dr. JMFL: posts small blind $0.01
Om@rx7: posts big blind $0.02
*** HOLE CARDS ***
Dealt to Dorex2007 [3h 6c]
DIEGON26: folds 
INTIMIDATOR69: calls $0.02
Dorex2007: folds 
Domi8472: folds 
VANVIGA: folds 
Dr. JMFL: calls $0.01
Om@rx7: checks 
*** FLOP *** [7s 5c 7c]
Dr. JMFL: checks 
Om@rx7: checks 
INTIMIDATOR69: checks 
*** TURN *** [7s 5c 7c] [9d]
Dr. JMFL: checks 
Om@rx7: bets $0.03
INTIMIDATOR69: folds 
Dr. JMFL: folds 
Uncalled bet ($0.03) returned to Om@rx7
Om@rx7 collected $0.06 from pot
*** SUMMARY ***
Total pot $0.06 | Rake $0 
Board [7s 5c 7c 9d]
Seat 1: Dr. JMFL (small blind) folded on the Turn
Seat 2: Om@rx7 (big blind) collected ($0.06)
Seat 4: DIEGON26 folded before Flop (didn't bet)
Seat 6: INTIMIDATOR69 folded on the Turn
Seat 7: Dorex2007 folded before Flop (didn't bet)
Seat 8: Domi8472 folded before Flop (didn't bet)
Seat 9: VANVIGA (button) folded before Flop (didn't bet)



PokerStars Hand #237345990976:  Hold'em No Limit ($0.01/$0.02 USD) - 2022/07/13 18:47:57 PT [2022/07/13 21:47:57 ET]
Table 'Tinette IV' 9-max Seat #1 is the button
Seat 1: Dr. JMFL ($1.53 in chips) 
Seat 2: Om@rx7 ($2.04 in chips) 
Seat 4: DIEGON26 ($0.82 in chips) 
Seat 6: INTIMIDATOR69 ($1 in chips) 
Seat 7: Dorex2007 ($2 in chips) 
Seat 8: Domi8472 ($2.13 in chips) 
Seat 9: VANVIGA ($2.46 in chips) 
Om@rx7: posts small blind $0.01
DIEGON26: posts big blind $0.02
*** HOLE CARDS ***
Dealt to Dorex2007 [3h 8c]
INTIMIDATOR69: folds 
Dorex2007: folds 
Domi8472: folds 
VANVIGA: folds 
Dr. JMFL: folds 
Om@rx7: folds 
Uncalled bet ($0.01) returned to DIEGON26
DIEGON26 collected $0.02 from pot
*** SUMMARY ***
Total pot $0.02 | Rake $0 
Seat 1: Dr. JMFL (button) folded before Flop (didn't bet)
Seat 2: Om@rx7 (small blind) folded before Flop
Seat 4: DIEGON26 (big blind) collected ($0.02)
Seat 6: INTIMIDATOR69 folded before Flop (didn't bet)
Seat 7: Dorex2007 folded before Flop (didn't bet)
Seat 8: Domi8472 folded before Flop (didn't bet)
Seat 9: VANVIGA folded before Flop (didn't bet)



PokerStars Hand #237345995184:  Hold'em No Limit ($0.01/$0.02 USD) - 2022/07/13 18:48:18 PT [2022/07/13 21:48:18 ET]
Table 'Tinette IV' 9-max Seat #2 is the button
Seat 1: Dr. JMFL ($1.53 in chips) 
Seat 2: Om@rx7 ($2.03 in chips) 
Seat 4: DIEGON26 ($0.83 in chips) 
Seat 6: INTIMIDATOR69 ($1 in chips) 
Seat 7: Dorex2007 ($2 in chips) 
Seat 8: Domi8472 ($2.13 in chips) 
Seat 9: VANVIGA ($2.46 in chips) 
DIEGON26: posts small blind $0.01
INTIMIDATOR69: posts big blind $0.02
*** HOLE CARDS ***
Dealt to Dorex2007 [5s Tc]
Dorex2007: folds 
Domi8472: folds 
VANVIGA: folds 
Dr. JMFL: calls $0.02
Om@rx7: folds 
DIEGON26: calls $0.01
INTIMIDATOR69: checks 
*** FLOP *** [2s Jd 9d]
DIEGON26: bets $0.04
INTIMIDATOR69: folds 
Dr. JMFL: folds 
Uncalled bet ($0.04) returned to DIEGON26
DIEGON26 collected $0.06 from pot
*** SUMMARY ***
Total pot $0.06 | Rake $0 
Board [2s Jd 9d]
Seat 1: Dr. JMFL folded on the Flop
Seat 2: Om@rx7 (button) folded before Flop (didn't bet)
Seat 4: DIEGON26 (small blind) collected ($0.06)
Seat 6: INTIMIDATOR69 (big blind) folded on the Flop
Seat 7: Dorex2007 folded before Flop (didn't bet)
Seat 8: Domi8472 folded before Flop (didn't bet)
Seat 9: VANVIGA folded before Flop (didn't bet)



PokerStars Hand #237346000986:  Hold'em No Limit ($0.01/$0.02 USD) - 2022/07/13 18:48:48 PT [2022/07/13 21:48:48 ET]
Table 'Tinette IV' 9-max Seat #4 is the button
Seat 1: Dr. JMFL ($1.51 in chips) 
Seat 2: Om@rx7 ($2.03 in chips) 
Seat 4: DIEGON26 ($0.87 in chips) 
Seat 6: INTIMIDATOR69 ($1 in chips) 
Seat 7: Dorex2007 ($2 in chips) 
Seat 8: Domi8472 ($2.13 in chips) 
Seat 9: VANVIGA ($2.46 in chips) 
INTIMIDATOR69: posts small blind $0.01
Dorex2007: posts big blind $0.02
*** HOLE CARDS ***
Dealt to Dorex2007 [4s 4h]
Domi8472: folds 
VANVIGA: raises $0.04 to $0.06
Dr. JMFL: folds 
Om@rx7: folds 
capi1093 leaves the table
DIEGON26: folds 
INTIMIDATOR69: folds 
Dorex2007: calls $0.04
*** FLOP *** [6d 3s Kh]
Dorex2007: checks 
VANVIGA: bets $0.06
Dorex2007: folds 
Uncalled bet ($0.06) returned to VANVIGA
VANVIGA collected $0.13 from pot
*** SUMMARY ***
Total pot $0.13 | Rake $0 
Board [6d 3s Kh]
Seat 1: Dr. JMFL folded before Flop (didn't bet)
Seat 2: Om@rx7 folded before Flop (didn't bet)
Seat 4: DIEGON26 (button) folded before Flop (didn't bet)
Seat 6: INTIMIDATOR69 (small blind) folded before Flop
Seat 7: Dorex2007 (big blind) folded on the Flop
Seat 8: Domi8472 folded before Flop (didn't bet)
Seat 9: VANVIGA collected ($0.13)



PokerStars Hand #237346005968:  Hold'em No Limit ($0.01/$0.02 USD) - 2022/07/13 18:49:14 PT [2022/07/13 21:49:14 ET]
Table 'Tinette IV' 9-max Seat #6 is the button
Seat 1: Dr. JMFL ($1.51 in chips) 
Seat 2: Om@rx7 ($2.03 in chips) 
Seat 4: DIEGON26 ($0.87 in chips) 
Seat 6: INTIMIDATOR69 ($1 in chips) 
Seat 7: Dorex2007 ($2 in chips) 
Seat 9: VANVIGA ($2.53 in chips) 
Dorex2007: posts small blind $0.01
Domi8472: is sitting out 
VANVIGA: posts big blind $0.02
*** HOLE CARDS ***
Dealt to Dorex2007 [Ks 3h]
Dr. JMFL: folds 
Domi8472 leaves the table
Om@rx7: folds 
aandre.luna joins the table at seat #5 
DIEGON26: calls $0.02
INTIMIDATOR69: folds 
Dorex2007: folds 
VANVIGA: checks 
*** FLOP *** [2s 5c 7d]
VANVIGA: checks 
DIEGON26: checks 
*** TURN *** [2s 5c 7d] [Ac]
VANVIGA: checks 
DIEGON26: checks 
*** RIVER *** [2s 5c 7d Ac] [Qh]
VANVIGA: bets $0.12
DIEGON26: folds 
Uncalled bet ($0.12) returned to VANVIGA
VANVIGA collected $0.05 from pot
*** SUMMARY ***
Total pot $0.05 | Rake $0 
Board [2s 5c 7d Ac Qh]
Seat 1: Dr. JMFL folded before Flop (didn't bet)
Seat 2: Om@rx7 folded before Flop (didn't bet)
Seat 4: DIEGON26 folded on the River
Seat 6: INTIMIDATOR69 (button) folded before Flop (didn't bet)
Seat 7: Dorex2007 (small blind) folded before Flop
Seat 9: VANVIGA (big blind) collected ($0.05)



PokerStars Hand #237346013362:  Hold'em No Limit ($0.01/$0.02 USD) - 2022/07/13 18:49:52 PT [2022/07/13 21:49:52 ET]
Table 'Tinette IV' 9-max Seat #7 is the button
Seat 1: Dr. JMFL ($1.51 in chips) 
Seat 2: Om@rx7 ($2.03 in chips) 
Seat 4: DIEGON26 ($0.85 in chips) 
Seat 6: INTIMIDATOR69 ($1 in chips) 
Seat 7: Dorex2007 ($2 in chips) 
Seat 9: VANVIGA ($2.56 in chips) 
VANVIGA: posts small blind $0.01
Dr. JMFL: posts big blind $0.02
aandre.luna: sits out 
*** HOLE CARDS ***
Dealt to Dorex2007 [Kc Jh]
Om@rx7: folds 
DIEGON26: folds 
INTIMIDATOR69: folds 
Dorex2007: raises $0.04 to $0.06
VANVIGA: calls $0.05
Dr. JMFL: calls $0.04
*** FLOP *** [Ah Qd 7s]
VANVIGA: checks 
Dr. JMFL: checks 
Dorex2007: checks 
*** TURN *** [Ah Qd 7s] [Kh]
VANVIGA: checks 
Dr. JMFL: checks 
Dorex2007: bets $0.08
VANVIGA: folds 
Dr. JMFL: folds 
Uncalled bet ($0.08) returned to Dorex2007
Dorex2007 collected $0.17 from pot
*** SUMMARY ***
Total pot $0.18 | Rake $0.01 
Board [Ah Qd 7s Kh]
Seat 1: Dr. JMFL (big blind) folded on the Turn
Seat 2: Om@rx7 folded before Flop (didn't bet)
Seat 4: DIEGON26 folded before Flop (didn't bet)
Seat 6: INTIMIDATOR69 folded before Flop (didn't bet)
Seat 7: Dorex2007 (button) collected ($0.17)
Seat 9: VANVIGA (small blind) folded on the Turn



PokerStars Hand #237346022772:  Hold'em No Limit ($0.01/$0.02 USD) - 2022/07/13 18:50:41 PT [2022/07/13 21:50:41 ET]
Table 'Tinette IV' 9-max Seat #9 is the button
Seat 1: Dr. JMFL ($1.45 in chips) 
Seat 2: Om@rx7 ($2.03 in chips) 
Seat 4: DIEGON26 ($0.85 in chips) 
Seat 6: INTIMIDATOR69 ($1 in chips) 
Seat 7: Dorex2007 ($2.11 in chips) 
Seat 8: VBotelhov ($0.80 in chips) 
Seat 9: VANVIGA ($2.50 in chips) 
Dr. JMFL: posts small blind $0.01
Om@rx7: posts big blind $0.02
aandre.luna: sits out 
VBotelhov: posts big blind $0.02
*** HOLE CARDS ***
Dealt to Dorex2007 [7c 4h]
DIEGON26: folds 
INTIMIDATOR69: calls $0.02
Dorex2007: folds 
VBotelhov: checks 
VANVIGA: folds 
Dr. JMFL: calls $0.01
Om@rx7: checks 
*** FLOP *** [Ad 6c 4c]
Dr. JMFL: checks 
Om@rx7: checks 
INTIMIDATOR69: bets $0.08
VBotelhov: folds 
Dr. JMFL: folds 
Om@rx7: folds 
Uncalled bet ($0.08) returned to INTIMIDATOR69
INTIMIDATOR69 collected $0.08 from pot
*** SUMMARY ***
Total pot $0.08 | Rake $0 
Board [Ad 6c 4c]
Seat 1: Dr. JMFL (small blind) folded on the Flop
Seat 2: Om@rx7 (big blind) folded on the Flop
Seat 4: DIEGON26 folded before Flop (didn't bet)
Seat 6: INTIMIDATOR69 collected ($0.08)
Seat 7: Dorex2007 folded before Flop (didn't bet)
Seat 8: VBotelhov folded on the Flop (didn't bet)
Seat 9: VANVIGA (button) folded before Flop (didn't bet)



PokerStars Hand #237346034900:  Hold'em No Limit ($0.01/$0.02 USD) - 2022/07/13 18:51:44 PT [2022/07/13 21:51:44 ET]
Table 'Tinette IV' 9-max Seat #1 is the button
Seat 1: Dr. JMFL ($1.43 in chips) 
Seat 2: Om@rx7 ($2.01 in chips) 
Seat 4: DIEGON26 ($0.85 in chips) 
Seat 6: INTIMIDATOR69 ($1.06 in chips) 
Seat 7: Dorex2007 ($2.11 in chips) 
Seat 8: VBotelhov ($0.78 in chips) 
Seat 9: VANVIGA ($2.50 in chips) 
Om@rx7: posts small blind $0.01
DIEGON26: posts big blind $0.02
aandre.luna: sits out 
*** HOLE CARDS ***
Dealt to Dorex2007 [2h Ts]
INTIMIDATOR69: folds 
Dorex2007: folds 
VBotelhov: calls $0.02
VANVIGA: raises $0.04 to $0.06
Dr. JMFL: folds 
Om@rx7: calls $0.05
DIEGON26: folds 
VBotelhov: calls $0.04
*** FLOP *** [7c 4h Ah]
Om@rx7: checks 
VBotelhov: checks 
VANVIGA: checks 
*** TURN *** [7c 4h Ah] [7h]
Om@rx7: checks 
VBotelhov: checks 
VANVIGA: bets $0.12
Om@rx7: folds 
VBotelhov: folds 
Uncalled bet ($0.12) returned to VANVIGA
VANVIGA collected $0.19 from pot
*** SUMMARY ***
Total pot $0.20 | Rake $0.01 
Board [7c 4h Ah 7h]
Seat 1: Dr. JMFL (button) folded before Flop (didn't bet)
Seat 2: Om@rx7 (small blind) folded on the Turn
Seat 4: DIEGON26 (big blind) folded before Flop
Seat 6: INTIMIDATOR69 folded before Flop (didn't bet)
Seat 7: Dorex2007 folded before Flop (didn't bet)
Seat 8: VBotelhov folded on the Turn
Seat 9: VANVIGA collected ($0.19)



PokerStars Hand #237346047652:  Hold'em No Limit ($0.01/$0.02 USD) - 2022/07/13 18:52:50 PT [2022/07/13 21:52:50 ET]
Table 'Tinette IV' 9-max Seat #2 is the button
Seat 1: Dr. JMFL ($1.43 in chips) 
Seat 2: Om@rx7 ($2 in chips) 
Seat 4: DIEGON26 ($0.83 in chips) 
Seat 5: aandre.luna ($2 in chips) 
Seat 6: INTIMIDATOR69 ($1.06 in chips) 
Seat 7: Dorex2007 ($2.11 in chips) 
Seat 8: VBotelhov ($0.72 in chips) 
Seat 9: VANVIGA ($2.63 in chips) 
DIEGON26: posts small blind $0.01
aandre.luna: posts big blind $0.02
*** HOLE CARDS ***
Dealt to Dorex2007 [9h Js]
INTIMIDATOR69: folds 
Dorex2007: folds 
VBotelhov: folds 
VANVIGA: raises $0.04 to $0.06
Dr. JMFL: calls $0.06
Om@rx7: calls $0.06
DIEGON26: calls $0.05
aandre.luna: raises $0.20 to $0.26
VANVIGA: folds 
Dr. JMFL: folds 
Om@rx7: folds 
DIEGON26: calls $0.20
*** FLOP *** [8c 3s 9c]
DIEGON26: checks 
aandre.luna: bets $0.44
DIEGON26: raises $0.13 to $0.57 and is all-in
aandre.luna: calls $0.13
*** TURN *** [8c 3s 9c] [2h]
*** RIVER *** [8c 3s 9c 2h] [3d]
*** SHOW DOWN ***
DIEGON26: shows [8d 9d] (two pair, Nines and Eights)
aandre.luna: shows [Ad As] (two pair, Aces and Threes)
aandre.luna collected $1.78 from pot
DIEGON26 cashed out the hand for $1.32 | Cash Out Fee $0.01
*** SUMMARY ***
Total pot $1.84 | Rake $0.06 
Board [8c 3s 9c 2h 3d]
Seat 1: Dr. JMFL folded before Flop
Seat 2: Om@rx7 (button) folded before Flop
Seat 4: DIEGON26 (small blind) showed [8d 9d] and lost with two pair, Nines and Eights (cashed out).
Seat 5: aandre.luna (big blind) showed [Ad As] and won ($1.78) with two pair, Aces and Threes
Seat 6: INTIMIDATOR69 folded before Flop (didn't bet)
Seat 7: Dorex2007 folded before Flop (didn't bet)
Seat 8: VBotelhov folded before Flop (didn't bet)
Seat 9: VANVIGA folded before Flop



PokerStars Hand #237346065131:  Hold'em No Limit ($0.01/$0.02 USD) - 2022/07/13 18:54:21 PT [2022/07/13 21:54:21 ET]
Table 'Tinette IV' 9-max Seat #4 is the button
Seat 1: Dr. JMFL ($1.37 in chips) 
Seat 2: Om@rx7 ($2 in chips) 
Seat 4: DIEGON26 ($1.32 in chips) 
Seat 5: aandre.luna ($2.95 in chips) 
Seat 6: INTIMIDATOR69 ($1.06 in chips) 
Seat 7: Dorex2007 ($2.11 in chips) 
Seat 8: VBotelhov ($0.72 in chips) 
Seat 9: VANVIGA ($2.57 in chips) 
aandre.luna: posts small blind $0.01
INTIMIDATOR69: posts big blind $0.02
*** HOLE CARDS ***
Dealt to Dorex2007 [5h 2s]
Dorex2007: folds 
VBotelhov: calls $0.02
VANVIGA: folds 
Dr. JMFL: calls $0.02
Om@rx7: calls $0.02
DIEGON26: calls $0.02
aandre.luna: folds 
INTIMIDATOR69: checks 
*** FLOP *** [Td 7c 9c]
INTIMIDATOR69: checks 
VBotelhov: checks 
Dr. JMFL: checks 
Om@rx7: checks 
DIEGON26: checks 
*** TURN *** [Td 7c 9c] [Ts]
INTIMIDATOR69: checks 
VBotelhov: checks 
Dr. JMFL: checks 
Om@rx7: checks 
DIEGON26: checks 
*** RIVER *** [Td 7c 9c Ts] [6h]
INTIMIDATOR69: bets $0.40
VBotelhov: folds 
Dr. JMFL: folds 
Om@rx7: folds 
DIEGON26: folds 
Uncalled bet ($0.40) returned to INTIMIDATOR69
INTIMIDATOR69 collected $0.11 from pot
*** SUMMARY ***
Total pot $0.11 | Rake $0 
Board [Td 7c 9c Ts 6h]
Seat 1: Dr. JMFL folded on the River
Seat 2: Om@rx7 folded on the River
Seat 4: DIEGON26 (button) folded on the River
Seat 5: aandre.luna (small blind) folded before Flop
Seat 6: INTIMIDATOR69 (big blind) collected ($0.11)
Seat 7: Dorex2007 folded before Flop (didn't bet)
Seat 8: VBotelhov folded on the River
Seat 9: VANVIGA folded before Flop (didn't bet)



PokerStars Hand #237346079620:  Hold'em No Limit ($0.01/$0.02 USD) - 2022/07/13 18:55:45 PT [2022/07/13 21:55:45 ET]
Table 'Tinette IV' 9-max Seat #5 is the button
Seat 1: Dr. JMFL ($1.35 in chips) 
Seat 2: Om@rx7 ($2 in chips) 
Seat 4: DIEGON26 ($1.30 in chips) 
Seat 5: aandre.luna ($2.94 in chips) 
Seat 6: INTIMIDATOR69 ($1.15 in chips) 
Seat 7: Dorex2007 ($2.11 in chips) 
Seat 8: VBotelhov ($0.70 in chips) 
Seat 9: VANVIGA ($2.57 in chips) 
INTIMIDATOR69: posts small blind $0.01
Dorex2007: posts big blind $0.02
*** HOLE CARDS ***
Dealt to Dorex2007 [9d 6c]
VBotelhov: calls $0.02
VANVIGA: raises $0.10 to $0.12
Dr. JMFL: folds 
Om@rx7: folds 
DIEGON26 has timed out
DIEGON26: folds 
aandre.luna: folds 
INTIMIDATOR69: folds 
Dorex2007: folds 
VBotelhov: folds 
Uncalled bet ($0.10) returned to VANVIGA
VANVIGA collected $0.07 from pot
*** SUMMARY ***
Total pot $0.07 | Rake $0 
Seat 1: Dr. JMFL folded before Flop (didn't bet)
Seat 2: Om@rx7 folded before Flop (didn't bet)
Seat 4: DIEGON26 folded before Flop (didn't bet)
Seat 5: aandre.luna (button) folded before Flop (didn't bet)
Seat 6: INTIMIDATOR69 (small blind) folded before Flop
Seat 7: Dorex2007 (big blind) folded before Flop
Seat 8: VBotelhov folded before Flop
Seat 9: VANVIGA collected ($0.07)



PokerStars Hand #237346086749:  Hold'em No Limit ($0.01/$0.02 USD) - 2022/07/13 18:56:31 PT [2022/07/13 21:56:31 ET]
Table 'Tinette IV' 9-max Seat #6 is the button
Seat 1: Dr. JMFL ($1.35 in chips) 
Seat 2: Om@rx7 ($2 in chips) 
Seat 5: aandre.luna ($2.94 in chips) 
Seat 6: INTIMIDATOR69 ($1.14 in chips) 
Seat 7: Dorex2007 ($2.09 in chips) 
Seat 8: VBotelhov ($0.68 in chips) 
Seat 9: VANVIGA ($2.62 in chips) 
Dorex2007: posts small blind $0.01
VBotelhov: posts big blind $0.02
*** HOLE CARDS ***
Dealt to Dorex2007 [2c 6c]
VANVIGA: calls $0.02
Dr. JMFL: folds 
Om@rx7: folds 
aandre.luna: folds 
INTIMIDATOR69: folds 
Dorex2007: folds 
VBotelhov: checks 
*** FLOP *** [Kh 3c Qc]
VBotelhov: checks 
VANVIGA: checks 
*** TURN *** [Kh 3c Qc] [Qs]
VBotelhov: checks 
VANVIGA: checks 
*** RIVER *** [Kh 3c Qc Qs] [Qh]
VBotelhov: checks 
VANVIGA: checks 
*** SHOW DOWN ***
VBotelhov: shows [6d 2s] (three of a kind, Queens)
VANVIGA: shows [7h Ah] (three of a kind, Queens - Ace kicker)
VANVIGA collected $0.05 from pot
*** SUMMARY ***
Total pot $0.05 | Rake $0 
Board [Kh 3c Qc Qs Qh]
Seat 1: Dr. JMFL folded before Flop (didn't bet)
Seat 2: Om@rx7 folded before Flop (didn't bet)
Seat 5: aandre.luna folded before Flop (didn't bet)
Seat 6: INTIMIDATOR69 (button) folded before Flop (didn't bet)
Seat 7: Dorex2007 (small blind) folded before Flop
Seat 8: VBotelhov (big blind) showed [6d 2s] and lost with three of a kind, Queens
Seat 9: VANVIGA showed [7h Ah] and won ($0.05) with three of a kind, Queens



PokerStars Hand #237346102098:  Hold'em No Limit ($0.01/$0.02 USD) - 2022/07/13 18:57:13 PT [2022/07/13 21:57:13 ET]
Table 'Tinette IV' 9-max Seat #7 is the button
Seat 1: Dr. JMFL ($1.35 in chips) 
Seat 2: Om@rx7 ($2 in chips) 
Seat 4: DIEGON26 ($1.30 in chips) 
Seat 5: aandre.luna ($2.94 in chips) 
Seat 6: INTIMIDATOR69 ($1.14 in chips) 
Seat 7: Dorex2007 ($2.08 in chips) 
Seat 8: VBotelhov ($0.66 in chips) 
Seat 9: VANVIGA ($2.65 in chips) 
VBotelhov: posts small blind $0.01
VANVIGA: posts big blind $0.02
*** HOLE CARDS ***
Dealt to Dorex2007 [Jc 5s]
Dr. JMFL: folds 
Om@rx7: folds 
DIEGON26: folds 
aandre.luna: raises $0.02 to $0.04
INTIMIDATOR69: folds 
Dorex2007: folds 
VBotelhov: calls $0.03
VANVIGA: folds 
*** FLOP *** [3d Td Js]
VBotelhov: bets $0.06
aandre.luna: calls $0.06
*** TURN *** [3d Td Js] [Kd]
VBotelhov: bets $0.08
aandre.luna: calls $0.08
*** RIVER *** [3d Td Js Kd] [2s]
VBotelhov: bets $0.20
aandre.luna: raises $0.30 to $0.50
VBotelhov: calls $0.28 and is all-in
Uncalled bet ($0.02) returned to aandre.luna
*** SHOW DOWN ***
aandre.luna: shows [Jd Qd] (a flush, King high)
VBotelhov: shows [Jh 3h] (two pair, Jacks and Threes)
aandre.luna collected $1.29 from pot
*** SUMMARY ***
Total pot $1.34 | Rake $0.05 
Board [3d Td Js Kd 2s]
Seat 1: Dr. JMFL folded before Flop (didn't bet)
Seat 2: Om@rx7 folded before Flop (didn't bet)
Seat 4: DIEGON26 folded before Flop (didn't bet)
Seat 5: aandre.luna showed [Jd Qd] and won ($1.29) with a flush, King high
Seat 6: INTIMIDATOR69 folded before Flop (didn't bet)
Seat 7: Dorex2007 (button) folded before Flop (didn't bet)
Seat 8: VBotelhov (small blind) showed [Jh 3h] and lost with two pair, Jacks and Threes
Seat 9: VANVIGA (big blind) folded before Flop



PokerStars Hand #237346114067:  Hold'em No Limit ($0.01/$0.02 USD) - 2022/07/13 18:58:31 PT [2022/07/13 21:58:31 ET]
Table 'Tinette IV' 9-max Seat #9 is the button
Seat 1: Dr. JMFL ($1.35 in chips) 
Seat 2: Om@rx7 ($2 in chips) 
Seat 4: DIEGON26 ($1.30 in chips) 
Seat 5: aandre.luna ($3.57 in chips) 
Seat 7: Dorex2007 ($2.08 in chips) 
Seat 9: VANVIGA ($2.63 in chips) 
Dr. JMFL: posts small blind $0.01
Om@rx7: posts big blind $0.02
*** HOLE CARDS ***
Dealt to Dorex2007 [5s 9d]
DIEGON26: folds 
aandre.luna: raises $0.02 to $0.04
Dorex2007: folds 
VANVIGA: folds 
Dr. JMFL: folds 
Om@rx7: calls $0.02
*** FLOP *** [As Kd Kc]
Om@rx7: checks 
aandre.luna: checks 
*** TURN *** [As Kd Kc] [3d]
Om@rx7: checks 
aandre.luna: checks 
*** RIVER *** [As Kd Kc 3d] [4c]
Om@rx7: checks 
aandre.luna: bets $0.06
Om@rx7: folds 
Uncalled bet ($0.06) returned to aandre.luna
aandre.luna collected $0.09 from pot
*** SUMMARY ***
Total pot $0.09 | Rake $0 
Board [As Kd Kc 3d 4c]
Seat 1: Dr. JMFL (small blind) folded before Flop
Seat 2: Om@rx7 (big blind) folded on the River
Seat 4: DIEGON26 folded before Flop (didn't bet)
Seat 5: aandre.luna collected ($0.09)
Seat 7: Dorex2007 folded before Flop (didn't bet)
Seat 9: VANVIGA (button) folded before Flop (didn't bet)



PokerStars Hand #237346127219:  Hold'em No Limit ($0.01/$0.02 USD) - 2022/07/13 18:59:57 PT [2022/07/13 21:59:57 ET]
Table 'Tinette IV' 9-max Seat #1 is the button
Seat 1: Dr. JMFL ($1.34 in chips) 
Seat 2: Om@rx7 ($2 in chips) 
Seat 4: DIEGON26 ($1.30 in chips) 
Seat 5: aandre.luna ($3.62 in chips) 
Seat 7: Dorex2007 ($2.08 in chips) 
Seat 8: VBotelhov ($0.80 in chips) 
Seat 9: VANVIGA ($2.63 in chips) 
Om@rx7: posts small blind $0.01
DIEGON26: posts big blind $0.02
*** HOLE CARDS ***
Dealt to Dorex2007 [8s 5h]
aandre.luna: folds 
Dorex2007: folds 
VBotelhov: calls $0.02
VANVIGA: folds 
Dr. JMFL: folds 
Om@rx7: calls $0.01
DIEGON26: checks 
*** FLOP *** [Ah 3h Qd]
Om@rx7: checks 
DIEGON26: bets $0.02
VBotelhov: raises $0.02 to $0.04
Om@rx7: calls $0.04
DIEGON26: calls $0.02
*** TURN *** [Ah 3h Qd] [9h]
Om@rx7: checks 
DIEGON26: checks 
VBotelhov: bets $0.08
Om@rx7: calls $0.08
DIEGON26: calls $0.08
*** RIVER *** [Ah 3h Qd 9h] [6c]
Om@rx7: checks 
DIEGON26: checks 
VBotelhov: bets $0.20
cracker360 is disconnected 
Om@rx7: raises $0.26 to $0.46
DIEGON26: folds 
VBotelhov: calls $0.26
*** SHOW DOWN ***
Om@rx7: shows [8h Th] (a flush, Ace high)
VBotelhov: mucks hand 
Om@rx7 collected $1.29 from pot
*** SUMMARY ***
Total pot $1.34 | Rake $0.05 
Board [Ah 3h Qd 9h 6c]
Seat 1: Dr. JMFL (button) folded before Flop (didn't bet)
Seat 2: Om@rx7 (small blind) showed [8h Th] and won ($1.29) with a flush, Ace high
Seat 4: DIEGON26 (big blind) folded on the River
Seat 5: aandre.luna folded before Flop (didn't bet)
Seat 7: Dorex2007 folded before Flop (didn't bet)
Seat 8: VBotelhov mucked [Qc 9d]
Seat 9: VANVIGA folded before Flop (didn't bet)



PokerStars Hand #237346144643:  Hold'em No Limit ($0.01/$0.02 USD) - 2022/07/13 19:01:36 PT [2022/07/13 22:01:36 ET]
Table 'Tinette IV' 9-max Seat #2 is the button
Seat 1: Dr. JMFL ($1.34 in chips) 
Seat 2: Om@rx7 ($2.69 in chips) 
Seat 4: DIEGON26 ($1.16 in chips) 
Seat 5: aandre.luna ($3.62 in chips) 
Seat 7: Dorex2007 ($2.08 in chips) 
Seat 8: VBotelhov ($0.20 in chips) 
Seat 9: VANVIGA ($2.63 in chips) 
DIEGON26: posts small blind $0.01
aandre.luna: posts big blind $0.02
*** HOLE CARDS ***
Dealt to Dorex2007 [9h 8d]
Dorex2007: folds 
VBotelhov: calls $0.02
VANVIGA: folds 
Dr. JMFL: folds 
Om@rx7: folds 
DIEGON26: folds 
aandre.luna: checks 
*** FLOP *** [As 3c Jc]
cracker360 leaves the table
aandre.luna: checks 
VBotelhov: bets $0.18 and is all-in
aandre.luna: folds 
Uncalled bet ($0.18) returned to VBotelhov
VBotelhov collected $0.05 from pot
*** SUMMARY ***
Total pot $0.05 | Rake $0 
Board [As 3c Jc]
Seat 1: Dr. JMFL folded before Flop (didn't bet)
Seat 2: Om@rx7 (button) folded before Flop (didn't bet)
Seat 4: DIEGON26 (small blind) folded before Flop
Seat 5: aandre.luna (big blind) folded on the Flop
Seat 7: Dorex2007 folded before Flop (didn't bet)
Seat 8: VBotelhov collected ($0.05)
Seat 9: VANVIGA folded before Flop (didn't bet)



PokerStars Hand #237346151932:  Hold'em No Limit ($0.01/$0.02 USD) - 2022/07/13 19:02:16 PT [2022/07/13 22:02:16 ET]
Table 'Tinette IV' 9-max Seat #4 is the button
Seat 1: Dr. JMFL ($1.34 in chips) 
Seat 2: Om@rx7 ($2.69 in chips) 
Seat 4: DIEGON26 ($1.15 in chips) 
Seat 5: aandre.luna ($3.60 in chips) 
Seat 7: Dorex2007 ($2.08 in chips) 
Seat 8: VBotelhov ($0.23 in chips) 
Seat 9: VANVIGA ($2.63 in chips) 
aandre.luna: posts small blind $0.01
Dorex2007: posts big blind $0.02
*** HOLE CARDS ***
Dealt to Dorex2007 [7c Jd]
VBotelhov: folds 
VANVIGA: folds 
Dr. JMFL: calls $0.02
Om@rx7: folds 
TornadeoJim joins the table at seat #3 
DIEGON26: folds 
aandre.luna: calls $0.01
Dorex2007: checks 
*** FLOP *** [Qc 2h 5h]
aandre.luna: checks 
Dorex2007: checks 
Dr. JMFL: checks 
*** TURN *** [Qc 2h 5h] [Ah]
aandre.luna: bets $0.04
Dorex2007: folds 
Dr. JMFL: raises $0.04 to $0.08
aandre.luna: raises $0.10 to $0.18
Dr. JMFL: calls $0.10
*** RIVER *** [Qc 2h 5h Ah] [3s]
aandre.luna: bets $0.26
Dr. JMFL: calls $0.26
*** SHOW DOWN ***
aandre.luna: shows [8h Jh] (a flush, Ace high)
Dr. JMFL: mucks hand 
aandre.luna collected $0.91 from pot
*** SUMMARY ***
Total pot $0.94 | Rake $0.03 
Board [Qc 2h 5h Ah 3s]
Seat 1: Dr. JMFL mucked [9d Ad]
Seat 2: Om@rx7 folded before Flop (didn't bet)
Seat 4: DIEGON26 (button) folded before Flop (didn't bet)
Seat 5: aandre.luna (small blind) showed [8h Jh] and won ($0.91) with a flush, Ace high
Seat 7: Dorex2007 (big blind) folded on the Turn
Seat 8: VBotelhov folded before Flop (didn't bet)
Seat 9: VANVIGA folded before Flop (didn't bet)



PokerStars Hand #237346174295:  Hold'em No Limit ($0.01/$0.02 USD) - 2022/07/13 19:03:53 PT [2022/07/13 22:03:53 ET]
Table 'Tinette IV' 9-max Seat #5 is the button
Seat 1: Dr. JMFL ($0.88 in chips) 
Seat 2: Om@rx7 ($2.69 in chips) 
Seat 4: DIEGON26 ($1.15 in chips) 
Seat 5: aandre.luna ($4.05 in chips) 
Seat 7: Dorex2007 ($2.06 in chips) 
Seat 8: VBotelhov ($0.23 in chips) 
Seat 9: VANVIGA ($2.63 in chips) 
Dorex2007: posts small blind $0.01
VBotelhov: posts big blind $0.02
TornadeoJim: sits out 
*** HOLE CARDS ***
Dealt to Dorex2007 [7d 8d]
VANVIGA: folds 
Dr. JMFL: folds 
Om@rx7: folds 
DIEGON26: raises $0.05 to $0.07
aandre.luna: folds 
Dorex2007: folds 
VBotelhov: folds 
Uncalled bet ($0.05) returned to DIEGON26
DIEGON26 collected $0.05 from pot
*** SUMMARY ***
Total pot $0.05 | Rake $0 
Seat 1: Dr. JMFL folded before Flop (didn't bet)
Seat 2: Om@rx7 folded before Flop (didn't bet)
Seat 4: DIEGON26 collected ($0.05)
Seat 5: aandre.luna (button) folded before Flop (didn't bet)
Seat 7: Dorex2007 (small blind) folded before Flop
Seat 8: VBotelhov (big blind) folded before Flop
Seat 9: VANVIGA folded before Flop (didn't bet)



PokerStars Hand #237346179700:  Hold'em No Limit ($0.01/$0.02 USD) - 2022/07/13 19:04:21 PT [2022/07/13 22:04:21 ET]
Table 'Tinette IV' 9-max Seat #7 is the button
Seat 1: Dr. JMFL ($0.88 in chips) 
Seat 2: Om@rx7 ($2.69 in chips) 
Seat 4: DIEGON26 ($1.18 in chips) 
Seat 5: aandre.luna ($4.05 in chips) 
Seat 7: Dorex2007 ($2.05 in chips) 
Seat 8: VBotelhov ($0.21 in chips) 
Seat 9: VANVIGA ($2.63 in chips) 
VBotelhov: posts small blind $0.01
VANVIGA: posts big blind $0.02
TornadeoJim: sits out 
*** HOLE CARDS ***
Dealt to Dorex2007 [Ah Th]
Dr. JMFL: folds 
Om@rx7: calls $0.02
DIEGON26: calls $0.02
aandre.luna: raises $0.04 to $0.06
Dorex2007: calls $0.06
VBotelhov: raises $0.15 to $0.21 and is all-in
VANVIGA: folds 
Om@rx7: folds 
DIEGON26: calls $0.19
aandre.luna: calls $0.15
Dorex2007: calls $0.15
*** FLOP *** [5d Ad 2d]
DIEGON26: checks 
aandre.luna: bets $0.14
Dorex2007: raises $1.70 to $1.84 and is all-in
DIEGON26: calls $0.97 and is all-in
aandre.luna: folds 
Uncalled bet ($0.87) returned to Dorex2007
*** TURN *** [5d Ad 2d] [8d]
*** RIVER *** [5d Ad 2d 8d] [2s]
*** SHOW DOWN ***
DIEGON26: shows [Js Kd] (a flush, Ace high)
Dorex2007: shows [Ah Th] (two pair, Aces and Deuces)
DIEGON26 collected $2.01 from side pot
VBotelhov: shows [5h 5s] (a full house, Fives full of Deuces)
VBotelhov collected $0.85 from main pot
Dorex2007 cashed out the hand for $1.21 | Cash Out Fee $0.01
*** SUMMARY ***
Total pot $2.96 Main pot $0.85. Side pot $2.01. | Rake $0.10 
Board [5d Ad 2d 8d 2s]
Seat 1: Dr. JMFL folded before Flop (didn't bet)
Seat 2: Om@rx7 folded before Flop
Seat 4: DIEGON26 showed [Js Kd] and won ($2.01) with a flush, Ace high
Seat 5: aandre.luna folded on the Flop
Seat 7: Dorex2007 (button) showed [Ah Th] and lost with two pair, Aces and Deuces (cashed out).
Seat 8: VBotelhov (small blind) showed [5h 5s] and won ($0.85) with a full house, Fives full of Deuces
Seat 9: VANVIGA (big blind) folded before Flop



PokerStars Hand #237346208566:  Hold'em No Limit ($0.01/$0.02 USD) - 2022/07/13 19:06:12 PT [2022/07/13 22:06:12 ET]
Table 'Tinette IV' 9-max Seat #8 is the button
Seat 1: Dr. JMFL ($0.88 in chips) 
Seat 2: Om@rx7 ($2.67 in chips) 
Seat 4: DIEGON26 ($2.01 in chips) 
Seat 5: aandre.luna ($3.70 in chips) 
Seat 6: INTIMIDATOR69 ($1.14 in chips) 
Seat 7: Dorex2007 ($2.08 in chips) 
Seat 8: VBotelhov ($0.85 in chips) 
Seat 9: VANVIGA ($2.61 in chips) 
VANVIGA: posts small blind $0.01
Dr. JMFL: posts big blind $0.02
TornadeoJim: sits out 
INTIMIDATOR69: posts small & big blinds $0.03
*** HOLE CARDS ***
Dealt to Dorex2007 [Jc 9d]
Om@rx7: folds 
DIEGON26: calls $0.02
aandre.luna: calls $0.02
INTIMIDATOR69: checks 
Dorex2007: folds 
VBotelhov: calls $0.02
VANVIGA: calls $0.01
Dr. JMFL: checks 
*** FLOP *** [3s 5s 4c]
VANVIGA: checks 
Dr. JMFL: checks 
DIEGON26: checks 
aandre.luna: bets $0.06
INTIMIDATOR69: calls $0.06
VBotelhov: folds 
VANVIGA: folds 
Dr. JMFL: folds 
DIEGON26: raises $0.24 to $0.30
aandre.luna: folds 
INTIMIDATOR69: folds 
Uncalled bet ($0.24) returned to DIEGON26
DIEGON26 collected $0.30 from pot
*** SUMMARY ***
Total pot $0.31 | Rake $0.01 
Board [3s 5s 4c]
Seat 1: Dr. JMFL (big blind) folded on the Flop
Seat 2: Om@rx7 folded before Flop (didn't bet)
Seat 4: DIEGON26 collected ($0.30)
Seat 5: aandre.luna folded on the Flop
Seat 6: INTIMIDATOR69 folded on the Flop
Seat 7: Dorex2007 folded before Flop (didn't bet)
Seat 8: VBotelhov (button) folded on the Flop
Seat 9: VANVIGA (small blind) folded on the Flop



PokerStars Hand #237346229531:  Hold'em No Limit ($0.01/$0.02 USD) - 2022/07/13 19:08:04 PT [2022/07/13 22:08:04 ET]
Table 'Tinette IV' 9-max Seat #9 is the button
Seat 1: Dr. JMFL ($0.86 in chips) 
Seat 2: Om@rx7 ($2.67 in chips) 
Seat 4: DIEGON26 ($2.23 in chips) 
Seat 5: aandre.luna ($3.62 in chips) 
Seat 6: INTIMIDATOR69 ($1.05 in chips) 
Seat 7: Dorex2007 ($2.08 in chips) 
Seat 8: VBotelhov ($0.83 in chips) 
Seat 9: VANVIGA ($2.59 in chips) 
Dr. JMFL: posts small blind $0.01
Om@rx7: posts big blind $0.02
TornadeoJim: sits out 
*** HOLE CARDS ***
Dealt to Dorex2007 [3c 5d]
DIEGON26: folds 
DIEGON26 leaves the table
aandre.luna: folds 
INTIMIDATOR69: calls $0.02
Dorex2007: folds 
VBotelhov: raises $0.81 to $0.83 and is all-in
VANVIGA: folds 
netcountry joins the table at seat #4 
Dr. JMFL: raises $0.03 to $0.86 and is all-in
Om@rx7: folds 
INTIMIDATOR69: folds 
Uncalled bet ($0.03) returned to Dr. JMFL
*** FLOP *** [5s Jc 2c]
*** TURN *** [5s Jc 2c] [Qs]
*** RIVER *** [5s Jc 2c Qs] [Jd]
*** SHOW DOWN ***
Dr. JMFL: shows [Kd Ah] (a pair of Jacks)
VBotelhov: shows [5h 5c] (a full house, Fives full of Jacks)
Dr. JMFL cashed out the hand for $0.74 | Cash Out Fee $0.01
VBotelhov cashed out the hand for $0.88 | Cash Out Fee $0.01
*** SUMMARY ***
Total pot $1.70 | Rake $0.06 
Board [5s Jc 2c Qs Jd]
Seat 1: Dr. JMFL (small blind) showed [Kd Ah] and lost with a pair of Jacks (cashed out).
Seat 2: Om@rx7 (big blind) folded before Flop
Seat 4: DIEGON26 folded before Flop (didn't bet)
Seat 5: aandre.luna folded before Flop (didn't bet)
Seat 6: INTIMIDATOR69 folded before Flop
Seat 7: Dorex2007 folded before Flop (didn't bet)
Seat 8: VBotelhov showed [5h 5c] and won ($1.64) with a full house, Fives full of Jacks (pot not awarded as player cashed out)
Seat 9: VANVIGA (button) folded before Flop (didn't bet)



PokerStars Hand #237346238582:  Hold'em No Limit ($0.01/$0.02 USD) - 2022/07/13 19:08:53 PT [2022/07/13 22:08:53 ET]
Table 'Tinette IV' 9-max Seat #1 is the button
Seat 1: Dr. JMFL ($0.77 in chips) 
Seat 2: Om@rx7 ($2.65 in chips) 
Seat 3: TornadeoJim ($2 in chips) 
Seat 5: aandre.luna ($3.62 in chips) 
Seat 6: INTIMIDATOR69 ($1.03 in chips) 
Seat 7: Dorex2007 ($2.08 in chips) 
Seat 8: VBotelhov ($0.88 in chips) 
Seat 9: VANVIGA ($2.59 in chips) 
Om@rx7: posts small blind $0.01
TornadeoJim: posts big blind $0.02
netcountry: sits out 
*** HOLE CARDS ***
Dealt to Dorex2007 [3d 7h]
aandre.luna: folds 
INTIMIDATOR69: calls $0.02
Dorex2007: folds 
VBotelhov: calls $0.02
VANVIGA: calls $0.02
Dr. JMFL: calls $0.02
Om@rx7: folds 
TornadeoJim: checks 
*** FLOP *** [Tc 4s 8h]
TornadeoJim: checks 
INTIMIDATOR69: bets $0.18
VBotelhov: folds 
VANVIGA: folds 
Dr. JMFL: folds 
TornadeoJim: folds 
Uncalled bet ($0.18) returned to INTIMIDATOR69
INTIMIDATOR69 collected $0.11 from pot
*** SUMMARY ***
Total pot $0.11 | Rake $0 
Board [Tc 4s 8h]
Seat 1: Dr. JMFL (button) folded on the Flop
Seat 2: Om@rx7 (small blind) folded before Flop
Seat 3: TornadeoJim (big blind) folded on the Flop
Seat 5: aandre.luna folded before Flop (didn't bet)
Seat 6: INTIMIDATOR69 collected ($0.11)
Seat 7: Dorex2007 folded before Flop (didn't bet)
Seat 8: VBotelhov folded on the Flop
Seat 9: VANVIGA folded on the Flop



PokerStars Hand #237346250553:  Hold'em No Limit ($0.01/$0.02 USD) - 2022/07/13 19:09:57 PT [2022/07/13 22:09:57 ET]
Table 'Tinette IV' 9-max Seat #2 is the button
Seat 1: Dr. JMFL ($0.75 in chips) 
Seat 2: Om@rx7 ($2.64 in chips) 
Seat 3: TornadeoJim ($1.98 in chips) 
Seat 4: netcountry ($2 in chips) 
Seat 5: aandre.luna ($3.62 in chips) 
Seat 6: INTIMIDATOR69 ($1.12 in chips) 
Seat 7: Dorex2007 ($2.08 in chips) 
Seat 8: VBotelhov ($0.86 in chips) 
Seat 9: VANVIGA ($2.57 in chips) 
TornadeoJim: posts small blind $0.01
netcountry: posts big blind $0.02
*** HOLE CARDS ***
Dealt to Dorex2007 [3h Jc]
aandre.luna: folds 
INTIMIDATOR69: calls $0.02
Dorex2007: folds 
VBotelhov: folds 
VANVIGA: folds 
Dr. JMFL: folds 
Om@rx7: folds 
TornadeoJim: calls $0.01
netcountry: checks 
*** FLOP *** [Jd Ac 9d]
TornadeoJim: checks 
netcountry: checks 
INTIMIDATOR69: bets $0.06
TornadeoJim: folds 
netcountry: folds 
Uncalled bet ($0.06) returned to INTIMIDATOR69
INTIMIDATOR69 collected $0.06 from pot
*** SUMMARY ***
Total pot $0.06 | Rake $0 
Board [Jd Ac 9d]
Seat 1: Dr. JMFL folded before Flop (didn't bet)
Seat 2: Om@rx7 (button) folded before Flop (didn't bet)
Seat 3: TornadeoJim (small blind) folded on the Flop
Seat 4: netcountry (big blind) folded on the Flop
Seat 5: aandre.luna folded before Flop (didn't bet)
Seat 6: INTIMIDATOR69 collected ($0.06)
Seat 7: Dorex2007 folded before Flop (didn't bet)
Seat 8: VBotelhov folded before Flop (didn't bet)
Seat 9: VANVIGA folded before Flop (didn't bet)



PokerStars Hand #237346263639:  Hold'em No Limit ($0.01/$0.02 USD) - 2022/07/13 19:10:54 PT [2022/07/13 22:10:54 ET]
Table 'Tinette IV' 9-max Seat #3 is the button
Seat 1: Dr. JMFL ($0.75 in chips) 
Seat 2: Om@rx7 ($2.64 in chips) 
Seat 3: TornadeoJim ($1.96 in chips) 
Seat 4: netcountry ($1.98 in chips) 
Seat 5: aandre.luna ($3.62 in chips) 
Seat 6: INTIMIDATOR69 ($1.16 in chips) 
Seat 7: Dorex2007 ($2.08 in chips) 
Seat 8: VBotelhov ($0.86 in chips) 
Seat 9: VANVIGA ($2.57 in chips) 
netcountry: posts small blind $0.01
aandre.luna: posts big blind $0.02
*** HOLE CARDS ***
Dealt to Dorex2007 [Ks Jh]
INTIMIDATOR69: folds 
Dorex2007: folds 
VBotelhov has timed out
VBotelhov: folds 
VANVIGA: raises $0.04 to $0.06
Dr. JMFL: folds 
Om@rx7: folds 
TornadeoJim: folds 
netcountry: folds 
aandre.luna: folds 
Uncalled bet ($0.04) returned to VANVIGA
netcountry leaves the table
VANVIGA collected $0.05 from pot
*** SUMMARY ***
Total pot $0.05 | Rake $0 
Seat 1: Dr. JMFL folded before Flop (didn't bet)
Seat 2: Om@rx7 folded before Flop (didn't bet)
Seat 3: TornadeoJim (button) folded before Flop (didn't bet)
Seat 4: netcountry (small blind) folded before Flop
Seat 5: aandre.luna (big blind) folded before Flop
Seat 6: INTIMIDATOR69 folded before Flop (didn't bet)
Seat 7: Dorex2007 folded before Flop (didn't bet)
Seat 8: VBotelhov folded before Flop (didn't bet)
Seat 9: VANVIGA collected ($0.05)



PokerStars Hand #237346272075:  Hold'em No Limit ($0.01/$0.02 USD) - 2022/07/13 19:11:39 PT [2022/07/13 22:11:39 ET]
Table 'Tinette IV' 9-max Seat #5 is the button
Seat 1: Dr. JMFL ($0.75 in chips) 
Seat 2: Om@rx7 ($2.64 in chips) 
Seat 3: TornadeoJim ($1.96 in chips) 
Seat 5: aandre.luna ($3.60 in chips) 
Seat 6: INTIMIDATOR69 ($1.16 in chips) 
Seat 7: Dorex2007 ($2.08 in chips) 
Seat 8: VBotelhov ($0.86 in chips) 
Seat 9: VANVIGA ($2.60 in chips) 
INTIMIDATOR69: posts small blind $0.01
Dorex2007: posts big blind $0.02
*** HOLE CARDS ***
Dealt to Dorex2007 [Ts 9s]
VBotelhov: folds 
VANVIGA: folds 
Dr. JMFL: folds 
Om@rx7: folds 
TornadeoJim: folds 
aandre.luna: calls $0.02
INTIMIDATOR69: calls $0.01
Dorex2007: checks 
*** FLOP *** [4h 6h Js]
INTIMIDATOR69: checks 
Dorex2007: checks 
aandre.luna: bets $0.04
INTIMIDATOR69: folds 
LeoMorais82 joins the table at seat #4 
Dorex2007: calls $0.04
*** TURN *** [4h 6h Js] [7d]
Dorex2007: checks 
aandre.luna: checks 
*** RIVER *** [4h 6h Js 7d] [Jh]
Dorex2007: bets $0.07
aandre.luna: calls $0.07
*** SHOW DOWN ***
Dorex2007: shows [Ts 9s] (a pair of Jacks)
aandre.luna: shows [4c Ad] (two pair, Jacks and Fours)
aandre.luna collected $0.27 from pot
*** SUMMARY ***
Total pot $0.28 | Rake $0.01 
Board [4h 6h Js 7d Jh]
Seat 1: Dr. JMFL folded before Flop (didn't bet)
Seat 2: Om@rx7 folded before Flop (didn't bet)
Seat 3: TornadeoJim folded before Flop (didn't bet)
Seat 5: aandre.luna (button) showed [4c Ad] and won ($0.27) with two pair, Jacks and Fours
Seat 6: INTIMIDATOR69 (small blind) folded on the Flop
Seat 7: Dorex2007 (big blind) showed [Ts 9s] and lost with a pair of Jacks
Seat 8: VBotelhov folded before Flop (didn't bet)
Seat 9: VANVIGA folded before Flop (didn't bet)



PokerStars Hand #237346283613:  Hold'em No Limit ($0.01/$0.02 USD) - 2022/07/13 19:12:41 PT [2022/07/13 22:12:41 ET]
Table 'Tinette IV' 9-max Seat #6 is the button
Seat 1: Dr. JMFL ($0.75 in chips) 
Seat 2: Om@rx7 ($2.64 in chips) 
Seat 3: TornadeoJim ($1.96 in chips) 
Seat 5: aandre.luna ($3.74 in chips) 
Seat 6: INTIMIDATOR69 ($1.14 in chips) 
Seat 7: Dorex2007 ($2 in chips) 
Seat 8: VBotelhov ($0.86 in chips) 
Seat 9: VANVIGA ($2.60 in chips) 
Dorex2007: posts small blind $0.01
VBotelhov: posts big blind $0.02
LeoMorais82: sits out 
*** HOLE CARDS ***
Dealt to Dorex2007 [Js 2s]
VANVIGA: folds 
Dr. JMFL: folds 
Om@rx7: folds 
TornadeoJim: folds 
aandre.luna: folds 
INTIMIDATOR69: calls $0.02
Dorex2007: calls $0.01
VBotelhov: raises $0.04 to $0.06
INTIMIDATOR69: calls $0.04
Dorex2007: calls $0.04
*** FLOP *** [8h Jh Ks]
Dorex2007: checks 
VBotelhov: bets $0.06
INTIMIDATOR69: raises $0.29 to $0.35
Dorex2007: folds 
VBotelhov: folds 
Uncalled bet ($0.29) returned to INTIMIDATOR69
INTIMIDATOR69 collected $0.29 from pot
*** SUMMARY ***
Total pot $0.30 | Rake $0.01 
Board [8h Jh Ks]
Seat 1: Dr. JMFL folded before Flop (didn't bet)
Seat 2: Om@rx7 folded before Flop (didn't bet)
Seat 3: TornadeoJim folded before Flop (didn't bet)
Seat 5: aandre.luna folded before Flop (didn't bet)
Seat 6: INTIMIDATOR69 (button) collected ($0.29)
Seat 7: Dorex2007 (small blind) folded on the Flop
Seat 8: VBotelhov (big blind) folded on the Flop
Seat 9: VANVIGA folded before Flop (didn't bet)



PokerStars Hand #237346292851:  Hold'em No Limit ($0.01/$0.02 USD) - 2022/07/13 19:13:32 PT [2022/07/13 22:13:32 ET]
Table 'Tinette IV' 9-max Seat #7 is the button
Seat 1: Dr. JMFL ($0.75 in chips) 
Seat 2: Om@rx7 ($2.64 in chips) 
Seat 3: TornadeoJim ($1.96 in chips) 
Seat 5: aandre.luna ($3.74 in chips) 
Seat 6: INTIMIDATOR69 ($1.31 in chips) 
Seat 7: Dorex2007 ($2 in chips) 
Seat 8: VBotelhov ($0.74 in chips) 
Seat 9: VANVIGA ($2.60 in chips) 
VBotelhov: posts small blind $0.01
VANVIGA: posts big blind $0.02
LeoMorais82: sits out 
*** HOLE CARDS ***
Dealt to Dorex2007 [Jc 2d]
Dr. JMFL: folds 
Om@rx7: calls $0.02
TornadeoJim: folds 
aandre.luna: folds 
INTIMIDATOR69: folds 
Dorex2007: folds 
VBotelhov: calls $0.01
VANVIGA: checks 
*** FLOP *** [2c 4s 5h]
VBotelhov: checks 
VANVIGA: checks 
Om@rx7: checks 
*** TURN *** [2c 4s 5h] [Qs]
VBotelhov: checks 
VANVIGA: checks 
Om@rx7: bets $0.02
VBotelhov: folds 
VANVIGA: folds 
Uncalled bet ($0.02) returned to Om@rx7
Om@rx7 collected $0.06 from pot
*** SUMMARY ***
Total pot $0.06 | Rake $0 
Board [2c 4s 5h Qs]
Seat 1: Dr. JMFL folded before Flop (didn't bet)
Seat 2: Om@rx7 collected ($0.06)
Seat 3: TornadeoJim folded before Flop (didn't bet)
Seat 5: aandre.luna folded before Flop (didn't bet)
Seat 6: INTIMIDATOR69 folded before Flop (didn't bet)
Seat 7: Dorex2007 (button) folded before Flop (didn't bet)
Seat 8: VBotelhov (small blind) folded on the Turn
Seat 9: VANVIGA (big blind) folded on the Turn



PokerStars Hand #237346307395:  Hold'em No Limit ($0.01/$0.02 USD) - 2022/07/13 19:14:51 PT [2022/07/13 22:14:51 ET]
Table 'Tinette IV' 9-max Seat #8 is the button
Seat 1: Dr. JMFL ($0.75 in chips) 
Seat 2: Om@rx7 ($2.68 in chips) 
Seat 3: TornadeoJim ($1.96 in chips) 
Seat 5: aandre.luna ($3.74 in chips) 
Seat 6: INTIMIDATOR69 ($1.31 in chips) 
Seat 7: Dorex2007 ($2 in chips) 
Seat 8: VBotelhov ($0.72 in chips) 
Seat 9: VANVIGA ($2.58 in chips) 
VANVIGA: posts small blind $0.01
Dr. JMFL: posts big blind $0.02
LeoMorais82: sits out 
*** HOLE CARDS ***
Dealt to Dorex2007 [5c Th]
Om@rx7: folds 
TornadeoJim: folds 
aandre.luna: folds 
INTIMIDATOR69: calls $0.02
Dorex2007: folds 
VBotelhov: folds 
VANVIGA: calls $0.01
Dr. JMFL: checks 
*** FLOP *** [7s Ts 2d]
VANVIGA: checks 
Dr. JMFL: checks 
INTIMIDATOR69: checks 
*** TURN *** [7s Ts 2d] [4d]
VANVIGA: bets $0.04
Dr. JMFL: folds 
INTIMIDATOR69: folds 
Uncalled bet ($0.04) returned to VANVIGA
VANVIGA collected $0.06 from pot
*** SUMMARY ***
Total pot $0.06 | Rake $0 
Board [7s Ts 2d 4d]
Seat 1: Dr. JMFL (big blind) folded on the Turn
Seat 2: Om@rx7 folded before Flop (didn't bet)
Seat 3: TornadeoJim folded before Flop (didn't bet)
Seat 5: aandre.luna folded before Flop (didn't bet)
Seat 6: INTIMIDATOR69 folded on the Turn
Seat 7: Dorex2007 folded before Flop (didn't bet)
Seat 8: VBotelhov (button) folded before Flop (didn't bet)
Seat 9: VANVIGA (small blind) collected ($0.06)



PokerStars Hand #237346316619:  Hold'em No Limit ($0.01/$0.02 USD) - 2022/07/13 19:15:41 PT [2022/07/13 22:15:41 ET]
Table 'Tinette IV' 9-max Seat #9 is the button
Seat 1: Dr. JMFL ($0.73 in chips) 
Seat 2: Om@rx7 ($2.68 in chips) 
Seat 3: TornadeoJim ($1.96 in chips) 
Seat 5: aandre.luna ($3.74 in chips) 
Seat 6: INTIMIDATOR69 ($1.29 in chips) 
Seat 7: Dorex2007 ($2 in chips) 
Seat 8: VBotelhov ($0.72 in chips) 
Seat 9: VANVIGA ($2.62 in chips) 
Dr. JMFL: posts small blind $0.01
Om@rx7: posts big blind $0.02
LeoMorais82: sits out 
*** HOLE CARDS ***
Dealt to Dorex2007 [2s 8c]
TornadeoJim: calls $0.02
aandre.luna: raises $0.04 to $0.06
INTIMIDATOR69: folds 
Dorex2007: folds 
VBotelhov: raises $0.66 to $0.72 and is all-in
VANVIGA: folds 
Dr. JMFL: folds 
Om@rx7: folds 
TornadeoJim: folds 
aandre.luna: calls $0.66
*** FLOP *** [7c Qs 4c]
*** TURN *** [7c Qs 4c] [Ks]
*** RIVER *** [7c Qs 4c Ks] [Th]
*** SHOW DOWN ***
aandre.luna: shows [Ad Kd] (a pair of Kings)
VBotelhov: shows [9s 9d] (a pair of Nines)
aandre.luna collected $1.44 from pot
*** SUMMARY ***
Total pot $1.49 | Rake $0.05 
Board [7c Qs 4c Ks Th]
Seat 1: Dr. JMFL (small blind) folded before Flop
Seat 2: Om@rx7 (big blind) folded before Flop
Seat 3: TornadeoJim folded before Flop
Seat 5: aandre.luna showed [Ad Kd] and won ($1.44) with a pair of Kings
Seat 6: INTIMIDATOR69 folded before Flop (didn't bet)
Seat 7: Dorex2007 folded before Flop (didn't bet)
Seat 8: VBotelhov showed [9s 9d] and lost with a pair of Nines
Seat 9: VANVIGA (button) folded before Flop (didn't bet)



PokerStars Hand #237346327543:  Hold'em No Limit ($0.01/$0.02 USD) - 2022/07/13 19:16:30 PT [2022/07/13 22:16:30 ET]
Table 'Tinette IV' 9-max Seat #1 is the button
Seat 1: Dr. JMFL ($0.72 in chips) 
Seat 2: Om@rx7 ($2.66 in chips) 
Seat 3: TornadeoJim ($1.94 in chips) 
Seat 5: aandre.luna ($4.46 in chips) 
Seat 7: Dorex2007 ($2 in chips) 
Seat 9: VANVIGA ($2.62 in chips) 
Om@rx7: posts small blind $0.01
TornadeoJim: posts big blind $0.02
LeoMorais82: sits out 
*** HOLE CARDS ***
Dealt to Dorex2007 [Kc 2s]
VBotelhov leaves the table
aandre.luna: folds 
Dorex2007: folds 
VANVIGA: folds 
woody2185498 joins the table at seat #8 
Dr. JMFL: raises $0.02 to $0.04
Om@rx7: folds 
TornadeoJim: folds 
Uncalled bet ($0.02) returned to Dr. JMFL
Dr. JMFL collected $0.05 from pot
*** SUMMARY ***
Total pot $0.05 | Rake $0 
Seat 1: Dr. JMFL (button) collected ($0.05)
Seat 2: Om@rx7 (small blind) folded before Flop
Seat 3: TornadeoJim (big blind) folded before Flop
Seat 5: aandre.luna folded before Flop (didn't bet)
Seat 7: Dorex2007 folded before Flop (didn't bet)
Seat 9: VANVIGA folded before Flop (didn't bet)



PokerStars Hand #237346332272:  Hold'em No Limit ($0.01/$0.02 USD) - 2022/07/13 19:16:56 PT [2022/07/13 22:16:56 ET]
Table 'Tinette IV' 9-max Seat #2 is the button
Seat 1: Dr. JMFL ($0.75 in chips) 
Seat 2: Om@rx7 ($2.65 in chips) 
Seat 3: TornadeoJim ($1.92 in chips) 
Seat 4: LeoMorais82 ($1 in chips) 
Seat 5: aandre.luna ($4.46 in chips) 
Seat 7: Dorex2007 ($2 in chips) 
Seat 9: VANVIGA ($2.62 in chips) 
TornadeoJim: posts small blind $0.01
LeoMorais82: posts big blind $0.02
woody2185498: sits out 
*** HOLE CARDS ***
Dealt to Dorex2007 [4c As]
aandre.luna: folds 
Dorex2007: folds 
VANVIGA: raises $0.04 to $0.06
woody2185498 leaves the table
Dr. JMFL: folds 
Om@rx7: folds 
TornadeoJim: calls $0.05
LeoMorais82: folds 
*** FLOP *** [9c 8h Tc]
aandre.luna leaves the table
TornadeoJim: checks 
VANVIGA: checks 
*** TURN *** [9c 8h Tc] [Ks]
ooreck joins the table at seat #8 
TornadeoJim: checks 
ooreck leaves the table
VANVIGA: bets $0.08
TornadeoJim: calls $0.08
*** RIVER *** [9c 8h Tc Ks] [2h]
TornadeoJim: checks 
VANVIGA: checks 
*** SHOW DOWN ***
TornadeoJim: shows [7h 7s] (a pair of Sevens)
VANVIGA: shows [Jd 9d] (a pair of Nines)
VANVIGA collected $0.29 from pot
*** SUMMARY ***
Total pot $0.30 | Rake $0.01 
Board [9c 8h Tc Ks 2h]
Seat 1: Dr. JMFL folded before Flop (didn't bet)
Seat 2: Om@rx7 (button) folded before Flop (didn't bet)
Seat 3: TornadeoJim (small blind) showed [7h 7s] and lost with a pair of Sevens
Seat 4: LeoMorais82 (big blind) folded before Flop
Seat 5: aandre.luna folded before Flop (didn't bet)
Seat 7: Dorex2007 folded before Flop (didn't bet)
Seat 9: VANVIGA showed [Jd 9d] and won ($0.29) with a pair of Nines



PokerStars Hand #237346345099:  Hold'em No Limit ($0.01/$0.02 USD) - 2022/07/13 19:18:06 PT [2022/07/13 22:18:06 ET]
Table 'Tinette IV' 9-max Seat #3 is the button
Seat 1: Dr. JMFL ($0.75 in chips) 
Seat 2: Om@rx7 ($2.65 in chips) 
Seat 3: TornadeoJim ($1.78 in chips) 
Seat 4: LeoMorais82 ($0.98 in chips) 
Seat 7: Dorex2007 ($2 in chips) 
Seat 9: VANVIGA ($2.77 in chips) 
LeoMorais82: posts small blind $0.01
Dorex2007: posts big blind $0.02
*** HOLE CARDS ***
Dealt to Dorex2007 [6c Qh]
VANVIGA: folds 
Dr. JMFL: folds 
Om@rx7: folds 
TornadeoJim: folds 
LeoMorais82: calls $0.01
Dorex2007: checks 
*** FLOP *** [4s Jh 7h]
LeoMorais82: checks 
Dorex2007: checks 
*** TURN *** [4s Jh 7h] [Jc]
LeoMorais82: bets $0.02
Dorex2007: folds 
Uncalled bet ($0.02) returned to LeoMorais82
LeoMorais82 collected $0.04 from pot
*** SUMMARY ***
Total pot $0.04 | Rake $0 
Board [4s Jh 7h Jc]
Seat 1: Dr. JMFL folded before Flop (didn't bet)
Seat 2: Om@rx7 folded before Flop (didn't bet)
Seat 3: TornadeoJim (button) folded before Flop (didn't bet)
Seat 4: LeoMorais82 (small blind) collected ($0.04)
Seat 7: Dorex2007 (big blind) folded on the Turn
Seat 9: VANVIGA folded before Flop (didn't bet)



PokerStars Hand #237346352979:  Hold'em No Limit ($0.01/$0.02 USD) - 2022/07/13 19:18:50 PT [2022/07/13 22:18:50 ET]
Table 'Tinette IV' 9-max Seat #4 is the button
Seat 1: Dr. JMFL ($0.75 in chips) 
Seat 2: Om@rx7 ($2.65 in chips) 
Seat 3: TornadeoJim ($1.78 in chips) 
Seat 4: LeoMorais82 ($1 in chips) 
Seat 7: Dorex2007 ($2 in chips) 
Seat 9: VANVIGA ($2.77 in chips) 
Dorex2007: posts small blind $0.01
VANVIGA: posts big blind $0.02
*** HOLE CARDS ***
Dealt to Dorex2007 [5c 2c]
Dr. JMFL: folds 
Om@rx7: calls $0.02
TornadeoJim: folds 
LeoMorais82: folds 
Dorex2007: calls $0.01
VANVIGA: checks 
*** FLOP *** [Ac 3s 8d]
Dorex2007: checks 
VANVIGA: checks 
Om@rx7: checks 
*** TURN *** [Ac 3s 8d] [Qd]
Dorex2007: checks 
VANVIGA: checks 
Om@rx7: checks 
*** RIVER *** [Ac 3s 8d Qd] [Th]
Dorex2007: checks 
VANVIGA: checks 
Om@rx7: checks 
*** SHOW DOWN ***
Dorex2007: shows [5c 2c] (high card Ace)
VANVIGA: shows [8s 4c] (a pair of Eights)
Om@rx7: mucks hand 
VANVIGA collected $0.06 from pot
*** SUMMARY ***
Total pot $0.06 | Rake $0 
Board [Ac 3s 8d Qd Th]
Seat 1: Dr. JMFL folded before Flop (didn't bet)
Seat 2: Om@rx7 mucked [3d 6d]
Seat 3: TornadeoJim folded before Flop (didn't bet)
Seat 4: LeoMorais82 (button) folded before Flop (didn't bet)
Seat 7: Dorex2007 (small blind) showed [5c 2c] and lost with high card Ace
Seat 9: VANVIGA (big blind) showed [8s 4c] and won ($0.06) with a pair of Eights



PokerStars Hand #237346362572:  Hold'em No Limit ($0.01/$0.02 USD) - 2022/07/13 19:19:43 PT [2022/07/13 22:19:43 ET]
Table 'Tinette IV' 9-max Seat #7 is the button
Seat 1: Dr. JMFL ($0.75 in chips) 
Seat 2: Om@rx7 ($2.63 in chips) 
Seat 3: TornadeoJim ($1.78 in chips) 
Seat 4: LeoMorais82 ($1 in chips) 
Seat 7: Dorex2007 ($2 in chips) 
Seat 9: VANVIGA ($2.81 in chips) 
VANVIGA: posts small blind $0.01
Dr. JMFL: posts big blind $0.02
*** HOLE CARDS ***
Dealt to Dorex2007 [3h Th]
Om@rx7: calls $0.02
TornadeoJim: calls $0.02
LeoMorais82: folds 
Dorex2007: folds 
VANVIGA: calls $0.01
Dr. JMFL: checks 
*** FLOP *** [7d Kc 7c]
VANVIGA: checks 
Dr. JMFL: checks 
Om@rx7: checks 
TornadeoJim: checks 
*** TURN *** [7d Kc 7c] [Jc]
VANVIGA: checks 
Dr. JMFL: bets $0.08
Om@rx7: folds 
TornadeoJim: folds 
VANVIGA: folds 
Uncalled bet ($0.08) returned to Dr. JMFL
Dr. JMFL collected $0.08 from pot
*** SUMMARY ***
Total pot $0.08 | Rake $0 
Board [7d Kc 7c Jc]
Seat 1: Dr. JMFL (big blind) collected ($0.08)
Seat 2: Om@rx7 folded on the Turn
Seat 3: TornadeoJim folded on the Turn
Seat 4: LeoMorais82 folded before Flop (didn't bet)
Seat 7: Dorex2007 (button) folded before Flop (didn't bet)
Seat 9: VANVIGA (small blind) folded on the Turn



PokerStars Hand #237346380476:  Hold'em No Limit ($0.01/$0.02 USD) - 2022/07/13 19:20:48 PT [2022/07/13 22:20:48 ET]
Table 'Tinette IV' 9-max Seat #9 is the button
Seat 1: Dr. JMFL ($0.81 in chips) 
Seat 2: Om@rx7 ($2.61 in chips) 
Seat 3: TornadeoJim ($1.76 in chips) 
Seat 4: LeoMorais82 ($1 in chips) 
Seat 7: Dorex2007 ($2 in chips) 
Seat 9: VANVIGA ($2.79 in chips) 
Dr. JMFL: posts small blind $0.01
Om@rx7: posts big blind $0.02
*** HOLE CARDS ***
Dealt to Dorex2007 [Ks 5s]
TornadeoJim: folds 
LeoMorais82: calls $0.02
Dorex2007: calls $0.02
VANVIGA: folds 
Dr. JMFL: folds 
Om@rx7: checks 
*** FLOP *** [3h Qd 7h]
Om@rx7: checks 
LeoMorais82: bets $0.03
Dorex2007: folds 
Om@rx7: folds 
Uncalled bet ($0.03) returned to LeoMorais82
LeoMorais82 collected $0.07 from pot
*** SUMMARY ***
Total pot $0.07 | Rake $0 
Board [3h Qd 7h]
Seat 1: Dr. JMFL (small blind) folded before Flop
Seat 2: Om@rx7 (big blind) folded on the Flop
Seat 3: TornadeoJim folded before Flop (didn't bet)
Seat 4: LeoMorais82 collected ($0.07)
Seat 7: Dorex2007 folded on the Flop
Seat 9: VANVIGA (button) folded before Flop (didn't bet)



PokerStars Hand #237346386482:  Hold'em No Limit ($0.01/$0.02 USD) - 2022/07/13 19:21:22 PT [2022/07/13 22:21:22 ET]
Table 'Tinette IV' 9-max Seat #1 is the button
Seat 1: Dr. JMFL ($0.80 in chips) 
Seat 2: Om@rx7 ($2.59 in chips) 
Seat 3: TornadeoJim ($1.76 in chips) 
Seat 4: LeoMorais82 ($1.05 in chips) 
Seat 7: Dorex2007 ($2 in chips) 
Seat 9: VANVIGA ($2.79 in chips) 
Om@rx7: posts small blind $0.01
TornadeoJim: posts big blind $0.02
*** HOLE CARDS ***
Dealt to Dorex2007 [2d 9d]
LeoMorais82: folds 
Dorex2007: folds 
VANVIGA: folds 
Dr. JMFL: folds 
Om@rx7: folds 
Uncalled bet ($0.01) returned to TornadeoJim
TornadeoJim collected $0.02 from pot
*** SUMMARY ***
Total pot $0.02 | Rake $0 
Seat 1: Dr. JMFL (button) folded before Flop (didn't bet)
Seat 2: Om@rx7 (small blind) folded before Flop
Seat 3: TornadeoJim (big blind) collected ($0.02)
Seat 4: LeoMorais82 folded before Flop (didn't bet)
Seat 7: Dorex2007 folded before Flop (didn't bet)
Seat 9: VANVIGA folded before Flop (didn't bet)



PokerStars Hand #237346389239:  Hold'em No Limit ($0.01/$0.02 USD) - 2022/07/13 19:21:37 PT [2022/07/13 22:21:37 ET]
Table 'Tinette IV' 9-max Seat #2 is the button
Seat 1: Dr. JMFL ($0.80 in chips) 
Seat 2: Om@rx7 ($2.58 in chips) 
Seat 3: TornadeoJim ($1.77 in chips) 
Seat 4: LeoMorais82 ($1.05 in chips) 
Seat 7: Dorex2007 ($2 in chips) 
Seat 9: VANVIGA ($2.79 in chips) 
TornadeoJim: posts small blind $0.01
LeoMorais82: posts big blind $0.02
*** HOLE CARDS ***
Dealt to Dorex2007 [Th 2d]
Dorex2007: folds 
VANVIGA: folds 
Dr. JMFL: folds 
Om@rx7: folds 
TornadeoJim: raises $0.14 to $0.16
LeoMorais82: folds 
Uncalled bet ($0.14) returned to TornadeoJim
TornadeoJim collected $0.04 from pot
*** SUMMARY ***
Total pot $0.04 | Rake $0 
Seat 1: Dr. JMFL folded before Flop (didn't bet)
Seat 2: Om@rx7 (button) folded before Flop (didn't bet)
Seat 3: TornadeoJim (small blind) collected ($0.04)
Seat 4: LeoMorais82 (big blind) folded before Flop
Seat 7: Dorex2007 folded before Flop (didn't bet)
Seat 9: VANVIGA folded before Flop (didn't bet)



PokerStars Hand #237346395388:  Hold'em No Limit ($0.01/$0.02 USD) - 2022/07/13 19:22:11 PT [2022/07/13 22:22:11 ET]
Table 'Tinette IV' 9-max Seat #3 is the button
Seat 1: Dr. JMFL ($0.80 in chips) 
Seat 2: Om@rx7 ($2.58 in chips) 
Seat 3: TornadeoJim ($1.79 in chips) 
Seat 4: LeoMorais82 ($1.03 in chips) 
Seat 7: Dorex2007 ($2 in chips) 
Seat 9: VANVIGA ($2.79 in chips) 
LeoMorais82: posts small blind $0.01
Dorex2007: posts big blind $0.02
*** HOLE CARDS ***
Dealt to Dorex2007 [6d Qs]
VANVIGA: folds 
Dr. JMFL: calls $0.02
Om@rx7: folds 
TornadeoJim: folds 
chacalay1 joins the table at seat #5 
LeoMorais82: calls $0.01
Dorex2007: checks 
*** FLOP *** [2d 7s 7h]
LeoMorais82: checks 
Dorex2007: checks 
Dr. JMFL: checks 
*** TURN *** [2d 7s 7h] [4h]
LeoMorais82: checks 
Dorex2007: checks 
Dr. JMFL: bets $0.08
LeoMorais82: folds 
Dorex2007: folds 
Uncalled bet ($0.08) returned to Dr. JMFL
Dr. JMFL collected $0.06 from pot
*** SUMMARY ***
Total pot $0.06 | Rake $0 
Board [2d 7s 7h 4h]
Seat 1: Dr. JMFL collected ($0.06)
Seat 2: Om@rx7 folded before Flop (didn't bet)
Seat 3: TornadeoJim (button) folded before Flop (didn't bet)
Seat 4: LeoMorais82 (small blind) folded on the Turn
Seat 7: Dorex2007 (big blind) folded on the Turn
Seat 9: VANVIGA folded before Flop (didn't bet)



PokerStars Hand #237346408819:  Hold'em No Limit ($0.01/$0.02 USD) - 2022/07/13 19:23:26 PT [2022/07/13 22:23:26 ET]
Table 'Tinette IV' 9-max Seat #4 is the button
Seat 1: Dr. JMFL ($0.84 in chips) 
Seat 2: Om@rx7 ($2.58 in chips) 
Seat 3: TornadeoJim ($1.79 in chips) 
Seat 4: LeoMorais82 ($1.01 in chips) 
Seat 7: Dorex2007 ($2 in chips) 
Seat 9: VANVIGA ($2.79 in chips) 
Dorex2007: posts small blind $0.01
VANVIGA: posts big blind $0.02
*** HOLE CARDS ***
Dealt to Dorex2007 [5c Jd]
Dr. JMFL: folds 
Om@rx7: folds 
Cowboydopokers joins the table at seat #8 
TornadeoJim: folds 
LeoMorais82: folds 
Dorex2007: folds 
Uncalled bet ($0.01) returned to VANVIGA
VANVIGA collected $0.02 from pot
*** SUMMARY ***
Total pot $0.02 | Rake $0 
Seat 1: Dr. JMFL folded before Flop (didn't bet)
Seat 2: Om@rx7 folded before Flop (didn't bet)
Seat 3: TornadeoJim folded before Flop (didn't bet)
Seat 4: LeoMorais82 (button) folded before Flop (didn't bet)
Seat 7: Dorex2007 (small blind) folded before Flop
Seat 9: VANVIGA (big blind) collected ($0.02)



PokerStars Hand #237346412628:  Hold'em No Limit ($0.01/$0.02 USD) - 2022/07/13 19:23:47 PT [2022/07/13 22:23:47 ET]
Table 'Tinette IV' 9-max Seat #7 is the button
Seat 1: Dr. JMFL ($0.84 in chips) 
Seat 2: Om@rx7 ($2.58 in chips) 
Seat 3: TornadeoJim ($1.79 in chips) 
Seat 4: LeoMorais82 ($1.01 in chips) 
Seat 7: Dorex2007 ($2 in chips) 
Seat 9: VANVIGA ($2.80 in chips) 
VANVIGA: posts small blind $0.01
Dr. JMFL: posts big blind $0.02
chacalay1: sits out 
*** HOLE CARDS ***
Dealt to Dorex2007 [3s Jd]
Om@rx7: folds 
TornadeoJim: folds 
LeoMorais82: raises $0.02 to $0.04
Dorex2007: folds 
VANVIGA: folds 
Dr. JMFL: folds 
Uncalled bet ($0.02) returned to LeoMorais82
LeoMorais82 collected $0.05 from pot
*** SUMMARY ***
Total pot $0.05 | Rake $0 
Seat 1: Dr. JMFL (big blind) folded before Flop
Seat 2: Om@rx7 folded before Flop (didn't bet)
Seat 3: TornadeoJim folded before Flop (didn't bet)
Seat 4: LeoMorais82 collected ($0.05)
Seat 7: Dorex2007 (button) folded before Flop (didn't bet)
Seat 9: VANVIGA (small blind) folded before Flop



PokerStars Hand #237346416193:  Hold'em No Limit ($0.01/$0.02 USD) - 2022/07/13 19:24:07 PT [2022/07/13 22:24:07 ET]
Table 'Tinette IV' 9-max Seat #9 is the button
Seat 1: Dr. JMFL ($0.82 in chips) 
Seat 2: Om@rx7 ($2.58 in chips) 
Seat 3: TornadeoJim ($1.79 in chips) 
Seat 4: LeoMorais82 ($1.04 in chips) 
Seat 7: Dorex2007 ($2 in chips) 
Seat 8: Cowboydopokers ($1.15 in chips) 
Seat 9: VANVIGA ($2.79 in chips) 
Dr. JMFL: posts small blind $0.01
Om@rx7: posts big blind $0.02
chacalay1: sits out 
Cowboydopokers: posts big blind $0.02
*** HOLE CARDS ***
Dealt to Dorex2007 [5s Ac]
TornadeoJim: folds 
LeoMorais82: folds 
Dorex2007: folds 
Cowboydopokers: raises $0.04 to $0.06
VANVIGA: folds 
Dr. JMFL: calls $0.05
Om@rx7: folds 
*** FLOP *** [8s Jc 3d]
Dr. JMFL: checks 
Cowboydopokers: checks 
*** TURN *** [8s Jc 3d] [5c]
Dr. JMFL: bets $0.14
Cowboydopokers: raises $0.16 to $0.30
Dr. JMFL: folds 
Uncalled bet ($0.16) returned to Cowboydopokers
Cowboydopokers collected $0.41 from pot
*** SUMMARY ***
Total pot $0.42 | Rake $0.01 
Board [8s Jc 3d 5c]
Seat 1: Dr. JMFL (small blind) folded on the Turn
Seat 2: Om@rx7 (big blind) folded before Flop
Seat 3: TornadeoJim folded before Flop (didn't bet)
Seat 4: LeoMorais82 folded before Flop (didn't bet)
Seat 7: Dorex2007 folded before Flop (didn't bet)
Seat 8: Cowboydopokers collected ($0.41)
Seat 9: VANVIGA (button) folded before Flop (didn't bet)



PokerStars Hand #237346426388:  Hold'em No Limit ($0.01/$0.02 USD) - 2022/07/13 19:25:05 PT [2022/07/13 22:25:05 ET]
Table 'Tinette IV' 9-max Seat #1 is the button
Seat 1: Dr. JMFL ($0.62 in chips) 
Seat 2: Om@rx7 ($2.56 in chips) 
Seat 3: TornadeoJim ($1.79 in chips) 
Seat 4: LeoMorais82 ($1.04 in chips) 
Seat 7: Dorex2007 ($2 in chips) 
Seat 8: Cowboydopokers ($1.36 in chips) 
Seat 9: VANVIGA ($2.79 in chips) 
Om@rx7: posts small blind $0.01
TornadeoJim: posts big blind $0.02
chacalay1: sits out 
*** HOLE CARDS ***
Dealt to Dorex2007 [5d Kc]
LeoMorais82: folds 
Dorex2007: folds 
Cowboydopokers: calls $0.02
VANVIGA: folds 
Dr. JMFL: calls $0.02
Om@rx7: calls $0.01
TornadeoJim: checks 
*** FLOP *** [2c 6s 7s]
Om@rx7: checks 
TornadeoJim: checks 
Cowboydopokers: checks 
Dr. JMFL: checks 
*** TURN *** [2c 6s 7s] [Qd]
Om@rx7: checks 
TornadeoJim: bets $0.02
Cowboydopokers: folds 
Dr. JMFL: folds 
Om@rx7: folds 
Uncalled bet ($0.02) returned to TornadeoJim
TornadeoJim collected $0.08 from pot
*** SUMMARY ***
Total pot $0.08 | Rake $0 
Board [2c 6s 7s Qd]
Seat 1: Dr. JMFL (button) folded on the Turn
Seat 2: Om@rx7 (small blind) folded on the Turn
Seat 3: TornadeoJim (big blind) collected ($0.08)
Seat 4: LeoMorais82 folded before Flop (didn't bet)
Seat 7: Dorex2007 folded before Flop (didn't bet)
Seat 8: Cowboydopokers folded on the Turn
Seat 9: VANVIGA folded before Flop (didn't bet)



PokerStars Hand #237346437135:  Hold'em No Limit ($0.01/$0.02 USD) - 2022/07/13 19:26:05 PT [2022/07/13 22:26:05 ET]
Table 'Tinette IV' 9-max Seat #2 is the button
Seat 1: Dr. JMFL ($0.60 in chips) 
Seat 2: Om@rx7 ($2.54 in chips) 
Seat 3: TornadeoJim ($1.85 in chips) 
Seat 4: LeoMorais82 ($1.04 in chips) 
Seat 7: Dorex2007 ($2 in chips) 
Seat 8: Cowboydopokers ($1.34 in chips) 
Seat 9: VANVIGA ($2.79 in chips) 
TornadeoJim: posts small blind $0.01
LeoMorais82: posts big blind $0.02
chacalay1: sits out 
*** HOLE CARDS ***
Dealt to Dorex2007 [3d 2s]
Dorex2007: folds 
Cowboydopokers: calls $0.02
VANVIGA: folds 
Dr. JMFL: folds 
Om@rx7: folds 
TornadeoJim: calls $0.01
LeoMorais82: checks 
*** FLOP *** [Jc Qh 8s]
TornadeoJim: bets $0.22
LeoMorais82: folds 
Cowboydopokers: raises $1.10 to $1.32 and is all-in
TornadeoJim: calls $1.10
Cowboydopokers has timed out
*** TURN *** [Jc Qh 8s] [Kd]
*** RIVER *** [Jc Qh 8s Kd] [2c]
*** SHOW DOWN ***
TornadeoJim: shows [Ts 9d] (a straight, Nine to King)
Cowboydopokers: shows [Ad Qc] (a pair of Queens)
TornadeoJim collected $2.61 from pot
*** SUMMARY ***
Total pot $2.70 | Rake $0.09 
Board [Jc Qh 8s Kd 2c]
Seat 1: Dr. JMFL folded before Flop (didn't bet)
Seat 2: Om@rx7 (button) folded before Flop (didn't bet)
Seat 3: TornadeoJim (small blind) showed [Ts 9d] and won ($2.61) with a straight, Nine to King
Seat 4: LeoMorais82 (big blind) folded on the Flop
Seat 7: Dorex2007 folded before Flop (didn't bet)
Seat 8: Cowboydopokers showed [Ad Qc] and lost with a pair of Queens
Seat 9: VANVIGA folded before Flop (didn't bet)



PokerStars Hand #237346449273:  Hold'em No Limit ($0.01/$0.02 USD) - 2022/07/13 19:27:13 PT [2022/07/13 22:27:13 ET]
Table 'Tinette IV' 9-max Seat #3 is the button
Seat 1: Dr. JMFL ($0.60 in chips) 
Seat 2: Om@rx7 ($2.54 in chips) 
Seat 3: TornadeoJim ($3.12 in chips) 
Seat 4: LeoMorais82 ($1.02 in chips) 
Seat 5: chacalay1 ($2 in chips) 
Seat 7: Dorex2007 ($2 in chips) 
Seat 9: VANVIGA ($2.79 in chips) 
LeoMorais82: posts small blind $0.01
chacalay1: posts big blind $0.02
*** HOLE CARDS ***
Dealt to Dorex2007 [5s 4h]
Dorex2007: folds 
VANVIGA: folds 
Dr. JMFL: folds 
Om@rx7: folds 
Cowboydopokers leaves the table
TornadeoJim: folds 
LeoMorais82: calls $0.01
chacalay1: checks 
*** FLOP *** [Qc 4c 2h]
LeoMorais82: bets $0.02
chacalay1: calls $0.02
*** TURN *** [Qc 4c 2h] [Jc]
LeoMorais82: bets $0.02
chacalay1: calls $0.02
*** RIVER *** [Qc 4c 2h Jc] [6c]
LeoMorais82: bets $0.12
chacalay1: folds 
Uncalled bet ($0.12) returned to LeoMorais82
LeoMorais82 collected $0.12 from pot
*** SUMMARY ***
Total pot $0.12 | Rake $0 
Board [Qc 4c 2h Jc 6c]
Seat 1: Dr. JMFL folded before Flop (didn't bet)
Seat 2: Om@rx7 folded before Flop (didn't bet)
Seat 3: TornadeoJim (button) folded before Flop (didn't bet)
Seat 4: LeoMorais82 (small blind) collected ($0.12)
Seat 5: chacalay1 (big blind) folded on the River
Seat 7: Dorex2007 folded before Flop (didn't bet)
Seat 9: VANVIGA folded before Flop (didn't bet)



PokerStars Hand #237346460238:  Hold'em No Limit ($0.01/$0.02 USD) - 2022/07/13 19:28:15 PT [2022/07/13 22:28:15 ET]
Table 'Tinette IV' 9-max Seat #4 is the button
Seat 1: Dr. JMFL ($0.60 in chips) 
Seat 2: Om@rx7 ($2.54 in chips) 
Seat 3: TornadeoJim ($3.12 in chips) 
Seat 4: LeoMorais82 ($1.08 in chips) 
Seat 5: chacalay1 ($2 in chips) 
Seat 7: Dorex2007 ($2 in chips) 
Seat 9: VANVIGA ($2.79 in chips) 
chacalay1: posts small blind $0.01
Dorex2007: posts big blind $0.02
*** HOLE CARDS ***
Dealt to Dorex2007 [2c Kc]
VANVIGA: folds 
Dr. JMFL: folds 
Om@rx7: calls $0.02
TornadeoJim: folds 
LeoMorais82: calls $0.02
chacalay1: folds 
Dorex2007: checks 
*** FLOP *** [6c 3c 4s]
Dorex2007: checks 
Cowboydopokers joins the table at seat #8 
Om@rx7: checks 
LeoMorais82: checks 
*** TURN *** [6c 3c 4s] [6s]
Dorex2007: bets $0.04
Om@rx7: folds 
LeoMorais82: folds 
Uncalled bet ($0.04) returned to Dorex2007
Dorex2007 collected $0.07 from pot
*** SUMMARY ***
Total pot $0.07 | Rake $0 
Board [6c 3c 4s 6s]
Seat 1: Dr. JMFL folded before Flop (didn't bet)
Seat 2: Om@rx7 folded on the Turn
Seat 3: TornadeoJim folded before Flop (didn't bet)
Seat 4: LeoMorais82 (button) folded on the Turn
Seat 5: chacalay1 (small blind) folded before Flop
Seat 7: Dorex2007 (big blind) collected ($0.07)
Seat 9: VANVIGA folded before Flop (didn't bet)



PokerStars Hand #237346468540:  Hold'em No Limit ($0.01/$0.02 USD) - 2022/07/13 19:29:02 PT [2022/07/13 22:29:02 ET]
Table 'Tinette IV' 9-max Seat #5 is the button
Seat 1: Dr. JMFL ($0.60 in chips) 
Seat 2: Om@rx7 ($2.52 in chips) 
Seat 3: TornadeoJim ($3.12 in chips) 
Seat 4: LeoMorais82 ($1.06 in chips) 
Seat 5: chacalay1 ($2 in chips) 
Seat 7: Dorex2007 ($2.05 in chips) 
Seat 8: Cowboydopokers ($1.20 in chips) 
Seat 9: VANVIGA ($2.79 in chips) 
Dorex2007: posts small blind $0.01
Cowboydopokers: posts big blind $0.02
*** HOLE CARDS ***
Dealt to Dorex2007 [3h 3d]
VANVIGA: folds 
Dr. JMFL: raises $0.04 to $0.06
Om@rx7: folds 
TornadeoJim: folds 
LeoMorais82: folds 
chacalay1: raises $0.12 to $0.18
Dorex2007: folds 
Cowboydopokers: calls $0.16
Dr. JMFL: calls $0.12
*** FLOP *** [7s Ah Tc]
Cowboydopokers: bets $0.53
Dr. JMFL: folds 
chacalay1: calls $0.53
*** TURN *** [7s Ah Tc] [Jh]
Cowboydopokers: bets $0.49 and is all-in
chacalay1: calls $0.49
*** RIVER *** [7s Ah Tc Jh] [5h]
*** SHOW DOWN ***
Cowboydopokers: shows [Ac 2c] (a pair of Aces)
chacalay1: shows [Th Ts] (three of a kind, Tens)
chacalay1 collected $2.50 from pot
*** SUMMARY ***
Total pot $2.59 | Rake $0.09 
Board [7s Ah Tc Jh 5h]
Seat 1: Dr. JMFL folded on the Flop
Seat 2: Om@rx7 folded before Flop (didn't bet)
Seat 3: TornadeoJim folded before Flop (didn't bet)
Seat 4: LeoMorais82 folded before Flop (didn't bet)
Seat 5: chacalay1 (button) showed [Th Ts] and won ($2.50) with three of a kind, Tens
Seat 7: Dorex2007 (small blind) folded before Flop
Seat 8: Cowboydopokers (big blind) showed [Ac 2c] and lost with a pair of Aces
Seat 9: VANVIGA folded before Flop (didn't bet)



PokerStars Hand #237346485843:  Hold'em No Limit ($0.01/$0.02 USD) - 2022/07/13 19:30:11 PT [2022/07/13 22:30:11 ET]
Table 'Tinette IV' 9-max Seat #7 is the button
Seat 1: Dr. JMFL ($0.42 in chips) 
Seat 2: Om@rx7 ($2.52 in chips) 
Seat 3: TornadeoJim ($3.12 in chips) 
Seat 4: LeoMorais82 ($1.06 in chips) 
Seat 5: chacalay1 ($3.30 in chips) 
Seat 7: Dorex2007 ($2.04 in chips) 
Seat 9: VANVIGA ($2.79 in chips) 
VANVIGA: posts small blind $0.01
Dr. JMFL: posts big blind $0.02
*** HOLE CARDS ***
Dealt to Dorex2007 [8d Tc]
Om@rx7: calls $0.02
TornadeoJim: folds 
Cowboydopokers leaves the table
LeoMorais82: raises $0.02 to $0.04
chacalay1: folds 
Dorex2007: folds 
VANVIGA: calls $0.03
Dr. JMFL: calls $0.02
Om@rx7: calls $0.02
*** FLOP *** [4c 3d Qc]
Jader_Z95 joins the table at seat #8 
VANVIGA: checks 
Dr. JMFL: checks 
Om@rx7: checks 
LeoMorais82: bets $0.07
VANVIGA: folds 
Dr. JMFL: folds 
Om@rx7: calls $0.07
*** TURN *** [4c 3d Qc] [Kc]
Om@rx7: checks 
LeoMorais82: bets $0.14
Om@rx7: calls $0.14
*** RIVER *** [4c 3d Qc Kc] [6c]
Om@rx7: bets $0.56
chacalay1 leaves the table
LeoMorais82: calls $0.56
*** SHOW DOWN ***
Om@rx7: shows [Ac Qd] (a flush, Ace high)
LeoMorais82: mucks hand 
Om@rx7 collected $1.64 from pot
*** SUMMARY ***
Total pot $1.70 | Rake $0.06 
Board [4c 3d Qc Kc 6c]
Seat 1: Dr. JMFL (big blind) folded on the Flop
Seat 2: Om@rx7 showed [Ac Qd] and won ($1.64) with a flush, Ace high
Seat 3: TornadeoJim folded before Flop (didn't bet)
Seat 4: LeoMorais82 mucked [9c 9h]
Seat 5: chacalay1 folded before Flop (didn't bet)
Seat 7: Dorex2007 (button) folded before Flop (didn't bet)
Seat 9: VANVIGA (small blind) folded on the Flop



PokerStars Hand #237346502614:  Hold'em No Limit ($0.01/$0.02 USD) - 2022/07/13 19:31:48 PT [2022/07/13 22:31:48 ET]
Table 'Tinette IV' 9-max Seat #9 is the button
Seat 1: Dr. JMFL ($0.38 in chips) 
Seat 2: Om@rx7 ($3.35 in chips) 
Seat 3: TornadeoJim ($3.12 in chips) 
Seat 4: LeoMorais82 ($0.25 in chips) 
Seat 6: INTIMIDATOR69 ($1.29 in chips) 
Seat 7: Dorex2007 ($2.04 in chips) 
Seat 8: Jader_Z95 ($2 in chips) 
Seat 9: VANVIGA ($2.75 in chips) 
Dr. JMFL: posts small blind $0.01
Om@rx7: posts big blind $0.02
INTIMIDATOR69: posts small & big blinds $0.03
Jader_Z95: posts big blind $0.02
*** HOLE CARDS ***
Dealt to Dorex2007 [Jh Jd]
TornadeoJim: folds 
linck.baby joins the table at seat #5 
LeoMorais82: folds 
INTIMIDATOR69: checks 
Dorex2007: raises $0.08 to $0.10
Jader_Z95: calls $0.08
VANVIGA: folds 
Dr. JMFL: folds 
Om@rx7: folds 
INTIMIDATOR69: calls $0.08
*** FLOP *** [3c 3h 9h]
INTIMIDATOR69: checks 
Dorex2007: bets $0.33
Jader_Z95: folds 
INTIMIDATOR69: folds 
Uncalled bet ($0.33) returned to Dorex2007
Dorex2007 collected $0.33 from pot
*** SUMMARY ***
Total pot $0.34 | Rake $0.01 
Board [3c 3h 9h]
Seat 1: Dr. JMFL (small blind) folded before Flop
Seat 2: Om@rx7 (big blind) folded before Flop
Seat 3: TornadeoJim folded before Flop (didn't bet)
Seat 4: LeoMorais82 folded before Flop (didn't bet)
Seat 6: INTIMIDATOR69 folded on the Flop
Seat 7: Dorex2007 collected ($0.33)
Seat 8: Jader_Z95 folded on the Flop
Seat 9: VANVIGA (button) folded before Flop (didn't bet)



PokerStars Hand #237346511493:  Hold'em No Limit ($0.01/$0.02 USD) - 2022/07/13 19:32:39 PT [2022/07/13 22:32:39 ET]
Table 'Tinette IV' 9-max Seat #1 is the button
Seat 1: Dr. JMFL ($0.37 in chips) 
Seat 2: Om@rx7 ($3.33 in chips) 
Seat 3: TornadeoJim ($3.12 in chips) 
Seat 4: LeoMorais82 ($0.25 in chips) 
Seat 5: linck.baby ($0.80 in chips) 
Seat 6: INTIMIDATOR69 ($1.18 in chips) 
Seat 7: Dorex2007 ($2.27 in chips) 
Seat 8: Jader_Z95 ($1.90 in chips) 
Seat 9: VANVIGA ($2.75 in chips) 
Om@rx7: posts small blind $0.01
TornadeoJim: posts big blind $0.02
linck.baby: posts big blind $0.02
*** HOLE CARDS ***
Dealt to Dorex2007 [Jh Th]
LeoMorais82: folds 
linck.baby: checks 
INTIMIDATOR69: folds 
Dorex2007: calls $0.02
Jader_Z95: raises $0.09 to $0.11
VANVIGA: folds 
Dr. JMFL: folds 
Om@rx7: folds 
TornadeoJim: folds 
linck.baby: folds 
Dorex2007: folds 
Uncalled bet ($0.09) returned to Jader_Z95
Jader_Z95 collected $0.09 from pot
*** SUMMARY ***
Total pot $0.09 | Rake $0 
Seat 1: Dr. JMFL (button) folded before Flop (didn't bet)
Seat 2: Om@rx7 (small blind) folded before Flop
Seat 3: TornadeoJim (big blind) folded before Flop
Seat 4: LeoMorais82 folded before Flop (didn't bet)
Seat 5: linck.baby folded before Flop (didn't bet)
Seat 6: INTIMIDATOR69 folded before Flop (didn't bet)
Seat 7: Dorex2007 folded before Flop
Seat 8: Jader_Z95 collected ($0.09)
Seat 9: VANVIGA folded before Flop (didn't bet)



PokerStars Hand #237346522084:  Hold'em No Limit ($0.01/$0.02 USD) - 2022/07/13 19:33:08 PT [2022/07/13 22:33:08 ET]
Table 'Tinette IV' 9-max Seat #2 is the button
Seat 1: Dr. JMFL ($0.37 in chips) 
Seat 2: Om@rx7 ($3.32 in chips) 
Seat 3: TornadeoJim ($3.10 in chips) 
Seat 4: LeoMorais82 ($0.25 in chips) 
Seat 5: linck.baby ($0.78 in chips) 
Seat 6: INTIMIDATOR69 ($1.18 in chips) 
Seat 7: Dorex2007 ($2.25 in chips) 
Seat 8: Jader_Z95 ($1.97 in chips) 
Seat 9: VANVIGA ($2.75 in chips) 
TornadeoJim: posts small blind $0.01
LeoMorais82: posts big blind $0.02
*** HOLE CARDS ***
Dealt to Dorex2007 [9h 7s]
linck.baby: folds 
INTIMIDATOR69: calls $0.02
Dorex2007: folds 
Jader_Z95: calls $0.02
VANVIGA: folds 
Dr. JMFL: folds 
Om@rx7: folds 
TornadeoJim: folds 
LeoMorais82: checks 
*** FLOP *** [8c 9c Th]
LeoMorais82: checks 
INTIMIDATOR69: checks 
Jader_Z95: bets $0.07
LeoMorais82: folds 
INTIMIDATOR69: calls $0.07
*** TURN *** [8c 9c Th] [9d]
INTIMIDATOR69: checks 
Jader_Z95: bets $0.10
INTIMIDATOR69: folds 
Uncalled bet ($0.10) returned to Jader_Z95
Jader_Z95 collected $0.20 from pot
*** SUMMARY ***
Total pot $0.21 | Rake $0.01 
Board [8c 9c Th 9d]
Seat 1: Dr. JMFL folded before Flop (didn't bet)
Seat 2: Om@rx7 (button) folded before Flop (didn't bet)
Seat 3: TornadeoJim (small blind) folded before Flop
Seat 4: LeoMorais82 (big blind) folded on the Flop
Seat 5: linck.baby folded before Flop (didn't bet)
Seat 6: INTIMIDATOR69 folded on the Turn
Seat 7: Dorex2007 folded before Flop (didn't bet)
Seat 8: Jader_Z95 collected ($0.20)
Seat 9: VANVIGA folded before Flop (didn't bet)



PokerStars Hand #237346531816:  Hold'em No Limit ($0.01/$0.02 USD) - 2022/07/13 19:34:04 PT [2022/07/13 22:34:04 ET]
Table 'Tinette IV' 9-max Seat #3 is the button
Seat 1: Dr. JMFL ($0.37 in chips) 
Seat 2: Om@rx7 ($3.32 in chips) 
Seat 3: TornadeoJim ($3.09 in chips) 
Seat 4: LeoMorais82 ($0.23 in chips) 
Seat 5: linck.baby ($0.78 in chips) 
Seat 6: INTIMIDATOR69 ($1.09 in chips) 
Seat 7: Dorex2007 ($2.25 in chips) 
Seat 8: Jader_Z95 ($2.08 in chips) 
Seat 9: VANVIGA ($2.75 in chips) 
LeoMorais82: posts small blind $0.01
linck.baby: posts big blind $0.02
*** HOLE CARDS ***
Dealt to Dorex2007 [3s 8s]
INTIMIDATOR69: folds 
Dorex2007: folds 
Jader_Z95: raises $0.02 to $0.04
VANVIGA: folds 
Dr. JMFL: calls $0.04
Om@rx7: folds 
TornadeoJim: folds 
LeoMorais82: calls $0.03
linck.baby: calls $0.02
*** FLOP *** [Ah 4c 9s]
LeoMorais82: checks 
linck.baby: checks 
Jader_Z95: checks 
Dr. JMFL: bets $0.33 and is all-in
LeoMorais82: folds 
linck.baby: calls $0.33
Jader_Z95: folds 
*** TURN *** [Ah 4c 9s] [Qc]
*** RIVER *** [Ah 4c 9s Qc] [Ts]
*** SHOW DOWN ***
linck.baby: shows [9d Ad] (two pair, Aces and Nines)
Dr. JMFL: shows [Ks 4s] (a pair of Fours)
linck.baby collected $0.79 from pot
Dr. JMFL cashed out the hand for $0.09
*** SUMMARY ***
Total pot $0.82 | Rake $0.03 
Board [Ah 4c 9s Qc Ts]
Seat 1: Dr. JMFL showed [Ks 4s] and lost with a pair of Fours (cashed out).
Seat 2: Om@rx7 folded before Flop (didn't bet)
Seat 3: TornadeoJim (button) folded before Flop (didn't bet)
Seat 4: LeoMorais82 (small blind) folded on the Flop
Seat 5: linck.baby (big blind) showed [9d Ad] and won ($0.79) with two pair, Aces and Nines
Seat 6: INTIMIDATOR69 folded before Flop (didn't bet)
Seat 7: Dorex2007 folded before Flop (didn't bet)
Seat 8: Jader_Z95 folded on the Flop
Seat 9: VANVIGA folded before Flop (didn't bet)



PokerStars Hand #237346543662:  Hold'em No Limit ($0.01/$0.02 USD) - 2022/07/13 19:35:13 PT [2022/07/13 22:35:13 ET]
Table 'Tinette IV' 9-max Seat #4 is the button
Seat 1: Dr. JMFL ($0.09 in chips) 
Seat 2: Om@rx7 ($3.32 in chips) 
Seat 3: TornadeoJim ($3.09 in chips) 
Seat 4: LeoMorais82 ($0.19 in chips) 
Seat 5: linck.baby ($1.20 in chips) 
Seat 6: INTIMIDATOR69 ($1.09 in chips) 
Seat 7: Dorex2007 ($2.25 in chips) 
Seat 8: Jader_Z95 ($2.04 in chips) 
Seat 9: VANVIGA ($2.75 in chips) 
linck.baby: posts small blind $0.01
INTIMIDATOR69: posts big blind $0.02
*** HOLE CARDS ***
Dealt to Dorex2007 [Qs 9h]
Dorex2007: folds 
Jader_Z95: raises $0.02 to $0.04
VANVIGA: calls $0.04
Dr. JMFL: raises $0.05 to $0.09 and is all-in
Om@rx7: folds 
TornadeoJim: folds 
LeoMorais82: folds 
linck.baby: folds 
INTIMIDATOR69: folds 
Jader_Z95: calls $0.05
VANVIGA: calls $0.05
*** FLOP *** [8s Kd 3h]
Jader_Z95: bets $0.14
VANVIGA: folds 
Uncalled bet ($0.14) returned to Jader_Z95
*** TURN *** [8s Kd 3h] [6c]
*** RIVER *** [8s Kd 3h 6c] [3s]
*** SHOW DOWN ***
Jader_Z95: shows [Ac 3c] (three of a kind, Threes)
Dr. JMFL: shows [8c 6h] (two pair, Eights and Sixes)
Jader_Z95 collected $0.29 from pot
*** SUMMARY ***
Total pot $0.30 | Rake $0.01 
Board [8s Kd 3h 6c 3s]
Seat 1: Dr. JMFL showed [8c 6h] and lost with two pair, Eights and Sixes
Seat 2: Om@rx7 folded before Flop (didn't bet)
Seat 3: TornadeoJim folded before Flop (didn't bet)
Seat 4: LeoMorais82 (button) folded before Flop (didn't bet)
Seat 5: linck.baby (small blind) folded before Flop
Seat 6: INTIMIDATOR69 (big blind) folded before Flop
Seat 7: Dorex2007 folded before Flop (didn't bet)
Seat 8: Jader_Z95 showed [Ac 3c] and won ($0.29) with three of a kind, Threes
Seat 9: VANVIGA folded on the Flop



PokerStars Hand #237346552820:  Hold'em No Limit ($0.01/$0.02 USD) - 2022/07/13 19:36:07 PT [2022/07/13 22:36:07 ET]
Table 'Tinette IV' 9-max Seat #5 is the button
Seat 2: Om@rx7 ($3.32 in chips) 
Seat 3: TornadeoJim ($3.09 in chips) 
Seat 4: LeoMorais82 ($0.19 in chips) 
Seat 5: linck.baby ($1.19 in chips) 
Seat 6: INTIMIDATOR69 ($1.07 in chips) 
Seat 7: Dorex2007 ($2.25 in chips) 
Seat 8: Jader_Z95 ($2.24 in chips) 
Seat 9: VANVIGA ($2.66 in chips) 
INTIMIDATOR69: posts small blind $0.01
Dorex2007: posts big blind $0.02
*** HOLE CARDS ***
Dealt to Dorex2007 [2d Ah]
Jader_Z95: calls $0.02
VANVIGA: folds 
Om@rx7: folds 
TornadeoJim: folds 
Dr. JMFL leaves the table
LeoMorais82: raises $0.17 to $0.19 and is all-in
frosa9397 joins the table at seat #1 
linck.baby: folds 
INTIMIDATOR69: folds 
Dorex2007: folds 
Jader_Z95: calls $0.17
*** FLOP *** [4d 4h 3s]
*** TURN *** [4d 4h 3s] [2s]
*** RIVER *** [4d 4h 3s 2s] [7d]
*** SHOW DOWN ***
Jader_Z95: shows [Kd Jc] (a pair of Fours)
LeoMorais82: shows [9c Ks] (a pair of Fours - lower kicker)
Jader_Z95 collected $0.40 from pot
*** SUMMARY ***
Total pot $0.41 | Rake $0.01 
Board [4d 4h 3s 2s 7d]
Seat 2: Om@rx7 folded before Flop (didn't bet)
Seat 3: TornadeoJim folded before Flop (didn't bet)
Seat 4: LeoMorais82 showed [9c Ks] and lost with a pair of Fours
Seat 5: linck.baby (button) folded before Flop (didn't bet)
Seat 6: INTIMIDATOR69 (small blind) folded before Flop
Seat 7: Dorex2007 (big blind) folded before Flop
Seat 8: Jader_Z95 showed [Kd Jc] and won ($0.40) with a pair of Fours
Seat 9: VANVIGA folded before Flop (didn't bet)



PokerStars Hand #237346560637:  Hold'em No Limit ($0.01/$0.02 USD) - 2022/07/13 19:36:53 PT [2022/07/13 22:36:53 ET]
Table 'Tinette IV' 9-max Seat #6 is the button
Seat 2: Om@rx7 ($3.32 in chips) 
Seat 3: TornadeoJim ($3.09 in chips) 
Seat 5: linck.baby ($1.19 in chips) 
Seat 6: INTIMIDATOR69 ($1.06 in chips) 
Seat 7: Dorex2007 ($2.23 in chips) 
Seat 8: Jader_Z95 ($2.45 in chips) 
Seat 9: VANVIGA ($2.66 in chips) 
Dorex2007: posts small blind $0.01
Jader_Z95: posts big blind $0.02
frosa9397: sits out 
*** HOLE CARDS ***
Dealt to Dorex2007 [3h As]
VANVIGA: calls $0.02
Om@rx7: folds 
TornadeoJim: folds 
LeoMorais82 leaves the table
linck.baby has timed out
linck.baby: folds 
INTIMIDATOR69: raises $0.16 to $0.18
Dorex2007: folds 
Jader_Z95: calls $0.16
VANVIGA: folds 
*** FLOP *** [Qc Kh 3d]
Jader_Z95: bets $0.19
INTIMIDATOR69: raises $0.69 to $0.88 and is all-in
Jader_Z95: calls $0.69
*** TURN *** [Qc Kh 3d] [Jc]
*** RIVER *** [Qc Kh 3d Jc] [9h]
*** SHOW DOWN ***
Jader_Z95: shows [7c Qd] (a pair of Queens)
INTIMIDATOR69: shows [Ad Kc] (a pair of Kings)
INTIMIDATOR69 collected $2.07 from pot
Jader_Z95 cashed out the hand for $0.39
*** SUMMARY ***
Total pot $2.15 | Rake $0.08 
Board [Qc Kh 3d Jc 9h]
Seat 2: Om@rx7 folded before Flop (didn't bet)
Seat 3: TornadeoJim folded before Flop (didn't bet)
Seat 5: linck.baby folded before Flop (didn't bet)
Seat 6: INTIMIDATOR69 (button) showed [Ad Kc] and won ($2.07) with a pair of Kings
Seat 7: Dorex2007 (small blind) folded before Flop
Seat 8: Jader_Z95 (big blind) showed [7c Qd] and lost with a pair of Queens (cashed out).
Seat 9: VANVIGA folded before Flop



PokerStars Hand #237346570568:  Hold'em No Limit ($0.01/$0.02 USD) - 2022/07/13 19:37:52 PT [2022/07/13 22:37:52 ET]
Table 'Tinette IV' 9-max Seat #7 is the button
Seat 2: Om@rx7 ($3.32 in chips) 
Seat 5: linck.baby ($1.19 in chips) 
Seat 6: INTIMIDATOR69 ($2.07 in chips) 
Seat 7: Dorex2007 ($2.22 in chips) 
Seat 8: Jader_Z95 ($1.78 in chips) 
Seat 9: VANVIGA ($2.64 in chips) 
Jader_Z95: posts small blind $0.01
VANVIGA: posts big blind $0.02
frosa9397: sits out 
*** HOLE CARDS ***
Dealt to Dorex2007 [4h Jc]
Om@rx7: folds 
linck.baby: folds 
INTIMIDATOR69: folds 
PatRoast joins the table at seat #4 
PatRoast leaves the table
Dorex2007: folds 
Jader_Z95: calls $0.01
VANVIGA: checks 
*** FLOP *** [Qd 2d Ks]
Jader_Z95: bets $0.02
VANVIGA: folds 
Uncalled bet ($0.02) returned to Jader_Z95
Jader_Z95 collected $0.04 from pot
*** SUMMARY ***
Total pot $0.04 | Rake $0 
Board [Qd 2d Ks]
Seat 2: Om@rx7 folded before Flop (didn't bet)
Seat 5: linck.baby folded before Flop (didn't bet)
Seat 6: INTIMIDATOR69 folded before Flop (didn't bet)
Seat 7: Dorex2007 (button) folded before Flop (didn't bet)
Seat 8: Jader_Z95 (small blind) collected ($0.04)
Seat 9: VANVIGA (big blind) folded on the Flop



PokerStars Hand #237346574956:  Hold'em No Limit ($0.01/$0.02 USD) - 2022/07/13 19:38:18 PT [2022/07/13 22:38:18 ET]
Table 'Tinette IV' 9-max Seat #8 is the button
Seat 1: frosa9397 ($2 in chips) 
Seat 2: Om@rx7 ($3.32 in chips) 
Seat 5: linck.baby ($1.19 in chips) 
Seat 6: INTIMIDATOR69 ($2.07 in chips) 
Seat 7: Dorex2007 ($2.22 in chips) 
Seat 8: Jader_Z95 ($1.80 in chips) 
Seat 9: VANVIGA ($2.62 in chips) 
VANVIGA: posts small blind $0.01
frosa9397: posts big blind $0.02
*** HOLE CARDS ***
Dealt to Dorex2007 [7c 5d]
Om@rx7: folds 
linck.baby: folds 
INTIMIDATOR69: folds 
Dorex2007: folds 
Jader_Z95: folds 
VANVIGA: calls $0.01
frosa9397: checks 
*** FLOP *** [6s 2d 9h]
VANVIGA: bets $0.02
frosa9397: folds 
Uncalled bet ($0.02) returned to VANVIGA
VANVIGA collected $0.04 from pot
*** SUMMARY ***
Total pot $0.04 | Rake $0 
Board [6s 2d 9h]
Seat 1: frosa9397 (big blind) folded on the Flop
Seat 2: Om@rx7 folded before Flop (didn't bet)
Seat 5: linck.baby folded before Flop (didn't bet)
Seat 6: INTIMIDATOR69 folded before Flop (didn't bet)
Seat 7: Dorex2007 folded before Flop (didn't bet)
Seat 8: Jader_Z95 (button) folded before Flop (didn't bet)
Seat 9: VANVIGA (small blind) collected ($0.04)



PokerStars Hand #237346579683:  Hold'em No Limit ($0.01/$0.02 USD) - 2022/07/13 19:38:46 PT [2022/07/13 22:38:46 ET]
Table 'Tinette IV' 9-max Seat #9 is the button
Seat 1: frosa9397 ($1.98 in chips) 
Seat 2: Om@rx7 ($3.32 in chips) 
Seat 5: linck.baby ($1.19 in chips) 
Seat 6: INTIMIDATOR69 ($2.07 in chips) 
Seat 7: Dorex2007 ($2.22 in chips) 
Seat 8: Jader_Z95 ($1.80 in chips) 
Seat 9: VANVIGA ($2.64 in chips) 
frosa9397: posts small blind $0.01
Om@rx7: posts big blind $0.02
*** HOLE CARDS ***
Dealt to Dorex2007 [Ah 7s]
linck.baby: raises $0.04 to $0.06
INTIMIDATOR69: calls $0.06
Dorex2007: folds 
Jader_Z95: folds 
VANVIGA: folds 
frosa9397: calls $0.05
Om@rx7: folds 
*** FLOP *** [5h 7d Qh]
frosa9397: bets $0.11
linck.baby: folds 
INTIMIDATOR69: folds 
Uncalled bet ($0.11) returned to frosa9397
frosa9397 collected $0.19 from pot
*** SUMMARY ***
Total pot $0.20 | Rake $0.01 
Board [5h 7d Qh]
Seat 1: frosa9397 (small blind) collected ($0.19)
Seat 2: Om@rx7 (big blind) folded before Flop
Seat 5: linck.baby folded on the Flop
Seat 6: INTIMIDATOR69 folded on the Flop
Seat 7: Dorex2007 folded before Flop (didn't bet)
Seat 8: Jader_Z95 folded before Flop (didn't bet)
Seat 9: VANVIGA (button) folded before Flop (didn't bet)



PokerStars Hand #237346587285:  Hold'em No Limit ($0.01/$0.02 USD) - 2022/07/13 19:39:30 PT [2022/07/13 22:39:30 ET]
Table 'Tinette IV' 9-max Seat #1 is the button
Seat 1: frosa9397 ($2.11 in chips) 
Seat 2: Om@rx7 ($3.30 in chips) 
Seat 6: INTIMIDATOR69 ($2.01 in chips) 
Seat 7: Dorex2007 ($2.22 in chips) 
Seat 8: Jader_Z95 ($1.80 in chips) 
Seat 9: VANVIGA ($2.64 in chips) 
Om@rx7: posts small blind $0.01
linck.baby: is sitting out 
INTIMIDATOR69: posts big blind $0.02
*** HOLE CARDS ***
Dealt to Dorex2007 [2s 6c]
Dorex2007: folds 
Jader_Z95: folds 
linck.baby leaves the table
VANVIGA: raises $0.04 to $0.06
frosa9397: calls $0.06
Om@rx7: folds 
INTIMIDATOR69: calls $0.04
*** FLOP *** [4c As 5h]
INTIMIDATOR69: checks 
VANVIGA: bets $0.09
frosa9397: folds 
INTIMIDATOR69: calls $0.09
*** TURN *** [4c As 5h] [Qd]
INTIMIDATOR69: bets $0.36
VANVIGA: folds 
Uncalled bet ($0.36) returned to INTIMIDATOR69
INTIMIDATOR69 collected $0.36 from pot
*** SUMMARY ***
Total pot $0.37 | Rake $0.01 
Board [4c As 5h Qd]
Seat 1: frosa9397 (button) folded on the Flop
Seat 2: Om@rx7 (small blind) folded before Flop
Seat 6: INTIMIDATOR69 (big blind) collected ($0.36)
Seat 7: Dorex2007 folded before Flop (didn't bet)
Seat 8: Jader_Z95 folded before Flop (didn't bet)
Seat 9: VANVIGA folded on the Turn



PokerStars Hand #237346597157:  Hold'em No Limit ($0.01/$0.02 USD) - 2022/07/13 19:40:28 PT [2022/07/13 22:40:28 ET]
Table 'Tinette IV' 9-max Seat #2 is the button
Seat 1: frosa9397 ($2.05 in chips) 
Seat 2: Om@rx7 ($3.29 in chips) 
Seat 6: INTIMIDATOR69 ($2.22 in chips) 
Seat 7: Dorex2007 ($2.22 in chips) 
Seat 8: Jader_Z95 ($1.80 in chips) 
Seat 9: VANVIGA ($2.49 in chips) 
INTIMIDATOR69: posts small blind $0.01
Dorex2007: posts big blind $0.02
*** HOLE CARDS ***
Dealt to Dorex2007 [3s 7d]
Jader_Z95: raises $0.02 to $0.04
VANVIGA: folds 
frosa9397: folds 
Om@rx7: folds 
INTIMIDATOR69: calls $0.03
Dorex2007: folds 
*** FLOP *** [Td Qd 5s]
INTIMIDATOR69: checks 
Jader_Z95: bets $0.05
INTIMIDATOR69: calls $0.05
*** TURN *** [Td Qd 5s] [Qs]
INTIMIDATOR69: checks 
Jader_Z95: bets $0.19
INTIMIDATOR69: folds 
Uncalled bet ($0.19) returned to Jader_Z95
Jader_Z95 collected $0.19 from pot
*** SUMMARY ***
Total pot $0.20 | Rake $0.01 
Board [Td Qd 5s Qs]
Seat 1: frosa9397 folded before Flop (didn't bet)
Seat 2: Om@rx7 (button) folded before Flop (didn't bet)
Seat 6: INTIMIDATOR69 (small blind) folded on the Turn
Seat 7: Dorex2007 (big blind) folded before Flop
Seat 8: Jader_Z95 collected ($0.19)
Seat 9: VANVIGA folded before Flop (didn't bet)



PokerStars Hand #237346603687:  Hold'em No Limit ($0.01/$0.02 USD) - 2022/07/13 19:41:07 PT [2022/07/13 22:41:07 ET]
Table 'Tinette IV' 9-max Seat #6 is the button
Seat 1: frosa9397 ($2.05 in chips) 
Seat 2: Om@rx7 ($3.29 in chips) 
Seat 6: INTIMIDATOR69 ($2.13 in chips) 
Seat 7: Dorex2007 ($2.20 in chips) 
Seat 8: Jader_Z95 ($1.90 in chips) 
Seat 9: VANVIGA ($2.49 in chips) 
Dorex2007: posts small blind $0.01
Jader_Z95: posts big blind $0.02
TornadeoJim: sits out 
*** HOLE CARDS ***
Dealt to Dorex2007 [9s 9d]
VANVIGA: folds 
frosa9397: folds 
Om@rx7: folds 
INTIMIDATOR69: folds 
Dorex2007: calls $0.01
Jader_Z95: checks 
*** FLOP *** [6c Kc 3c]
Dorex2007: checks 
Jader_Z95: bets $0.04
Dorex2007: folds 
Uncalled bet ($0.04) returned to Jader_Z95
Jader_Z95 collected $0.04 from pot
*** SUMMARY ***
Total pot $0.04 | Rake $0 
Board [6c Kc 3c]
Seat 1: frosa9397 folded before Flop (didn't bet)
Seat 2: Om@rx7 folded before Flop (didn't bet)
Seat 6: INTIMIDATOR69 (button) folded before Flop (didn't bet)
Seat 7: Dorex2007 (small blind) folded on the Flop
Seat 8: Jader_Z95 (big blind) collected ($0.04)
Seat 9: VANVIGA folded before Flop (didn't bet)



PokerStars Hand #237346608690:  Hold'em No Limit ($0.01/$0.02 USD) - 2022/07/13 19:41:37 PT [2022/07/13 22:41:37 ET]
Table 'Tinette IV' 9-max Seat #7 is the button
Seat 1: frosa9397 ($2.05 in chips) 
Seat 2: Om@rx7 ($3.29 in chips) 
Seat 6: INTIMIDATOR69 ($2.13 in chips) 
Seat 7: Dorex2007 ($2.18 in chips) 
Seat 8: Jader_Z95 ($1.92 in chips) 
Seat 9: VANVIGA ($2.49 in chips) 
Jader_Z95: posts small blind $0.01
VANVIGA: posts big blind $0.02
TornadeoJim: sits out 
*** HOLE CARDS ***
Dealt to Dorex2007 [6c Th]
frosa9397: folds 
Om@rx7: folds 
INTIMIDATOR69: raises $0.16 to $0.18
Dorex2007: folds 
Jader_Z95: folds 
VANVIGA: folds 
Uncalled bet ($0.16) returned to INTIMIDATOR69
INTIMIDATOR69 collected $0.05 from pot
*** SUMMARY ***
Total pot $0.05 | Rake $0 
Seat 1: frosa9397 folded before Flop (didn't bet)
Seat 2: Om@rx7 folded before Flop (didn't bet)
Seat 6: INTIMIDATOR69 collected ($0.05)
Seat 7: Dorex2007 (button) folded before Flop (didn't bet)
Seat 8: Jader_Z95 (small blind) folded before Flop
Seat 9: VANVIGA (big blind) folded before Flop



PokerStars Hand #237346612090:  Hold'em No Limit ($0.01/$0.02 USD) - 2022/07/13 19:41:57 PT [2022/07/13 22:41:57 ET]
Table 'Tinette IV' 9-max Seat #8 is the button
Seat 1: frosa9397 ($2.05 in chips) 
Seat 2: Om@rx7 ($3.29 in chips) 
Seat 6: INTIMIDATOR69 ($2.16 in chips) 
Seat 7: Dorex2007 ($2.18 in chips) 
Seat 8: Jader_Z95 ($1.91 in chips) 
Seat 9: VANVIGA ($2.47 in chips) 
VANVIGA: posts small blind $0.01
frosa9397: posts big blind $0.02
TornadeoJim: sits out 
*** HOLE CARDS ***
Dealt to Dorex2007 [Qc 3c]
Om@rx7: folds 
INTIMIDATOR69: folds 
Dorex2007: folds 
Jader_Z95: folds 
VANVIGA: calls $0.01
frosa9397: checks 
*** FLOP *** [9s Kh 4s]
VANVIGA: checks 
frosa9397: checks 
*** TURN *** [9s Kh 4s] [Ks]
VANVIGA: checks 
frosa9397: checks 
*** RIVER *** [9s Kh 4s Ks] [3h]
VANVIGA: bets $0.02
frosa9397: folds 
Uncalled bet ($0.02) returned to VANVIGA
VANVIGA collected $0.04 from pot
*** SUMMARY ***
Total pot $0.04 | Rake $0 
Board [9s Kh 4s Ks 3h]
Seat 1: frosa9397 (big blind) folded on the River
Seat 2: Om@rx7 folded before Flop (didn't bet)
Seat 6: INTIMIDATOR69 folded before Flop (didn't bet)
Seat 7: Dorex2007 folded before Flop (didn't bet)
Seat 8: Jader_Z95 (button) folded before Flop (didn't bet)
Seat 9: VANVIGA (small blind) collected ($0.04)



PokerStars Hand #237346618268:  Hold'em No Limit ($0.01/$0.02 USD) - 2022/07/13 19:42:35 PT [2022/07/13 22:42:35 ET]
Table 'Tinette IV' 9-max Seat #9 is the button
Seat 1: frosa9397 ($2.03 in chips) 
Seat 2: Om@rx7 ($3.29 in chips) 
Seat 6: INTIMIDATOR69 ($2.16 in chips) 
Seat 7: Dorex2007 ($2.18 in chips) 
Seat 8: Jader_Z95 ($1.91 in chips) 
Seat 9: VANVIGA ($2.49 in chips) 
frosa9397: posts small blind $0.01
Om@rx7: posts big blind $0.02
TornadeoJim: sits out 
*** HOLE CARDS ***
Dealt to Dorex2007 [9c 2c]
INTIMIDATOR69: calls $0.02
Dorex2007: folds 
Jader_Z95: calls $0.02
VANVIGA: folds 
frosa9397: folds 
greybishop99 joins the table at seat #4 
Om@rx7: checks 
*** FLOP *** [Tc Qd Td]
Om@rx7: checks 
INTIMIDATOR69: checks 
Jader_Z95: checks 
*** TURN *** [Tc Qd Td] [3h]
Tiagobutter joins the table at seat #5 
Om@rx7: checks 
INTIMIDATOR69: checks 
Jader_Z95: checks 
*** RIVER *** [Tc Qd Td 3h] [9h]
Om@rx7: checks 
INTIMIDATOR69: checks 
Jader_Z95: checks 
*** SHOW DOWN ***
Om@rx7: shows [3c 5c] (two pair, Tens and Threes)
INTIMIDATOR69: mucks hand 
Jader_Z95: mucks hand 
Om@rx7 collected $0.07 from pot
*** SUMMARY ***
Total pot $0.07 | Rake $0 
Board [Tc Qd Td 3h 9h]
Seat 1: frosa9397 (small blind) folded before Flop
Seat 2: Om@rx7 (big blind) showed [3c 5c] and won ($0.07) with two pair, Tens and Threes
Seat 6: INTIMIDATOR69 mucked [Ac 4d]
Seat 7: Dorex2007 folded before Flop (didn't bet)
Seat 8: Jader_Z95 mucked [8s 5s]
Seat 9: VANVIGA (button) folded before Flop (didn't bet)



PokerStars Hand #237346626452:  Hold'em No Limit ($0.01/$0.02 USD) - 2022/07/13 19:43:24 PT [2022/07/13 22:43:24 ET]
Table 'Tinette IV' 9-max Seat #1 is the button
Seat 1: frosa9397 ($2.02 in chips) 
Seat 2: Om@rx7 ($3.34 in chips) 
Seat 3: TornadeoJim ($3.09 in chips) 
Seat 4: greybishop99 ($1.55 in chips) 
Seat 5: Tiagobutter ($1.60 in chips) 
Seat 6: INTIMIDATOR69 ($2.14 in chips) 
Seat 7: Dorex2007 ($2.18 in chips) 
Seat 8: Jader_Z95 ($1.89 in chips) 
Seat 9: VANVIGA ($2.49 in chips) 
Om@rx7: posts small blind $0.01
TornadeoJim: posts big blind $0.02
greybishop99: posts big blind $0.02
Tiagobutter: posts big blind $0.02
*** HOLE CARDS ***
Dealt to Dorex2007 [5s 3d]
greybishop99: checks 
Tiagobutter: checks 
INTIMIDATOR69: folds 
Dorex2007: folds 
Jader_Z95: raises $0.09 to $0.11
VANVIGA: folds 
frosa9397: folds 
Om@rx7: folds 
TornadeoJim: folds 
greybishop99: folds 
Tiagobutter: calls $0.09
*** FLOP *** [8s 3s Qs]
Tiagobutter: bets $0.02
Jader_Z95: raises $0.15 to $0.17
Tiagobutter: calls $0.15
*** TURN *** [8s 3s Qs] [7d]
Tiagobutter: bets $0.02
Jader_Z95: calls $0.02
*** RIVER *** [8s 3s Qs 7d] [5d]
Tiagobutter: bets $0.12
Jader_Z95: calls $0.12
*** SHOW DOWN ***
Tiagobutter: shows [8d Ad] (a pair of Eights)
Jader_Z95: shows [8c Ac] (a pair of Eights)
Tiagobutter collected $0.43 from pot
Jader_Z95 collected $0.43 from pot
*** SUMMARY ***
Total pot $0.89 | Rake $0.03 
Board [8s 3s Qs 7d 5d]
Seat 1: frosa9397 (button) folded before Flop (didn't bet)
Seat 2: Om@rx7 (small blind) folded before Flop
Seat 3: TornadeoJim (big blind) folded before Flop
Seat 4: greybishop99 folded before Flop (didn't bet)
Seat 5: Tiagobutter showed [8d Ad] and won ($0.43) with a pair of Eights
Seat 6: INTIMIDATOR69 folded before Flop (didn't bet)
Seat 7: Dorex2007 folded before Flop (didn't bet)
Seat 8: Jader_Z95 showed [8c Ac] and won ($0.43) with a pair of Eights
Seat 9: VANVIGA folded before Flop (didn't bet)



PokerStars Hand #237346636853:  Hold'em No Limit ($0.01/$0.02 USD) - 2022/07/13 19:44:27 PT [2022/07/13 22:44:27 ET]
Table 'Tinette IV' 9-max Seat #2 is the button
Seat 1: frosa9397 ($2.02 in chips) 
Seat 2: Om@rx7 ($3.33 in chips) 
Seat 3: TornadeoJim ($3.07 in chips) 
Seat 4: greybishop99 ($1.53 in chips) 
Seat 5: Tiagobutter ($1.61 in chips) 
Seat 6: INTIMIDATOR69 ($2.14 in chips) 
Seat 7: Dorex2007 ($2.18 in chips) 
Seat 8: Jader_Z95 ($1.90 in chips) 
Seat 9: VANVIGA ($2.49 in chips) 
TornadeoJim: posts small blind $0.01
greybishop99: posts big blind $0.02
*** HOLE CARDS ***
Dealt to Dorex2007 [Jd 8s]
Tiagobutter: folds 
INTIMIDATOR69: calls $0.02
Dorex2007: folds 
Jader_Z95: calls $0.02
VANVIGA: calls $0.02
frosa9397: folds 
Om@rx7: calls $0.02
TornadeoJim: calls $0.01
greybishop99: checks 
*** FLOP *** [3s Kd Ks]
TornadeoJim: checks 
greybishop99: checks 
INTIMIDATOR69: checks 
Jader_Z95: checks 
VANVIGA: checks 
Om@rx7: checks 
*** TURN *** [3s Kd Ks] [Th]
TornadeoJim: checks 
greybishop99: bets $0.12
INTIMIDATOR69: raises $0.36 to $0.48
Jader_Z95: folds 
VANVIGA: folds 
Om@rx7: folds 
TornadeoJim: folds 
greybishop99: folds 
Uncalled bet ($0.36) returned to INTIMIDATOR69
INTIMIDATOR69 collected $0.35 from pot
*** SUMMARY ***
Total pot $0.36 | Rake $0.01 
Board [3s Kd Ks Th]
Seat 1: frosa9397 folded before Flop (didn't bet)
Seat 2: Om@rx7 (button) folded on the Turn
Seat 3: TornadeoJim (small blind) folded on the Turn
Seat 4: greybishop99 (big blind) folded on the Turn
Seat 5: Tiagobutter folded before Flop (didn't bet)
Seat 6: INTIMIDATOR69 collected ($0.35)
Seat 7: Dorex2007 folded before Flop (didn't bet)
Seat 8: Jader_Z95 folded on the Turn
Seat 9: VANVIGA folded on the Turn



PokerStars Hand #237346657078:  Hold'em No Limit ($0.01/$0.02 USD) - 2022/07/13 19:45:39 PT [2022/07/13 22:45:39 ET]
Table 'Tinette IV' 9-max Seat #3 is the button
Seat 1: frosa9397 ($2.02 in chips) 
Seat 2: Om@rx7 ($3.31 in chips) 
Seat 3: TornadeoJim ($3.05 in chips) 
Seat 4: greybishop99 ($1.39 in chips) 
Seat 5: Tiagobutter ($1.61 in chips) 
Seat 6: INTIMIDATOR69 ($2.35 in chips) 
Seat 7: Dorex2007 ($2.18 in chips) 
Seat 8: Jader_Z95 ($1.88 in chips) 
Seat 9: VANVIGA ($2.47 in chips) 
greybishop99: posts small blind $0.01
Tiagobutter: posts big blind $0.02
*** HOLE CARDS ***
Dealt to Dorex2007 [Qd 8d]
INTIMIDATOR69: calls $0.02
Dorex2007: folds 
Jader_Z95: folds 
VANVIGA: folds 
frosa9397: folds 
Om@rx7: folds 
TornadeoJim: calls $0.02
greybishop99: calls $0.01
Tiagobutter: checks 
*** FLOP *** [As 2d Ks]
greybishop99: checks 
Tiagobutter: bets $0.04
INTIMIDATOR69: folds 
TornadeoJim: calls $0.04
greybishop99: folds 
*** TURN *** [As 2d Ks] [7d]
Tiagobutter: bets $0.04
TornadeoJim: calls $0.04
*** RIVER *** [As 2d Ks 7d] [Ad]
Tiagobutter: bets $0.10
TornadeoJim: folds 
Uncalled bet ($0.10) returned to Tiagobutter
Tiagobutter collected $0.23 from pot
*** SUMMARY ***
Total pot $0.24 | Rake $0.01 
Board [As 2d Ks 7d Ad]
Seat 1: frosa9397 folded before Flop (didn't bet)
Seat 2: Om@rx7 folded before Flop (didn't bet)
Seat 3: TornadeoJim (button) folded on the River
Seat 4: greybishop99 (small blind) folded on the Flop
Seat 5: Tiagobutter (big blind) collected ($0.23)
Seat 6: INTIMIDATOR69 folded on the Flop
Seat 7: Dorex2007 folded before Flop (didn't bet)
Seat 8: Jader_Z95 folded before Flop (didn't bet)
Seat 9: VANVIGA folded before Flop (didn't bet)



PokerStars Hand #237346666441:  Hold'em No Limit ($0.01/$0.02 USD) - 2022/07/13 19:46:35 PT [2022/07/13 22:46:35 ET]
Table 'Tinette IV' 9-max Seat #4 is the button
Seat 1: frosa9397 ($2.02 in chips) 
Seat 2: Om@rx7 ($3.31 in chips) 
Seat 3: TornadeoJim ($2.95 in chips) 
Seat 4: greybishop99 ($1.37 in chips) 
Seat 5: Tiagobutter ($1.74 in chips) 
Seat 6: INTIMIDATOR69 ($2.33 in chips) 
Seat 7: Dorex2007 ($2.18 in chips) 
Seat 8: Jader_Z95 ($1.88 in chips) 
Seat 9: VANVIGA ($2.47 in chips) 
Tiagobutter: posts small blind $0.01
INTIMIDATOR69: posts big blind $0.02
*** HOLE CARDS ***
Dealt to Dorex2007 [3c 6h]
Dorex2007: folds 
Jader_Z95: calls $0.02
VANVIGA: folds 
frosa9397: folds 
Om@rx7: folds 
TornadeoJim: folds 
greybishop99: folds 
Tiagobutter: calls $0.01
INTIMIDATOR69: checks 
*** FLOP *** [7s 2h 8c]
Tiagobutter: checks 
INTIMIDATOR69: checks 
Jader_Z95: bets $0.06
Tiagobutter: folds 
INTIMIDATOR69: folds 
Uncalled bet ($0.06) returned to Jader_Z95
Jader_Z95 collected $0.06 from pot
*** SUMMARY ***
Total pot $0.06 | Rake $0 
Board [7s 2h 8c]
Seat 1: frosa9397 folded before Flop (didn't bet)
Seat 2: Om@rx7 folded before Flop (didn't bet)
Seat 3: TornadeoJim folded before Flop (didn't bet)
Seat 4: greybishop99 (button) folded before Flop (didn't bet)
Seat 5: Tiagobutter (small blind) folded on the Flop
Seat 6: INTIMIDATOR69 (big blind) folded on the Flop
Seat 7: Dorex2007 folded before Flop (didn't bet)
Seat 8: Jader_Z95 collected ($0.06)
Seat 9: VANVIGA folded before Flop (didn't bet)



PokerStars Hand #237346672187:  Hold'em No Limit ($0.01/$0.02 USD) - 2022/07/13 19:47:10 PT [2022/07/13 22:47:10 ET]
Table 'Tinette IV' 9-max Seat #5 is the button
Seat 1: frosa9397 ($2.02 in chips) 
Seat 2: Om@rx7 ($3.31 in chips) 
Seat 3: TornadeoJim ($2.95 in chips) 
Seat 4: greybishop99 ($1.37 in chips) 
Seat 5: Tiagobutter ($1.72 in chips) 
Seat 6: INTIMIDATOR69 ($2.31 in chips) 
Seat 7: Dorex2007 ($2.18 in chips) 
Seat 8: Jader_Z95 ($1.92 in chips) 
Seat 9: VANVIGA ($2.47 in chips) 
INTIMIDATOR69: posts small blind $0.01
Dorex2007: posts big blind $0.02
*** HOLE CARDS ***
Dealt to Dorex2007 [4h 6c]
Jader_Z95: raises $0.02 to $0.04
VANVIGA: calls $0.04
frosa9397: folds 
Om@rx7: folds 
TornadeoJim: folds 
greybishop99: folds 
Tiagobutter: folds 
INTIMIDATOR69: folds 
Dorex2007: folds 
*** FLOP *** [Kc 9h Th]
Jader_Z95: bets $0.05
VANVIGA: calls $0.05
*** TURN *** [Kc 9h Th] [4c]
Jader_Z95: checks 
VANVIGA: bets $0.20
Jader_Z95: folds 
Uncalled bet ($0.20) returned to VANVIGA
VANVIGA collected $0.20 from pot
*** SUMMARY ***
Total pot $0.21 | Rake $0.01 
Board [Kc 9h Th 4c]
Seat 1: frosa9397 folded before Flop (didn't bet)
Seat 2: Om@rx7 folded before Flop (didn't bet)
Seat 3: TornadeoJim folded before Flop (didn't bet)
Seat 4: greybishop99 folded before Flop (didn't bet)
Seat 5: Tiagobutter (button) folded before Flop (didn't bet)
Seat 6: INTIMIDATOR69 (small blind) folded before Flop
Seat 7: Dorex2007 (big blind) folded before Flop
Seat 8: Jader_Z95 folded on the Turn
Seat 9: VANVIGA collected ($0.20)



PokerStars Hand #237346679429:  Hold'em No Limit ($0.01/$0.02 USD) - 2022/07/13 19:47:54 PT [2022/07/13 22:47:54 ET]
Table 'Tinette IV' 9-max Seat #6 is the button
Seat 1: frosa9397 ($2.02 in chips) 
Seat 2: Om@rx7 ($3.31 in chips) 
Seat 3: TornadeoJim ($2.95 in chips) 
Seat 4: greybishop99 ($1.37 in chips) 
Seat 5: Tiagobutter ($1.72 in chips) 
Seat 6: INTIMIDATOR69 ($2.30 in chips) 
Seat 7: Dorex2007 ($2.16 in chips) 
Seat 8: Jader_Z95 ($1.83 in chips) 
Seat 9: VANVIGA ($2.58 in chips) 
Dorex2007: posts small blind $0.01
Jader_Z95: posts big blind $0.02
*** HOLE CARDS ***
Dealt to Dorex2007 [As Qc]
VANVIGA: raises $0.04 to $0.06
frosa9397: folds 
Om@rx7: folds 
TornadeoJim: folds 
greybishop99: raises $0.15 to $0.21
Tiagobutter: folds 
INTIMIDATOR69: folds 
Dorex2007: folds 
Jader_Z95: folds 
VANVIGA: raises $2.37 to $2.58 and is all-in
greybishop99: calls $1.16 and is all-in
Uncalled bet ($1.21) returned to VANVIGA
*** FLOP *** [Js Qh 5h]
*** TURN *** [Js Qh 5h] [Ks]
*** RIVER *** [Js Qh 5h Ks] [Kh]
*** SHOW DOWN ***
VANVIGA: shows [Ah Qs] (two pair, Kings and Queens)
greybishop99: shows [9s 9c] (two pair, Kings and Nines)
VANVIGA collected $2.67 from pot
*** SUMMARY ***
Total pot $2.77 | Rake $0.10 
Board [Js Qh 5h Ks Kh]
Seat 1: frosa9397 folded before Flop (didn't bet)
Seat 2: Om@rx7 folded before Flop (didn't bet)
Seat 3: TornadeoJim folded before Flop (didn't bet)
Seat 4: greybishop99 showed [9s 9c] and lost with two pair, Kings and Nines
Seat 5: Tiagobutter folded before Flop (didn't bet)
Seat 6: INTIMIDATOR69 (button) folded before Flop (didn't bet)
Seat 7: Dorex2007 (small blind) folded before Flop
Seat 8: Jader_Z95 (big blind) folded before Flop
Seat 9: VANVIGA showed [Ah Qs] and won ($2.67) with two pair, Kings and Queens



PokerStars Hand #237346684808:  Hold'em No Limit ($0.01/$0.02 USD) - 2022/07/13 19:48:25 PT [2022/07/13 22:48:25 ET]
Table 'Tinette IV' 9-max Seat #7 is the button
Seat 1: frosa9397 ($2.02 in chips) 
Seat 2: Om@rx7 ($3.31 in chips) 
Seat 3: TornadeoJim ($2.95 in chips) 
Seat 5: Tiagobutter ($1.72 in chips) 
Seat 6: INTIMIDATOR69 ($2.30 in chips) 
Seat 7: Dorex2007 ($2.15 in chips) 
Seat 8: Jader_Z95 ($1.81 in chips) 
Seat 9: VANVIGA ($3.88 in chips) 
Jader_Z95: posts small blind $0.01
VANVIGA: posts big blind $0.02
*** HOLE CARDS ***
Dealt to Dorex2007 [4d 9h]
greybishop99 leaves the table
frosa9397: calls $0.02
Om@rx7: folds 
TornadeoJim: raises $0.02 to $0.04
Tiagobutter: folds 
INTIMIDATOR69: raises $0.24 to $0.28
Dorex2007: folds 
Jader_Z95: folds 
VANVIGA: folds 
frosa9397: folds 
TornadeoJim: folds 
Uncalled bet ($0.24) returned to INTIMIDATOR69
INTIMIDATOR69 collected $0.13 from pot
*** SUMMARY ***
Total pot $0.13 | Rake $0 
Seat 1: frosa9397 folded before Flop
Seat 2: Om@rx7 folded before Flop (didn't bet)
Seat 3: TornadeoJim folded before Flop
Seat 5: Tiagobutter folded before Flop (didn't bet)
Seat 6: INTIMIDATOR69 collected ($0.13)
Seat 7: Dorex2007 (button) folded before Flop (didn't bet)
Seat 8: Jader_Z95 (small blind) folded before Flop
Seat 9: VANVIGA (big blind) folded before Flop



PokerStars Hand #237346694296:  Hold'em No Limit ($0.01/$0.02 USD) - 2022/07/13 19:49:10 PT [2022/07/13 22:49:10 ET]
Table 'Tinette IV' 9-max Seat #8 is the button
Seat 1: frosa9397 ($2 in chips) 
Seat 2: Om@rx7 ($3.31 in chips) 
Seat 3: TornadeoJim ($2.91 in chips) 
Seat 5: Tiagobutter ($1.72 in chips) 
Seat 6: INTIMIDATOR69 ($2.39 in chips) 
Seat 7: Dorex2007 ($2.15 in chips) 
Seat 8: Jader_Z95 ($1.80 in chips) 
Seat 9: VANVIGA ($3.86 in chips) 
VANVIGA: posts small blind $0.01
frosa9397: posts big blind $0.02
*** HOLE CARDS ***
Dealt to Dorex2007 [6d 3c]
Om@rx7: folds 
TornadeoJim: folds 
Tiagobutter: calls $0.02
INTIMIDATOR69: folds 
Dorex2007: folds 
Jader_Z95: calls $0.02
Shatto39 joins the table at seat #4 
VANVIGA: calls $0.01
frosa9397: checks 
*** FLOP *** [3d 4d 7s]
VANVIGA: checks 
frosa9397: checks 
Tiagobutter: checks 
Jader_Z95: bets $0.08
VANVIGA: folds 
frosa9397: folds 
Tiagobutter: folds 
Uncalled bet ($0.08) returned to Jader_Z95
Jader_Z95 collected $0.08 from pot
*** SUMMARY ***
Total pot $0.08 | Rake $0 
Board [3d 4d 7s]
Seat 1: frosa9397 (big blind) folded on the Flop
Seat 2: Om@rx7 folded before Flop (didn't bet)
Seat 3: TornadeoJim folded before Flop (didn't bet)
Seat 5: Tiagobutter folded on the Flop
Seat 6: INTIMIDATOR69 folded before Flop (didn't bet)
Seat 7: Dorex2007 folded before Flop (didn't bet)
Seat 8: Jader_Z95 (button) collected ($0.08)
Seat 9: VANVIGA (small blind) folded on the Flop



PokerStars Hand #237346701913:  Hold'em No Limit ($0.01/$0.02 USD) - 2022/07/13 19:49:56 PT [2022/07/13 22:49:56 ET]
Table 'Tinette IV' 9-max Seat #9 is the button
Seat 1: frosa9397 ($1.98 in chips) 
Seat 2: Om@rx7 ($3.31 in chips) 
Seat 3: TornadeoJim ($2.91 in chips) 
Seat 4: Shatto39 ($2 in chips) 
Seat 5: Tiagobutter ($1.70 in chips) 
Seat 6: INTIMIDATOR69 ($2.39 in chips) 
Seat 7: Dorex2007 ($2.15 in chips) 
Seat 8: Jader_Z95 ($1.86 in chips) 
Seat 9: VANVIGA ($3.84 in chips) 
frosa9397: posts small blind $0.01
Om@rx7: posts big blind $0.02
Shatto39: posts big blind $0.02
*** HOLE CARDS ***
Dealt to Dorex2007 [Kc 7h]
Tiagobutter is disconnected 
TornadeoJim: folds 
Shatto39: checks 
Tiagobutter is connected 
Tiagobutter: calls $0.02
INTIMIDATOR69: calls $0.02
Dorex2007: folds 
Jader_Z95: calls $0.02
VANVIGA: folds 
frosa9397: raises $0.12 to $0.14
Om@rx7: folds 
Shatto39: folds 
Tiagobutter: folds 
INTIMIDATOR69: calls $0.12
Jader_Z95: folds 
*** FLOP *** [Kh 8s 5h]
frosa9397: bets $0.19
INTIMIDATOR69: folds 
Uncalled bet ($0.19) returned to frosa9397
frosa9397 collected $0.35 from pot
*** SUMMARY ***
Total pot $0.36 | Rake $0.01 
Board [Kh 8s 5h]
Seat 1: frosa9397 (small blind) collected ($0.35)
Seat 2: Om@rx7 (big blind) folded before Flop
Seat 3: TornadeoJim folded before Flop (didn't bet)
Seat 4: Shatto39 folded before Flop (didn't bet)
Seat 5: Tiagobutter folded before Flop
Seat 6: INTIMIDATOR69 folded on the Flop
Seat 7: Dorex2007 folded before Flop (didn't bet)
Seat 8: Jader_Z95 folded before Flop
Seat 9: VANVIGA (button) folded before Flop (didn't bet)



PokerStars Hand #237346710752:  Hold'em No Limit ($0.01/$0.02 USD) - 2022/07/13 19:50:49 PT [2022/07/13 22:50:49 ET]
Table 'Tinette IV' 9-max Seat #1 is the button
Seat 1: frosa9397 ($2.19 in chips) 
Seat 2: Om@rx7 ($3.29 in chips) 
Seat 3: TornadeoJim ($2.91 in chips) 
Seat 4: Shatto39 ($1.98 in chips) 
Seat 5: Tiagobutter ($1.68 in chips) 
Seat 6: INTIMIDATOR69 ($2.25 in chips) 
Seat 7: Dorex2007 ($2.15 in chips) 
Seat 8: Jader_Z95 ($1.84 in chips) 
Seat 9: VANVIGA ($3.84 in chips) 
Om@rx7: posts small blind $0.01
TornadeoJim: posts big blind $0.02
*** HOLE CARDS ***
Dealt to Dorex2007 [9c Kh]
Shatto39: folds 
Tiagobutter: calls $0.02
INTIMIDATOR69: calls $0.02
Dorex2007: folds 
Jader_Z95: raises $0.02 to $0.04
VANVIGA: folds 
frosa9397: folds 
Om@rx7: calls $0.03
TornadeoJim: folds 
Tiagobutter: calls $0.02
INTIMIDATOR69: calls $0.02
*** FLOP *** [8d 4c 3c]
Om@rx7: checks 
Tiagobutter: checks 
INTIMIDATOR69: checks 
Jader_Z95: bets $0.17
Om@rx7: folds 
Tiagobutter: calls $0.17
INTIMIDATOR69: calls $0.17
*** TURN *** [8d 4c 3c] [2d]
Tiagobutter: checks 
INTIMIDATOR69: checks 
Jader_Z95: checks 
*** RIVER *** [8d 4c 3c 2d] [5h]
Tiagobutter: bets $0.10
INTIMIDATOR69: folds 
Jader_Z95: raises $0.87 to $0.97
Tiagobutter: folds 
Uncalled bet ($0.87) returned to Jader_Z95
Jader_Z95 collected $0.86 from pot
*** SUMMARY ***
Total pot $0.89 | Rake $0.03 
Board [8d 4c 3c 2d 5h]
Seat 1: frosa9397 (button) folded before Flop (didn't bet)
Seat 2: Om@rx7 (small blind) folded on the Flop
Seat 3: TornadeoJim (big blind) folded before Flop
Seat 4: Shatto39 folded before Flop (didn't bet)
Seat 5: Tiagobutter folded on the River
Seat 6: INTIMIDATOR69 folded on the River
Seat 7: Dorex2007 folded before Flop (didn't bet)
Seat 8: Jader_Z95 collected ($0.86)
Seat 9: VANVIGA folded before Flop (didn't bet)



PokerStars Hand #237346725788:  Hold'em No Limit ($0.01/$0.02 USD) - 2022/07/13 19:52:19 PT [2022/07/13 22:52:19 ET]
Table 'Tinette IV' 9-max Seat #2 is the button
Seat 1: frosa9397 ($2.19 in chips) 
Seat 2: Om@rx7 ($3.25 in chips) 
Seat 3: TornadeoJim ($2.89 in chips) 
Seat 4: Shatto39 ($1.98 in chips) 
Seat 5: Tiagobutter ($1.37 in chips) 
Seat 6: INTIMIDATOR69 ($2.04 in chips) 
Seat 7: Dorex2007 ($2.15 in chips) 
Seat 9: VANVIGA ($3.84 in chips) 
TornadeoJim: posts small blind $0.01
Shatto39: posts big blind $0.02
*** HOLE CARDS ***
Dealt to Dorex2007 [6s Td]
Tiagobutter: calls $0.02
INTIMIDATOR69: folds 
Dorex2007: folds 
VANVIGA: folds 
frosa9397: folds 
Om@rx7: calls $0.02
TornadeoJim: folds 
Shatto39: checks 
*** FLOP *** [4d 8d 3s]
Shatto39: checks 
Tiagobutter: checks 
Jader_Z95 is disconnected 
Om@rx7: checks 
*** TURN *** [4d 8d 3s] [Tc]
Shatto39: checks 
Tiagobutter: checks 
Om@rx7: checks 
*** RIVER *** [4d 8d 3s Tc] [4s]
Shatto39: bets $0.03
Tiagobutter: folds 
Om@rx7: folds 
Uncalled bet ($0.03) returned to Shatto39
Shatto39 collected $0.07 from pot
*** SUMMARY ***
Total pot $0.07 | Rake $0 
Board [4d 8d 3s Tc 4s]
Seat 1: frosa9397 folded before Flop (didn't bet)
Seat 2: Om@rx7 (button) folded on the River
Seat 3: TornadeoJim (small blind) folded before Flop
Seat 4: Shatto39 (big blind) collected ($0.07)
Seat 5: Tiagobutter folded on the River
Seat 6: INTIMIDATOR69 folded before Flop (didn't bet)
Seat 7: Dorex2007 folded before Flop (didn't bet)
Seat 9: VANVIGA folded before Flop (didn't bet)



PokerStars Hand #237346734188:  Hold'em No Limit ($0.01/$0.02 USD) - 2022/07/13 19:53:10 PT [2022/07/13 22:53:10 ET]
Table 'Tinette IV' 9-max Seat #3 is the button
Seat 1: frosa9397 ($2.19 in chips) 
Seat 2: Om@rx7 ($3.23 in chips) 
Seat 3: TornadeoJim ($2.88 in chips) 
Seat 4: Shatto39 ($2.03 in chips) 
Seat 5: Tiagobutter ($1.35 in chips) 
Seat 6: INTIMIDATOR69 ($2.04 in chips) 
Seat 7: Dorex2007 ($2.15 in chips) 
Seat 9: VANVIGA ($3.84 in chips) 
Shatto39: posts small blind $0.01
Tiagobutter: posts big blind $0.02
*** HOLE CARDS ***
Dealt to Dorex2007 [Kh 2d]
INTIMIDATOR69: folds 
Dorex2007: folds 
VANVIGA: folds 
frosa9397: folds 
Om@rx7: calls $0.02
TornadeoJim: calls $0.02
Shatto39: folds 
Tiagobutter: checks 
*** FLOP *** [8h Ks 7s]
Tiagobutter: checks 
Om@rx7: checks 
TornadeoJim: checks 
*** TURN *** [8h Ks 7s] [4d]
Tiagobutter: checks 
Om@rx7: checks 
TornadeoJim: checks 
*** RIVER *** [8h Ks 7s 4d] [Qh]
Tiagobutter: checks 
Om@rx7: checks 
TornadeoJim: checks 
*** SHOW DOWN ***
Tiagobutter: shows [9c Js] (high card King)
Om@rx7: shows [Th As] (high card Ace)
TornadeoJim: shows [Ac 7c] (a pair of Sevens)
TornadeoJim collected $0.07 from pot
*** SUMMARY ***
Total pot $0.07 | Rake $0 
Board [8h Ks 7s 4d Qh]
Seat 1: frosa9397 folded before Flop (didn't bet)
Seat 2: Om@rx7 showed [Th As] and lost with high card Ace
Seat 3: TornadeoJim (button) showed [Ac 7c] and won ($0.07) with a pair of Sevens
Seat 4: Shatto39 (small blind) folded before Flop
Seat 5: Tiagobutter (big blind) showed [9c Js] and lost with high card King
Seat 6: INTIMIDATOR69 folded before Flop (didn't bet)
Seat 7: Dorex2007 folded before Flop (didn't bet)
Seat 9: VANVIGA folded before Flop (didn't bet)



PokerStars Hand #237346749223:  Hold'em No Limit ($0.01/$0.02 USD) - 2022/07/13 19:54:21 PT [2022/07/13 22:54:21 ET]
Table 'Tinette IV' 9-max Seat #4 is the button
Seat 1: frosa9397 ($2.19 in chips) 
Seat 2: Om@rx7 ($3.21 in chips) 
Seat 3: TornadeoJim ($2.93 in chips) 
Seat 4: Shatto39 ($2.02 in chips) 
Seat 5: Tiagobutter ($1.33 in chips) 
Seat 6: INTIMIDATOR69 ($2.04 in chips) 
Seat 7: Dorex2007 ($2.15 in chips) 
Seat 9: VANVIGA ($3.84 in chips) 
Tiagobutter: posts small blind $0.01
INTIMIDATOR69: posts big blind $0.02
*** HOLE CARDS ***
Dealt to Dorex2007 [6h Kd]
Dorex2007: folds 
VANVIGA: folds 
frosa9397: folds 
Om@rx7: calls $0.02
TornadeoJim: folds 
Shatto39: folds 
Tiagobutter: calls $0.01
INTIMIDATOR69: checks 
*** FLOP *** [6d As 7c]
Tiagobutter: checks 
INTIMIDATOR69: checks 
Om@rx7: bets $0.03
Tiagobutter: calls $0.03
INTIMIDATOR69: raises $0.15 to $0.18
Om@rx7: folds 
Jader_Z95 leaves the table
Tiagobutter: folds 
Uncalled bet ($0.15) returned to INTIMIDATOR69
INTIMIDATOR69 collected $0.14 from pot
*** SUMMARY ***
Total pot $0.15 | Rake $0.01 
Board [6d As 7c]
Seat 1: frosa9397 folded before Flop (didn't bet)
Seat 2: Om@rx7 folded on the Flop
Seat 3: TornadeoJim folded before Flop (didn't bet)
Seat 4: Shatto39 (button) folded before Flop (didn't bet)
Seat 5: Tiagobutter (small blind) folded on the Flop
Seat 6: INTIMIDATOR69 (big blind) collected ($0.14)
Seat 7: Dorex2007 folded before Flop (didn't bet)
Seat 9: VANVIGA folded before Flop (didn't bet)



PokerStars Hand #237346759363:  Hold'em No Limit ($0.01/$0.02 USD) - 2022/07/13 19:55:24 PT [2022/07/13 22:55:24 ET]
Table 'Tinette IV' 9-max Seat #5 is the button
Seat 1: frosa9397 ($2.19 in chips) 
Seat 2: Om@rx7 ($3.16 in chips) 
Seat 3: TornadeoJim ($2.93 in chips) 
Seat 4: Shatto39 ($2.02 in chips) 
Seat 5: Tiagobutter ($1.28 in chips) 
Seat 6: INTIMIDATOR69 ($2.13 in chips) 
Seat 7: Dorex2007 ($2.15 in chips) 
Seat 9: VANVIGA ($3.84 in chips) 
INTIMIDATOR69: posts small blind $0.01
Dorex2007: posts big blind $0.02
*** HOLE CARDS ***
Dealt to Dorex2007 [6d As]
VANVIGA: folds 
frosa9397: folds 
Om@rx7: folds 
TornadeoJim: folds 
Char P-3 joins the table at seat #8 
Shatto39: raises $0.04 to $0.06
Tiagobutter: folds 
INTIMIDATOR69: folds 
Dorex2007: folds 
Uncalled bet ($0.04) returned to Shatto39
Shatto39 collected $0.05 from pot
*** SUMMARY ***
Total pot $0.05 | Rake $0 
Seat 1: frosa9397 folded before Flop (didn't bet)
Seat 2: Om@rx7 folded before Flop (didn't bet)
Seat 3: TornadeoJim folded before Flop (didn't bet)
Seat 4: Shatto39 collected ($0.05)
Seat 5: Tiagobutter (button) folded before Flop (didn't bet)
Seat 6: INTIMIDATOR69 (small blind) folded before Flop
Seat 7: Dorex2007 (big blind) folded before Flop
Seat 9: VANVIGA folded before Flop (didn't bet)



PokerStars Hand #237346762231:  Hold'em No Limit ($0.01/$0.02 USD) - 2022/07/13 19:55:45 PT [2022/07/13 22:55:45 ET]
Table 'Tinette IV' 9-max Seat #6 is the button
Seat 1: frosa9397 ($2.19 in chips) 
Seat 2: Om@rx7 ($3.16 in chips) 
Seat 3: TornadeoJim ($2.93 in chips) 
Seat 4: Shatto39 ($2.05 in chips) 
Seat 5: Tiagobutter ($1.28 in chips) 
Seat 6: INTIMIDATOR69 ($2.12 in chips) 
Seat 7: Dorex2007 ($2.13 in chips) 
Seat 8: Char P-3 ($1 in chips) 
Seat 9: VANVIGA ($3.84 in chips) 
Dorex2007: posts small blind $0.01
Char P-3: posts big blind $0.02
*** HOLE CARDS ***
Dealt to Dorex2007 [Kc 2d]
VANVIGA: folds 
VANVIGA leaves the table
frosa9397: folds 
Om@rx7: folds 
TornadeoJim: folds 
Shatto39: folds 
Tiagobutter: calls $0.02
INTIMIDATOR69: folds 
Dorex2007: folds 
Char P-3: checks 
*** FLOP *** [6h Kh 2h]
Char P-3: checks 
Tiagobutter: checks 
*** TURN *** [6h Kh 2h] [2s]
Char P-3: checks 
Tiagobutter: checks 
*** RIVER *** [6h Kh 2h 2s] [4s]
Char P-3: bets $0.02
Tiagobutter: folds 
Uncalled bet ($0.02) returned to Char P-3
Char P-3 collected $0.05 from pot
*** SUMMARY ***
Total pot $0.05 | Rake $0 
Board [6h Kh 2h 2s 4s]
Seat 1: frosa9397 folded before Flop (didn't bet)
Seat 2: Om@rx7 folded before Flop (didn't bet)
Seat 3: TornadeoJim folded before Flop (didn't bet)
Seat 4: Shatto39 folded before Flop (didn't bet)
Seat 5: Tiagobutter folded on the River
Seat 6: INTIMIDATOR69 (button) folded before Flop (didn't bet)
Seat 7: Dorex2007 (small blind) folded before Flop
Seat 8: Char P-3 (big blind) collected ($0.05)
Seat 9: VANVIGA folded before Flop (didn't bet)



PokerStars Hand #237346766883:  Hold'em No Limit ($0.01/$0.02 USD) - 2022/07/13 19:56:19 PT [2022/07/13 22:56:19 ET]
Table 'Tinette IV' 9-max Seat #7 is the button
Seat 1: frosa9397 ($2.19 in chips) 
Seat 2: Om@rx7 ($3.16 in chips) 
Seat 3: TornadeoJim ($2.93 in chips) 
Seat 4: Shatto39 ($2.05 in chips) 
Seat 5: Tiagobutter ($1.26 in chips) 
Seat 7: Dorex2007 ($2.12 in chips) 
Seat 8: Char P-3 ($1.03 in chips) 
Char P-3: posts small blind $0.01
frosa9397: posts big blind $0.02
*** HOLE CARDS ***
Dealt to Dorex2007 [2d 9d]
Om@rx7: folds 
TornadeoJim: folds 
Shatto39: folds 
Tiagobutter: calls $0.02
Dorex2007: folds 
Char P-3: folds 
frosa9397: checks 
*** FLOP *** [9c Js 7h]
frosa9397: checks 
Tiagobutter: checks 
*** TURN *** [9c Js 7h] [7c]
frosa9397: checks 
Tiagobutter: checks 
*** RIVER *** [9c Js 7h 7c] [9s]
frosa9397: checks 
Tiagobutter: bets $0.06
frosa9397: folds 
Uncalled bet ($0.06) returned to Tiagobutter
Tiagobutter collected $0.05 from pot
*** SUMMARY ***
Total pot $0.05 | Rake $0 
Board [9c Js 7h 7c 9s]
Seat 1: frosa9397 (big blind) folded on the River
Seat 2: Om@rx7 folded before Flop (didn't bet)
Seat 3: TornadeoJim folded before Flop (didn't bet)
Seat 4: Shatto39 folded before Flop (didn't bet)
Seat 5: Tiagobutter collected ($0.05)
Seat 7: Dorex2007 (button) folded before Flop (didn't bet)
Seat 8: Char P-3 (small blind) folded before Flop



PokerStars Hand #237346774328:  Hold'em No Limit ($0.01/$0.02 USD) - 2022/07/13 19:57:13 PT [2022/07/13 22:57:13 ET]
Table 'Tinette IV' 9-max Seat #8 is the button
Seat 1: frosa9397 ($2.17 in chips) 
Seat 2: Om@rx7 ($3.16 in chips) 
Seat 3: TornadeoJim ($2.93 in chips) 
Seat 4: Shatto39 ($2.05 in chips) 
Seat 5: Tiagobutter ($1.29 in chips) 
Seat 6: INTIMIDATOR69 ($2.12 in chips) 
Seat 7: Dorex2007 ($2.12 in chips) 
Seat 8: Char P-3 ($1.02 in chips) 
frosa9397: posts small blind $0.01
Om@rx7: posts big blind $0.02
*** HOLE CARDS ***
Dealt to Dorex2007 [5h 4d]
TornadeoJim: calls $0.02
Shatto39: folds 
Tiagobutter: calls $0.02
INTIMIDATOR69: folds 
Dorex2007: folds 
Char P-3: folds 
frosa9397: calls $0.01
woody2185498 joins the table at seat #9 
Om@rx7: checks 
*** FLOP *** [5d 6h 4s]
frosa9397: checks 
Om@rx7: checks 
TornadeoJim: checks 
Tiagobutter: checks 
*** TURN *** [5d 6h 4s] [5c]
frosa9397: checks 
Om@rx7: checks 
TornadeoJim: checks 
Tiagobutter: checks 
*** RIVER *** [5d 6h 4s 5c] [Jd]
frosa9397: bets $0.04
Om@rx7: folds 
TornadeoJim: folds 
Tiagobutter: calls $0.04
*** SHOW DOWN ***
frosa9397: shows [Js Qc] (two pair, Jacks and Fives)
Tiagobutter: mucks hand 
frosa9397 collected $0.15 from pot
*** SUMMARY ***
Total pot $0.16 | Rake $0.01 
Board [5d 6h 4s 5c Jd]
Seat 1: frosa9397 (small blind) showed [Js Qc] and won ($0.15) with two pair, Jacks and Fives
Seat 2: Om@rx7 (big blind) folded on the River
Seat 3: TornadeoJim folded on the River
Seat 4: Shatto39 folded before Flop (didn't bet)
Seat 5: Tiagobutter mucked [Th Jc]
Seat 6: INTIMIDATOR69 folded before Flop (didn't bet)
Seat 7: Dorex2007 folded before Flop (didn't bet)
Seat 8: Char P-3 (button) folded before Flop (didn't bet)



PokerStars Hand #237346787088:  Hold'em No Limit ($0.01/$0.02 USD) - 2022/07/13 19:58:10 PT [2022/07/13 22:58:10 ET]
Table 'Tinette IV' 9-max Seat #1 is the button
Seat 1: frosa9397 ($2.26 in chips) 
Seat 2: Om@rx7 ($3.14 in chips) 
Seat 3: TornadeoJim ($2.91 in chips) 
Seat 4: Shatto39 ($2.05 in chips) 
Seat 5: Tiagobutter ($1.23 in chips) 
Seat 7: Dorex2007 ($2.12 in chips) 
Seat 8: Char P-3 ($1.02 in chips) 
Om@rx7: posts small blind $0.01
TornadeoJim: posts big blind $0.02
woody2185498: sits out 
*** HOLE CARDS ***
Dealt to Dorex2007 [7c 7h]
Shatto39: folds 
Tiagobutter: calls $0.02
Dorex2007: calls $0.02
Char P-3: folds 
frosa9397: calls $0.02
Om@rx7: calls $0.01
TornadeoJim: checks 
*** FLOP *** [3s As 5h]
Om@rx7: checks 
TornadeoJim: checks 
Tiagobutter: checks 
Dorex2007: checks 
frosa9397: bets $0.05
Om@rx7: folds 
TornadeoJim: folds 
Tiagobutter: folds 
Dorex2007: folds 
Uncalled bet ($0.05) returned to frosa9397
frosa9397 collected $0.10 from pot
*** SUMMARY ***
Total pot $0.10 | Rake $0 
Board [3s As 5h]
Seat 1: frosa9397 (button) collected ($0.10)
Seat 2: Om@rx7 (small blind) folded on the Flop
Seat 3: TornadeoJim (big blind) folded on the Flop
Seat 4: Shatto39 folded before Flop (didn't bet)
Seat 5: Tiagobutter folded on the Flop
Seat 7: Dorex2007 folded on the Flop
Seat 8: Char P-3 folded before Flop (didn't bet)



PokerStars Hand #237346794900:  Hold'em No Limit ($0.01/$0.02 USD) - 2022/07/13 19:59:07 PT [2022/07/13 22:59:07 ET]
Table 'Tinette IV' 9-max Seat #2 is the button
Seat 1: frosa9397 ($2.34 in chips) 
Seat 2: Om@rx7 ($3.12 in chips) 
Seat 3: TornadeoJim ($2.89 in chips) 
Seat 4: Shatto39 ($2.05 in chips) 
Seat 5: Tiagobutter ($1.21 in chips) 
Seat 7: Dorex2007 ($2.10 in chips) 
Seat 8: Char P-3 ($1.02 in chips) 
TornadeoJim: posts small blind $0.01
Shatto39: posts big blind $0.02
woody2185498: sits out 
*** HOLE CARDS ***
Dealt to Dorex2007 [3d 4h]
Tiagobutter: calls $0.02
Dorex2007: folds 
Char P-3: folds 
frosa9397: folds 
Om@rx7: folds 
TornadeoJim: folds 
Shatto39: checks 
*** FLOP *** [7d 8d Jd]
Shatto39: checks 
Tiagobutter: bets $0.06
Shatto39: calls $0.06
*** TURN *** [7d 8d Jd] [Qs]
Shatto39: checks 
Tiagobutter: bets $0.08
Shatto39: calls $0.08
*** RIVER *** [7d 8d Jd Qs] [7c]
Shatto39: bets $0.12
Tiagobutter: calls $0.12
*** SHOW DOWN ***
Shatto39: shows [Jh 9h] (two pair, Jacks and Sevens)
Tiagobutter: shows [Ah Ac] (two pair, Aces and Sevens)
Tiagobutter collected $0.55 from pot
*** SUMMARY ***
Total pot $0.57 | Rake $0.02 
Board [7d 8d Jd Qs 7c]
Seat 1: frosa9397 folded before Flop (didn't bet)
Seat 2: Om@rx7 (button) folded before Flop (didn't bet)
Seat 3: TornadeoJim (small blind) folded before Flop
Seat 4: Shatto39 (big blind) showed [Jh 9h] and lost with two pair, Jacks and Sevens
Seat 5: Tiagobutter showed [Ah Ac] and won ($0.55) with two pair, Aces and Sevens
Seat 7: Dorex2007 folded before Flop (didn't bet)
Seat 8: Char P-3 folded before Flop (didn't bet)



PokerStars Hand #237346805457:  Hold'em No Limit ($0.01/$0.02 USD) - 2022/07/13 20:00:23 PT [2022/07/13 23:00:23 ET]
Table 'Tinette IV' 9-max Seat #3 is the button
Seat 1: frosa9397 ($2.34 in chips) 
Seat 2: Om@rx7 ($3.12 in chips) 
Seat 3: TornadeoJim ($2.88 in chips) 
Seat 4: Shatto39 ($1.77 in chips) 
Seat 5: Tiagobutter ($1.48 in chips) 
Seat 7: Dorex2007 ($2.10 in chips) 
Seat 8: Char P-3 ($1.02 in chips) 
Shatto39: posts small blind $0.01
Tiagobutter: posts big blind $0.02
woody2185498: sits out 
*** HOLE CARDS ***
Dealt to Dorex2007 [Ah 8s]
Dorex2007: folds 
Char P-3: raises $0.04 to $0.06
frosa9397: calls $0.06
Om@rx7: folds 
TornadeoJim: folds 
Shatto39: folds 
Tiagobutter: calls $0.04
*** FLOP *** [7h As 4c]
Tiagobutter: bets $0.06
Char P-3: calls $0.06
frosa9397: folds 
*** TURN *** [7h As 4c] [6d]
Tiagobutter: bets $0.08
Char P-3: folds 
Uncalled bet ($0.08) returned to Tiagobutter
Tiagobutter collected $0.30 from pot
*** SUMMARY ***
Total pot $0.31 | Rake $0.01 
Board [7h As 4c 6d]
Seat 1: frosa9397 folded on the Flop
Seat 2: Om@rx7 folded before Flop (didn't bet)
Seat 3: TornadeoJim (button) folded before Flop (didn't bet)
Seat 4: Shatto39 (small blind) folded before Flop
Seat 5: Tiagobutter (big blind) collected ($0.30)
Seat 7: Dorex2007 folded before Flop (didn't bet)
Seat 8: Char P-3 folded on the Turn



PokerStars Hand #237346812123:  Hold'em No Limit ($0.01/$0.02 USD) - 2022/07/13 20:01:06 PT [2022/07/13 23:01:06 ET]
Table 'Tinette IV' 9-max Seat #4 is the button
Seat 1: frosa9397 ($2.28 in chips) 
Seat 2: Om@rx7 ($3.12 in chips) 
Seat 3: TornadeoJim ($2.88 in chips) 
Seat 4: Shatto39 ($1.76 in chips) 
Seat 5: Tiagobutter ($1.66 in chips) 
Seat 7: Dorex2007 ($2.10 in chips) 
Seat 8: Char P-3 ($0.90 in chips) 
Tiagobutter: posts small blind $0.01
Dorex2007: posts big blind $0.02
woody2185498: sits out 
*** HOLE CARDS ***
Dealt to Dorex2007 [Kd As]
Char P-3: folds 
frosa9397 has timed out
frosa9397: folds 
Om@rx7: folds 
TornadeoJim: folds 
Shatto39: folds 
Tiagobutter: calls $0.01
Dorex2007: raises $0.04 to $0.06
Tiagobutter: calls $0.04
*** FLOP *** [8c Js 7d]
Tiagobutter: bets $0.02
Dorex2007: calls $0.02
*** TURN *** [8c Js 7d] [Jd]
Tiagobutter: bets $0.06
Dorex2007: folds 
Uncalled bet ($0.06) returned to Tiagobutter
Tiagobutter collected $0.15 from pot
*** SUMMARY ***
Total pot $0.16 | Rake $0.01 
Board [8c Js 7d Jd]
Seat 1: frosa9397 folded before Flop (didn't bet)
Seat 2: Om@rx7 folded before Flop (didn't bet)
Seat 3: TornadeoJim folded before Flop (didn't bet)
Seat 4: Shatto39 (button) folded before Flop (didn't bet)
Seat 5: Tiagobutter (small blind) collected ($0.15)
Seat 7: Dorex2007 (big blind) folded on the Turn
Seat 8: Char P-3 folded before Flop (didn't bet)



PokerStars Hand #237346817993:  Hold'em No Limit ($0.01/$0.02 USD) - 2022/07/13 20:01:43 PT [2022/07/13 23:01:43 ET]
Table 'Tinette IV' 9-max Seat #5 is the button
Seat 1: frosa9397 ($2.28 in chips) 
Seat 2: Om@rx7 ($3.12 in chips) 
Seat 3: TornadeoJim ($2.88 in chips) 
Seat 4: Shatto39 ($1.76 in chips) 
Seat 5: Tiagobutter ($1.73 in chips) 
Seat 7: Dorex2007 ($2.02 in chips) 
Seat 8: Char P-3 ($0.90 in chips) 
Dorex2007: posts small blind $0.01
Char P-3: posts big blind $0.02
woody2185498: sits out 
*** HOLE CARDS ***
Dealt to Dorex2007 [4d Ah]
frosa9397: folds 
Om@rx7: folds 
TornadeoJim: folds 
Shatto39: folds 
Tiagobutter: calls $0.02
Dorex2007: folds 
Char P-3: raises $0.04 to $0.06
Tiagobutter: calls $0.04
*** FLOP *** [8h 3h As]
Char P-3: bets $0.12
Tiagobutter: folds 
Uncalled bet ($0.12) returned to Char P-3
Char P-3 collected $0.13 from pot
*** SUMMARY ***
Total pot $0.13 | Rake $0 
Board [8h 3h As]
Seat 1: frosa9397 folded before Flop (didn't bet)
Seat 2: Om@rx7 folded before Flop (didn't bet)
Seat 3: TornadeoJim folded before Flop (didn't bet)
Seat 4: Shatto39 folded before Flop (didn't bet)
Seat 5: Tiagobutter (button) folded on the Flop
Seat 7: Dorex2007 (small blind) folded before Flop
Seat 8: Char P-3 (big blind) collected ($0.13)



PokerStars Hand #237346823407:  Hold'em No Limit ($0.01/$0.02 USD) - 2022/07/13 20:02:17 PT [2022/07/13 23:02:17 ET]
Table 'Tinette IV' 9-max Seat #7 is the button
Seat 1: frosa9397 ($2.28 in chips) 
Seat 2: Om@rx7 ($3.12 in chips) 
Seat 3: TornadeoJim ($2.88 in chips) 
Seat 4: Shatto39 ($1.76 in chips) 
Seat 5: Tiagobutter ($1.67 in chips) 
Seat 7: Dorex2007 ($2.01 in chips) 
Seat 8: Char P-3 ($0.97 in chips) 
Seat 9: woody2185498 ($1 in chips) 
Char P-3: posts small blind $0.01
woody2185498: posts big blind $0.02
*** HOLE CARDS ***
Dealt to Dorex2007 [8h Jd]
frosa9397: folds 
Om@rx7: folds 
TornadeoJim: folds 
Shatto39: folds 
Tiagobutter: raises $0.02 to $0.04
Dorex2007: folds 
Char P-3: calls $0.03
woody2185498: calls $0.02
*** FLOP *** [Jc 2h 9c]
Char P-3: bets $0.06
woody2185498: calls $0.06
Tiagobutter: folds 
*** TURN *** [Jc 2h 9c] [3c]
Char P-3: checks 
woody2185498: bets $0.13
Char P-3: calls $0.13
*** RIVER *** [Jc 2h 9c 3c] [Tc]
Char P-3: checks 
woody2185498: bets $0.48
Char P-3: raises $0.26 to $0.74 and is all-in
woody2185498: calls $0.26
*** SHOW DOWN ***
Char P-3: shows [Kc Qc] (a straight flush, Nine to King)
woody2185498: shows [Th Ks] (a pair of Tens)
Char P-3 collected $1.91 from pot
*** SUMMARY ***
Total pot $1.98 | Rake $0.07 
Board [Jc 2h 9c 3c Tc]
Seat 1: frosa9397 folded before Flop (didn't bet)
Seat 2: Om@rx7 folded before Flop (didn't bet)
Seat 3: TornadeoJim folded before Flop (didn't bet)
Seat 4: Shatto39 folded before Flop (didn't bet)
Seat 5: Tiagobutter folded on the Flop
Seat 7: Dorex2007 (button) folded before Flop (didn't bet)
Seat 8: Char P-3 (small blind) showed [Kc Qc] and won ($1.91) with a straight flush, Nine to King
Seat 9: woody2185498 (big blind) showed [Th Ks] and lost with a pair of Tens



PokerStars Hand #237346833956:  Hold'em No Limit ($0.01/$0.02 USD) - 2022/07/13 20:03:22 PT [2022/07/13 23:03:22 ET]
Table 'Tinette IV' 9-max Seat #8 is the button
Seat 1: frosa9397 ($2.28 in chips) 
Seat 2: Om@rx7 ($3.12 in chips) 
Seat 3: TornadeoJim ($2.88 in chips) 
Seat 4: Shatto39 ($1.76 in chips) 
Seat 5: Tiagobutter ($1.63 in chips) 
Seat 7: Dorex2007 ($2.01 in chips) 
Seat 8: Char P-3 ($1.91 in chips) 
Seat 9: woody2185498 ($0.03 in chips) 
woody2185498: posts small blind $0.01
frosa9397: posts big blind $0.02
*** HOLE CARDS ***
Dealt to Dorex2007 [7c Jh]
Om@rx7: calls $0.02
TornadeoJim: folds 
Shatto39: folds 
Tiagobutter: calls $0.02
Dorex2007: folds 
Char P-3: folds 
woody2185498: folds 
frosa9397: checks 
*** FLOP *** [3h 5h 6c]
woody2185498 leaves the table
Alves6776 joins the table at seat #9 
frosa9397 is disconnected 
frosa9397 has timed out while disconnected
frosa9397: checks 
Om@rx7: checks 
Tiagobutter: bets $0.02
frosa9397 has timed out while disconnected
frosa9397: folds 
Om@rx7: folds 
Uncalled bet ($0.02) returned to Tiagobutter
Tiagobutter collected $0.07 from pot
*** SUMMARY ***
Total pot $0.07 | Rake $0 
Board [3h 5h 6c]
Seat 1: frosa9397 (big blind) folded on the Flop
Seat 2: Om@rx7 folded on the Flop
Seat 3: TornadeoJim folded before Flop (didn't bet)
Seat 4: Shatto39 folded before Flop (didn't bet)
Seat 5: Tiagobutter collected ($0.07)
Seat 7: Dorex2007 folded before Flop (didn't bet)
Seat 8: Char P-3 (button) folded before Flop (didn't bet)
Seat 9: woody2185498 (small blind) folded before Flop



