PokerStars Hand #236827882300:  Hold'em No Limit ($0.01/$0.02 USD) - 2022/06/17 21:00:38 PT [2022/06/18 0:00:38 ET]
Table 'Parthenope' 9-max Seat #3 is the button
Seat 1: FijiKid420 ($1.09 in chips) 
Seat 2: matias1624 ($2.24 in chips) 
Seat 3: Dorex2007 ($3.49 in chips) 
Seat 4: Lucrative_24/7 ($1.51 in chips) 
Seat 5: sidenkai ($1.60 in chips) 
Seat 6: idealt1-2 ($1.83 in chips) 
Seat 7: ilianaki785 ($1.01 in chips) 
Seat 8: conan230871 ($1.31 in chips) 
Seat 9: charliesolac ($4.17 in chips) 
Lucrative_24/7: posts small blind $0.01
sidenkai: posts big blind $0.02
*** HOLE CARDS ***
Dealt to Dorex2007 [8h 8c]
idealt1-2: folds 
ilianaki785: folds 
conan230871: folds 
charliesolac: folds 
FijiKid420: folds 
matias1624: folds 
Dorex2007: raises $0.04 to $0.06
Lucrative_24/7: calls $0.05
sidenkai: calls $0.04
*** FLOP *** [5c 4h Js]
Lucrative_24/7: checks 
sidenkai: checks 
Dorex2007: bets $0.09
Lucrative_24/7: calls $0.09
sidenkai: folds 
*** TURN *** [5c 4h Js] [Jd]
Lucrative_24/7: checks 
FijiKid420 leaves the table
Dorex2007: bets $0.14
Lucrative_24/7: calls $0.14
*** RIVER *** [5c 4h Js Jd] [9h]
Lucrative_24/7: checks 
Dorex2007: bets $0.12
Lucrative_24/7: calls $0.12
*** SHOW DOWN ***
Dorex2007: shows [8h 8c] (two pair, Jacks and Eights)
Lucrative_24/7: mucks hand 
Dorex2007 collected $0.85 from pot
*** SUMMARY ***
Total pot $0.88 | Rake $0.03 
Board [5c 4h Js Jd 9h]
Seat 1: FijiKid420 folded before Flop (didn't bet)
Seat 2: matias1624 folded before Flop (didn't bet)
Seat 3: Dorex2007 (button) showed [8h 8c] and won ($0.85) with two pair, Jacks and Eights
Seat 4: Lucrative_24/7 (small blind) mucked [2d Ac]
Seat 5: sidenkai (big blind) folded on the Flop
Seat 6: idealt1-2 folded before Flop (didn't bet)
Seat 7: ilianaki785 folded before Flop (didn't bet)
Seat 8: conan230871 folded before Flop (didn't bet)
Seat 9: charliesolac folded before Flop (didn't bet)



PokerStars Hand #236827891095:  Hold'em No Limit ($0.01/$0.02 USD) - 2022/06/17 21:01:36 PT [2022/06/18 0:01:36 ET]
Table 'Parthenope' 9-max Seat #4 is the button
Seat 2: matias1624 ($2.24 in chips) 
Seat 3: Dorex2007 ($3.93 in chips) 
Seat 4: Lucrative_24/7 ($1.10 in chips) 
Seat 5: sidenkai ($1.54 in chips) 
Seat 6: idealt1-2 ($1.83 in chips) 
Seat 7: ilianaki785 ($1.01 in chips) 
Seat 8: conan230871 ($1.31 in chips) 
Seat 9: charliesolac ($4.17 in chips) 
sidenkai: posts small blind $0.01
idealt1-2: posts big blind $0.02
*** HOLE CARDS ***
Dealt to Dorex2007 [2c Jd]
ilianaki785: folds 
conan230871: folds 
charliesolac: folds 
matias1624: folds 
Dorex2007: folds 
Lucrative_24/7: raises $1.08 to $1.10 and is all-in
sidenkai: calls $1.09
idealt1-2: folds 
*** FLOP *** [3c Ac 8d]
*** TURN *** [3c Ac 8d] [2h]
*** RIVER *** [3c Ac 8d 2h] [As]
dmcrbr joins the table at seat #1 
*** SHOW DOWN ***
sidenkai: shows [Th Ts] (two pair, Aces and Tens)
Lucrative_24/7: shows [Qc Jh] (a pair of Aces)
sidenkai collected $2.14 from pot
*** SUMMARY ***
Total pot $2.22 | Rake $0.08 
Board [3c Ac 8d 2h As]
Seat 2: matias1624 folded before Flop (didn't bet)
Seat 3: Dorex2007 folded before Flop (didn't bet)
Seat 4: Lucrative_24/7 (button) showed [Qc Jh] and lost with a pair of Aces
Seat 5: sidenkai (small blind) showed [Th Ts] and won ($2.14) with two pair, Aces and Tens
Seat 6: idealt1-2 (big blind) folded before Flop
Seat 7: ilianaki785 folded before Flop (didn't bet)
Seat 8: conan230871 folded before Flop (didn't bet)
Seat 9: charliesolac folded before Flop (didn't bet)



PokerStars Hand #236827896624:  Hold'em No Limit ($0.01/$0.02 USD) - 2022/06/17 21:02:13 PT [2022/06/18 0:02:13 ET]
Table 'Parthenope' 9-max Seat #5 is the button
Seat 2: matias1624 ($2.24 in chips) 
Seat 3: Dorex2007 ($3.93 in chips) 
Seat 5: sidenkai ($2.58 in chips) 
Seat 6: idealt1-2 ($1.81 in chips) 
Seat 7: ilianaki785 ($1.01 in chips) 
Seat 8: conan230871 ($1.31 in chips) 
Seat 9: charliesolac ($4.17 in chips) 
idealt1-2: posts small blind $0.01
ilianaki785: posts big blind $0.02
dmcrbr: sits out 
*** HOLE CARDS ***
Dealt to Dorex2007 [2d Ks]
conan230871: folds 
charliesolac: folds 
Lucrative_24/7 is disconnected 
matias1624: folds 
Dorex2007: folds 
sidenkai: raises $0.02 to $0.04
idealt1-2: calls $0.03
ilianaki785: folds 
*** FLOP *** [2h Ah Qh]
idealt1-2: checks 
sidenkai: bets $0.02
idealt1-2: calls $0.02
*** TURN *** [2h Ah Qh] [8d]
idealt1-2: checks 
sidenkai: bets $0.08
idealt1-2: folds 
Uncalled bet ($0.08) returned to sidenkai
sidenkai collected $0.14 from pot
*** SUMMARY ***
Total pot $0.14 | Rake $0 
Board [2h Ah Qh 8d]
Seat 2: matias1624 folded before Flop (didn't bet)
Seat 3: Dorex2007 folded before Flop (didn't bet)
Seat 5: sidenkai (button) collected ($0.14)
Seat 6: idealt1-2 (small blind) folded on the Turn
Seat 7: ilianaki785 (big blind) folded before Flop
Seat 8: conan230871 folded before Flop (didn't bet)
Seat 9: charliesolac folded before Flop (didn't bet)



PokerStars Hand #236827904153:  Hold'em No Limit ($0.01/$0.02 USD) - 2022/06/17 21:03:03 PT [2022/06/18 0:03:03 ET]
Table 'Parthenope' 9-max Seat #6 is the button
Seat 2: matias1624 ($2.24 in chips) 
Seat 3: Dorex2007 ($3.93 in chips) 
Seat 5: sidenkai ($2.66 in chips) 
Seat 6: idealt1-2 ($1.75 in chips) 
Seat 7: ilianaki785 ($0.99 in chips) 
Seat 8: conan230871 ($1.31 in chips) 
Seat 9: charliesolac ($4.17 in chips) 
ilianaki785: posts small blind $0.01
conan230871: posts big blind $0.02
dmcrbr: sits out 
*** HOLE CARDS ***
Dealt to Dorex2007 [Kc 7c]
charliesolac: folds 
matias1624: folds 
Dorex2007: folds 
sidenkai: calls $0.02
idealt1-2: folds 
ilianaki785: calls $0.01
conan230871: checks 
*** FLOP *** [5s 5d Td]
ilianaki785: checks 
conan230871: checks 
sidenkai: bets $0.06
ilianaki785: folds 
conan230871: folds 
Uncalled bet ($0.06) returned to sidenkai
sidenkai collected $0.06 from pot
*** SUMMARY ***
Total pot $0.06 | Rake $0 
Board [5s 5d Td]
Seat 2: matias1624 folded before Flop (didn't bet)
Seat 3: Dorex2007 folded before Flop (didn't bet)
Seat 5: sidenkai collected ($0.06)
Seat 6: idealt1-2 (button) folded before Flop (didn't bet)
Seat 7: ilianaki785 (small blind) folded on the Flop
Seat 8: conan230871 (big blind) folded on the Flop
Seat 9: charliesolac folded before Flop (didn't bet)



PokerStars Hand #236827910801:  Hold'em No Limit ($0.01/$0.02 USD) - 2022/06/17 21:03:46 PT [2022/06/18 0:03:46 ET]
Table 'Parthenope' 9-max Seat #7 is the button
Seat 2: matias1624 ($2.24 in chips) 
Seat 3: Dorex2007 ($3.93 in chips) 
Seat 5: sidenkai ($2.70 in chips) 
Seat 6: idealt1-2 ($1.75 in chips) 
Seat 7: ilianaki785 ($0.97 in chips) 
Seat 8: conan230871 ($1.29 in chips) 
Seat 9: charliesolac ($4.17 in chips) 
conan230871: posts small blind $0.01
charliesolac: posts big blind $0.02
dmcrbr: sits out 
*** HOLE CARDS ***
Dealt to Dorex2007 [3s 9d]
matias1624: folds 
Dorex2007: folds 
sidenkai: raises $0.02 to $0.04
idealt1-2: folds 
ilianaki785: calls $0.04
conan230871: folds 
charliesolac: calls $0.02
*** FLOP *** [7d Jd 4d]
charliesolac: checks 
sidenkai: bets $0.02
ilianaki785: calls $0.02
charliesolac: calls $0.02
*** TURN *** [7d Jd 4d] [5c]
charliesolac: checks 
sidenkai: checks 
ilianaki785: bets $0.09
charliesolac: folds 
sidenkai: folds 
Uncalled bet ($0.09) returned to ilianaki785
ilianaki785 collected $0.18 from pot
ilianaki785: doesn't show hand 
*** SUMMARY ***
Total pot $0.19 | Rake $0.01 
Board [7d Jd 4d 5c]
Seat 2: matias1624 folded before Flop (didn't bet)
Seat 3: Dorex2007 folded before Flop (didn't bet)
Seat 5: sidenkai folded on the Turn
Seat 6: idealt1-2 folded before Flop (didn't bet)
Seat 7: ilianaki785 (button) collected ($0.18)
Seat 8: conan230871 (small blind) folded before Flop
Seat 9: charliesolac (big blind) folded on the Turn



PokerStars Hand #236827919613:  Hold'em No Limit ($0.01/$0.02 USD) - 2022/06/17 21:04:44 PT [2022/06/18 0:04:44 ET]
Table 'Parthenope' 9-max Seat #8 is the button
Seat 1: dmcrbr ($2 in chips) 
Seat 2: matias1624 ($2.24 in chips) 
Seat 3: Dorex2007 ($3.93 in chips) 
Seat 5: sidenkai ($2.64 in chips) 
Seat 6: idealt1-2 ($1.75 in chips) 
Seat 7: ilianaki785 ($1.09 in chips) 
Seat 8: conan230871 ($1.28 in chips) 
Seat 9: charliesolac ($4.11 in chips) 
charliesolac: posts small blind $0.01
dmcrbr: posts big blind $0.02
*** HOLE CARDS ***
Dealt to Dorex2007 [5d 7d]
matias1624: folds 
Dorex2007: folds 
sidenkai: folds 
idealt1-2: folds 
ilianaki785: folds 
conan230871: folds 
charliesolac: folds 
Uncalled bet ($0.01) returned to dmcrbr
dmcrbr collected $0.02 from pot
*** SUMMARY ***
Total pot $0.02 | Rake $0 
Seat 1: dmcrbr (big blind) collected ($0.02)
Seat 2: matias1624 folded before Flop (didn't bet)
Seat 3: Dorex2007 folded before Flop (didn't bet)
Seat 5: sidenkai folded before Flop (didn't bet)
Seat 6: idealt1-2 folded before Flop (didn't bet)
Seat 7: ilianaki785 folded before Flop (didn't bet)
Seat 8: conan230871 (button) folded before Flop (didn't bet)
Seat 9: charliesolac (small blind) folded before Flop



PokerStars Hand #236827922141:  Hold'em No Limit ($0.01/$0.02 USD) - 2022/06/17 21:05:01 PT [2022/06/18 0:05:01 ET]
Table 'Parthenope' 9-max Seat #9 is the button
Seat 1: dmcrbr ($2.01 in chips) 
Seat 2: matias1624 ($2.24 in chips) 
Seat 3: Dorex2007 ($3.93 in chips) 
Seat 5: sidenkai ($2.64 in chips) 
Seat 6: idealt1-2 ($1.75 in chips) 
Seat 7: ilianaki785 ($1.09 in chips) 
Seat 8: conan230871 ($1.28 in chips) 
Seat 9: charliesolac ($4.10 in chips) 
dmcrbr: posts small blind $0.01
matias1624: posts big blind $0.02
*** HOLE CARDS ***
Dealt to Dorex2007 [Kh 9h]
Dorex2007: folds 
sidenkai: folds 
idealt1-2: folds 
ilianaki785: calls $0.02
conan230871: folds 
sidenkai leaves the table
charliesolac: raises $0.04 to $0.06
dmcrbr: folds 
matias1624: calls $0.04
ilianaki785: calls $0.04
*** FLOP *** [3d 8h Jd]
matias1624: checks 
ilianaki785: checks 
charliesolac: bets $0.13
matias1624: folds 
ilianaki785: folds 
Uncalled bet ($0.13) returned to charliesolac
charliesolac collected $0.18 from pot
charliesolac: doesn't show hand 
*** SUMMARY ***
Total pot $0.19 | Rake $0.01 
Board [3d 8h Jd]
Seat 1: dmcrbr (small blind) folded before Flop
Seat 2: matias1624 (big blind) folded on the Flop
Seat 3: Dorex2007 folded before Flop (didn't bet)
Seat 5: sidenkai folded before Flop (didn't bet)
Seat 6: idealt1-2 folded before Flop (didn't bet)
Seat 7: ilianaki785 folded on the Flop
Seat 8: conan230871 folded before Flop (didn't bet)
Seat 9: charliesolac (button) collected ($0.18)



PokerStars Hand #236827928303:  Hold'em No Limit ($0.01/$0.02 USD) - 2022/06/17 21:05:41 PT [2022/06/18 0:05:41 ET]
Table 'Parthenope' 9-max Seat #1 is the button
Seat 1: dmcrbr ($2 in chips) 
Seat 2: matias1624 ($2.18 in chips) 
Seat 3: Dorex2007 ($3.93 in chips) 
Seat 6: idealt1-2 ($1.75 in chips) 
Seat 7: ilianaki785 ($1.03 in chips) 
Seat 8: conan230871 ($1.28 in chips) 
Seat 9: charliesolac ($4.22 in chips) 
matias1624: posts small blind $0.01
Dorex2007: posts big blind $0.02
*** HOLE CARDS ***
Dealt to Dorex2007 [Ks 4c]
Pich joins the table at seat #5 
idealt1-2: folds 
ilianaki785: folds 
conan230871: raises $0.02 to $0.04
charliesolac: folds 
dmcrbr: folds 
matias1624: calls $0.03
Dorex2007: folds 
*** FLOP *** [8d Ac 4d]
matias1624: checks 
conan230871: checks 
*** TURN *** [8d Ac 4d] [Th]
matias1624: checks 
conan230871: checks 
*** RIVER *** [8d Ac 4d Th] [3d]
matias1624: checks 
conan230871: checks 
*** SHOW DOWN ***
matias1624: shows [6c 6s] (a pair of Sixes)
conan230871: mucks hand 
matias1624 collected $0.10 from pot
*** SUMMARY ***
Total pot $0.10 | Rake $0 
Board [8d Ac 4d Th 3d]
Seat 1: dmcrbr (button) folded before Flop (didn't bet)
Seat 2: matias1624 (small blind) showed [6c 6s] and won ($0.10) with a pair of Sixes
Seat 3: Dorex2007 (big blind) folded before Flop
Seat 6: idealt1-2 folded before Flop (didn't bet)
Seat 7: ilianaki785 folded before Flop (didn't bet)
Seat 8: conan230871 mucked [Js Qs]
Seat 9: charliesolac folded before Flop (didn't bet)



PokerStars Hand #236827934065:  Hold'em No Limit ($0.01/$0.02 USD) - 2022/06/17 21:06:19 PT [2022/06/18 0:06:19 ET]
Table 'Parthenope' 9-max Seat #2 is the button
Seat 1: dmcrbr ($2 in chips) 
Seat 2: matias1624 ($2.24 in chips) 
Seat 3: Dorex2007 ($3.91 in chips) 
Seat 5: Pich ($1.60 in chips) 
Seat 6: idealt1-2 ($1.75 in chips) 
Seat 7: ilianaki785 ($1.03 in chips) 
Seat 8: conan230871 ($1.24 in chips) 
Seat 9: charliesolac ($4.22 in chips) 
Dorex2007: posts small blind $0.01
Pich: posts big blind $0.02
*** HOLE CARDS ***
Dealt to Dorex2007 [Kc Jc]
idealt1-2: folds 
ilianaki785: folds 
conan230871: folds 
conan230871 leaves the table
charliesolac: raises $0.04 to $0.06
dmcrbr: folds 
matias1624: folds 
Dorex2007: calls $0.05
Pich: calls $0.04
*** FLOP *** [6h Ac 8h]
Dorex2007: checks 
Pich: bets $0.09
charliesolac: folds 
Dorex2007: folds 
Uncalled bet ($0.09) returned to Pich
Pich collected $0.17 from pot
*** SUMMARY ***
Total pot $0.18 | Rake $0.01 
Board [6h Ac 8h]
Seat 1: dmcrbr folded before Flop (didn't bet)
Seat 2: matias1624 (button) folded before Flop (didn't bet)
Seat 3: Dorex2007 (small blind) folded on the Flop
Seat 5: Pich (big blind) collected ($0.17)
Seat 6: idealt1-2 folded before Flop (didn't bet)
Seat 7: ilianaki785 folded before Flop (didn't bet)
Seat 8: conan230871 folded before Flop (didn't bet)
Seat 9: charliesolac folded on the Flop



PokerStars Hand #236827942655:  Hold'em No Limit ($0.01/$0.02 USD) - 2022/06/17 21:07:16 PT [2022/06/18 0:07:16 ET]
Table 'Parthenope' 9-max Seat #3 is the button
Seat 1: dmcrbr ($2 in chips) 
Seat 2: matias1624 ($2.24 in chips) 
Seat 3: Dorex2007 ($3.85 in chips) 
Seat 5: Pich ($1.71 in chips) 
Seat 6: idealt1-2 ($1.75 in chips) 
Seat 7: ilianaki785 ($1.03 in chips) 
Seat 9: charliesolac ($4.16 in chips) 
Pich: posts small blind $0.01
idealt1-2: posts big blind $0.02
*** HOLE CARDS ***
Dealt to Dorex2007 [Ah Qc]
ilianaki785: folds 
charliesolac: folds 
dmcrbr: folds 
matias1624: calls $0.02
Dorex2007 has timed out
Dorex2007: folds 
Pich: raises $0.02 to $0.04
idealt1-2: calls $0.02
matias1624: calls $0.02
*** FLOP *** [9c 7s Tc]
Pich: bets $0.06
idealt1-2: calls $0.06
matias1624: calls $0.06
*** TURN *** [9c 7s Tc] [7c]
Pich: bets $1.61 and is all-in
idealt1-2: folds 
matias1624: folds 
Uncalled bet ($1.61) returned to Pich
Pich collected $0.29 from pot
FrancisLo joins the table at seat #8 
*** SUMMARY ***
Total pot $0.30 | Rake $0.01 
Board [9c 7s Tc 7c]
Seat 1: dmcrbr folded before Flop (didn't bet)
Seat 2: matias1624 folded on the Turn
Seat 3: Dorex2007 (button) folded before Flop (didn't bet)
Seat 5: Pich (small blind) collected ($0.29)
Seat 6: idealt1-2 (big blind) folded on the Turn
Seat 7: ilianaki785 folded before Flop (didn't bet)
Seat 9: charliesolac folded before Flop (didn't bet)



PokerStars Hand #236827952014:  Hold'em No Limit ($0.01/$0.02 USD) - 2022/06/17 21:08:19 PT [2022/06/18 0:08:19 ET]
Table 'Parthenope' 9-max Seat #5 is the button
Seat 1: dmcrbr ($2 in chips) 
Seat 2: matias1624 ($2.14 in chips) 
Seat 3: Dorex2007 ($3.85 in chips) 
Seat 5: Pich ($1.90 in chips) 
Seat 6: idealt1-2 ($1.65 in chips) 
Seat 7: ilianaki785 ($1.03 in chips) 
Seat 9: charliesolac ($4.16 in chips) 
idealt1-2: posts small blind $0.01
ilianaki785: posts big blind $0.02
FrancisLo: sits out 
*** HOLE CARDS ***
Dealt to Dorex2007 [6h Qh]
charliesolac: folds 
dmcrbr: folds 
matias1624: calls $0.02
Dorex2007: folds 
Pich: calls $0.02
idealt1-2: folds 
ilianaki785: checks 
*** FLOP *** [Jh 9d Qs]
ilianaki785: checks 
matias1624: checks 
Pich: checks 
*** TURN *** [Jh 9d Qs] [4s]
ilianaki785: checks 
matias1624: checks 
Pich: checks 
*** RIVER *** [Jh 9d Qs 4s] [Js]
ilianaki785: checks 
matias1624: checks 
Pich: checks 
*** SHOW DOWN ***
ilianaki785: shows [9h Tc] (two pair, Jacks and Nines)
matias1624: mucks hand 
Pich: mucks hand 
ilianaki785 collected $0.07 from pot
*** SUMMARY ***
Total pot $0.07 | Rake $0 
Board [Jh 9d Qs 4s Js]
Seat 1: dmcrbr folded before Flop (didn't bet)
Seat 2: matias1624 mucked [6c Kd]
Seat 3: Dorex2007 folded before Flop (didn't bet)
Seat 5: Pich (button) mucked [3c 3s]
Seat 6: idealt1-2 (small blind) folded before Flop
Seat 7: ilianaki785 (big blind) showed [9h Tc] and won ($0.07) with two pair, Jacks and Nines
Seat 9: charliesolac folded before Flop (didn't bet)



PokerStars Hand #236827964821:  Hold'em No Limit ($0.01/$0.02 USD) - 2022/06/17 21:09:02 PT [2022/06/18 0:09:02 ET]
Table 'Parthenope' 9-max Seat #6 is the button
Seat 1: dmcrbr ($2 in chips) 
Seat 2: matias1624 ($2.12 in chips) 
Seat 3: Dorex2007 ($3.85 in chips) 
Seat 5: Pich ($1.88 in chips) 
Seat 6: idealt1-2 ($1.64 in chips) 
Seat 7: ilianaki785 ($1.08 in chips) 
Seat 8: FrancisLo ($0.80 in chips) 
Seat 9: charliesolac ($4.16 in chips) 
ilianaki785: posts small blind $0.01
FrancisLo: posts big blind $0.02
*** HOLE CARDS ***
Dealt to Dorex2007 [3s Td]
charliesolac: folds 
dmcrbr: folds 
matias1624: calls $0.02
Dorex2007: folds 
Pich: calls $0.02
idealt1-2: folds 
ilianaki785: calls $0.01
FrancisLo: checks 
*** FLOP *** [6s 2h Js]
ilianaki785: checks 
FrancisLo: checks 
matias1624: checks 
Pich: bets $0.02
ilianaki785: folds 
FrancisLo: calls $0.02
matias1624: calls $0.02
*** TURN *** [6s 2h Js] [Kh]
FrancisLo: checks 
matias1624: checks 
Pich: bets $0.02
FrancisLo: calls $0.02
matias1624: calls $0.02
*** RIVER *** [6s 2h Js Kh] [8h]
FrancisLo: checks 
matias1624: checks 
Pich: bets $0.30
FrancisLo: folds 
matias1624: folds 
Uncalled bet ($0.30) returned to Pich
Pich collected $0.19 from pot
*** SUMMARY ***
Total pot $0.20 | Rake $0.01 
Board [6s 2h Js Kh 8h]
Seat 1: dmcrbr folded before Flop (didn't bet)
Seat 2: matias1624 folded on the River
Seat 3: Dorex2007 folded before Flop (didn't bet)
Seat 5: Pich collected ($0.19)
Seat 6: idealt1-2 (button) folded before Flop (didn't bet)
Seat 7: ilianaki785 (small blind) folded on the Flop
Seat 8: FrancisLo (big blind) folded on the River
Seat 9: charliesolac folded before Flop (didn't bet)



PokerStars Hand #236827975141:  Hold'em No Limit ($0.01/$0.02 USD) - 2022/06/17 21:10:11 PT [2022/06/18 0:10:11 ET]
Table 'Parthenope' 9-max Seat #7 is the button
Seat 1: dmcrbr ($2 in chips) 
Seat 2: matias1624 ($2.06 in chips) 
Seat 3: Dorex2007 ($3.85 in chips) 
Seat 5: Pich ($2.01 in chips) 
Seat 6: idealt1-2 ($1.64 in chips) 
Seat 7: ilianaki785 ($1.06 in chips) 
Seat 8: FrancisLo ($0.74 in chips) 
Seat 9: charliesolac ($4.16 in chips) 
FrancisLo: posts small blind $0.01
charliesolac: posts big blind $0.02
*** HOLE CARDS ***
Dealt to Dorex2007 [Kh Jh]
dmcrbr: folds 
matias1624: folds 
Dorex2007: raises $0.04 to $0.06
Pich: calls $0.06
idealt1-2: folds 
ilianaki785: folds 
FrancisLo: folds 
charliesolac: folds 
*** FLOP *** [9s Tc 6d]
Dorex2007: bets $0.09
Pich: folds 
Uncalled bet ($0.09) returned to Dorex2007
Dorex2007 collected $0.14 from pot
Dorex2007: doesn't show hand 
*** SUMMARY ***
Total pot $0.15 | Rake $0.01 
Board [9s Tc 6d]
Seat 1: dmcrbr folded before Flop (didn't bet)
Seat 2: matias1624 folded before Flop (didn't bet)
Seat 3: Dorex2007 collected ($0.14)
Seat 5: Pich folded on the Flop
Seat 6: idealt1-2 folded before Flop (didn't bet)
Seat 7: ilianaki785 (button) folded before Flop (didn't bet)
Seat 8: FrancisLo (small blind) folded before Flop
Seat 9: charliesolac (big blind) folded before Flop



PokerStars Hand #236827982209:  Hold'em No Limit ($0.01/$0.02 USD) - 2022/06/17 21:10:59 PT [2022/06/18 0:10:59 ET]
Table 'Parthenope' 9-max Seat #8 is the button
Seat 1: dmcrbr ($2 in chips) 
Seat 2: matias1624 ($2.06 in chips) 
Seat 3: Dorex2007 ($3.93 in chips) 
Seat 5: Pich ($1.95 in chips) 
Seat 6: idealt1-2 ($1.64 in chips) 
Seat 7: ilianaki785 ($1.06 in chips) 
Seat 8: FrancisLo ($0.73 in chips) 
Seat 9: charliesolac ($4.14 in chips) 
charliesolac: posts small blind $0.01
dmcrbr: posts big blind $0.02
*** HOLE CARDS ***
Dealt to Dorex2007 [3h As]
matias1624: folds 
Dorex2007: folds 
Pich: calls $0.02
idealt1-2: calls $0.02
ilianaki785: folds 
FrancisLo: calls $0.02
charliesolac: folds 
dmcrbr: checks 
*** FLOP *** [Qd 2d 3s]
dmcrbr: checks 
Pich: bets $0.02
idealt1-2: calls $0.02
FrancisLo: raises $0.08 to $0.10
dmcrbr: folds 
Pich: folds 
idealt1-2: folds 
Uncalled bet ($0.08) returned to FrancisLo
FrancisLo collected $0.14 from pot
*** SUMMARY ***
Total pot $0.15 | Rake $0.01 
Board [Qd 2d 3s]
Seat 1: dmcrbr (big blind) folded on the Flop
Seat 2: matias1624 folded before Flop (didn't bet)
Seat 3: Dorex2007 folded before Flop (didn't bet)
Seat 5: Pich folded on the Flop
Seat 6: idealt1-2 folded on the Flop
Seat 7: ilianaki785 folded before Flop (didn't bet)
Seat 8: FrancisLo (button) collected ($0.14)
Seat 9: charliesolac (small blind) folded before Flop



PokerStars Hand #236827990537:  Hold'em No Limit ($0.01/$0.02 USD) - 2022/06/17 21:11:56 PT [2022/06/18 0:11:56 ET]
Table 'Parthenope' 9-max Seat #9 is the button
Seat 1: dmcrbr ($2 in chips) 
Seat 2: matias1624 ($2.06 in chips) 
Seat 3: Dorex2007 ($3.93 in chips) 
Seat 5: Pich ($1.91 in chips) 
Seat 6: idealt1-2 ($1.60 in chips) 
Seat 7: ilianaki785 ($1.06 in chips) 
Seat 8: FrancisLo ($0.83 in chips) 
Seat 9: charliesolac ($4.13 in chips) 
dmcrbr: posts small blind $0.01
matias1624: posts big blind $0.02
*** HOLE CARDS ***
Dealt to Dorex2007 [9h 2h]
Dorex2007: folds 
Pich: folds 
idealt1-2: folds 
ilianaki785: calls $0.02
FrancisLo: calls $0.02
charliesolac: folds 
dmcrbr: folds 
matias1624: checks 
*** FLOP *** [8h 3s 5s]
matias1624: checks 
ilianaki785: checks 
Lucrative_24/7 leaves the table
FrancisLo: bets $0.02
matias1624: calls $0.02
ilianaki785: folds 
*** TURN *** [8h 3s 5s] [Ad]
matias1624: checks 
FrancisLo: checks 
*** RIVER *** [8h 3s 5s Ad] [Qc]
matias1624: checks 
FrancisLo: checks 
*** SHOW DOWN ***
matias1624: shows [9c 8c] (a pair of Eights)
TolikG55 joins the table at seat #4 
FrancisLo: mucks hand 
matias1624 collected $0.11 from pot
*** SUMMARY ***
Total pot $0.11 | Rake $0 
Board [8h 3s 5s Ad Qc]
Seat 1: dmcrbr (small blind) folded before Flop
Seat 2: matias1624 (big blind) showed [9c 8c] and won ($0.11) with a pair of Eights
Seat 3: Dorex2007 folded before Flop (didn't bet)
Seat 5: Pich folded before Flop (didn't bet)
Seat 6: idealt1-2 folded before Flop (didn't bet)
Seat 7: ilianaki785 folded on the Flop
Seat 8: FrancisLo mucked [7s 7c]
Seat 9: charliesolac (button) folded before Flop (didn't bet)



PokerStars Hand #236827997569:  Hold'em No Limit ($0.01/$0.02 USD) - 2022/06/17 21:12:42 PT [2022/06/18 0:12:42 ET]
Table 'Parthenope' 9-max Seat #1 is the button
Seat 1: dmcrbr ($2 in chips) 
Seat 2: matias1624 ($2.13 in chips) 
Seat 3: Dorex2007 ($3.93 in chips) 
Seat 5: Pich ($1.91 in chips) 
Seat 6: idealt1-2 ($1.60 in chips) 
Seat 7: ilianaki785 ($1.04 in chips) 
Seat 8: FrancisLo ($0.79 in chips) 
Seat 9: charliesolac ($4.13 in chips) 
matias1624: posts small blind $0.01
Dorex2007: posts big blind $0.02
TolikG55: sits out 
*** HOLE CARDS ***
Dealt to Dorex2007 [9h Ts]
Pich: calls $0.02
idealt1-2: folds 
ilianaki785: calls $0.02
FrancisLo: folds 
charliesolac: folds 
dmcrbr: folds 
matias1624: folds 
Dorex2007: checks 
*** FLOP *** [Ks Td 8h]
Dorex2007: checks 
Pich: bets $0.06
ilianaki785: calls $0.06
Dorex2007: folds 
*** TURN *** [Ks Td 8h] [2s]
Pich: bets $0.34
ilianaki785: calls $0.34
*** RIVER *** [Ks Td 8h 2s] [5d]
Pich: bets $0.42
ilianaki785: calls $0.42
*** SHOW DOWN ***
Pich: shows [Ah 9s] (high card Ace)
ilianaki785: shows [Kd Th] (two pair, Kings and Tens)
ilianaki785 collected $1.65 from pot
*** SUMMARY ***
Total pot $1.71 | Rake $0.06 
Board [Ks Td 8h 2s 5d]
Seat 1: dmcrbr (button) folded before Flop (didn't bet)
Seat 2: matias1624 (small blind) folded before Flop
Seat 3: Dorex2007 (big blind) folded on the Flop
Seat 5: Pich showed [Ah 9s] and lost with high card Ace
Seat 6: idealt1-2 folded before Flop (didn't bet)
Seat 7: ilianaki785 showed [Kd Th] and won ($1.65) with two pair, Kings and Tens
Seat 8: FrancisLo folded before Flop (didn't bet)
Seat 9: charliesolac folded before Flop (didn't bet)



PokerStars Hand #236828011212:  Hold'em No Limit ($0.01/$0.02 USD) - 2022/06/17 21:14:15 PT [2022/06/18 0:14:15 ET]
Table 'Parthenope' 9-max Seat #2 is the button
Seat 1: dmcrbr ($2 in chips) 
Seat 2: matias1624 ($2.12 in chips) 
Seat 3: Dorex2007 ($3.91 in chips) 
Seat 4: TolikG55 ($1.20 in chips) 
Seat 5: Pich ($1.07 in chips) 
Seat 6: idealt1-2 ($1.60 in chips) 
Seat 7: ilianaki785 ($1.85 in chips) 
Seat 8: FrancisLo ($0.79 in chips) 
Seat 9: charliesolac ($4.13 in chips) 
Dorex2007: posts small blind $0.01
TolikG55: posts big blind $0.02
*** HOLE CARDS ***
Dealt to Dorex2007 [7s 7d]
Pich: calls $0.02
idealt1-2: folds 
ilianaki785: folds 
FrancisLo: folds 
charliesolac: raises $0.04 to $0.06
dmcrbr: folds 
matias1624: folds 
Dorex2007: calls $0.05
TolikG55: calls $0.04
Pich: calls $0.04
*** FLOP *** [Qc Js 8d]
Dorex2007: checks 
TolikG55: bets $0.12
Pich: folds 
charliesolac: folds 
Dorex2007: folds 
Uncalled bet ($0.12) returned to TolikG55
TolikG55 collected $0.23 from pot
TolikG55: doesn't show hand 
*** SUMMARY ***
Total pot $0.24 | Rake $0.01 
Board [Qc Js 8d]
Seat 1: dmcrbr folded before Flop (didn't bet)
Seat 2: matias1624 (button) folded before Flop (didn't bet)
Seat 3: Dorex2007 (small blind) folded on the Flop
Seat 4: TolikG55 (big blind) collected ($0.23)
Seat 5: Pich folded on the Flop
Seat 6: idealt1-2 folded before Flop (didn't bet)
Seat 7: ilianaki785 folded before Flop (didn't bet)
Seat 8: FrancisLo folded before Flop (didn't bet)
Seat 9: charliesolac folded on the Flop



PokerStars Hand #236828019037:  Hold'em No Limit ($0.01/$0.02 USD) - 2022/06/17 21:15:07 PT [2022/06/18 0:15:07 ET]
Table 'Parthenope' 9-max Seat #3 is the button
Seat 1: dmcrbr ($2 in chips) 
Seat 2: matias1624 ($2.12 in chips) 
Seat 3: Dorex2007 ($3.85 in chips) 
Seat 4: TolikG55 ($1.37 in chips) 
Seat 5: Pich ($1.01 in chips) 
Seat 6: idealt1-2 ($1.60 in chips) 
Seat 7: ilianaki785 ($1.85 in chips) 
Seat 8: FrancisLo ($0.79 in chips) 
Seat 9: charliesolac ($4.07 in chips) 
TolikG55: posts small blind $0.01
Pich: posts big blind $0.02
*** HOLE CARDS ***
Dealt to Dorex2007 [Ts 2s]
idealt1-2: folds 
ilianaki785: folds 
FrancisLo: folds 
charliesolac: folds 
dmcrbr: folds 
matias1624: calls $0.02
Dorex2007: folds 
TolikG55: folds 
Pich: checks 
*** FLOP *** [Jh 3s 2c]
Pich: bets $0.02
matias1624: raises $0.02 to $0.04
Pich: raises $0.02 to $0.06
matias1624: calls $0.02
*** TURN *** [Jh 3s 2c] [3d]
Pich: bets $0.06
matias1624: calls $0.06
*** RIVER *** [Jh 3s 2c 3d] [5h]
Pich: bets $0.06
matias1624: calls $0.06
*** SHOW DOWN ***
Pich: shows [8h 8s] (two pair, Eights and Threes)
matias1624: shows [Jc Ah] (two pair, Jacks and Threes)
matias1624 collected $0.40 from pot
*** SUMMARY ***
Total pot $0.41 | Rake $0.01 
Board [Jh 3s 2c 3d 5h]
Seat 1: dmcrbr folded before Flop (didn't bet)
Seat 2: matias1624 showed [Jc Ah] and won ($0.40) with two pair, Jacks and Threes
Seat 3: Dorex2007 (button) folded before Flop (didn't bet)
Seat 4: TolikG55 (small blind) folded before Flop
Seat 5: Pich (big blind) showed [8h 8s] and lost with two pair, Eights and Threes
Seat 6: idealt1-2 folded before Flop (didn't bet)
Seat 7: ilianaki785 folded before Flop (didn't bet)
Seat 8: FrancisLo folded before Flop (didn't bet)
Seat 9: charliesolac folded before Flop (didn't bet)



PokerStars Hand #236828027590:  Hold'em No Limit ($0.01/$0.02 USD) - 2022/06/17 21:16:06 PT [2022/06/18 0:16:06 ET]
Table 'Parthenope' 9-max Seat #4 is the button
Seat 1: dmcrbr ($2 in chips) 
Seat 2: matias1624 ($2.32 in chips) 
Seat 3: Dorex2007 ($3.85 in chips) 
Seat 4: TolikG55 ($1.36 in chips) 
Seat 5: Pich ($0.81 in chips) 
Seat 6: idealt1-2 ($1.60 in chips) 
Seat 7: ilianaki785 ($1.85 in chips) 
Seat 8: FrancisLo ($0.79 in chips) 
Seat 9: charliesolac ($4.07 in chips) 
Pich: posts small blind $0.01
idealt1-2: posts big blind $0.02
*** HOLE CARDS ***
Dealt to Dorex2007 [Js 2c]
ilianaki785: calls $0.02
FrancisLo: calls $0.02
charliesolac: folds 
dmcrbr: folds 
matias1624: folds 
Dorex2007: folds 
TolikG55: raises $0.04 to $0.06
Pich: folds 
idealt1-2: folds 
ilianaki785: folds 
FrancisLo: calls $0.04
*** FLOP *** [Ac Td 7c]
FrancisLo: checks 
TolikG55: bets $0.08
FrancisLo: calls $0.08
*** TURN *** [Ac Td 7c] [6c]
FrancisLo: checks 
TolikG55: bets $0.06
FrancisLo: calls $0.06
*** RIVER *** [Ac Td 7c 6c] [7s]
FrancisLo: checks 
TolikG55: checks 
*** SHOW DOWN ***
FrancisLo: shows [9s 9c] (two pair, Nines and Sevens)
TolikG55: shows [Th 8h] (two pair, Tens and Sevens)
TolikG55 collected $0.43 from pot
*** SUMMARY ***
Total pot $0.45 | Rake $0.02 
Board [Ac Td 7c 6c 7s]
Seat 1: dmcrbr folded before Flop (didn't bet)
Seat 2: matias1624 folded before Flop (didn't bet)
Seat 3: Dorex2007 folded before Flop (didn't bet)
Seat 4: TolikG55 (button) showed [Th 8h] and won ($0.43) with two pair, Tens and Sevens
Seat 5: Pich (small blind) folded before Flop
Seat 6: idealt1-2 (big blind) folded before Flop
Seat 7: ilianaki785 folded before Flop
Seat 8: FrancisLo showed [9s 9c] and lost with two pair, Nines and Sevens
Seat 9: charliesolac folded before Flop (didn't bet)



PokerStars Hand #236828036184:  Hold'em No Limit ($0.01/$0.02 USD) - 2022/06/17 21:17:04 PT [2022/06/18 0:17:04 ET]
Table 'Parthenope' 9-max Seat #5 is the button
Seat 1: dmcrbr ($2 in chips) 
Seat 2: matias1624 ($2.32 in chips) 
Seat 3: Dorex2007 ($3.85 in chips) 
Seat 4: TolikG55 ($1.59 in chips) 
Seat 5: Pich ($1.60 in chips) 
Seat 6: idealt1-2 ($1.58 in chips) 
Seat 7: ilianaki785 ($1.83 in chips) 
Seat 8: FrancisLo ($0.59 in chips) 
Seat 9: charliesolac ($4.07 in chips) 
idealt1-2: posts small blind $0.01
ilianaki785: posts big blind $0.02
*** HOLE CARDS ***
Dealt to Dorex2007 [Tc Td]
FrancisLo: folds 
charliesolac: folds 
dmcrbr: folds 
matias1624: calls $0.02
Dorex2007 has timed out
Dorex2007: folds 
TolikG55: folds 
Pich: calls $0.02
idealt1-2: calls $0.01
ilianaki785: checks 
*** FLOP *** [6h 3d 8d]
idealt1-2: checks 
ilianaki785: checks 
matias1624: checks 
Pich: checks 
*** TURN *** [6h 3d 8d] [Js]
idealt1-2: bets $0.12
ilianaki785: calls $0.12
matias1624: folds 
Pich: folds 
*** RIVER *** [6h 3d 8d Js] [3s]
idealt1-2: bets $0.12
ilianaki785: calls $0.12
*** SHOW DOWN ***
idealt1-2: shows [Jd 6s] (two pair, Jacks and Sixes)
ilianaki785: mucks hand 
idealt1-2 collected $0.54 from pot
*** SUMMARY ***
Total pot $0.56 | Rake $0.02 
Board [6h 3d 8d Js 3s]
Seat 1: dmcrbr folded before Flop (didn't bet)
Seat 2: matias1624 folded on the Turn
Seat 3: Dorex2007 folded before Flop (didn't bet)
Seat 4: TolikG55 folded before Flop (didn't bet)
Seat 5: Pich (button) folded on the Turn
Seat 6: idealt1-2 (small blind) showed [Jd 6s] and won ($0.54) with two pair, Jacks and Sixes
Seat 7: ilianaki785 (big blind) mucked [Jh 7d]
Seat 8: FrancisLo folded before Flop (didn't bet)
Seat 9: charliesolac folded before Flop (didn't bet)



PokerStars Hand #236828052488:  Hold'em No Limit ($0.01/$0.02 USD) - 2022/06/17 21:18:14 PT [2022/06/18 0:18:14 ET]
Table 'Parthenope' 9-max Seat #6 is the button
Seat 1: dmcrbr ($2 in chips) 
Seat 2: matias1624 ($2.30 in chips) 
Seat 3: Dorex2007 ($3.85 in chips) 
Seat 4: TolikG55 ($1.59 in chips) 
Seat 5: Pich ($1.58 in chips) 
Seat 6: idealt1-2 ($1.86 in chips) 
Seat 7: ilianaki785 ($1.57 in chips) 
Seat 8: FrancisLo ($0.59 in chips) 
Seat 9: charliesolac ($4.07 in chips) 
ilianaki785: posts small blind $0.01
FrancisLo: posts big blind $0.02
*** HOLE CARDS ***
Dealt to Dorex2007 [4c 3s]
charliesolac: folds 
dmcrbr: folds 
matias1624: calls $0.02
Dorex2007: folds 
TolikG55: calls $0.02
Pich: calls $0.02
idealt1-2: raises $0.06 to $0.08
ilianaki785: folds 
FrancisLo: folds 
matias1624: calls $0.06
TolikG55: calls $0.06
Pich: calls $0.06
*** FLOP *** [Js 2s 6s]
matias1624: checks 
TolikG55: checks 
Pich: bets $1.50 and is all-in
idealt1-2: folds 
matias1624: folds 
TolikG55: folds 
Uncalled bet ($1.50) returned to Pich
Pich collected $0.34 from pot
*** SUMMARY ***
Total pot $0.35 | Rake $0.01 
Board [Js 2s 6s]
Seat 1: dmcrbr folded before Flop (didn't bet)
Seat 2: matias1624 folded on the Flop
Seat 3: Dorex2007 folded before Flop (didn't bet)
Seat 4: TolikG55 folded on the Flop
Seat 5: Pich collected ($0.34)
Seat 6: idealt1-2 (button) folded on the Flop
Seat 7: ilianaki785 (small blind) folded before Flop
Seat 8: FrancisLo (big blind) folded before Flop
Seat 9: charliesolac folded before Flop (didn't bet)



PokerStars Hand #236828062398:  Hold'em No Limit ($0.01/$0.02 USD) - 2022/06/17 21:19:22 PT [2022/06/18 0:19:22 ET]
Table 'Parthenope' 9-max Seat #7 is the button
Seat 1: dmcrbr ($2 in chips) 
Seat 2: matias1624 ($2.22 in chips) 
Seat 3: Dorex2007 ($3.85 in chips) 
Seat 4: TolikG55 ($1.51 in chips) 
Seat 5: Pich ($1.84 in chips) 
Seat 6: idealt1-2 ($1.78 in chips) 
Seat 7: ilianaki785 ($1.56 in chips) 
Seat 8: FrancisLo ($0.57 in chips) 
Seat 9: charliesolac ($4.07 in chips) 
FrancisLo: posts small blind $0.01
charliesolac: posts big blind $0.02
*** HOLE CARDS ***
Dealt to Dorex2007 [As 5s]
dmcrbr: folds 
matias1624: calls $0.02
Dorex2007: raises $0.04 to $0.06
TolikG55: calls $0.06
Pich: calls $0.06
idealt1-2: calls $0.06
ilianaki785: folds 
FrancisLo: folds 
charliesolac: folds 
matias1624: calls $0.04
*** FLOP *** [7c 5h 9h]
matias1624: checks 
Dorex2007: checks 
TolikG55: checks 
Pich: checks 
idealt1-2: checks 
*** TURN *** [7c 5h 9h] [3h]
matias1624: checks 
Dorex2007: checks 
TolikG55: checks 
Pich: checks 
idealt1-2: checks 
*** RIVER *** [7c 5h 9h 3h] [9c]
matias1624: checks 
Dorex2007: checks 
TolikG55: checks 
Pich: bets $0.10
idealt1-2: folds 
matias1624: folds 
Dorex2007: folds 
TolikG55: folds 
Uncalled bet ($0.10) returned to Pich
Pich collected $0.32 from pot
*** SUMMARY ***
Total pot $0.33 | Rake $0.01 
Board [7c 5h 9h 3h 9c]
Seat 1: dmcrbr folded before Flop (didn't bet)
Seat 2: matias1624 folded on the River
Seat 3: Dorex2007 folded on the River
Seat 4: TolikG55 folded on the River
Seat 5: Pich collected ($0.32)
Seat 6: idealt1-2 folded on the River
Seat 7: ilianaki785 (button) folded before Flop (didn't bet)
Seat 8: FrancisLo (small blind) folded before Flop
Seat 9: charliesolac (big blind) folded before Flop



PokerStars Hand #236828075339:  Hold'em No Limit ($0.01/$0.02 USD) - 2022/06/17 21:20:49 PT [2022/06/18 0:20:49 ET]
Table 'Parthenope' 9-max Seat #8 is the button
Seat 1: dmcrbr ($2 in chips) 
Seat 2: matias1624 ($2.16 in chips) 
Seat 3: Dorex2007 ($3.79 in chips) 
Seat 4: TolikG55 ($1.45 in chips) 
Seat 5: Pich ($2.10 in chips) 
Seat 6: idealt1-2 ($1.72 in chips) 
Seat 7: ilianaki785 ($1.56 in chips) 
Seat 8: FrancisLo ($0.56 in chips) 
Seat 9: charliesolac ($4.05 in chips) 
charliesolac: posts small blind $0.01
dmcrbr: posts big blind $0.02
*** HOLE CARDS ***
Dealt to Dorex2007 [Qc 5s]
matias1624: folds 
Dorex2007: folds 
TolikG55: folds 
Pich: calls $0.02
idealt1-2: folds 
ilianaki785: folds 
FrancisLo: folds 
charliesolac: folds 
dmcrbr: checks 
*** FLOP *** [Jh 8d 6c]
dmcrbr: checks 
Pich: bets $0.02
dmcrbr: folds 
Uncalled bet ($0.02) returned to Pich
Pich collected $0.05 from pot
*** SUMMARY ***
Total pot $0.05 | Rake $0 
Board [Jh 8d 6c]
Seat 1: dmcrbr (big blind) folded on the Flop
Seat 2: matias1624 folded before Flop (didn't bet)
Seat 3: Dorex2007 folded before Flop (didn't bet)
Seat 4: TolikG55 folded before Flop (didn't bet)
Seat 5: Pich collected ($0.05)
Seat 6: idealt1-2 folded before Flop (didn't bet)
Seat 7: ilianaki785 folded before Flop (didn't bet)
Seat 8: FrancisLo (button) folded before Flop (didn't bet)
Seat 9: charliesolac (small blind) folded before Flop



PokerStars Hand #236828079805:  Hold'em No Limit ($0.01/$0.02 USD) - 2022/06/17 21:21:20 PT [2022/06/18 0:21:20 ET]
Table 'Parthenope' 9-max Seat #9 is the button
Seat 1: dmcrbr ($2 in chips) 
Seat 2: matias1624 ($2.16 in chips) 
Seat 3: Dorex2007 ($3.79 in chips) 
Seat 4: TolikG55 ($1.45 in chips) 
Seat 5: Pich ($2.13 in chips) 
Seat 6: idealt1-2 ($1.72 in chips) 
Seat 7: ilianaki785 ($1.56 in chips) 
Seat 8: FrancisLo ($0.56 in chips) 
Seat 9: charliesolac ($4.04 in chips) 
dmcrbr: posts small blind $0.01
matias1624: posts big blind $0.02
*** HOLE CARDS ***
Dealt to Dorex2007 [Kd Ks]
Dorex2007: raises $0.02 to $0.04
TolikG55: folds 
Pich: calls $0.04
idealt1-2: folds 
ilianaki785: folds 
FrancisLo: folds 
charliesolac: folds 
dmcrbr: folds 
matias1624: folds 
*** FLOP *** [Qh 2s Jc]
Dorex2007: bets $0.07
Pich: calls $0.07
*** TURN *** [Qh 2s Jc] [Th]
Dorex2007: bets $0.24
Pich: calls $0.24
*** RIVER *** [Qh 2s Jc Th] [5s]
Dorex2007: bets $0.35
Pich: raises $1.43 to $1.78 and is all-in
Dorex2007: folds 
Uncalled bet ($1.43) returned to Pich
Pich collected $1.38 from pot
*** SUMMARY ***
Total pot $1.43 | Rake $0.05 
Board [Qh 2s Jc Th 5s]
Seat 1: dmcrbr (small blind) folded before Flop
Seat 2: matias1624 (big blind) folded before Flop
Seat 3: Dorex2007 folded on the River
Seat 4: TolikG55 folded before Flop (didn't bet)
Seat 5: Pich collected ($1.38)
Seat 6: idealt1-2 folded before Flop (didn't bet)
Seat 7: ilianaki785 folded before Flop (didn't bet)
Seat 8: FrancisLo folded before Flop (didn't bet)
Seat 9: charliesolac (button) folded before Flop (didn't bet)



PokerStars Hand #236828093031:  Hold'em No Limit ($0.01/$0.02 USD) - 2022/06/17 21:22:51 PT [2022/06/18 0:22:51 ET]
Table 'Parthenope' 9-max Seat #1 is the button
Seat 1: dmcrbr ($2 in chips) 
Seat 2: matias1624 ($2.14 in chips) 
Seat 3: Dorex2007 ($3.09 in chips) 
Seat 4: TolikG55 ($1.45 in chips) 
Seat 5: Pich ($2.81 in chips) 
Seat 6: idealt1-2 ($1.72 in chips) 
Seat 7: ilianaki785 ($1.56 in chips) 
Seat 8: FrancisLo ($0.56 in chips) 
Seat 9: charliesolac ($4.04 in chips) 
matias1624: posts small blind $0.01
Dorex2007: posts big blind $0.02
*** HOLE CARDS ***
Dealt to Dorex2007 [7c Qs]
TolikG55: raises $0.02 to $0.04
Pich: calls $0.04
idealt1-2: calls $0.04
ilianaki785: calls $0.04
FrancisLo: folds 
charliesolac: folds 
dmcrbr: folds 
matias1624: folds 
Dorex2007: folds 
*** FLOP *** [Qc 6d 2c]
TolikG55: checks 
Pich: bets $0.04
idealt1-2: folds 
ilianaki785: folds 
TolikG55: folds 
Uncalled bet ($0.04) returned to Pich
Pich collected $0.18 from pot
*** SUMMARY ***
Total pot $0.19 | Rake $0.01 
Board [Qc 6d 2c]
Seat 1: dmcrbr (button) folded before Flop (didn't bet)
Seat 2: matias1624 (small blind) folded before Flop
Seat 3: Dorex2007 (big blind) folded before Flop
Seat 4: TolikG55 folded on the Flop
Seat 5: Pich collected ($0.18)
Seat 6: idealt1-2 folded on the Flop
Seat 7: ilianaki785 folded on the Flop
Seat 8: FrancisLo folded before Flop (didn't bet)
Seat 9: charliesolac folded before Flop (didn't bet)



PokerStars Hand #236828101891:  Hold'em No Limit ($0.01/$0.02 USD) - 2022/06/17 21:23:52 PT [2022/06/18 0:23:52 ET]
Table 'Parthenope' 9-max Seat #2 is the button
Seat 1: dmcrbr ($2 in chips) 
Seat 2: matias1624 ($2.13 in chips) 
Seat 3: Dorex2007 ($3.07 in chips) 
Seat 4: TolikG55 ($1.41 in chips) 
Seat 5: Pich ($2.95 in chips) 
Seat 6: idealt1-2 ($1.68 in chips) 
Seat 7: ilianaki785 ($1.52 in chips) 
Seat 8: FrancisLo ($0.56 in chips) 
Seat 9: charliesolac ($4.04 in chips) 
Dorex2007: posts small blind $0.01
TolikG55: posts big blind $0.02
*** HOLE CARDS ***
Dealt to Dorex2007 [Ts 2s]
Pich: raises $0.02 to $0.04
idealt1-2: folds 
ilianaki785: calls $0.04
FrancisLo: folds 
charliesolac: folds 
dmcrbr: folds 
matias1624: folds 
Dorex2007: calls $0.03
TolikG55: calls $0.02
*** FLOP *** [8d 3d Th]
Dorex2007: checks 
TolikG55: bets $0.04
Pich: calls $0.04
ilianaki785: calls $0.04
matias1624 leaves the table
Dorex2007: folds 
*** TURN *** [8d 3d Th] [9s]
TolikG55: checks 
Pich: bets $0.02
ilianaki785: calls $0.02
TolikG55: calls $0.02
*** RIVER *** [8d 3d Th 9s] [4c]
TolikG55: checks 
ghosdt59 joins the table at seat #2 
Pich: checks 
ilianaki785: bets $0.12
TolikG55: folds 
Pich: folds 
Uncalled bet ($0.12) returned to ilianaki785
ilianaki785 collected $0.33 from pot
ilianaki785: doesn't show hand 
*** SUMMARY ***
Total pot $0.34 | Rake $0.01 
Board [8d 3d Th 9s 4c]
Seat 1: dmcrbr folded before Flop (didn't bet)
Seat 2: matias1624 (button) folded before Flop (didn't bet)
Seat 3: Dorex2007 (small blind) folded on the Flop
Seat 4: TolikG55 (big blind) folded on the River
Seat 5: Pich folded on the River
Seat 6: idealt1-2 folded before Flop (didn't bet)
Seat 7: ilianaki785 collected ($0.33)
Seat 8: FrancisLo folded before Flop (didn't bet)
Seat 9: charliesolac folded before Flop (didn't bet)



PokerStars Hand #236828115979:  Hold'em No Limit ($0.01/$0.02 USD) - 2022/06/17 21:25:31 PT [2022/06/18 0:25:31 ET]
Table 'Parthenope' 9-max Seat #3 is the button
Seat 1: dmcrbr ($2 in chips) 
Seat 3: Dorex2007 ($3.03 in chips) 
Seat 4: TolikG55 ($1.31 in chips) 
Seat 5: Pich ($2.85 in chips) 
Seat 6: idealt1-2 ($1.68 in chips) 
Seat 7: ilianaki785 ($1.75 in chips) 
Seat 8: FrancisLo ($0.56 in chips) 
Seat 9: charliesolac ($4.04 in chips) 
TolikG55: posts small blind $0.01
Pich: posts big blind $0.02
ghosdt59: sits out 
*** HOLE CARDS ***
Dealt to Dorex2007 [Qd Ad]
idealt1-2: folds 
ilianaki785: folds 
FrancisLo: folds 
charliesolac: raises $0.06 to $0.08
ghosdt59 leaves the table
dmcrbr: folds 
Dorex2007: calls $0.08
TolikG55: folds 
Pich: calls $0.06
*** FLOP *** [Jd Th 5s]
Pich: bets $0.06
charliesolac: calls $0.06
Dorex2007: calls $0.06
*** TURN *** [Jd Th 5s] [8d]
Pich: bets $0.06
charliesolac: calls $0.06
Dorex2007: calls $0.06
*** RIVER *** [Jd Th 5s 8d] [7d]
bulabula83161 joins the table at seat #2 
Pich: bets $0.02
charliesolac: calls $0.02
Dorex2007: raises $0.18 to $0.20
Pich: folds 
charliesolac: calls $0.18
*** SHOW DOWN ***
Dorex2007: shows [Qd Ad] (a flush, Ace high)
charliesolac: mucks hand 
Dorex2007 collected $0.99 from pot
*** SUMMARY ***
Total pot $1.03 | Rake $0.04 
Board [Jd Th 5s 8d 7d]
Seat 1: dmcrbr folded before Flop (didn't bet)
Seat 3: Dorex2007 (button) showed [Qd Ad] and won ($0.99) with a flush, Ace high
Seat 4: TolikG55 (small blind) folded before Flop
Seat 5: Pich (big blind) folded on the River
Seat 6: idealt1-2 folded before Flop (didn't bet)
Seat 7: ilianaki785 folded before Flop (didn't bet)
Seat 8: FrancisLo folded before Flop (didn't bet)
Seat 9: charliesolac mucked [Ac 9c]



PokerStars Hand #236828135477:  Hold'em No Limit ($0.01/$0.02 USD) - 2022/06/17 21:26:46 PT [2022/06/18 0:26:46 ET]
Table 'Parthenope' 9-max Seat #4 is the button
Seat 1: dmcrbr ($2 in chips) 
Seat 3: Dorex2007 ($3.62 in chips) 
Seat 4: TolikG55 ($1.30 in chips) 
Seat 5: Pich ($2.63 in chips) 
Seat 6: idealt1-2 ($1.68 in chips) 
Seat 7: ilianaki785 ($1.75 in chips) 
Seat 8: FrancisLo ($0.56 in chips) 
Seat 9: charliesolac ($3.64 in chips) 
Pich: posts small blind $0.01
idealt1-2: posts big blind $0.02
bulabula83161: sits out 
*** HOLE CARDS ***
Dealt to Dorex2007 [Tc 5s]
ilianaki785: calls $0.02
FrancisLo: folds 
charliesolac: folds 
dmcrbr: folds 
Dorex2007: folds 
TolikG55: folds 
Pich: calls $0.01
idealt1-2: checks 
*** FLOP *** [6h 2s Kc]
Pich: checks 
idealt1-2: checks 
ilianaki785: checks 
*** TURN *** [6h 2s Kc] [6s]
Pich: checks 
idealt1-2: checks 
ilianaki785: checks 
*** RIVER *** [6h 2s Kc 6s] [Qs]
Pich: checks 
idealt1-2: checks 
ilianaki785: bets $0.03
Pich: folds 
idealt1-2: folds 
Uncalled bet ($0.03) returned to ilianaki785
ilianaki785 collected $0.06 from pot
ilianaki785: doesn't show hand 
*** SUMMARY ***
Total pot $0.06 | Rake $0 
Board [6h 2s Kc 6s Qs]
Seat 1: dmcrbr folded before Flop (didn't bet)
Seat 3: Dorex2007 folded before Flop (didn't bet)
Seat 4: TolikG55 (button) folded before Flop (didn't bet)
Seat 5: Pich (small blind) folded on the River
Seat 6: idealt1-2 (big blind) folded on the River
Seat 7: ilianaki785 collected ($0.06)
Seat 8: FrancisLo folded before Flop (didn't bet)
Seat 9: charliesolac folded before Flop (didn't bet)



PokerStars Hand #236828144748:  Hold'em No Limit ($0.01/$0.02 USD) - 2022/06/17 21:27:49 PT [2022/06/18 0:27:49 ET]
Table 'Parthenope' 9-max Seat #5 is the button
Seat 1: dmcrbr ($2 in chips) 
Seat 2: bulabula83161 ($1.60 in chips) 
Seat 3: Dorex2007 ($3.62 in chips) 
Seat 4: TolikG55 ($1.30 in chips) 
Seat 5: Pich ($2.61 in chips) 
Seat 6: idealt1-2 ($1.66 in chips) 
Seat 7: ilianaki785 ($1.79 in chips) 
Seat 8: FrancisLo ($0.56 in chips) 
Seat 9: charliesolac ($3.64 in chips) 
idealt1-2: posts small blind $0.01
ilianaki785: posts big blind $0.02
bulabula83161: posts big blind $0.02
*** HOLE CARDS ***
Dealt to Dorex2007 [9d 5d]
FrancisLo: folds 
charliesolac: folds 
dmcrbr: folds 
bulabula83161: checks 
Dorex2007: folds 
TolikG55: folds 
Pich: folds 
idealt1-2: raises $0.10 to $0.12
ilianaki785: folds 
bulabula83161: folds 
Uncalled bet ($0.10) returned to idealt1-2
idealt1-2 collected $0.06 from pot
idealt1-2: doesn't show hand 
*** SUMMARY ***
Total pot $0.06 | Rake $0 
Seat 1: dmcrbr folded before Flop (didn't bet)
Seat 2: bulabula83161 folded before Flop (didn't bet)
Seat 3: Dorex2007 folded before Flop (didn't bet)
Seat 4: TolikG55 folded before Flop (didn't bet)
Seat 5: Pich (button) folded before Flop (didn't bet)
Seat 6: idealt1-2 (small blind) collected ($0.06)
Seat 7: ilianaki785 (big blind) folded before Flop
Seat 8: FrancisLo folded before Flop (didn't bet)
Seat 9: charliesolac folded before Flop (didn't bet)



PokerStars Hand #236828148320:  Hold'em No Limit ($0.01/$0.02 USD) - 2022/06/17 21:28:14 PT [2022/06/18 0:28:14 ET]
Table 'Parthenope' 9-max Seat #6 is the button
Seat 1: dmcrbr ($2 in chips) 
Seat 2: bulabula83161 ($1.58 in chips) 
Seat 3: Dorex2007 ($3.62 in chips) 
Seat 4: TolikG55 ($1.30 in chips) 
Seat 5: Pich ($2.61 in chips) 
Seat 6: idealt1-2 ($1.70 in chips) 
Seat 7: ilianaki785 ($1.77 in chips) 
Seat 8: FrancisLo ($0.56 in chips) 
Seat 9: charliesolac ($3.64 in chips) 
ilianaki785: posts small blind $0.01
FrancisLo: posts big blind $0.02
*** HOLE CARDS ***
Dealt to Dorex2007 [7h Tc]
charliesolac: folds 
dmcrbr: folds 
bulabula83161: raises $0.04 to $0.06
Dorex2007: folds 
TolikG55: folds 
Pich: calls $0.06
idealt1-2: folds 
ilianaki785: folds 
FrancisLo: folds 
*** FLOP *** [Kh 2h 8c]
bulabula83161: bets $0.07
Pich: calls $0.07
*** TURN *** [Kh 2h 8c] [5c]
bulabula83161: bets $0.14
Pich: folds 
Uncalled bet ($0.14) returned to bulabula83161
bulabula83161 collected $0.28 from pot
bulabula83161: doesn't show hand 
*** SUMMARY ***
Total pot $0.29 | Rake $0.01 
Board [Kh 2h 8c 5c]
Seat 1: dmcrbr folded before Flop (didn't bet)
Seat 2: bulabula83161 collected ($0.28)
Seat 3: Dorex2007 folded before Flop (didn't bet)
Seat 4: TolikG55 folded before Flop (didn't bet)
Seat 5: Pich folded on the Turn
Seat 6: idealt1-2 (button) folded before Flop (didn't bet)
Seat 7: ilianaki785 (small blind) folded before Flop
Seat 8: FrancisLo (big blind) folded before Flop
Seat 9: charliesolac folded before Flop (didn't bet)



PokerStars Hand #236828154063:  Hold'em No Limit ($0.01/$0.02 USD) - 2022/06/17 21:28:54 PT [2022/06/18 0:28:54 ET]
Table 'Parthenope' 9-max Seat #7 is the button
Seat 1: dmcrbr ($2 in chips) 
Seat 2: bulabula83161 ($1.73 in chips) 
Seat 3: Dorex2007 ($3.62 in chips) 
Seat 4: TolikG55 ($1.30 in chips) 
Seat 5: Pich ($2.48 in chips) 
Seat 6: idealt1-2 ($1.70 in chips) 
Seat 7: ilianaki785 ($1.76 in chips) 
Seat 8: FrancisLo ($0.54 in chips) 
FrancisLo: posts small blind $0.01
charliesolac: is sitting out 
dmcrbr: posts big blind $0.02
*** HOLE CARDS ***
Dealt to Dorex2007 [4h 8c]
bulabula83161: calls $0.02
Dorex2007: folds 
TolikG55: folds 
Pich: calls $0.02
idealt1-2: calls $0.02
ilianaki785: folds 
FrancisLo: calls $0.01
dmcrbr: checks 
*** FLOP *** [4s Ad Kc]
FrancisLo: checks 
dmcrbr: checks 
bulabula83161: bets $0.10
Pich: folds 
idealt1-2: folds 
FrancisLo: folds 
dmcrbr: folds 
Uncalled bet ($0.10) returned to bulabula83161
bulabula83161 collected $0.10 from pot
bulabula83161: doesn't show hand 
*** SUMMARY ***
Total pot $0.10 | Rake $0 
Board [4s Ad Kc]
Seat 1: dmcrbr (big blind) folded on the Flop
Seat 2: bulabula83161 collected ($0.10)
Seat 3: Dorex2007 folded before Flop (didn't bet)
Seat 4: TolikG55 folded before Flop (didn't bet)
Seat 5: Pich folded on the Flop
Seat 6: idealt1-2 folded on the Flop
Seat 7: ilianaki785 (button) folded before Flop (didn't bet)
Seat 8: FrancisLo (small blind) folded on the Flop



PokerStars Hand #236828163607:  Hold'em No Limit ($0.01/$0.02 USD) - 2022/06/17 21:29:38 PT [2022/06/18 0:29:38 ET]
Table 'Parthenope' 9-max Seat #8 is the button
Seat 1: dmcrbr ($2 in chips) 
Seat 2: bulabula83161 ($1.81 in chips) 
Seat 3: Dorex2007 ($3.62 in chips) 
Seat 4: TolikG55 ($1.30 in chips) 
Seat 5: Pich ($2.46 in chips) 
Seat 6: idealt1-2 ($1.68 in chips) 
Seat 7: ilianaki785 ($1.76 in chips) 
Seat 8: FrancisLo ($0.52 in chips) 
dmcrbr: posts small blind $0.01
bulabula83161: posts big blind $0.02
*** HOLE CARDS ***
Dealt to Dorex2007 [7s 7h]
Dorex2007: calls $0.02
TolikG55: folds 
Pich: raises $0.02 to $0.04
idealt1-2: folds 
ilianaki785: folds 
FrancisLo: folds 
dmcrbr: folds 
bulabula83161: raises $0.11 to $0.15
Dorex2007: folds 
Pich: calls $0.11
*** FLOP *** [8s 7d 3d]
bulabula83161: checks 
Pich: bets $0.02
bulabula83161: raises $0.36 to $0.38
Pich has timed out
Pich: folds 
Uncalled bet ($0.36) returned to bulabula83161
bulabula83161 collected $0.36 from pot
bulabula83161: doesn't show hand 
*** SUMMARY ***
Total pot $0.37 | Rake $0.01 
Board [8s 7d 3d]
Seat 1: dmcrbr (small blind) folded before Flop
Seat 2: bulabula83161 (big blind) collected ($0.36)
Seat 3: Dorex2007 folded before Flop
Seat 4: TolikG55 folded before Flop (didn't bet)
Seat 5: Pich folded on the Flop
Seat 6: idealt1-2 folded before Flop (didn't bet)
Seat 7: ilianaki785 folded before Flop (didn't bet)
Seat 8: FrancisLo (button) folded before Flop (didn't bet)



PokerStars Hand #236828174228:  Hold'em No Limit ($0.01/$0.02 USD) - 2022/06/17 21:30:52 PT [2022/06/18 0:30:52 ET]
Table 'Parthenope' 9-max Seat #1 is the button
Seat 1: dmcrbr ($2 in chips) 
Seat 2: bulabula83161 ($2 in chips) 
Seat 3: Dorex2007 ($3.60 in chips) 
Seat 4: TolikG55 ($1.30 in chips) 
Seat 6: idealt1-2 ($1.68 in chips) 
Seat 7: ilianaki785 ($1.76 in chips) 
Seat 8: FrancisLo ($0.52 in chips) 
Seat 9: charliesolac ($3.64 in chips) 
bulabula83161: posts small blind $0.01
Dorex2007: posts big blind $0.02
charliesolac: posts small & big blinds $0.03
*** HOLE CARDS ***
Dealt to Dorex2007 [9c 7s]
TolikG55: folds 
idealt1-2: calls $0.02
ilianaki785: folds 
FrancisLo: folds 
charliesolac: checks 
dmcrbr: folds 
bulabula83161: folds 
Dorex2007: checks 
*** FLOP *** [6h 8s 3d]
Dorex2007: checks 
idealt1-2: bets $0.14
charliesolac: folds 
Dorex2007: folds 
Uncalled bet ($0.14) returned to idealt1-2
idealt1-2 collected $0.08 from pot
*** SUMMARY ***
Total pot $0.08 | Rake $0 
Board [6h 8s 3d]
Seat 1: dmcrbr (button) folded before Flop (didn't bet)
Seat 2: bulabula83161 (small blind) folded before Flop
Seat 3: Dorex2007 (big blind) folded on the Flop
Seat 4: TolikG55 folded before Flop (didn't bet)
Seat 6: idealt1-2 collected ($0.08)
Seat 7: ilianaki785 folded before Flop (didn't bet)
Seat 8: FrancisLo folded before Flop (didn't bet)
Seat 9: charliesolac folded on the Flop (didn't bet)



PokerStars Hand #236828179860:  Hold'em No Limit ($0.01/$0.02 USD) - 2022/06/17 21:31:30 PT [2022/06/18 0:31:30 ET]
Table 'Parthenope' 9-max Seat #2 is the button
Seat 1: dmcrbr ($2 in chips) 
Seat 2: bulabula83161 ($1.99 in chips) 
Seat 3: Dorex2007 ($3.58 in chips) 
Seat 4: TolikG55 ($1.30 in chips) 
Seat 5: Pich ($2.29 in chips) 
Seat 6: idealt1-2 ($1.74 in chips) 
Seat 7: ilianaki785 ($1.76 in chips) 
Seat 8: FrancisLo ($0.52 in chips) 
Seat 9: charliesolac ($3.61 in chips) 
Dorex2007: posts small blind $0.01
TolikG55: posts big blind $0.02
*** HOLE CARDS ***
Dealt to Dorex2007 [Qs Ks]
Pich: folds 
idealt1-2: folds 
ilianaki785: folds 
FrancisLo: folds 
idealt1-2 leaves the table
charliesolac: raises $0.04 to $0.06
dmcrbr: folds 
bulabula83161: calls $0.06
Dorex2007: calls $0.05
TolikG55: folds 
*** FLOP *** [Kd Kh 5d]
Dorex2007: checks 
charliesolac: bets $0.14
bulabula83161: folds 
Dorex2007: raises $0.31 to $0.45
ger1206 joins the table at seat #6 
charliesolac: folds 
Uncalled bet ($0.31) returned to Dorex2007
Dorex2007 collected $0.46 from pot
Dorex2007: doesn't show hand 
*** SUMMARY ***
Total pot $0.48 | Rake $0.02 
Board [Kd Kh 5d]
Seat 1: dmcrbr folded before Flop (didn't bet)
Seat 2: bulabula83161 (button) folded on the Flop
Seat 3: Dorex2007 (small blind) collected ($0.46)
Seat 4: TolikG55 (big blind) folded before Flop
Seat 5: Pich folded before Flop (didn't bet)
Seat 6: idealt1-2 folded before Flop (didn't bet)
Seat 7: ilianaki785 folded before Flop (didn't bet)
Seat 8: FrancisLo folded before Flop (didn't bet)
Seat 9: charliesolac folded on the Flop



PokerStars Hand #236828187096:  Hold'em No Limit ($0.01/$0.02 USD) - 2022/06/17 21:32:21 PT [2022/06/18 0:32:21 ET]
Table 'Parthenope' 9-max Seat #3 is the button
Seat 1: dmcrbr ($2 in chips) 
Seat 2: bulabula83161 ($1.93 in chips) 
Seat 3: Dorex2007 ($3.84 in chips) 
Seat 4: TolikG55 ($1.28 in chips) 
Seat 5: Pich ($2.29 in chips) 
Seat 7: ilianaki785 ($1.76 in chips) 
Seat 8: FrancisLo ($0.52 in chips) 
Seat 9: charliesolac ($3.41 in chips) 
TolikG55: posts small blind $0.01
Pich: posts big blind $0.02
ger1206: sits out 
*** HOLE CARDS ***
Dealt to Dorex2007 [9s Td]
ilianaki785: folds 
FrancisLo: folds 
charliesolac: folds 
dmcrbr: folds 
bulabula83161: folds 
Dorex2007: folds 
TolikG55: folds 
Uncalled bet ($0.01) returned to Pich
Pich collected $0.02 from pot
*** SUMMARY ***
Total pot $0.02 | Rake $0 
Seat 1: dmcrbr folded before Flop (didn't bet)
Seat 2: bulabula83161 folded before Flop (didn't bet)
Seat 3: Dorex2007 (button) folded before Flop (didn't bet)
Seat 4: TolikG55 (small blind) folded before Flop
Seat 5: Pich (big blind) collected ($0.02)
Seat 7: ilianaki785 folded before Flop (didn't bet)
Seat 8: FrancisLo folded before Flop (didn't bet)
Seat 9: charliesolac folded before Flop (didn't bet)



PokerStars Hand #236828189218:  Hold'em No Limit ($0.01/$0.02 USD) - 2022/06/17 21:32:36 PT [2022/06/18 0:32:36 ET]
Table 'Parthenope' 9-max Seat #4 is the button
Seat 1: dmcrbr ($2 in chips) 
Seat 2: bulabula83161 ($1.93 in chips) 
Seat 3: Dorex2007 ($3.84 in chips) 
Seat 4: TolikG55 ($1.27 in chips) 
Seat 5: Pich ($2.30 in chips) 
Seat 6: ger1206 ($1 in chips) 
Seat 7: ilianaki785 ($1.76 in chips) 
Seat 8: FrancisLo ($0.52 in chips) 
Seat 9: charliesolac ($3.41 in chips) 
Pich: posts small blind $0.01
ger1206: posts big blind $0.02
*** HOLE CARDS ***
Dealt to Dorex2007 [9h Ts]
ilianaki785: folds 
FrancisLo: calls $0.02
charliesolac: raises $0.04 to $0.06
dmcrbr: folds 
bulabula83161: calls $0.06
Dorex2007: folds 
TolikG55: folds 
Pich: calls $0.05
ger1206: calls $0.04
FrancisLo: calls $0.04
*** FLOP *** [9c Ad Jd]
Pich: bets $0.02
ger1206: folds 
FrancisLo: calls $0.02
charliesolac: folds 
bulabula83161: calls $0.02
*** TURN *** [9c Ad Jd] [Kd]
Pich: bets $0.06
FrancisLo: calls $0.06
bulabula83161: folds 
*** RIVER *** [9c Ad Jd Kd] [5d]
Pich: bets $0.14
FrancisLo: folds 
Uncalled bet ($0.14) returned to Pich
Pich collected $0.46 from pot
*** SUMMARY ***
Total pot $0.48 | Rake $0.02 
Board [9c Ad Jd Kd 5d]
Seat 1: dmcrbr folded before Flop (didn't bet)
Seat 2: bulabula83161 folded on the Turn
Seat 3: Dorex2007 folded before Flop (didn't bet)
Seat 4: TolikG55 (button) folded before Flop (didn't bet)
Seat 5: Pich (small blind) collected ($0.46)
Seat 6: ger1206 (big blind) folded on the Flop
Seat 7: ilianaki785 folded before Flop (didn't bet)
Seat 8: FrancisLo folded on the River
Seat 9: charliesolac folded on the Flop



PokerStars Hand #236828204452:  Hold'em No Limit ($0.01/$0.02 USD) - 2022/06/17 21:34:23 PT [2022/06/18 0:34:23 ET]
Table 'Parthenope' 9-max Seat #5 is the button
Seat 1: dmcrbr ($2 in chips) 
Seat 3: Dorex2007 ($3.84 in chips) 
Seat 4: TolikG55 ($1.27 in chips) 
Seat 5: Pich ($2.62 in chips) 
Seat 6: ger1206 ($0.94 in chips) 
Seat 7: ilianaki785 ($1.76 in chips) 
Seat 8: FrancisLo ($0.38 in chips) 
Seat 9: charliesolac ($3.35 in chips) 
ger1206: posts small blind $0.01
ilianaki785: posts big blind $0.02
*** HOLE CARDS ***
Dealt to Dorex2007 [Tc Ah]
FrancisLo: folds 
charliesolac: folds 
dmcrbr: folds 
Dorex2007: calls $0.02
TolikG55: calls $0.02
Pich: calls $0.02
ger1206: calls $0.01
ilianaki785: checks 
*** FLOP *** [2s 3c Qd]
ger1206: checks 
ilianaki785: checks 
Dorex2007: checks 
TolikG55: bets $0.05
Pich: folds 
ger1206: folds 
ilianaki785: folds 
Dorex2007: folds 
Uncalled bet ($0.05) returned to TolikG55
TolikG55 collected $0.10 from pot
TolikG55: doesn't show hand 
*** SUMMARY ***
Total pot $0.10 | Rake $0 
Board [2s 3c Qd]
Seat 1: dmcrbr folded before Flop (didn't bet)
Seat 3: Dorex2007 folded on the Flop
Seat 4: TolikG55 collected ($0.10)
Seat 5: Pich (button) folded on the Flop
Seat 6: ger1206 (small blind) folded on the Flop
Seat 7: ilianaki785 (big blind) folded on the Flop
Seat 8: FrancisLo folded before Flop (didn't bet)
Seat 9: charliesolac folded before Flop (didn't bet)



PokerStars Hand #236828218566:  Hold'em No Limit ($0.01/$0.02 USD) - 2022/06/17 21:36:01 PT [2022/06/18 0:36:01 ET]
Table 'Parthenope' 9-max Seat #6 is the button
Seat 1: dmcrbr ($2 in chips) 
Seat 3: Dorex2007 ($3.82 in chips) 
Seat 4: TolikG55 ($1.35 in chips) 
Seat 5: Pich ($2.60 in chips) 
Seat 6: ger1206 ($0.92 in chips) 
Seat 7: ilianaki785 ($1.74 in chips) 
Seat 8: FrancisLo ($0.38 in chips) 
Seat 9: charliesolac ($3.35 in chips) 
ilianaki785: posts small blind $0.01
FrancisLo: posts big blind $0.02
*** HOLE CARDS ***
Dealt to Dorex2007 [4s Jh]
charliesolac: folds 
dmcrbr: folds 
Dorex2007: folds 
TolikG55: raises $0.04 to $0.06
Pich: calls $0.06
ger1206: folds 
ilianaki785: folds 
FrancisLo: folds 
*** FLOP *** [5c 6s 3c]
TolikG55: bets $0.10
Pich: calls $0.10
*** TURN *** [5c 6s 3c] [2c]
TolikG55: checks 
Pich: bets $0.02
TolikG55: calls $0.02
*** RIVER *** [5c 6s 3c 2c] [6c]
TolikG55: checks 
Pich: bets $0.02
TolikG55: calls $0.02
*** SHOW DOWN ***
Pich: shows [Td Js] (a pair of Sixes)
TolikG55: shows [As Ad] (two pair, Aces and Sixes)
TolikG55 collected $0.41 from pot
*** SUMMARY ***
Total pot $0.43 | Rake $0.02 
Board [5c 6s 3c 2c 6c]
Seat 1: dmcrbr folded before Flop (didn't bet)
Seat 3: Dorex2007 folded before Flop (didn't bet)
Seat 4: TolikG55 showed [As Ad] and won ($0.41) with two pair, Aces and Sixes
Seat 5: Pich showed [Td Js] and lost with a pair of Sixes
Seat 6: ger1206 (button) folded before Flop (didn't bet)
Seat 7: ilianaki785 (small blind) folded before Flop
Seat 8: FrancisLo (big blind) folded before Flop
Seat 9: charliesolac folded before Flop (didn't bet)



PokerStars Hand #236828227485:  Hold'em No Limit ($0.01/$0.02 USD) - 2022/06/17 21:37:03 PT [2022/06/18 0:37:03 ET]
Table 'Parthenope' 9-max Seat #7 is the button
Seat 1: dmcrbr ($2 in chips) 
Seat 3: Dorex2007 ($3.82 in chips) 
Seat 4: TolikG55 ($1.56 in chips) 
Seat 5: Pich ($2.40 in chips) 
Seat 6: ger1206 ($0.92 in chips) 
Seat 7: ilianaki785 ($1.73 in chips) 
Seat 8: FrancisLo ($0.36 in chips) 
Seat 9: charliesolac ($3.35 in chips) 
FrancisLo: posts small blind $0.01
charliesolac: posts big blind $0.02
*** HOLE CARDS ***
Dealt to Dorex2007 [6h 8h]
dmcrbr: folds 
Dorex2007: folds 
TolikG55: calls $0.02
Pich: folds 
ger1206: folds 
ilianaki785: calls $0.02
FrancisLo: calls $0.01
charliesolac: checks 
*** FLOP *** [5s Qd As]
FrancisLo: bets $0.02
charliesolac: folds 
TolikG55: calls $0.02
ilianaki785: calls $0.02
*** TURN *** [5s Qd As] [2d]
FrancisLo: bets $0.07
TolikG55: calls $0.07
ilianaki785: folds 
*** RIVER *** [5s Qd As 2d] [Td]
FrancisLo: bets $0.02
TolikG55: raises $0.21 to $0.23
FrancisLo: calls $0.21
*** SHOW DOWN ***
TolikG55: shows [5d Kd] (a flush, King high)
FrancisLo: mucks hand 
TolikG55 collected $0.71 from pot
*** SUMMARY ***
Total pot $0.74 | Rake $0.03 
Board [5s Qd As 2d Td]
Seat 1: dmcrbr folded before Flop (didn't bet)
Seat 3: Dorex2007 folded before Flop (didn't bet)
Seat 4: TolikG55 showed [5d Kd] and won ($0.71) with a flush, King high
Seat 5: Pich folded before Flop (didn't bet)
Seat 6: ger1206 folded before Flop (didn't bet)
Seat 7: ilianaki785 (button) folded on the Turn
Seat 8: FrancisLo (small blind) mucked [Qc 6d]
Seat 9: charliesolac (big blind) folded on the Flop



PokerStars Hand #236828238141:  Hold'em No Limit ($0.01/$0.02 USD) - 2022/06/17 21:38:19 PT [2022/06/18 0:38:19 ET]
Table 'Parthenope' 9-max Seat #8 is the button
Seat 1: dmcrbr ($2 in chips) 
Seat 3: Dorex2007 ($3.82 in chips) 
Seat 4: TolikG55 ($1.93 in chips) 
Seat 5: Pich ($2.40 in chips) 
Seat 6: ger1206 ($0.92 in chips) 
Seat 7: ilianaki785 ($1.69 in chips) 
Seat 8: FrancisLo ($0.02 in chips) 
Seat 9: charliesolac ($3.33 in chips) 
charliesolac: posts small blind $0.01
dmcrbr: posts big blind $0.02
*** HOLE CARDS ***
Dealt to Dorex2007 [8c Kh]
Dorex2007: folds 
TolikG55: calls $0.02
Pich: calls $0.02
ger1206: raises $0.09 to $0.11
ilianaki785: folds 
FrancisLo: folds 
charliesolac: folds 
dmcrbr: folds 
TolikG55: folds 
Pich: calls $0.09
*** FLOP *** [3d 7h Th]
Pich: checks 
ger1206: bets $0.26
Pich: calls $0.26
*** TURN *** [3d 7h Th] [Ks]
Pich: bets $0.02
ger1206: calls $0.02
*** RIVER *** [3d 7h Th Ks] [2d]
Pich: checks 
ger1206: checks 
*** SHOW DOWN ***
Pich: shows [9h 4c] (high card King)
ger1206: shows [Jd Jc] (a pair of Jacks)
ger1206 collected $0.80 from pot
*** SUMMARY ***
Total pot $0.83 | Rake $0.03 
Board [3d 7h Th Ks 2d]
Seat 1: dmcrbr (big blind) folded before Flop
Seat 3: Dorex2007 folded before Flop (didn't bet)
Seat 4: TolikG55 folded before Flop
Seat 5: Pich showed [9h 4c] and lost with high card King
Seat 6: ger1206 showed [Jd Jc] and won ($0.80) with a pair of Jacks
Seat 7: ilianaki785 folded before Flop (didn't bet)
Seat 8: FrancisLo (button) folded before Flop (didn't bet)
Seat 9: charliesolac (small blind) folded before Flop



PokerStars Hand #236828248093:  Hold'em No Limit ($0.01/$0.02 USD) - 2022/06/17 21:39:29 PT [2022/06/18 0:39:29 ET]
Table 'Parthenope' 9-max Seat #9 is the button
Seat 1: dmcrbr ($2 in chips) 
Seat 3: Dorex2007 ($3.82 in chips) 
Seat 4: TolikG55 ($1.91 in chips) 
Seat 5: Pich ($2.01 in chips) 
Seat 6: ger1206 ($1.33 in chips) 
Seat 7: ilianaki785 ($1.69 in chips) 
Seat 8: FrancisLo ($0.02 in chips) 
Seat 9: charliesolac ($3.32 in chips) 
dmcrbr: posts small blind $0.01
Dorex2007: posts big blind $0.02
*** HOLE CARDS ***
Dealt to Dorex2007 [Qc Qs]
TolikG55: folds 
Pich: calls $0.02
ger1206: folds 
ilianaki785: folds 
FrancisLo: folds 
charliesolac: folds 
dmcrbr: folds 
Dorex2007: raises $0.04 to $0.06
Pich: raises $0.12 to $0.18
Dorex2007: raises $3.64 to $3.82 and is all-in
Pich: calls $1.83 and is all-in
Uncalled bet ($1.81) returned to Dorex2007
*** FLOP *** [Th 4d Kc]
*** TURN *** [Th 4d Kc] [3h]
*** RIVER *** [Th 4d Kc 3h] [Kd]
*** SHOW DOWN ***
Dorex2007: shows [Qc Qs] (two pair, Kings and Queens)
Pich: shows [Ks Kh] (four of a kind, Kings)
Pich collected $3.89 from pot
*** SUMMARY ***
Total pot $4.03 | Rake $0.14 
Board [Th 4d Kc 3h Kd]
Seat 1: dmcrbr (small blind) folded before Flop
Seat 3: Dorex2007 (big blind) showed [Qc Qs] and lost with two pair, Kings and Queens
Seat 4: TolikG55 folded before Flop (didn't bet)
Seat 5: Pich showed [Ks Kh] and won ($3.89) with four of a kind, Kings
Seat 6: ger1206 folded before Flop (didn't bet)
Seat 7: ilianaki785 folded before Flop (didn't bet)
Seat 8: FrancisLo folded before Flop (didn't bet)
Seat 9: charliesolac (button) folded before Flop (didn't bet)



PokerStars Hand #236828256058:  Hold'em No Limit ($0.01/$0.02 USD) - 2022/06/17 21:40:25 PT [2022/06/18 0:40:25 ET]
Table 'Parthenope' 9-max Seat #1 is the button
Seat 1: dmcrbr ($2 in chips) 
Seat 3: Dorex2007 ($2 in chips) 
Seat 4: TolikG55 ($1.91 in chips) 
Seat 5: Pich ($3.89 in chips) 
Seat 6: ger1206 ($1.33 in chips) 
Seat 7: ilianaki785 ($1.69 in chips) 
Seat 8: FrancisLo ($0.02 in chips) 
Seat 9: charliesolac ($3.32 in chips) 
Dorex2007: posts small blind $0.01
TolikG55: posts big blind $0.02
*** HOLE CARDS ***
Dealt to Dorex2007 [5h 6d]
Pich: calls $0.02
ger1206: folds 
ilianaki785: calls $0.02
FrancisLo: folds 
charliesolac: folds 
dmcrbr: folds 
Dorex2007: folds 
TolikG55: checks 
*** FLOP *** [Ks 8s Th]
TolikG55: checks 
Pich: checks 
ilianaki785: checks 
*** TURN *** [Ks 8s Th] [5d]
TolikG55: checks 
Pich: bets $0.02
ilianaki785: calls $0.02
TolikG55: calls $0.02
*** RIVER *** [Ks 8s Th 5d] [5c]
TolikG55: checks 
Pich: checks 
ilianaki785: checks 
*** SHOW DOWN ***
TolikG55: shows [Js 9d] (a pair of Fives)
Pich: shows [Qh 7h] (a pair of Fives - King+Queen kicker)
ilianaki785: shows [Jc Ac] (a pair of Fives - Ace kicker)
ilianaki785 collected $0.13 from pot
*** SUMMARY ***
Total pot $0.13 | Rake $0 
Board [Ks 8s Th 5d 5c]
Seat 1: dmcrbr (button) folded before Flop (didn't bet)
Seat 3: Dorex2007 (small blind) folded before Flop
Seat 4: TolikG55 (big blind) showed [Js 9d] and lost with a pair of Fives
Seat 5: Pich showed [Qh 7h] and lost with a pair of Fives
Seat 6: ger1206 folded before Flop (didn't bet)
Seat 7: ilianaki785 showed [Jc Ac] and won ($0.13) with a pair of Fives
Seat 8: FrancisLo folded before Flop (didn't bet)
Seat 9: charliesolac folded before Flop (didn't bet)



