PokerStars Hand #226473178882:  Hold'em No Limit ($0.01/$0.02 USD) - 2021/05/04 18:42:11 PT [2021/05/04 21:42:11 ET]
Table 'Adrastea V' 9-max Seat #4 is the button
Seat 1: AureliyJe ($2.23 in chips) 
Seat 2: Zamuta Morra ($3.86 in chips) 
Seat 3: rickmta ($1.03 in chips) 
Seat 4: iiwii69 ($2 in chips) 
Seat 5: jockel488 ($3.45 in chips) 
Seat 6: Dorex2007 ($1.50 in chips) 
Seat 7: Stratoboy ($1.39 in chips) 
Seat 8: factis71 ($2.56 in chips) 
jockel488: posts small blind $0.01
Dorex2007: posts big blind $0.02
*** HOLE CARDS ***
Dealt to Dorex2007 [As 8d]
NIXON161RND leaves the table
Stratoboy: folds 
factis71: folds 
AureliyJe: folds 
Zamuta Morra: raises $0.04 to $0.06
rickmta: folds 
iiwii69: folds 
air Y323 joins the table at seat #9 
jockel488: calls $0.05
Dorex2007: calls $0.04
*** FLOP *** [Jh Qd 3d]
jockel488: checks 
Dorex2007: checks 
Zamuta Morra: checks 
*** TURN *** [Jh Qd 3d] [2d]
jockel488: bets $0.06
Dorex2007: folds 
Zamuta Morra: folds 
Uncalled bet ($0.06) returned to jockel488
jockel488 collected $0.17 from pot
jockel488: doesn't show hand 
*** SUMMARY ***
Total pot $0.18 | Rake $0.01 
Board [Jh Qd 3d 2d]
Seat 1: AureliyJe folded before Flop (didn't bet)
Seat 2: Zamuta Morra folded on the Turn
Seat 3: rickmta folded before Flop (didn't bet)
Seat 4: iiwii69 (button) folded before Flop (didn't bet)
Seat 5: jockel488 (small blind) collected ($0.17)
Seat 6: Dorex2007 (big blind) folded on the Turn
Seat 7: Stratoboy folded before Flop (didn't bet)
Seat 8: factis71 folded before Flop (didn't bet)



PokerStars Hand #226473194127:  Hold'em No Limit ($0.01/$0.02 USD) - 2021/05/04 18:43:06 PT [2021/05/04 21:43:06 ET]
Table 'Adrastea V' 9-max Seat #5 is the button
Seat 1: AureliyJe ($2.23 in chips) 
Seat 2: Zamuta Morra ($3.80 in chips) 
Seat 3: rickmta ($1.03 in chips) 
Seat 4: iiwii69 ($2 in chips) 
Seat 5: jockel488 ($3.56 in chips) 
Seat 6: Dorex2007 ($1.44 in chips) 
Seat 7: Stratoboy ($1.39 in chips) 
Seat 8: factis71 ($2.56 in chips) 
Dorex2007: posts small blind $0.01
Stratoboy: posts big blind $0.02
air Y323: sits out 
*** HOLE CARDS ***
Dealt to Dorex2007 [Qd 7s]
factis71: folds 
AureliyJe: folds 
Zamuta Morra: raises $0.04 to $0.06
rickmta: folds 
iiwii69: folds 
jockel488: folds 
Dorex2007: folds 
Stratoboy: folds 
Uncalled bet ($0.04) returned to Zamuta Morra
Zamuta Morra collected $0.05 from pot
*** SUMMARY ***
Total pot $0.05 | Rake $0 
Seat 1: AureliyJe folded before Flop (didn't bet)
Seat 2: Zamuta Morra collected ($0.05)
Seat 3: rickmta folded before Flop (didn't bet)
Seat 4: iiwii69 folded before Flop (didn't bet)
Seat 5: jockel488 (button) folded before Flop (didn't bet)
Seat 6: Dorex2007 (small blind) folded before Flop
Seat 7: Stratoboy (big blind) folded before Flop
Seat 8: factis71 folded before Flop (didn't bet)



PokerStars Hand #226473200808:  Hold'em No Limit ($0.01/$0.02 USD) - 2021/05/04 18:43:30 PT [2021/05/04 21:43:30 ET]
Table 'Adrastea V' 9-max Seat #6 is the button
Seat 1: AureliyJe ($2.23 in chips) 
Seat 2: Zamuta Morra ($3.83 in chips) 
Seat 3: rickmta ($1.03 in chips) 
Seat 4: iiwii69 ($2 in chips) 
Seat 5: jockel488 ($3.56 in chips) 
Seat 6: Dorex2007 ($1.43 in chips) 
Seat 7: Stratoboy ($1.37 in chips) 
Seat 8: factis71 ($2.56 in chips) 
Stratoboy: posts small blind $0.01
factis71: posts big blind $0.02
air Y323: sits out 
*** HOLE CARDS ***
Dealt to Dorex2007 [Ts 6s]
AureliyJe: folds 
Zamuta Morra: raises $0.04 to $0.06
rickmta: folds 
iiwii69: folds 
jockel488: folds 
Dorex2007: folds 
Stratoboy: calls $0.05
factis71: calls $0.04
*** FLOP *** [Ah 9d Ac]
Stratoboy: checks 
factis71: checks 
Zamuta Morra: bets $0.06
Stratoboy: folds 
factis71: folds 
Uncalled bet ($0.06) returned to Zamuta Morra
Zamuta Morra collected $0.17 from pot
*** SUMMARY ***
Total pot $0.18 | Rake $0.01 
Board [Ah 9d Ac]
Seat 1: AureliyJe folded before Flop (didn't bet)
Seat 2: Zamuta Morra collected ($0.17)
Seat 3: rickmta folded before Flop (didn't bet)
Seat 4: iiwii69 folded before Flop (didn't bet)
Seat 5: jockel488 folded before Flop (didn't bet)
Seat 6: Dorex2007 (button) folded before Flop (didn't bet)
Seat 7: Stratoboy (small blind) folded on the Flop
Seat 8: factis71 (big blind) folded on the Flop



PokerStars Hand #226473213684:  Hold'em No Limit ($0.01/$0.02 USD) - 2021/05/04 18:44:17 PT [2021/05/04 21:44:17 ET]
Table 'Adrastea V' 9-max Seat #7 is the button
Seat 1: AureliyJe ($2.23 in chips) 
Seat 2: Zamuta Morra ($3.94 in chips) 
Seat 3: rickmta ($1.03 in chips) 
Seat 4: iiwii69 ($2 in chips) 
Seat 5: jockel488 ($3.56 in chips) 
Seat 6: Dorex2007 ($1.43 in chips) 
Seat 7: Stratoboy ($1.31 in chips) 
Seat 8: factis71 ($2.50 in chips) 
Seat 9: air Y323 ($1.60 in chips) 
factis71: posts small blind $0.01
air Y323: posts big blind $0.02
*** HOLE CARDS ***
Dealt to Dorex2007 [Qs Td]
AureliyJe: folds 
Zamuta Morra: raises $0.04 to $0.06
rickmta: folds 
iiwii69: folds 
jockel488: folds 
Dorex2007: folds 
Stratoboy: folds 
jockel488 leaves the table
factis71: folds 
air Y323: folds 
Uncalled bet ($0.04) returned to Zamuta Morra
Zamuta Morra collected $0.05 from pot
*** SUMMARY ***
Total pot $0.05 | Rake $0 
Seat 1: AureliyJe folded before Flop (didn't bet)
Seat 2: Zamuta Morra collected ($0.05)
Seat 3: rickmta folded before Flop (didn't bet)
Seat 4: iiwii69 folded before Flop (didn't bet)
Seat 5: jockel488 folded before Flop (didn't bet)
Seat 6: Dorex2007 folded before Flop (didn't bet)
Seat 7: Stratoboy (button) folded before Flop (didn't bet)
Seat 8: factis71 (small blind) folded before Flop
Seat 9: air Y323 (big blind) folded before Flop



PokerStars Hand #226473219807:  Hold'em No Limit ($0.01/$0.02 USD) - 2021/05/04 18:44:39 PT [2021/05/04 21:44:39 ET]
Table 'Adrastea V' 9-max Seat #8 is the button
Seat 2: Zamuta Morra ($3.97 in chips) 
Seat 3: rickmta ($1.03 in chips) 
Seat 4: iiwii69 ($2 in chips) 
Seat 6: Dorex2007 ($1.43 in chips) 
Seat 7: Stratoboy ($1.31 in chips) 
Seat 8: factis71 ($2.49 in chips) 
Seat 9: air Y323 ($1.58 in chips) 
air Y323: posts small blind $0.01
AureliyJe: is sitting out 
Zamuta Morra: posts big blind $0.02
*** HOLE CARDS ***
Dealt to Dorex2007 [Ac 5d]
rickmta: folds 
iiwii69: folds 
AureliyJe leaves the table
rickmta leaves the table
Dorex2007: folds 
Stratoboy: calls $0.02
factis71: folds 
air Y323: folds 
Zamuta Morra: checks 
*** FLOP *** [4s 3s 7d]
Zamuta Morra: checks 
Stratoboy: checks 
*** TURN *** [4s 3s 7d] [6h]
Zamuta Morra: checks 
Stratoboy: checks 
*** RIVER *** [4s 3s 7d 6h] [7c]
Zamuta Morra: checks 
Stratoboy: checks 
*** SHOW DOWN ***
Zamuta Morra: shows [2c 4c] (two pair, Sevens and Fours)
Stratoboy: mucks hand 
Zamuta Morra collected $0.05 from pot
*** SUMMARY ***
Total pot $0.05 | Rake $0 
Board [4s 3s 7d 6h 7c]
Seat 2: Zamuta Morra (big blind) showed [2c 4c] and won ($0.05) with two pair, Sevens and Fours
Seat 3: rickmta folded before Flop (didn't bet)
Seat 4: iiwii69 folded before Flop (didn't bet)
Seat 6: Dorex2007 folded before Flop (didn't bet)
Seat 7: Stratoboy mucked [As 9d]
Seat 8: factis71 (button) folded before Flop (didn't bet)
Seat 9: air Y323 (small blind) folded before Flop



PokerStars Hand #226473232542:  Hold'em No Limit ($0.01/$0.02 USD) - 2021/05/04 18:45:25 PT [2021/05/04 21:45:25 ET]
Table 'Adrastea V' 9-max Seat #9 is the button
Seat 2: Zamuta Morra ($4 in chips) 
Seat 4: iiwii69 ($2 in chips) 
Seat 6: Dorex2007 ($1.43 in chips) 
Seat 7: Stratoboy ($1.29 in chips) 
Seat 8: factis71 ($2.49 in chips) 
Seat 9: air Y323 ($1.57 in chips) 
Zamuta Morra: posts small blind $0.01
iiwii69: posts big blind $0.02
*** HOLE CARDS ***
Dealt to Dorex2007 [Ah 4d]
Dorex2007 has timed out
Dorex2007: folds 
Stratoboy: calls $0.02
factis71: folds 
air Y323: raises $0.04 to $0.06
Zamuta Morra: folds 
iiwii69: calls $0.04
Stratoboy: calls $0.04
*** FLOP *** [Qh 7c 2s]
iiwii69: checks 
Stratoboy: bets $0.09
air Y323: calls $0.09
iiwii69: folds 
*** TURN *** [Qh 7c 2s] [9c]
Stratoboy: bets $0.18
air Y323: calls $0.18
*** RIVER *** [Qh 7c 2s 9c] [6c]
Stratoboy: checks 
air Y323: bets $0.25
Stratoboy: calls $0.25
*** SHOW DOWN ***
air Y323: shows [Tc Ac] (a flush, Ace high)
Stratoboy: mucks hand 
air Y323 collected $1.19 from pot
*** SUMMARY ***
Total pot $1.23 | Rake $0.04 
Board [Qh 7c 2s 9c 6c]
Seat 2: Zamuta Morra (small blind) folded before Flop
Seat 4: iiwii69 (big blind) folded on the Flop
Seat 6: Dorex2007 folded before Flop (didn't bet)
Seat 7: Stratoboy mucked [Qd Ad]
Seat 8: factis71 folded before Flop (didn't bet)
Seat 9: air Y323 (button) showed [Tc Ac] and won ($1.19) with a flush, Ace high



PokerStars Hand #226473249221:  Hold'em No Limit ($0.01/$0.02 USD) - 2021/05/04 18:46:26 PT [2021/05/04 21:46:26 ET]
Table 'Adrastea V' 9-max Seat #2 is the button
Seat 2: Zamuta Morra ($3.99 in chips) 
Seat 4: iiwii69 ($2 in chips) 
Seat 6: Dorex2007 ($1.43 in chips) 
Seat 7: Stratoboy ($0.71 in chips) 
Seat 8: factis71 ($2.49 in chips) 
Seat 9: air Y323 ($2.18 in chips) 
iiwii69: posts small blind $0.01
Dorex2007: posts big blind $0.02
*** HOLE CARDS ***
Dealt to Dorex2007 [5d Js]
Stratoboy: folds 
factis71: folds 
air Y323: raises $0.04 to $0.06
Zamuta Morra: folds 
iiwii69: calls $0.05
Dorex2007: folds 
*** FLOP *** [Kd Ad 8s]
Stratoboy leaves the table
iiwii69: checks 
air Y323: checks 
*** TURN *** [Kd Ad 8s] [8d]
iiwii69: checks 
air Y323: checks 
*** RIVER *** [Kd Ad 8s 8d] [Ac]
iiwii69: checks 
air Y323: bets $0.07
iiwii69: calls $0.07
*** SHOW DOWN ***
air Y323: shows [7d 7s] (two pair, Aces and Eights)
iiwii69: shows [Th Jc] (two pair, Aces and Eights)
iiwii69 collected $0.14 from pot
air Y323 collected $0.13 from pot
*** SUMMARY ***
Total pot $0.28 | Rake $0.01 
Board [Kd Ad 8s 8d Ac]
Seat 2: Zamuta Morra (button) folded before Flop (didn't bet)
Seat 4: iiwii69 (small blind) showed [Th Jc] and won ($0.14) with two pair, Aces and Eights
Seat 6: Dorex2007 (big blind) folded before Flop
Seat 7: Stratoboy folded before Flop (didn't bet)
Seat 8: factis71 folded before Flop (didn't bet)
Seat 9: air Y323 showed [7d 7s] and won ($0.13) with two pair, Aces and Eights



PokerStars Hand #226473258274:  Hold'em No Limit ($0.01/$0.02 USD) - 2021/05/04 18:46:59 PT [2021/05/04 21:46:59 ET]
Table 'Adrastea V' 9-max Seat #4 is the button
Seat 2: Zamuta Morra ($3.99 in chips) 
Seat 4: iiwii69 ($2.01 in chips) 
Seat 6: Dorex2007 ($1.41 in chips) 
Seat 8: factis71 ($2.49 in chips) 
Seat 9: air Y323 ($2.18 in chips) 
Dorex2007: posts small blind $0.01
factis71: posts big blind $0.02
*** HOLE CARDS ***
Dealt to Dorex2007 [8h Tc]
air Y323: raises $0.04 to $0.06
Zamuta Morra: folds 
iiwii69: folds 
iiwii69 leaves the table
Dorex2007: folds 
factis71: folds 
Uncalled bet ($0.04) returned to air Y323
air Y323 collected $0.05 from pot
air Y323: doesn't show hand 
*** SUMMARY ***
Total pot $0.05 | Rake $0 
Seat 2: Zamuta Morra folded before Flop (didn't bet)
Seat 4: iiwii69 (button) folded before Flop (didn't bet)
Seat 6: Dorex2007 (small blind) folded before Flop
Seat 8: factis71 (big blind) folded before Flop
Seat 9: air Y323 collected ($0.05)



PokerStars Hand #226473261778:  Hold'em No Limit ($0.01/$0.02 USD) - 2021/05/04 18:47:13 PT [2021/05/04 21:47:13 ET]
Table 'Adrastea V' 9-max Seat #6 is the button
Seat 2: Zamuta Morra ($3.99 in chips) 
Seat 6: Dorex2007 ($1.40 in chips) 
Seat 8: factis71 ($2.47 in chips) 
Seat 9: air Y323 ($2.21 in chips) 
factis71: posts small blind $0.01
air Y323: posts big blind $0.02
*** HOLE CARDS ***
Dealt to Dorex2007 [7s 6c]
Zamuta Morra: folds 
Dorex2007: folds 
factis71: raises $0.03 to $0.05
air Y323: folds 
Uncalled bet ($0.03) returned to factis71
factis71 collected $0.04 from pot
factis71: doesn't show hand 
*** SUMMARY ***
Total pot $0.04 | Rake $0 
Seat 2: Zamuta Morra folded before Flop (didn't bet)
Seat 6: Dorex2007 (button) folded before Flop (didn't bet)
Seat 8: factis71 (small blind) collected ($0.04)
Seat 9: air Y323 (big blind) folded before Flop



PokerStars Hand #226473264453:  Hold'em No Limit ($0.01/$0.02 USD) - 2021/05/04 18:47:22 PT [2021/05/04 21:47:22 ET]
Table 'Adrastea V' 9-max Seat #8 is the button
Seat 2: Zamuta Morra ($3.99 in chips) 
Seat 6: Dorex2007 ($1.40 in chips) 
Seat 8: factis71 ($2.49 in chips) 
Seat 9: air Y323 ($2.19 in chips) 
air Y323: posts small blind $0.01
Zamuta Morra: posts big blind $0.02
*** HOLE CARDS ***
Dealt to Dorex2007 [Kh Qh]
Dorex2007: raises $0.04 to $0.06
factis71: calls $0.06
air Y323: folds 
Zamuta Morra: folds 
*** FLOP *** [4c 6c 7c]
Dorex2007: bets $0.14
factis71: folds 
Uncalled bet ($0.14) returned to Dorex2007
Dorex2007 collected $0.14 from pot
Dorex2007: doesn't show hand 
*** SUMMARY ***
Total pot $0.15 | Rake $0.01 
Board [4c 6c 7c]
Seat 2: Zamuta Morra (big blind) folded before Flop
Seat 6: Dorex2007 collected ($0.14)
Seat 8: factis71 (button) folded on the Flop
Seat 9: air Y323 (small blind) folded before Flop



PokerStars Hand #226473274426:  Hold'em No Limit ($0.01/$0.02 USD) - 2021/05/04 18:47:59 PT [2021/05/04 21:47:59 ET]
Table 'Adrastea V' 9-max Seat #9 is the button
Seat 2: Zamuta Morra ($3.97 in chips) 
Seat 6: Dorex2007 ($1.48 in chips) 
Seat 8: factis71 ($2.43 in chips) 
Seat 9: air Y323 ($2.18 in chips) 
Zamuta Morra: posts small blind $0.01
Dorex2007: posts big blind $0.02
*** HOLE CARDS ***
Dealt to Dorex2007 [9s 9c]
factis71: folds 
air Y323: folds 
Zamuta Morra: folds 
Uncalled bet ($0.01) returned to Dorex2007
Dorex2007 collected $0.02 from pot
Dorex2007: doesn't show hand 
*** SUMMARY ***
Total pot $0.02 | Rake $0 
Seat 2: Zamuta Morra (small blind) folded before Flop
Seat 6: Dorex2007 (big blind) collected ($0.02)
Seat 8: factis71 folded before Flop (didn't bet)
Seat 9: air Y323 (button) folded before Flop (didn't bet)



