PokerStars Hand #230310727077:  Hold'em No Limit ($0.01/$0.02 USD) - 2021/10/02 19:05:58 PT [2021/10/02 22:05:58 ET]
Table 'Amicitia II' 9-max Seat #3 is the button
Seat 1: townes80 ($0.79 in chips) 
Seat 2: Dorex2007 ($2 in chips) 
Seat 3: ERB600 ($1.05 in chips) 
Seat 5: LblCbli666 ($9.74 in chips) 
Seat 6: Shahta-16 ($2 in chips) 
Seat 7: Lex1974 ($2.22 in chips) 
Seat 8: Franks247 ($0.78 in chips) 
Seat 9: tgacutan ($2.22 in chips) 
LblCbli666: posts small blind $0.01
Shahta-16: posts big blind $0.02
Dorex2007: posts big blind $0.02
*** HOLE CARDS ***
Dealt to Dorex2007 [Ad 2d]
Lex1974: folds 
Franks247: folds 
tgacutan: raises $0.04 to $0.06
townes80: folds 
Dorex2007: calls $0.04
ERB600: folds 
LblCbli666: folds 
Shahta-16: folds 
*** FLOP *** [3d 9h Th]
tgacutan: checks 
Dorex2007: checks 
*** TURN *** [3d 9h Th] [7s]
tgacutan: bets $0.10
Dorex2007: folds 
Uncalled bet ($0.10) returned to tgacutan
tgacutan collected $0.14 from pot
tgacutan: doesn't show hand 
*** SUMMARY ***
Total pot $0.15 | Rake $0.01 
Board [3d 9h Th 7s]
Seat 1: townes80 folded before Flop (didn't bet)
Seat 2: Dorex2007 folded on the Turn
Seat 3: ERB600 (button) folded before Flop (didn't bet)
Seat 5: LblCbli666 (small blind) folded before Flop
Seat 6: Shahta-16 (big blind) folded before Flop
Seat 7: Lex1974 folded before Flop (didn't bet)
Seat 8: Franks247 folded before Flop (didn't bet)
Seat 9: tgacutan collected ($0.14)



PokerStars Hand #230310737785:  Hold'em No Limit ($0.01/$0.02 USD) - 2021/10/02 19:06:46 PT [2021/10/02 22:06:46 ET]
Table 'Amicitia II' 9-max Seat #5 is the button
Seat 2: Dorex2007 ($1.94 in chips) 
Seat 3: ERB600 ($1.05 in chips) 
Seat 5: LblCbli666 ($9.73 in chips) 
Seat 6: Shahta-16 ($2 in chips) 
Seat 7: Lex1974 ($2.22 in chips) 
Seat 8: Franks247 ($0.78 in chips) 
Seat 9: tgacutan ($2.30 in chips) 
Shahta-16: posts small blind $0.01
Lex1974: posts big blind $0.02
*** HOLE CARDS ***
Dealt to Dorex2007 [7s 9c]
Franks247: calls $0.02
tgacutan: folds 
Dorex2007: folds 
ERB600: folds 
LblCbli666: folds 
Shahta-16: folds 
Lex1974: checks 
*** FLOP *** [6s Kc 2h]
Lex1974: checks 
Franks247: checks 
*** TURN *** [6s Kc 2h] [4s]
Lex1974: bets $0.02
Franks247: folds 
Uncalled bet ($0.02) returned to Lex1974
Lex1974 collected $0.05 from pot
Lex1974: doesn't show hand 
*** SUMMARY ***
Total pot $0.05 | Rake $0 
Board [6s Kc 2h 4s]
Seat 2: Dorex2007 folded before Flop (didn't bet)
Seat 3: ERB600 folded before Flop (didn't bet)
Seat 5: LblCbli666 (button) folded before Flop (didn't bet)
Seat 6: Shahta-16 (small blind) folded before Flop
Seat 7: Lex1974 (big blind) collected ($0.05)
Seat 8: Franks247 folded on the Turn
Seat 9: tgacutan folded before Flop (didn't bet)



PokerStars Hand #230310746176:  Hold'em No Limit ($0.01/$0.02 USD) - 2021/10/02 19:07:24 PT [2021/10/02 22:07:24 ET]
Table 'Amicitia II' 9-max Seat #6 is the button
Seat 2: Dorex2007 ($1.94 in chips) 
Seat 5: LblCbli666 ($9.73 in chips) 
Seat 6: Shahta-16 ($2 in chips) 
Seat 7: Lex1974 ($2.25 in chips) 
Seat 8: Franks247 ($0.76 in chips) 
Seat 9: tgacutan ($2.30 in chips) 
Lex1974: posts small blind $0.01
Franks247: posts big blind $0.02
*** HOLE CARDS ***
Dealt to Dorex2007 [Kh 2h]
tgacutan: folds 
Dorex2007: folds 
LblCbli666: folds 
Shahta-16: folds 
Lex1974: folds 
Uncalled bet ($0.01) returned to Franks247
Franks247 collected $0.02 from pot
Franks247: doesn't show hand 
*** SUMMARY ***
Total pot $0.02 | Rake $0 
Seat 2: Dorex2007 folded before Flop (didn't bet)
Seat 5: LblCbli666 folded before Flop (didn't bet)
Seat 6: Shahta-16 (button) folded before Flop (didn't bet)
Seat 7: Lex1974 (small blind) folded before Flop
Seat 8: Franks247 (big blind) collected ($0.02)
Seat 9: tgacutan folded before Flop (didn't bet)



PokerStars Hand #230310748754:  Hold'em No Limit ($0.01/$0.02 USD) - 2021/10/02 19:07:35 PT [2021/10/02 22:07:35 ET]
Table 'Amicitia II' 9-max Seat #7 is the button
Seat 2: Dorex2007 ($1.94 in chips) 
Seat 5: LblCbli666 ($9.73 in chips) 
Seat 6: Shahta-16 ($2 in chips) 
Seat 7: Lex1974 ($2.24 in chips) 
Seat 8: Franks247 ($0.77 in chips) 
Seat 9: tgacutan ($2.30 in chips) 
Franks247: posts small blind $0.01
tgacutan: posts big blind $0.02
*** HOLE CARDS ***
Dealt to Dorex2007 [Qh 4h]
Cash Mikey25 leaves the table
Dorex2007: folds 
LblCbli666: raises $0.02 to $0.04
Shahta-16: folds 
Lex1974: folds 
Franks247: folds 
Gustavok10 joins the table at seat #4 
tgacutan: folds 
Uncalled bet ($0.02) returned to LblCbli666
LblCbli666 collected $0.05 from pot
LblCbli666: doesn't show hand 
*** SUMMARY ***
Total pot $0.05 | Rake $0 
Seat 2: Dorex2007 folded before Flop (didn't bet)
Seat 5: LblCbli666 collected ($0.05)
Seat 6: Shahta-16 folded before Flop (didn't bet)
Seat 7: Lex1974 (button) folded before Flop (didn't bet)
Seat 8: Franks247 (small blind) folded before Flop
Seat 9: tgacutan (big blind) folded before Flop



PokerStars Hand #230310755011:  Hold'em No Limit ($0.01/$0.02 USD) - 2021/10/02 19:08:04 PT [2021/10/02 22:08:04 ET]
Table 'Amicitia II' 9-max Seat #8 is the button
Seat 2: Dorex2007 ($1.94 in chips) 
Seat 5: LblCbli666 ($9.76 in chips) 
Seat 6: Shahta-16 ($2 in chips) 
Seat 7: Lex1974 ($2.24 in chips) 
Seat 8: Franks247 ($0.76 in chips) 
Seat 9: tgacutan ($2.28 in chips) 
tgacutan: posts small blind $0.01
Dorex2007: posts big blind $0.02
Gustavok10: sits out 
*** HOLE CARDS ***
Dealt to Dorex2007 [5h 8d]
LblCbli666: folds 
Shahta-16: folds 
Lex1974: raises $0.06 to $0.08
Franks247: folds 
tgacutan: folds 
Dorex2007: folds 
Uncalled bet ($0.06) returned to Lex1974
Lex1974 collected $0.05 from pot
Lex1974: doesn't show hand 
*** SUMMARY ***
Total pot $0.05 | Rake $0 
Seat 2: Dorex2007 (big blind) folded before Flop
Seat 5: LblCbli666 folded before Flop (didn't bet)
Seat 6: Shahta-16 folded before Flop (didn't bet)
Seat 7: Lex1974 collected ($0.05)
Seat 8: Franks247 (button) folded before Flop (didn't bet)
Seat 9: tgacutan (small blind) folded before Flop



PokerStars Hand #230310759258:  Hold'em No Limit ($0.01/$0.02 USD) - 2021/10/02 19:08:23 PT [2021/10/02 22:08:23 ET]
Table 'Amicitia II' 9-max Seat #9 is the button
Seat 2: Dorex2007 ($1.92 in chips) 
Seat 4: Gustavok10 ($0.95 in chips) 
Seat 5: LblCbli666 ($9.76 in chips) 
Seat 6: Shahta-16 ($2 in chips) 
Seat 7: Lex1974 ($2.27 in chips) 
Seat 8: Franks247 ($0.76 in chips) 
Seat 9: tgacutan ($2.27 in chips) 
Dorex2007: posts small blind $0.01
Gustavok10: posts big blind $0.02
*** HOLE CARDS ***
Dealt to Dorex2007 [Qh Jc]
LblCbli666: folds 
Shahta-16: folds 
Lex1974: folds 
Franks247: folds 
tgacutan: folds 
Dorex2007: calls $0.01
Gustavok10: checks 
*** FLOP *** [9h 3d Tc]
Dorex2007: checks 
Gustavok10: checks 
*** TURN *** [9h 3d Tc] [6d]
Dorex2007: checks 
Gustavok10: checks 
*** RIVER *** [9h 3d Tc 6d] [3c]
Dorex2007: bets $0.08
Gustavok10: folds 
Uncalled bet ($0.08) returned to Dorex2007
Dorex2007 collected $0.04 from pot
Dorex2007: doesn't show hand 
*** SUMMARY ***
Total pot $0.04 | Rake $0 
Board [9h 3d Tc 6d 3c]
Seat 2: Dorex2007 (small blind) collected ($0.04)
Seat 4: Gustavok10 (big blind) folded on the River
Seat 5: LblCbli666 folded before Flop (didn't bet)
Seat 6: Shahta-16 folded before Flop (didn't bet)
Seat 7: Lex1974 folded before Flop (didn't bet)
Seat 8: Franks247 folded before Flop (didn't bet)
Seat 9: tgacutan (button) folded before Flop (didn't bet)



PokerStars Hand #230310771304:  Hold'em No Limit ($0.01/$0.02 USD) - 2021/10/02 19:09:07 PT [2021/10/02 22:09:07 ET]
Table 'Amicitia II' 9-max Seat #2 is the button
Seat 2: Dorex2007 ($1.94 in chips) 
Seat 4: Gustavok10 ($0.93 in chips) 
Seat 5: LblCbli666 ($9.76 in chips) 
Seat 6: Shahta-16 ($2 in chips) 
Seat 7: Lex1974 ($2.27 in chips) 
Seat 8: Franks247 ($0.76 in chips) 
Seat 9: tgacutan ($2.27 in chips) 
Gustavok10: posts small blind $0.01
LblCbli666: posts big blind $0.02
*** HOLE CARDS ***
Dealt to Dorex2007 [Ad 5s]
Shahta-16: folds 
Lex1974: folds 
Franks247 has timed out
Franks247: folds 
tgacutan: calls $0.02
Dorex2007: folds 
Gustavok10: folds 
LblCbli666: checks 
*** FLOP *** [6c 9d 9h]
LblCbli666: checks 
tgacutan: checks 
*** TURN *** [6c 9d 9h] [4d]
LblCbli666: checks 
tgacutan: checks 
*** RIVER *** [6c 9d 9h 4d] [4s]
LblCbli666: bets $0.02
tgacutan: calls $0.02
*** SHOW DOWN ***
LblCbli666: shows [4h 2s] (a full house, Fours full of Nines)
tgacutan: mucks hand 
LblCbli666 collected $0.09 from pot
*** SUMMARY ***
Total pot $0.09 | Rake $0 
Board [6c 9d 9h 4d 4s]
Seat 2: Dorex2007 (button) folded before Flop (didn't bet)
Seat 4: Gustavok10 (small blind) folded before Flop
Seat 5: LblCbli666 (big blind) showed [4h 2s] and won ($0.09) with a full house, Fours full of Nines
Seat 6: Shahta-16 folded before Flop (didn't bet)
Seat 7: Lex1974 folded before Flop (didn't bet)
Seat 8: Franks247 folded before Flop (didn't bet)
Seat 9: tgacutan mucked [Jd Ac]



PokerStars Hand #230310784271:  Hold'em No Limit ($0.01/$0.02 USD) - 2021/10/02 19:10:06 PT [2021/10/02 22:10:06 ET]
Table 'Amicitia II' 9-max Seat #4 is the button
Seat 1: townes80 ($0.79 in chips) 
Seat 2: Dorex2007 ($2 in chips) 
Seat 4: Gustavok10 ($0.92 in chips) 
Seat 5: LblCbli666 ($9.81 in chips) 
Seat 6: Shahta-16 ($2 in chips) 
Seat 7: Lex1974 ($2.27 in chips) 
Seat 8: Franks247 ($0.76 in chips) 
Seat 9: tgacutan ($2.23 in chips) 
LblCbli666: posts small blind $0.01
Shahta-16: posts big blind $0.02
townes80: posts small & big blinds $0.03
ERB600: sits out 
*** HOLE CARDS ***
Dealt to Dorex2007 [Ac 7h]
Lex1974: folds 
Franks247: calls $0.02
tgacutan: folds 
townes80: checks 
Dorex2007: folds 
Gustavok10: calls $0.02
LblCbli666: calls $0.01
Shahta-16: checks 
*** FLOP *** [5d Tc 2c]
LblCbli666: checks 
Shahta-16: checks 
Franks247: checks 
townes80: checks 
Gustavok10: checks 
*** TURN *** [5d Tc 2c] [2h]
LblCbli666: bets $0.02
Shahta-16: raises $0.04 to $0.06
Franks247: folds 
townes80: folds 
Gustavok10: folds 
LblCbli666: folds 
Uncalled bet ($0.04) returned to Shahta-16
Shahta-16 collected $0.14 from pot
*** SUMMARY ***
Total pot $0.15 | Rake $0.01 
Board [5d Tc 2c 2h]
Seat 1: townes80 folded on the Turn (didn't bet)
Seat 2: Dorex2007 folded before Flop (didn't bet)
Seat 4: Gustavok10 (button) folded on the Turn
Seat 5: LblCbli666 (small blind) folded on the Turn
Seat 6: Shahta-16 (big blind) collected ($0.14)
Seat 7: Lex1974 folded before Flop (didn't bet)
Seat 8: Franks247 folded on the Turn
Seat 9: tgacutan folded before Flop (didn't bet)



PokerStars Hand #230310800549:  Hold'em No Limit ($0.01/$0.02 USD) - 2021/10/02 19:10:54 PT [2021/10/02 22:10:54 ET]
Table 'Amicitia II' 9-max Seat #5 is the button
Seat 1: townes80 ($0.76 in chips) 
Seat 2: Dorex2007 ($2 in chips) 
Seat 4: Gustavok10 ($0.90 in chips) 
Seat 5: LblCbli666 ($9.77 in chips) 
Seat 6: Shahta-16 ($2.10 in chips) 
Seat 7: Lex1974 ($2.27 in chips) 
Seat 9: tgacutan ($2.23 in chips) 
Shahta-16: posts small blind $0.01
Lex1974: posts big blind $0.02
ERB600: sits out 
*** HOLE CARDS ***
Dealt to Dorex2007 [3c 6s]
tgacutan: raises $0.04 to $0.06
townes80: folds 
Dorex2007: folds 
Gustavok10: folds 
LblCbli666: folds 
Shahta-16: folds 
Lex1974: calls $0.04
*** FLOP *** [3d Kh Ac]
Lex1974: checks 
tgacutan: bets $0.06
Lex1974: calls $0.06
*** TURN *** [3d Kh Ac] [5c]
Lex1974: checks 
tgacutan: checks 
*** RIVER *** [3d Kh Ac 5c] [Qd]
Lex1974: checks 
tgacutan: bets $0.10
Lex1974: folds 
Uncalled bet ($0.10) returned to tgacutan
tgacutan collected $0.24 from pot
tgacutan: doesn't show hand 
*** SUMMARY ***
Total pot $0.25 | Rake $0.01 
Board [3d Kh Ac 5c Qd]
Seat 1: townes80 folded before Flop (didn't bet)
Seat 2: Dorex2007 folded before Flop (didn't bet)
Seat 4: Gustavok10 folded before Flop (didn't bet)
Seat 5: LblCbli666 (button) folded before Flop (didn't bet)
Seat 6: Shahta-16 (small blind) folded before Flop
Seat 7: Lex1974 (big blind) folded on the River
Seat 9: tgacutan collected ($0.24)



PokerStars Hand #230310814296:  Hold'em No Limit ($0.01/$0.02 USD) - 2021/10/02 19:11:55 PT [2021/10/02 22:11:55 ET]
Table 'Amicitia II' 9-max Seat #6 is the button
Seat 1: townes80 ($0.76 in chips) 
Seat 2: Dorex2007 ($2 in chips) 
Seat 4: Gustavok10 ($0.90 in chips) 
Seat 5: LblCbli666 ($9.77 in chips) 
Seat 6: Shahta-16 ($2.09 in chips) 
Seat 7: Lex1974 ($2.15 in chips) 
Seat 9: tgacutan ($2.35 in chips) 
Lex1974: posts small blind $0.01
tgacutan: posts big blind $0.02
ERB600: sits out 
*** HOLE CARDS ***
Dealt to Dorex2007 [As 6d]
townes80: folds 
Dorex2007: folds 
Gustavok10: folds 
LblCbli666: folds 
Shahta-16: folds 
Lex1974: raises $0.04 to $0.06
tgacutan: raises $0.08 to $0.14
Lex1974: calls $0.08
*** FLOP *** [9s 7h 7d]
Lex1974: checks 
tgacutan: checks 
*** TURN *** [9s 7h 7d] [5d]
Lex1974: bets $0.14
tgacutan: calls $0.14
*** RIVER *** [9s 7h 7d 5d] [Ac]
Lex1974: bets $0.27
tgacutan: raises $0.59 to $0.86
Lex1974: folds 
Uncalled bet ($0.59) returned to tgacutan
tgacutan collected $1.06 from pot
tgacutan: doesn't show hand 
*** SUMMARY ***
Total pot $1.10 | Rake $0.04 
Board [9s 7h 7d 5d Ac]
Seat 1: townes80 folded before Flop (didn't bet)
Seat 2: Dorex2007 folded before Flop (didn't bet)
Seat 4: Gustavok10 folded before Flop (didn't bet)
Seat 5: LblCbli666 folded before Flop (didn't bet)
Seat 6: Shahta-16 (button) folded before Flop (didn't bet)
Seat 7: Lex1974 (small blind) folded on the River
Seat 9: tgacutan (big blind) collected ($1.06)



PokerStars Hand #230310826444:  Hold'em No Limit ($0.01/$0.02 USD) - 2021/10/02 19:12:50 PT [2021/10/02 22:12:50 ET]
Table 'Amicitia II' 9-max Seat #7 is the button
Seat 1: townes80 ($0.76 in chips) 
Seat 2: Dorex2007 ($2 in chips) 
Seat 4: Gustavok10 ($0.90 in chips) 
Seat 5: LblCbli666 ($9.77 in chips) 
Seat 6: Shahta-16 ($2.09 in chips) 
Seat 7: Lex1974 ($1.60 in chips) 
Seat 9: tgacutan ($2.86 in chips) 
tgacutan: posts small blind $0.01
townes80: posts big blind $0.02
ERB600: sits out 
*** HOLE CARDS ***
Dealt to Dorex2007 [Jd As]
Dorex2007: raises $0.04 to $0.06
Gustavok10: folds 
LblCbli666: folds 
Shahta-16: calls $0.06
Lex1974: folds 
tgacutan: folds 
townes80: folds 
*** FLOP *** [6h 8c Qh]
Dorex2007: bets $0.07
Shahta-16: folds 
Uncalled bet ($0.07) returned to Dorex2007
Dorex2007 collected $0.14 from pot
Dorex2007: doesn't show hand 
*** SUMMARY ***
Total pot $0.15 | Rake $0.01 
Board [6h 8c Qh]
Seat 1: townes80 (big blind) folded before Flop
Seat 2: Dorex2007 collected ($0.14)
Seat 4: Gustavok10 folded before Flop (didn't bet)
Seat 5: LblCbli666 folded before Flop (didn't bet)
Seat 6: Shahta-16 folded on the Flop
Seat 7: Lex1974 (button) folded before Flop (didn't bet)
Seat 9: tgacutan (small blind) folded before Flop



PokerStars Hand #230310834870:  Hold'em No Limit ($0.01/$0.02 USD) - 2021/10/02 19:13:29 PT [2021/10/02 22:13:29 ET]
Table 'Amicitia II' 9-max Seat #9 is the button
Seat 1: townes80 ($0.74 in chips) 
Seat 2: Dorex2007 ($2.08 in chips) 
Seat 4: Gustavok10 ($0.90 in chips) 
Seat 5: LblCbli666 ($9.77 in chips) 
Seat 6: Shahta-16 ($2.03 in chips) 
Seat 7: Lex1974 ($1.60 in chips) 
Seat 9: tgacutan ($2.85 in chips) 
townes80: posts small blind $0.01
Dorex2007: posts big blind $0.02
ERB600: sits out 
*** HOLE CARDS ***
Dealt to Dorex2007 [Td 3d]
Gustavok10: folds 
LblCbli666: folds 
Shahta-16: raises $0.04 to $0.06
Lex1974: folds 
tgacutan: folds 
townes80: folds 
Dorex2007: folds 
Uncalled bet ($0.04) returned to Shahta-16
Shahta-16 collected $0.05 from pot
*** SUMMARY ***
Total pot $0.05 | Rake $0 
Seat 1: townes80 (small blind) folded before Flop
Seat 2: Dorex2007 (big blind) folded before Flop
Seat 4: Gustavok10 folded before Flop (didn't bet)
Seat 5: LblCbli666 folded before Flop (didn't bet)
Seat 6: Shahta-16 collected ($0.05)
Seat 7: Lex1974 folded before Flop (didn't bet)
Seat 9: tgacutan (button) folded before Flop (didn't bet)



PokerStars Hand #230310838613:  Hold'em No Limit ($0.01/$0.02 USD) - 2021/10/02 19:13:45 PT [2021/10/02 22:13:45 ET]
Table 'Amicitia II' 9-max Seat #1 is the button
Seat 1: townes80 ($0.73 in chips) 
Seat 2: Dorex2007 ($2.06 in chips) 
Seat 3: ERB600 ($1.05 in chips) 
Seat 4: Gustavok10 ($0.90 in chips) 
Seat 5: LblCbli666 ($9.77 in chips) 
Seat 6: Shahta-16 ($2.06 in chips) 
Seat 7: Lex1974 ($1.60 in chips) 
Seat 9: tgacutan ($2.85 in chips) 
Dorex2007: posts small blind $0.01
ERB600: posts big blind $0.02
*** HOLE CARDS ***
Dealt to Dorex2007 [4h 7h]
Gustavok10: folds 
LblCbli666: folds 
Shahta-16: raises $0.04 to $0.06
Lex1974: folds 
tgacutan: folds 
townes80: calls $0.06
Dorex2007: folds 
ERB600: folds 
*** FLOP *** [Qd 8d Js]
Shahta-16: bets $0.11
townes80: raises $0.11 to $0.22
Shahta-16: raises $1.78 to $2 and is all-in
townes80: calls $0.45 and is all-in
Uncalled bet ($1.33) returned to Shahta-16
*** TURN *** [Qd 8d Js] [4s]
*** RIVER *** [Qd 8d Js 4s] [Tc]
*** SHOW DOWN ***
Shahta-16: shows [Kh Qs] (a pair of Queens)
townes80: shows [Jc Jd] (three of a kind, Jacks)
townes80 collected $1.44 from pot
*** SUMMARY ***
Total pot $1.49 | Rake $0.05 
Board [Qd 8d Js 4s Tc]
Seat 1: townes80 (button) showed [Jc Jd] and won ($1.44) with three of a kind, Jacks
Seat 2: Dorex2007 (small blind) folded before Flop
Seat 3: ERB600 (big blind) folded before Flop
Seat 4: Gustavok10 folded before Flop (didn't bet)
Seat 5: LblCbli666 folded before Flop (didn't bet)
Seat 6: Shahta-16 showed [Kh Qs] and lost with a pair of Queens
Seat 7: Lex1974 folded before Flop (didn't bet)
Seat 9: tgacutan folded before Flop (didn't bet)



PokerStars Hand #230310846452:  Hold'em No Limit ($0.01/$0.02 USD) - 2021/10/02 19:14:21 PT [2021/10/02 22:14:21 ET]
Table 'Amicitia II' 9-max Seat #2 is the button
Seat 1: townes80 ($1.44 in chips) 
Seat 2: Dorex2007 ($2.05 in chips) 
Seat 3: ERB600 ($1.03 in chips) 
Seat 5: LblCbli666 ($9.77 in chips) 
Seat 6: Shahta-16 ($2 in chips) 
Seat 7: Lex1974 ($1.60 in chips) 
Seat 9: tgacutan ($2.85 in chips) 
ERB600: posts small blind $0.01
LblCbli666: posts big blind $0.02
*** HOLE CARDS ***
Dealt to Dorex2007 [3c Td]
Shahta-16: folds 
Lex1974: folds 
tgacutan: raises $0.04 to $0.06
townes80: folds 
Shahta-16 leaves the table
Dorex2007: folds 
ERB600: folds 
LblCbli666: folds 
Uncalled bet ($0.04) returned to tgacutan
tgacutan collected $0.05 from pot
tgacutan: doesn't show hand 
*** SUMMARY ***
Total pot $0.05 | Rake $0 
Seat 1: townes80 folded before Flop (didn't bet)
Seat 2: Dorex2007 (button) folded before Flop (didn't bet)
Seat 3: ERB600 (small blind) folded before Flop
Seat 5: LblCbli666 (big blind) folded before Flop
Seat 6: Shahta-16 folded before Flop (didn't bet)
Seat 7: Lex1974 folded before Flop (didn't bet)
Seat 9: tgacutan collected ($0.05)



PokerStars Hand #230310851370:  Hold'em No Limit ($0.01/$0.02 USD) - 2021/10/02 19:14:43 PT [2021/10/02 22:14:43 ET]
Table 'Amicitia II' 9-max Seat #3 is the button
Seat 1: townes80 ($1.44 in chips) 
Seat 2: Dorex2007 ($2.05 in chips) 
Seat 3: ERB600 ($1.02 in chips) 
Seat 5: LblCbli666 ($9.75 in chips) 
Seat 7: Lex1974 ($1.60 in chips) 
Seat 9: tgacutan ($2.88 in chips) 
LblCbli666: posts small blind $0.01
Lex1974: posts big blind $0.02
*** HOLE CARDS ***
Dealt to Dorex2007 [6c 7d]
Gustavok10 is disconnected 
tgacutan: folds 
townes80: calls $0.02
Dorex2007: folds 
ERB600: folds 
LblCbli666: folds 
Lex1974: checks 
*** FLOP *** [Qc 3h 9s]
Lex1974: checks 
townes80: bets $0.02
Lex1974: folds 
Uncalled bet ($0.02) returned to townes80
townes80 collected $0.05 from pot
townes80: doesn't show hand 
*** SUMMARY ***
Total pot $0.05 | Rake $0 
Board [Qc 3h 9s]
Seat 1: townes80 collected ($0.05)
Seat 2: Dorex2007 folded before Flop (didn't bet)
Seat 3: ERB600 (button) folded before Flop (didn't bet)
Seat 5: LblCbli666 (small blind) folded before Flop
Seat 7: Lex1974 (big blind) folded on the Flop
Seat 9: tgacutan folded before Flop (didn't bet)



PokerStars Hand #230310856664:  Hold'em No Limit ($0.01/$0.02 USD) - 2021/10/02 19:15:07 PT [2021/10/02 22:15:07 ET]
Table 'Amicitia II' 9-max Seat #5 is the button
Seat 1: townes80 ($1.47 in chips) 
Seat 2: Dorex2007 ($2.05 in chips) 
Seat 3: ERB600 ($1.02 in chips) 
Seat 5: LblCbli666 ($9.74 in chips) 
Seat 7: Lex1974 ($1.58 in chips) 
Seat 9: tgacutan ($2.88 in chips) 
Lex1974: posts small blind $0.01
tgacutan: posts big blind $0.02
*** HOLE CARDS ***
Dealt to Dorex2007 [7s Qh]
townes80: folds 
Dorex2007: folds 
ERB600: folds 
LblCbli666: folds 
Lex1974: calls $0.01
tgacutan: checks 
*** FLOP *** [9s Jh 2h]
Lex1974: checks 
tgacutan: checks 
*** TURN *** [9s Jh 2h] [6d]
Lex1974: checks 
tgacutan: checks 
*** RIVER *** [9s Jh 2h 6d] [7h]
SantiagoCY72 joins the table at seat #6 
Lex1974: bets $0.08
tgacutan: folds 
Uncalled bet ($0.08) returned to Lex1974
Lex1974 collected $0.04 from pot
Lex1974: doesn't show hand 
*** SUMMARY ***
Total pot $0.04 | Rake $0 
Board [9s Jh 2h 6d 7h]
Seat 1: townes80 folded before Flop (didn't bet)
Seat 2: Dorex2007 folded before Flop (didn't bet)
Seat 3: ERB600 folded before Flop (didn't bet)
Seat 5: LblCbli666 (button) folded before Flop (didn't bet)
Seat 7: Lex1974 (small blind) collected ($0.04)
Seat 9: tgacutan (big blind) folded on the River



PokerStars Hand #230310867205:  Hold'em No Limit ($0.01/$0.02 USD) - 2021/10/02 19:15:55 PT [2021/10/02 22:15:55 ET]
Table 'Amicitia II' 9-max Seat #7 is the button
Seat 1: townes80 ($1.47 in chips) 
Seat 2: Dorex2007 ($2.05 in chips) 
Seat 3: ERB600 ($1.02 in chips) 
Seat 5: LblCbli666 ($9.74 in chips) 
Seat 7: Lex1974 ($1.60 in chips) 
Seat 9: tgacutan ($2.86 in chips) 
tgacutan: posts small blind $0.01
townes80: posts big blind $0.02
SantiagoCY72: sits out 
*** HOLE CARDS ***
Dealt to Dorex2007 [5h 2c]
Dorex2007: folds 
ERB600: folds 
LblCbli666: folds 
Lex1974: folds 
tgacutan: calls $0.01
townes80: checks 
*** FLOP *** [Kc 2h Ah]
tgacutan: checks 
townes80: bets $0.02
tgacutan: folds 
Uncalled bet ($0.02) returned to townes80
tgacutan leaves the table
townes80 collected $0.04 from pot
townes80: doesn't show hand 
*** SUMMARY ***
Total pot $0.04 | Rake $0 
Board [Kc 2h Ah]
Seat 1: townes80 (big blind) collected ($0.04)
Seat 2: Dorex2007 folded before Flop (didn't bet)
Seat 3: ERB600 folded before Flop (didn't bet)
Seat 5: LblCbli666 folded before Flop (didn't bet)
Seat 7: Lex1974 (button) folded before Flop (didn't bet)
Seat 9: tgacutan (small blind) folded on the Flop



PokerStars Hand #230310880851:  Hold'em No Limit ($0.01/$0.02 USD) - 2021/10/02 19:16:58 PT [2021/10/02 22:16:58 ET]
Table 'Amicitia II' 9-max Seat #1 is the button
Seat 1: townes80 ($1.49 in chips) 
Seat 2: Dorex2007 ($2.05 in chips) 
Seat 3: ERB600 ($1.02 in chips) 
Seat 5: LblCbli666 ($9.74 in chips) 
Seat 7: Lex1974 ($1.60 in chips) 
Dorex2007: posts small blind $0.01
ERB600: posts big blind $0.02
SantiagoCY72: sits out 
*** HOLE CARDS ***
Dealt to Dorex2007 [7c Tc]
LblCbli666: folds 
Lex1974: folds 
townes80: folds 
Dorex2007: raises $0.04 to $0.06
ERB600: folds 
Uncalled bet ($0.04) returned to Dorex2007
Dorex2007 collected $0.04 from pot
Dorex2007: doesn't show hand 
*** SUMMARY ***
Total pot $0.04 | Rake $0 
Seat 1: townes80 (button) folded before Flop (didn't bet)
Seat 2: Dorex2007 (small blind) collected ($0.04)
Seat 3: ERB600 (big blind) folded before Flop
Seat 5: LblCbli666 folded before Flop (didn't bet)
Seat 7: Lex1974 folded before Flop (didn't bet)



PokerStars Hand #230310883979:  Hold'em No Limit ($0.01/$0.02 USD) - 2021/10/02 19:17:12 PT [2021/10/02 22:17:12 ET]
Table 'Amicitia II' 9-max Seat #2 is the button
Seat 1: townes80 ($1.49 in chips) 
Seat 2: Dorex2007 ($2.07 in chips) 
Seat 3: ERB600 ($1 in chips) 
Seat 5: LblCbli666 ($9.74 in chips) 
Seat 7: Lex1974 ($1.60 in chips) 
ERB600: posts small blind $0.01
LblCbli666: posts big blind $0.02
SantiagoCY72: sits out 
*** HOLE CARDS ***
Dealt to Dorex2007 [Tc 6c]
Lex1974: folds 
townes80: folds 
Dorex2007: folds 
ERB600: calls $0.01
LblCbli666: checks 
*** FLOP *** [7c 4d Ad]
ERB600: bets $0.02
LblCbli666: raises $9.70 to $9.72 and is all-in
ERB600: folds 
Uncalled bet ($9.70) returned to LblCbli666
viejoperro44 joins the table at seat #9 
LblCbli666 collected $0.08 from pot
LblCbli666: doesn't show hand 
*** SUMMARY ***
Total pot $0.08 | Rake $0 
Board [7c 4d Ad]
Seat 1: townes80 folded before Flop (didn't bet)
Seat 2: Dorex2007 (button) folded before Flop (didn't bet)
Seat 3: ERB600 (small blind) folded on the Flop
Seat 5: LblCbli666 (big blind) collected ($0.08)
Seat 7: Lex1974 folded before Flop (didn't bet)



PokerStars Hand #230310894694:  Hold'em No Limit ($0.01/$0.02 USD) - 2021/10/02 19:18:02 PT [2021/10/02 22:18:02 ET]
Table 'Amicitia II' 9-max Seat #3 is the button
Seat 1: townes80 ($1.49 in chips) 
Seat 2: Dorex2007 ($2.07 in chips) 
Seat 3: ERB600 ($0.96 in chips) 
Seat 5: LblCbli666 ($9.78 in chips) 
Seat 6: SantiagoCY72 ($1.45 in chips) 
Seat 7: Lex1974 ($1.60 in chips) 
LblCbli666: posts small blind $0.01
SantiagoCY72: posts big blind $0.02
viejoperro44: sits out 
*** HOLE CARDS ***
Dealt to Dorex2007 [8c 2d]
Lex1974: folds 
townes80: folds 
Dorex2007: folds 
ERB600: folds 
LblCbli666: folds 
Uncalled bet ($0.01) returned to SantiagoCY72
SantiagoCY72 collected $0.02 from pot
*** SUMMARY ***
Total pot $0.02 | Rake $0 
Seat 1: townes80 folded before Flop (didn't bet)
Seat 2: Dorex2007 folded before Flop (didn't bet)
Seat 3: ERB600 (button) folded before Flop (didn't bet)
Seat 5: LblCbli666 (small blind) folded before Flop
Seat 6: SantiagoCY72 (big blind) collected ($0.02)
Seat 7: Lex1974 folded before Flop (didn't bet)



PokerStars Hand #230310899188:  Hold'em No Limit ($0.01/$0.02 USD) - 2021/10/02 19:18:22 PT [2021/10/02 22:18:22 ET]
Table 'Amicitia II' 9-max Seat #5 is the button
Seat 1: townes80 ($1.49 in chips) 
Seat 2: Dorex2007 ($2.07 in chips) 
Seat 3: ERB600 ($0.96 in chips) 
Seat 5: LblCbli666 ($9.77 in chips) 
Seat 6: SantiagoCY72 ($1.46 in chips) 
Seat 9: viejoperro44 ($2 in chips) 
SantiagoCY72: posts small blind $0.01
Lex1974: is sitting out 
viejoperro44: posts big blind $0.02
*** HOLE CARDS ***
Dealt to Dorex2007 [2h 4d]
townes80: raises $0.02 to $0.04
Dorex2007: folds 
ERB600: folds 
LblCbli666: folds 
SantiagoCY72: calls $0.03
viejoperro44: calls $0.02
*** FLOP *** [6h Qs 2c]
SantiagoCY72: checks 
viejoperro44: checks 
townes80: bets $0.06
SantiagoCY72: folds 
viejoperro44: folds 
Uncalled bet ($0.06) returned to townes80
townes80 collected $0.12 from pot
townes80: doesn't show hand 
*** SUMMARY ***
Total pot $0.12 | Rake $0 
Board [6h Qs 2c]
Seat 1: townes80 collected ($0.12)
Seat 2: Dorex2007 folded before Flop (didn't bet)
Seat 3: ERB600 folded before Flop (didn't bet)
Seat 5: LblCbli666 (button) folded before Flop (didn't bet)
Seat 6: SantiagoCY72 (small blind) folded on the Flop
Seat 9: viejoperro44 (big blind) folded on the Flop



PokerStars Hand #230310907358:  Hold'em No Limit ($0.01/$0.02 USD) - 2021/10/02 19:19:01 PT [2021/10/02 22:19:01 ET]
Table 'Amicitia II' 9-max Seat #6 is the button
Seat 1: townes80 ($1.57 in chips) 
Seat 2: Dorex2007 ($2.07 in chips) 
Seat 3: ERB600 ($0.96 in chips) 
Seat 5: LblCbli666 ($9.77 in chips) 
Seat 6: SantiagoCY72 ($1.42 in chips) 
Seat 9: viejoperro44 ($2 in chips) 
viejoperro44: posts small blind $0.01
townes80: posts big blind $0.02
*** HOLE CARDS ***
Dealt to Dorex2007 [3h Js]
Dorex2007: folds 
ERB600: calls $0.02
LblCbli666: folds 
SantiagoCY72: folds 
viejoperro44: calls $0.01
townes80: checks 
*** FLOP *** [Ks 4c 6c]
viejoperro44: bets $0.03
townes80: folds 
ERB600: folds 
Uncalled bet ($0.03) returned to viejoperro44
viejoperro44 collected $0.06 from pot
viejoperro44: doesn't show hand 
*** SUMMARY ***
Total pot $0.06 | Rake $0 
Board [Ks 4c 6c]
Seat 1: townes80 (big blind) folded on the Flop
Seat 2: Dorex2007 folded before Flop (didn't bet)
Seat 3: ERB600 folded on the Flop
Seat 5: LblCbli666 folded before Flop (didn't bet)
Seat 6: SantiagoCY72 (button) folded before Flop (didn't bet)
Seat 9: viejoperro44 (small blind) collected ($0.06)



PokerStars Hand #230310914472:  Hold'em No Limit ($0.01/$0.02 USD) - 2021/10/02 19:19:33 PT [2021/10/02 22:19:33 ET]
Table 'Amicitia II' 9-max Seat #9 is the button
Seat 1: townes80 ($1.55 in chips) 
Seat 2: Dorex2007 ($2.07 in chips) 
Seat 3: ERB600 ($0.94 in chips) 
Seat 5: LblCbli666 ($9.77 in chips) 
Seat 6: SantiagoCY72 ($1.42 in chips) 
Seat 8: Franks247 ($0.74 in chips) 
Seat 9: viejoperro44 ($2.04 in chips) 
townes80: posts small blind $0.01
Dorex2007: posts big blind $0.02
Lex1974: sits out 
Franks247: posts small & big blinds $0.03
*** HOLE CARDS ***
Dealt to Dorex2007 [Qs 5c]
ERB600: calls $0.02
LblCbli666: folds 
SantiagoCY72: calls $0.02
Franks247: checks 
viejoperro44: folds 
townes80: calls $0.01
Dorex2007: checks 
*** FLOP *** [9h 6s Qh]
townes80: checks 
Dorex2007: bets $0.07
ERB600: folds 
SantiagoCY72: calls $0.07
Franks247: folds 
townes80: folds 
*** TURN *** [9h 6s Qh] [7s]
Dorex2007: checks 
SantiagoCY72: checks 
*** RIVER *** [9h 6s Qh 7s] [4d]
Dorex2007: bets $0.16
SantiagoCY72: calls $0.16
*** SHOW DOWN ***
Dorex2007: shows [Qs 5c] (a pair of Queens)
SantiagoCY72: mucks hand 
Dorex2007 collected $0.55 from pot
*** SUMMARY ***
Total pot $0.57 | Rake $0.02 
Board [9h 6s Qh 7s 4d]
Seat 1: townes80 (small blind) folded on the Flop
Seat 2: Dorex2007 (big blind) showed [Qs 5c] and won ($0.55) with a pair of Queens
Seat 3: ERB600 folded on the Flop
Seat 5: LblCbli666 folded before Flop (didn't bet)
Seat 6: SantiagoCY72 mucked [Ad Th]
Seat 8: Franks247 folded on the Flop (didn't bet)
Seat 9: viejoperro44 (button) folded before Flop (didn't bet)



PokerStars Hand #230310930387:  Hold'em No Limit ($0.01/$0.02 USD) - 2021/10/02 19:20:43 PT [2021/10/02 22:20:43 ET]
Table 'Amicitia II' 9-max Seat #1 is the button
Seat 1: townes80 ($1.53 in chips) 
Seat 2: Dorex2007 ($2.37 in chips) 
Seat 3: ERB600 ($0.92 in chips) 
Seat 5: LblCbli666 ($9.77 in chips) 
Seat 6: SantiagoCY72 ($1.17 in chips) 
Seat 8: Franks247 ($0.71 in chips) 
Seat 9: viejoperro44 ($2.04 in chips) 
Dorex2007: posts small blind $0.01
ERB600: posts big blind $0.02
Lex1974: sits out 
*** HOLE CARDS ***
Dealt to Dorex2007 [4s 2s]
LblCbli666: calls $0.02
SantiagoCY72: folds 
Franks247: folds 
viejoperro44: folds 
townes80: calls $0.02
Dorex2007: folds 
ERB600: checks 
*** FLOP *** [3s Th Qs]
ERB600: checks 
LblCbli666: checks 
townes80: checks 
*** TURN *** [3s Th Qs] [Ah]
ERB600: checks 
LblCbli666: bets $0.02
townes80: calls $0.02
ERB600: calls $0.02
*** RIVER *** [3s Th Qs Ah] [4h]
ERB600: checks 
LblCbli666: checks 
townes80: checks 
*** SHOW DOWN ***
ERB600: shows [Js Kc] (a straight, Ten to Ace)
LblCbli666: mucks hand 
townes80: mucks hand 
ERB600 collected $0.13 from pot
*** SUMMARY ***
Total pot $0.13 | Rake $0 
Board [3s Th Qs Ah 4h]
Seat 1: townes80 (button) mucked [Ac 6s]
Seat 2: Dorex2007 (small blind) folded before Flop
Seat 3: ERB600 (big blind) showed [Js Kc] and won ($0.13) with a straight, Ten to Ace
Seat 5: LblCbli666 mucked [8d 8s]
Seat 6: SantiagoCY72 folded before Flop (didn't bet)
Seat 8: Franks247 folded before Flop (didn't bet)
Seat 9: viejoperro44 folded before Flop (didn't bet)



PokerStars Hand #230310943458:  Hold'em No Limit ($0.01/$0.02 USD) - 2021/10/02 19:21:44 PT [2021/10/02 22:21:44 ET]
Table 'Amicitia II' 9-max Seat #2 is the button
Seat 1: townes80 ($1.49 in chips) 
Seat 2: Dorex2007 ($2.36 in chips) 
Seat 3: ERB600 ($1.01 in chips) 
Seat 5: LblCbli666 ($9.73 in chips) 
Seat 6: SantiagoCY72 ($1.17 in chips) 
Seat 7: Lex1974 ($1.60 in chips) 
Seat 8: Franks247 ($0.71 in chips) 
Seat 9: viejoperro44 ($2.04 in chips) 
ERB600: posts small blind $0.01
LblCbli666: posts big blind $0.02
Lex1974: posts small & big blinds $0.03
*** HOLE CARDS ***
Dealt to Dorex2007 [3c 5d]
SantiagoCY72: calls $0.02
Lex1974: checks 
Franks247: calls $0.02
viejoperro44: folds 
townes80: calls $0.02
Dorex2007: folds 
ERB600: calls $0.01
LblCbli666: checks 
*** FLOP *** [2d 3d Tc]
ERB600: checks 
LblCbli666: checks 
SantiagoCY72: checks 
Lex1974: checks 
Franks247: checks 
townes80: checks 
*** TURN *** [2d 3d Tc] [8d]
ERB600: checks 
LblCbli666: checks 
SantiagoCY72: checks 
Lex1974: checks 
Franks247: checks 
townes80: checks 
*** RIVER *** [2d 3d Tc 8d] [6d]
ERB600: bets $0.07
LblCbli666: folds 
SantiagoCY72: folds 
Lex1974: raises $1.50 to $1.57 and is all-in
Franks247: folds 
townes80: folds 
ERB600: calls $0.92 and is all-in
Uncalled bet ($0.58) returned to Lex1974
*** SHOW DOWN ***
Lex1974: shows [Ad 4h] (a flush, Ace high)
ERB600: shows [Js Kd] (a flush, King high)
Lex1974 collected $2.02 from pot
*** SUMMARY ***
Total pot $2.11 | Rake $0.09 
Board [2d 3d Tc 8d 6d]
Seat 1: townes80 folded on the River
Seat 2: Dorex2007 (button) folded before Flop (didn't bet)
Seat 3: ERB600 (small blind) showed [Js Kd] and lost with a flush, King high
Seat 5: LblCbli666 (big blind) folded on the River
Seat 6: SantiagoCY72 folded on the River
Seat 7: Lex1974 showed [Ad 4h] and won ($2.02) with a flush, Ace high
Seat 8: Franks247 folded on the River
Seat 9: viejoperro44 folded before Flop (didn't bet)



PokerStars Hand #230310969843:  Hold'em No Limit ($0.01/$0.02 USD) - 2021/10/02 19:23:34 PT [2021/10/02 22:23:34 ET]
Table 'Amicitia II' 9-max Seat #5 is the button
Seat 1: townes80 ($1.47 in chips) 
Seat 2: Dorex2007 ($2.36 in chips) 
Seat 5: LblCbli666 ($9.71 in chips) 
Seat 6: SantiagoCY72 ($1.15 in chips) 
Seat 7: Lex1974 ($2.60 in chips) 
Seat 8: Franks247 ($0.69 in chips) 
Seat 9: viejoperro44 ($2.04 in chips) 
SantiagoCY72: posts small blind $0.01
Lex1974: posts big blind $0.02
*** HOLE CARDS ***
Dealt to Dorex2007 [2d 3h]
Franks247: folds 
viejoperro44: folds 
townes80: folds 
Dorex2007: folds 
LblCbli666: folds 
SantiagoCY72: calls $0.01
Lex1974: raises $0.08 to $0.10
SantiagoCY72: folds 
Uncalled bet ($0.08) returned to Lex1974
Lex1974 collected $0.04 from pot
Lex1974: doesn't show hand 
*** SUMMARY ***
Total pot $0.04 | Rake $0 
Seat 1: townes80 folded before Flop (didn't bet)
Seat 2: Dorex2007 folded before Flop (didn't bet)
Seat 5: LblCbli666 (button) folded before Flop (didn't bet)
Seat 6: SantiagoCY72 (small blind) folded before Flop
Seat 7: Lex1974 (big blind) collected ($0.04)
Seat 8: Franks247 folded before Flop (didn't bet)
Seat 9: viejoperro44 folded before Flop (didn't bet)



PokerStars Hand #230310984669:  Hold'em No Limit ($0.01/$0.02 USD) - 2021/10/02 19:24:03 PT [2021/10/02 22:24:03 ET]
Table 'Amicitia II' 9-max Seat #6 is the button
Seat 1: townes80 ($1.47 in chips) 
Seat 2: Dorex2007 ($2.36 in chips) 
Seat 3: ERB600 ($0.80 in chips) 
Seat 5: LblCbli666 ($9.71 in chips) 
Seat 6: SantiagoCY72 ($1.13 in chips) 
Seat 7: Lex1974 ($2.62 in chips) 
Seat 8: Franks247 ($0.69 in chips) 
Seat 9: viejoperro44 ($2.04 in chips) 
Lex1974: posts small blind $0.01
Franks247: posts big blind $0.02
*** HOLE CARDS ***
Dealt to Dorex2007 [2s Qc]
viejoperro44: folds 
townes80: folds 
Dorex2007: folds 
ERB600: folds 
LblCbli666: calls $0.02
SantiagoCY72: folds 
Lex1974: folds 
Franks247: checks 
*** FLOP *** [8c 7d 4s]
Franks247: checks 
LblCbli666: checks 
*** TURN *** [8c 7d 4s] [2c]
Franks247: checks 
LblCbli666: checks 
*** RIVER *** [8c 7d 4s 2c] [Ac]
Franks247: checks 
Gustavok10 leaves the table
LblCbli666: checks 
*** SHOW DOWN ***
Franks247: shows [Kh 5s] (high card Ace)
LblCbli666: mucks hand 
Franks247 collected $0.05 from pot
*** SUMMARY ***
Total pot $0.05 | Rake $0 
Board [8c 7d 4s 2c Ac]
Seat 1: townes80 folded before Flop (didn't bet)
Seat 2: Dorex2007 folded before Flop (didn't bet)
Seat 3: ERB600 folded before Flop (didn't bet)
Seat 5: LblCbli666 mucked [Ts Js]
Seat 6: SantiagoCY72 (button) folded before Flop (didn't bet)
Seat 7: Lex1974 (small blind) folded before Flop
Seat 8: Franks247 (big blind) showed [Kh 5s] and won ($0.05) with high card Ace
Seat 9: viejoperro44 folded before Flop (didn't bet)



PokerStars Hand #230310994522:  Hold'em No Limit ($0.01/$0.02 USD) - 2021/10/02 19:24:50 PT [2021/10/02 22:24:50 ET]
Table 'Amicitia II' 9-max Seat #7 is the button
Seat 1: townes80 ($1.47 in chips) 
Seat 2: Dorex2007 ($2.36 in chips) 
Seat 3: ERB600 ($0.80 in chips) 
Seat 5: LblCbli666 ($9.69 in chips) 
Seat 6: SantiagoCY72 ($1.13 in chips) 
Seat 7: Lex1974 ($2.61 in chips) 
Seat 8: Franks247 ($0.72 in chips) 
Seat 9: viejoperro44 ($2.04 in chips) 
Franks247: posts small blind $0.01
viejoperro44: posts big blind $0.02
*** HOLE CARDS ***
Dealt to Dorex2007 [8h As]
townes80: raises $0.02 to $0.04
Dorex2007: folds 
ERB600: folds 
LblCbli666: folds 
SantiagoCY72: calls $0.04
Lex1974: calls $0.04
Franks247: calls $0.03
Andrei777197 joins the table at seat #4 
viejoperro44: folds 
*** FLOP *** [Tc 4d Ac]
Franks247: checks 
townes80: bets $0.12
SantiagoCY72: folds 
Lex1974: calls $0.12
Franks247: folds 
*** TURN *** [Tc 4d Ac] [Qs]
townes80: bets $0.30
Lex1974: folds 
Uncalled bet ($0.30) returned to townes80
townes80 collected $0.41 from pot
townes80: doesn't show hand 
*** SUMMARY ***
Total pot $0.42 | Rake $0.01 
Board [Tc 4d Ac Qs]
Seat 1: townes80 collected ($0.41)
Seat 2: Dorex2007 folded before Flop (didn't bet)
Seat 3: ERB600 folded before Flop (didn't bet)
Seat 5: LblCbli666 folded before Flop (didn't bet)
Seat 6: SantiagoCY72 folded on the Flop
Seat 7: Lex1974 (button) folded on the Turn
Seat 8: Franks247 (small blind) folded on the Flop
Seat 9: viejoperro44 (big blind) folded before Flop



PokerStars Hand #230311012348:  Hold'em No Limit ($0.01/$0.02 USD) - 2021/10/02 19:25:44 PT [2021/10/02 22:25:44 ET]
Table 'Amicitia II' 9-max Seat #8 is the button
Seat 1: townes80 ($1.72 in chips) 
Seat 2: Dorex2007 ($2.36 in chips) 
Seat 3: ERB600 ($0.80 in chips) 
Seat 4: Andrei777197 ($1.50 in chips) 
Seat 5: LblCbli666 ($9.69 in chips) 
Seat 6: SantiagoCY72 ($1.09 in chips) 
Seat 7: Lex1974 ($2.45 in chips) 
Seat 8: Franks247 ($0.68 in chips) 
Seat 9: viejoperro44 ($2.02 in chips) 
viejoperro44: posts small blind $0.01
townes80: posts big blind $0.02
Andrei777197: posts big blind $0.02
*** HOLE CARDS ***
Dealt to Dorex2007 [Jc Th]
Dorex2007: folds 
ERB600: folds 
Andrei777197: checks 
LblCbli666: folds 
SantiagoCY72: folds 
Lex1974: folds 
Franks247: folds 
viejoperro44: calls $0.01
townes80: checks 
*** FLOP *** [4c 8d Qh]
viejoperro44: checks 
townes80: bets $0.06
Andrei777197: folds 
viejoperro44: folds 
Uncalled bet ($0.06) returned to townes80
townes80 collected $0.06 from pot
townes80: doesn't show hand 
*** SUMMARY ***
Total pot $0.06 | Rake $0 
Board [4c 8d Qh]
Seat 1: townes80 (big blind) collected ($0.06)
Seat 2: Dorex2007 folded before Flop (didn't bet)
Seat 3: ERB600 folded before Flop (didn't bet)
Seat 4: Andrei777197 folded on the Flop (didn't bet)
Seat 5: LblCbli666 folded before Flop (didn't bet)
Seat 6: SantiagoCY72 folded before Flop (didn't bet)
Seat 7: Lex1974 folded before Flop (didn't bet)
Seat 8: Franks247 (button) folded before Flop (didn't bet)
Seat 9: viejoperro44 (small blind) folded on the Flop



PokerStars Hand #230311023867:  Hold'em No Limit ($0.01/$0.02 USD) - 2021/10/02 19:26:40 PT [2021/10/02 22:26:40 ET]
Table 'Amicitia II' 9-max Seat #9 is the button
Seat 1: townes80 ($1.76 in chips) 
Seat 2: Dorex2007 ($2.36 in chips) 
Seat 3: ERB600 ($0.80 in chips) 
Seat 4: Andrei777197 ($1.48 in chips) 
Seat 5: LblCbli666 ($9.69 in chips) 
Seat 6: SantiagoCY72 ($1.09 in chips) 
Seat 7: Lex1974 ($2.45 in chips) 
Seat 8: Franks247 ($0.68 in chips) 
Seat 9: viejoperro44 ($2 in chips) 
townes80: posts small blind $0.01
Dorex2007: posts big blind $0.02
*** HOLE CARDS ***
Dealt to Dorex2007 [6d Ad]
ERB600: calls $0.02
Andrei777197: folds 
LblCbli666: folds 
SantiagoCY72: calls $0.02
Lex1974: raises $0.02 to $0.04
Franks247: folds 
viejoperro44: folds 
townes80: calls $0.03
Dorex2007: calls $0.02
ERB600: calls $0.02
SantiagoCY72: calls $0.02
*** FLOP *** [8h 3d 5d]
townes80: checks 
Dorex2007: bets $0.19
ERB600: calls $0.19
SantiagoCY72: calls $0.19
Lex1974: folds 
townes80: folds 
*** TURN *** [8h 3d 5d] [2s]
Dorex2007: checks 
ERB600: bets $0.37
SantiagoCY72: folds 
Dorex2007: raises $1.76 to $2.13 and is all-in
ERB600: calls $0.20 and is all-in
Uncalled bet ($1.56) returned to Dorex2007
*** RIVER *** [8h 3d 5d 2s] [6c]
*** SHOW DOWN ***
Dorex2007: shows [6d Ad] (a pair of Sixes)
ERB600: shows [5s 5c] (three of a kind, Fives)
ERB600 collected $1.84 from pot
*** SUMMARY ***
Total pot $1.91 | Rake $0.07 
Board [8h 3d 5d 2s 6c]
Seat 1: townes80 (small blind) folded on the Flop
Seat 2: Dorex2007 (big blind) showed [6d Ad] and lost with a pair of Sixes
Seat 3: ERB600 showed [5s 5c] and won ($1.84) with three of a kind, Fives
Seat 4: Andrei777197 folded before Flop (didn't bet)
Seat 5: LblCbli666 folded before Flop (didn't bet)
Seat 6: SantiagoCY72 folded on the Turn
Seat 7: Lex1974 folded on the Flop
Seat 8: Franks247 folded before Flop (didn't bet)
Seat 9: viejoperro44 (button) folded before Flop (didn't bet)



PokerStars Hand #230311041451:  Hold'em No Limit ($0.01/$0.02 USD) - 2021/10/02 19:28:04 PT [2021/10/02 22:28:04 ET]
Table 'Amicitia II' 9-max Seat #1 is the button
Seat 1: townes80 ($1.72 in chips) 
Seat 2: Dorex2007 ($2 in chips) 
Seat 3: ERB600 ($1.84 in chips) 
Seat 4: Andrei777197 ($1.48 in chips) 
Seat 5: LblCbli666 ($9.69 in chips) 
Seat 6: SantiagoCY72 ($0.86 in chips) 
Seat 7: Lex1974 ($2.41 in chips) 
Seat 8: Franks247 ($0.68 in chips) 
Seat 9: viejoperro44 ($2 in chips) 
Dorex2007: posts small blind $0.01
ERB600: posts big blind $0.02
*** HOLE CARDS ***
Dealt to Dorex2007 [8c 3h]
Andrei777197: calls $0.02
LblCbli666: folds 
SantiagoCY72: calls $0.02
Lex1974: folds 
Franks247: folds 
viejoperro44: folds 
townes80: calls $0.02
Dorex2007: folds 
ERB600: checks 
*** FLOP *** [6d 3c Jc]
ERB600: checks 
Andrei777197: checks 
SantiagoCY72: checks 
townes80: checks 
*** TURN *** [6d 3c Jc] [Ts]
ERB600: checks 
Andrei777197: checks 
SantiagoCY72: checks 
townes80: checks 
*** RIVER *** [6d 3c Jc Ts] [4c]
ERB600: checks 
Andrei777197: checks 
SantiagoCY72: checks 
townes80: checks 
*** SHOW DOWN ***
ERB600: shows [Qc 9h] (high card Queen)
Andrei777197: shows [Kc Ah] (high card Ace)
SantiagoCY72: mucks hand 
townes80: mucks hand 
Andrei777197 collected $0.09 from pot
*** SUMMARY ***
Total pot $0.09 | Rake $0 
Board [6d 3c Jc Ts 4c]
Seat 1: townes80 (button) mucked [Ac 2s]
Seat 2: Dorex2007 (small blind) folded before Flop
Seat 3: ERB600 (big blind) showed [Qc 9h] and lost with high card Queen
Seat 4: Andrei777197 showed [Kc Ah] and won ($0.09) with high card Ace
Seat 5: LblCbli666 folded before Flop (didn't bet)
Seat 6: SantiagoCY72 mucked [Kh 8h]
Seat 7: Lex1974 folded before Flop (didn't bet)
Seat 8: Franks247 folded before Flop (didn't bet)
Seat 9: viejoperro44 folded before Flop (didn't bet)



PokerStars Hand #230311059703:  Hold'em No Limit ($0.01/$0.02 USD) - 2021/10/02 19:29:32 PT [2021/10/02 22:29:32 ET]
Table 'Amicitia II' 9-max Seat #2 is the button
Seat 1: townes80 ($1.70 in chips) 
Seat 2: Dorex2007 ($2 in chips) 
Seat 3: ERB600 ($1.82 in chips) 
Seat 4: Andrei777197 ($1.55 in chips) 
Seat 5: LblCbli666 ($9.69 in chips) 
Seat 6: SantiagoCY72 ($0.84 in chips) 
Seat 7: Lex1974 ($2.41 in chips) 
Seat 8: Franks247 ($0.68 in chips) 
Seat 9: viejoperro44 ($2 in chips) 
ERB600: posts small blind $0.01
Andrei777197: posts big blind $0.02
*** HOLE CARDS ***
Dealt to Dorex2007 [8d 3h]
LblCbli666: folds 
SantiagoCY72: calls $0.02
Lex1974: calls $0.02
Franks247: folds 
viejoperro44: folds 
townes80: folds 
Dorex2007: folds 
ERB600: calls $0.01
Andrei777197: checks 
*** FLOP *** [7h Ts 8c]
ERB600: checks 
Andrei777197: bets $0.08
SantiagoCY72: calls $0.08
Lex1974: calls $0.08
ERB600: folds 
*** TURN *** [7h Ts 8c] [2s]
Andrei777197: bets $0.02
SantiagoCY72: calls $0.02
Lex1974: raises $0.19 to $0.21
Andrei777197: raises $0.19 to $0.40
SantiagoCY72: folds 
Lex1974: calls $0.19
*** RIVER *** [7h Ts 8c 2s] [Ah]
Andrei777197: bets $1.05 and is all-in
Lex1974: calls $1.05
*** SHOW DOWN ***
Andrei777197: shows [Td 2h] (two pair, Tens and Deuces)
Lex1974: shows [Kc Th] (a pair of Tens)
Andrei777197 collected $3.13 from pot
*** SUMMARY ***
Total pot $3.24 | Rake $0.11 
Board [7h Ts 8c 2s Ah]
Seat 1: townes80 folded before Flop (didn't bet)
Seat 2: Dorex2007 (button) folded before Flop (didn't bet)
Seat 3: ERB600 (small blind) folded on the Flop
Seat 4: Andrei777197 (big blind) showed [Td 2h] and won ($3.13) with two pair, Tens and Deuces
Seat 5: LblCbli666 folded before Flop (didn't bet)
Seat 6: SantiagoCY72 folded on the Turn
Seat 7: Lex1974 showed [Kc Th] and lost with a pair of Tens
Seat 8: Franks247 folded before Flop (didn't bet)
Seat 9: viejoperro44 folded before Flop (didn't bet)



PokerStars Hand #230311088861:  Hold'em No Limit ($0.01/$0.02 USD) - 2021/10/02 19:31:07 PT [2021/10/02 22:31:07 ET]
Table 'Amicitia II' 9-max Seat #3 is the button
Seat 1: townes80 ($1.70 in chips) 
Seat 2: Dorex2007 ($2 in chips) 
Seat 3: ERB600 ($1.80 in chips) 
Seat 4: Andrei777197 ($3.13 in chips) 
Seat 5: LblCbli666 ($9.69 in chips) 
Seat 6: SantiagoCY72 ($0.72 in chips) 
Seat 7: Lex1974 ($0.86 in chips) 
Seat 9: viejoperro44 ($2 in chips) 
Andrei777197: posts small blind $0.01
LblCbli666: posts big blind $0.02
*** HOLE CARDS ***
Dealt to Dorex2007 [3c Qc]
SantiagoCY72: calls $0.02
Lex1974: folds 
viejoperro44: folds 
townes80: folds 
Dorex2007: folds 
ERB600: folds 
Andrei777197: calls $0.01
LblCbli666: checks 
*** FLOP *** [5h Jc Td]
Andrei777197: checks 
LblCbli666: checks 
SantiagoCY72: checks 
*** TURN *** [5h Jc Td] [Ks]
Andrei777197: checks 
LblCbli666: checks 
SantiagoCY72: bets $0.06
Andrei777197: folds 
LblCbli666: folds 
Uncalled bet ($0.06) returned to SantiagoCY72
SantiagoCY72 collected $0.06 from pot
SantiagoCY72: doesn't show hand 
*** SUMMARY ***
Total pot $0.06 | Rake $0 
Board [5h Jc Td Ks]
Seat 1: townes80 folded before Flop (didn't bet)
Seat 2: Dorex2007 folded before Flop (didn't bet)
Seat 3: ERB600 (button) folded before Flop (didn't bet)
Seat 4: Andrei777197 (small blind) folded on the Turn
Seat 5: LblCbli666 (big blind) folded on the Turn
Seat 6: SantiagoCY72 collected ($0.06)
Seat 7: Lex1974 folded before Flop (didn't bet)
Seat 9: viejoperro44 folded before Flop (didn't bet)



PokerStars Hand #230311102115:  Hold'em No Limit ($0.01/$0.02 USD) - 2021/10/02 19:32:11 PT [2021/10/02 22:32:11 ET]
Table 'Amicitia II' 9-max Seat #4 is the button
Seat 1: townes80 ($1.70 in chips) 
Seat 2: Dorex2007 ($2 in chips) 
Seat 3: ERB600 ($1.80 in chips) 
Seat 4: Andrei777197 ($3.11 in chips) 
Seat 5: LblCbli666 ($9.67 in chips) 
Seat 6: SantiagoCY72 ($0.76 in chips) 
Seat 7: Lex1974 ($0.86 in chips) 
Seat 9: viejoperro44 ($2 in chips) 
LblCbli666: posts small blind $0.01
SantiagoCY72: posts big blind $0.02
*** HOLE CARDS ***
Dealt to Dorex2007 [4d 9c]
Lex1974: folds 
viejoperro44: folds 
townes80: folds 
Dorex2007: folds 
ERB600: folds 
Andrei777197: raises $0.06 to $0.08
LblCbli666: calls $0.07
SantiagoCY72: folds 
*** FLOP *** [Ks Kd 3s]
LblCbli666: checks 
Andrei777197: bets $0.10
LblCbli666: calls $0.10
*** TURN *** [Ks Kd 3s] [Ts]
LblCbli666: bets $0.25
Andrei777197: raises $0.25 to $0.50
LblCbli666: calls $0.25
*** RIVER *** [Ks Kd 3s Ts] [8d]
LblCbli666: checks 
Andrei777197: checks 
*** SHOW DOWN ***
LblCbli666: shows [Ad Qs] (a pair of Kings)
Andrei777197: shows [6c Tc] (two pair, Kings and Tens)
Andrei777197 collected $1.33 from pot
*** SUMMARY ***
Total pot $1.38 | Rake $0.05 
Board [Ks Kd 3s Ts 8d]
Seat 1: townes80 folded before Flop (didn't bet)
Seat 2: Dorex2007 folded before Flop (didn't bet)
Seat 3: ERB600 folded before Flop (didn't bet)
Seat 4: Andrei777197 (button) showed [6c Tc] and won ($1.33) with two pair, Kings and Tens
Seat 5: LblCbli666 (small blind) showed [Ad Qs] and lost with a pair of Kings
Seat 6: SantiagoCY72 (big blind) folded before Flop
Seat 7: Lex1974 folded before Flop (didn't bet)
Seat 9: viejoperro44 folded before Flop (didn't bet)



PokerStars Hand #230311126856:  Hold'em No Limit ($0.01/$0.02 USD) - 2021/10/02 19:34:11 PT [2021/10/02 22:34:11 ET]
Table 'Amicitia II' 9-max Seat #5 is the button
Seat 1: townes80 ($1.70 in chips) 
Seat 2: Dorex2007 ($2 in chips) 
Seat 3: ERB600 ($1.80 in chips) 
Seat 4: Andrei777197 ($3.76 in chips) 
Seat 5: LblCbli666 ($8.99 in chips) 
Seat 6: SantiagoCY72 ($0.74 in chips) 
Seat 7: Lex1974 ($0.86 in chips) 
Seat 8: Franks247 ($0.68 in chips) 
Seat 9: viejoperro44 ($2 in chips) 
SantiagoCY72: posts small blind $0.01
Lex1974: posts big blind $0.02
*** HOLE CARDS ***
Dealt to Dorex2007 [Ac As]
Franks247 has timed out
Franks247: folds 
viejoperro44: folds 
townes80: folds 
Dorex2007: raises $0.04 to $0.06
ERB600: folds 
Andrei777197: folds 
LblCbli666: calls $0.06
SantiagoCY72: calls $0.05
Lex1974: raises $0.80 to $0.86 and is all-in
Dorex2007: calls $0.80
LblCbli666: folds 
SantiagoCY72: calls $0.68 and is all-in
Lex1974 has timed out
*** FLOP *** [5h Th 2h]
*** TURN *** [5h Th 2h] [4c]
*** RIVER *** [5h Th 2h 4c] [3h]
*** SHOW DOWN ***
Lex1974: shows [Ts 9s] (a pair of Tens)
Dorex2007: shows [Ac As] (a straight, Ace to Five)
Dorex2007 collected $0.23 from side pot
SantiagoCY72: shows [Qs 2s] (a pair of Deuces)
Dorex2007 collected $2.20 from main pot
SantiagoCY72 cashed out the hand for $0.27
*** SUMMARY ***
Total pot $2.52 Main pot $2.20. Side pot $0.23. | Rake $0.09 
Board [5h Th 2h 4c 3h]
Seat 1: townes80 folded before Flop (didn't bet)
Seat 2: Dorex2007 showed [Ac As] and won ($2.43) with a straight, Ace to Five
Seat 3: ERB600 folded before Flop (didn't bet)
Seat 4: Andrei777197 folded before Flop (didn't bet)
Seat 5: LblCbli666 (button) folded before Flop
Seat 6: SantiagoCY72 (small blind) showed [Qs 2s] and lost with a pair of Deuces (cashed out).
Seat 7: Lex1974 (big blind) showed [Ts 9s] and lost with a pair of Tens
Seat 8: Franks247 folded before Flop (didn't bet)
Seat 9: viejoperro44 folded before Flop (didn't bet)



PokerStars Hand #230311140648:  Hold'em No Limit ($0.01/$0.02 USD) - 2021/10/02 19:35:19 PT [2021/10/02 22:35:19 ET]
Table 'Amicitia II' 9-max Seat #6 is the button
Seat 2: Dorex2007 ($3.57 in chips) 
Seat 3: ERB600 ($1.80 in chips) 
Seat 4: Andrei777197 ($3.76 in chips) 
Seat 5: LblCbli666 ($8.93 in chips) 
Seat 6: SantiagoCY72 ($0.27 in chips) 
Seat 8: Franks247 ($0.68 in chips) 
Franks247: posts small blind $0.01
viejoperro44: is sitting out 
townes80: is sitting out 
Dorex2007: posts big blind $0.02
*** HOLE CARDS ***
Dealt to Dorex2007 [Jh Ks]
ERB600: folds 
Andrei777197: calls $0.02
Lex1974 leaves the table
townes80 leaves the table
LblCbli666: calls $0.02
SantiagoCY72: folds 
Franks247: folds 
Dorex2007: checks 
*** FLOP *** [6s Ah 2h]
Dorex2007: checks 
Andrei777197: checks 
LblCbli666: checks 
*** TURN *** [6s Ah 2h] [8s]
Dorex2007: checks 
Andrei777197: checks 
LblCbli666: checks 
*** RIVER *** [6s Ah 2h 8s] [Tc]
Dorex2007: checks 
Andrei777197: checks 
LblCbli666: bets $0.02
Dorex2007: folds 
Andrei777197: folds 
Uncalled bet ($0.02) returned to LblCbli666
LblCbli666 collected $0.07 from pot
LblCbli666: doesn't show hand 
*** SUMMARY ***
Total pot $0.07 | Rake $0 
Board [6s Ah 2h 8s Tc]
Seat 2: Dorex2007 (big blind) folded on the River
Seat 3: ERB600 folded before Flop (didn't bet)
Seat 4: Andrei777197 folded on the River
Seat 5: LblCbli666 collected ($0.07)
Seat 6: SantiagoCY72 (button) folded before Flop (didn't bet)
Seat 8: Franks247 (small blind) folded before Flop



PokerStars Hand #230311155011:  Hold'em No Limit ($0.01/$0.02 USD) - 2021/10/02 19:36:30 PT [2021/10/02 22:36:30 ET]
Table 'Amicitia II' 9-max Seat #8 is the button
Seat 2: Dorex2007 ($3.55 in chips) 
Seat 3: ERB600 ($1.80 in chips) 
Seat 4: Andrei777197 ($3.74 in chips) 
Seat 5: LblCbli666 ($8.98 in chips) 
Seat 6: SantiagoCY72 ($0.27 in chips) 
Seat 8: Franks247 ($0.67 in chips) 
Dorex2007: posts small blind $0.01
ERB600: posts big blind $0.02
*** HOLE CARDS ***
Dealt to Dorex2007 [Qd Kd]
Andrei777197: calls $0.02
LblCbli666: folds 
SantiagoCY72: folds 
Franks247: calls $0.02
Dorex2007: calls $0.01
ERB600: checks 
*** FLOP *** [7d Td 2s]
Dorex2007: checks 
ERB600: bets $0.04
Andrei777197: calls $0.04
Franks247: calls $0.04
Dorex2007: calls $0.04
*** TURN *** [7d Td 2s] [4c]
disloyalmatador joins the table at seat #7 
Dorex2007: checks 
ERB600: checks 
Andrei777197: checks 
Franks247: bets $0.02
Dorex2007: calls $0.02
ERB600: calls $0.02
telles130899 joins the table at seat #1 
Andrei777197: calls $0.02
*** RIVER *** [7d Td 2s 4c] [5s]
Dorex2007: checks 
ERB600: checks 
Andrei777197: bets $0.14
viejoperro44 leaves the table
Franks247: folds 
Dorex2007: folds 
ERB600: calls $0.14
*** SHOW DOWN ***
Andrei777197: shows [As Qs] (high card Ace)
ERB600: shows [2d 7c] (two pair, Sevens and Deuces)
ERB600 collected $0.58 from pot
*** SUMMARY ***
Total pot $0.60 | Rake $0.02 
Board [7d Td 2s 4c 5s]
Seat 2: Dorex2007 (small blind) folded on the River
Seat 3: ERB600 (big blind) showed [2d 7c] and won ($0.58) with two pair, Sevens and Deuces
Seat 4: Andrei777197 showed [As Qs] and lost with high card Ace
Seat 5: LblCbli666 folded before Flop (didn't bet)
Seat 6: SantiagoCY72 folded before Flop (didn't bet)
Seat 8: Franks247 (button) folded on the River



PokerStars Hand #230311175388:  Hold'em No Limit ($0.01/$0.02 USD) - 2021/10/02 19:38:12 PT [2021/10/02 22:38:12 ET]
Table 'Amicitia II' 9-max Seat #2 is the button
Seat 1: telles130899 ($2 in chips) 
Seat 2: Dorex2007 ($3.47 in chips) 
Seat 3: ERB600 ($2.16 in chips) 
Seat 4: Andrei777197 ($3.52 in chips) 
Seat 5: LblCbli666 ($8.98 in chips) 
Seat 6: SantiagoCY72 ($0.27 in chips) 
Seat 8: Franks247 ($0.59 in chips) 
ERB600: posts small blind $0.01
Andrei777197: posts big blind $0.02
disloyalmatador: sits out 
telles130899: posts big blind $0.02
*** HOLE CARDS ***
Dealt to Dorex2007 [4s Qh]
LblCbli666: folds 
SantiagoCY72: calls $0.02
mvscdrqcdl joins the table at seat #9 
Franks247: folds 
telles130899: checks 
Dorex2007: folds 
ERB600: folds 
Andrei777197: checks 
*** FLOP *** [9h 6c Tc]
Andrei777197: checks 
SantiagoCY72: checks 
telles130899: checks 
*** TURN *** [9h 6c Tc] [Ah]
Andrei777197: bets $0.07
SantiagoCY72: calls $0.07
telles130899: folds 
*** RIVER *** [9h 6c Tc Ah] [3d]
Andrei777197: checks 
SantiagoCY72: bets $0.18 and is all-in
Andrei777197: folds 
Uncalled bet ($0.18) returned to SantiagoCY72
SantiagoCY72 collected $0.20 from pot
SantiagoCY72: doesn't show hand 
*** SUMMARY ***
Total pot $0.21 | Rake $0.01 
Board [9h 6c Tc Ah 3d]
Seat 1: telles130899 folded on the Turn (didn't bet)
Seat 2: Dorex2007 (button) folded before Flop (didn't bet)
Seat 3: ERB600 (small blind) folded before Flop
Seat 4: Andrei777197 (big blind) folded on the River
Seat 5: LblCbli666 folded before Flop (didn't bet)
Seat 6: SantiagoCY72 collected ($0.20)
Seat 8: Franks247 folded before Flop (didn't bet)



PokerStars Hand #230311188639:  Hold'em No Limit ($0.01/$0.02 USD) - 2021/10/02 19:39:19 PT [2021/10/02 22:39:19 ET]
Table 'Amicitia II' 9-max Seat #3 is the button
Seat 1: telles130899 ($1.98 in chips) 
Seat 2: Dorex2007 ($3.47 in chips) 
Seat 3: ERB600 ($2.15 in chips) 
Seat 4: Andrei777197 ($3.43 in chips) 
Seat 5: LblCbli666 ($8.98 in chips) 
Seat 6: SantiagoCY72 ($0.38 in chips) 
Seat 8: Franks247 ($0.59 in chips) 
Andrei777197: posts small blind $0.01
LblCbli666: posts big blind $0.02
disloyalmatador: sits out 
mvscdrqcdl: sits out 
*** HOLE CARDS ***
Dealt to Dorex2007 [Qc 9d]
SantiagoCY72: folds 
Franks247: folds 
telles130899: folds 
Dorex2007: folds 
ERB600: folds 
Andrei777197: calls $0.01
LblCbli666: checks 
*** FLOP *** [9c Kh 2h]
Andrei777197: bets $0.04
LblCbli666: raises $8.92 to $8.96 and is all-in
Andrei777197: folds 
Uncalled bet ($8.92) returned to LblCbli666
LblCbli666 collected $0.12 from pot
LblCbli666: doesn't show hand 
*** SUMMARY ***
Total pot $0.12 | Rake $0 
Board [9c Kh 2h]
Seat 1: telles130899 folded before Flop (didn't bet)
Seat 2: Dorex2007 folded before Flop (didn't bet)
Seat 3: ERB600 (button) folded before Flop (didn't bet)
Seat 4: Andrei777197 (small blind) folded on the Flop
Seat 5: LblCbli666 (big blind) collected ($0.12)
Seat 6: SantiagoCY72 folded before Flop (didn't bet)
Seat 8: Franks247 folded before Flop (didn't bet)



PokerStars Hand #230311197886:  Hold'em No Limit ($0.01/$0.02 USD) - 2021/10/02 19:40:05 PT [2021/10/02 22:40:05 ET]
Table 'Amicitia II' 9-max Seat #4 is the button
Seat 1: telles130899 ($1.98 in chips) 
Seat 2: Dorex2007 ($3.47 in chips) 
Seat 3: ERB600 ($2.15 in chips) 
Seat 4: Andrei777197 ($3.37 in chips) 
Seat 5: LblCbli666 ($9.04 in chips) 
Seat 6: SantiagoCY72 ($0.38 in chips) 
Seat 8: Franks247 ($0.59 in chips) 
LblCbli666: posts small blind $0.01
SantiagoCY72: posts big blind $0.02
disloyalmatador: sits out 
mvscdrqcdl: sits out 
*** HOLE CARDS ***
Dealt to Dorex2007 [9c 9d]
Franks247: folds 
telles130899: calls $0.02
Dorex2007: raises $0.04 to $0.06
ERB600: folds 
Andrei777197: folds 
LblCbli666: folds 
SantiagoCY72: folds 
telles130899: calls $0.04
*** FLOP *** [6h Js Kc]
telles130899: bets $0.02
Dorex2007: raises $0.04 to $0.06
telles130899: calls $0.04
*** TURN *** [6h Js Kc] [7d]
telles130899: bets $0.02
Dorex2007: calls $0.02
*** RIVER *** [6h Js Kc 7d] [6d]
telles130899: bets $0.02
Dorex2007: raises $0.23 to $0.25
telles130899: calls $0.23
*** SHOW DOWN ***
Dorex2007: shows [9c 9d] (two pair, Nines and Sixes)
telles130899: shows [Ks 5c] (two pair, Kings and Sixes)
telles130899 collected $0.78 from pot
*** SUMMARY ***
Total pot $0.81 | Rake $0.03 
Board [6h Js Kc 7d 6d]
Seat 1: telles130899 showed [Ks 5c] and won ($0.78) with two pair, Kings and Sixes
Seat 2: Dorex2007 showed [9c 9d] and lost with two pair, Nines and Sixes
Seat 3: ERB600 folded before Flop (didn't bet)
Seat 4: Andrei777197 (button) folded before Flop (didn't bet)
Seat 5: LblCbli666 (small blind) folded before Flop
Seat 6: SantiagoCY72 (big blind) folded before Flop
Seat 8: Franks247 folded before Flop (didn't bet)



PokerStars Hand #230311209492:  Hold'em No Limit ($0.01/$0.02 USD) - 2021/10/02 19:41:03 PT [2021/10/02 22:41:03 ET]
Table 'Amicitia II' 9-max Seat #5 is the button
Seat 1: telles130899 ($2.37 in chips) 
Seat 2: Dorex2007 ($3.08 in chips) 
Seat 3: ERB600 ($2.15 in chips) 
Seat 4: Andrei777197 ($3.37 in chips) 
Seat 5: LblCbli666 ($9.03 in chips) 
Seat 6: SantiagoCY72 ($0.36 in chips) 
Seat 7: disloyalmatador ($2 in chips) 
Seat 8: Franks247 ($0.59 in chips) 
SantiagoCY72: posts small blind $0.01
disloyalmatador: posts big blind $0.02
mvscdrqcdl: sits out 
*** HOLE CARDS ***
Dealt to Dorex2007 [7d 7c]
Franks247: folds 
telles130899: folds 
Dorex2007: raises $0.02 to $0.04
ERB600: folds 
Andrei777197: calls $0.04
LblCbli666: folds 
SantiagoCY72: calls $0.03
disloyalmatador: calls $0.02
*** FLOP *** [9d Ad 6d]
SantiagoCY72: checks 
disloyalmatador: checks 
Dorex2007: checks 
Andrei777197: checks 
*** TURN *** [9d Ad 6d] [2h]
SantiagoCY72: bets $0.32 and is all-in
disloyalmatador: folds 
Dorex2007: folds 
Andrei777197: folds 
Uncalled bet ($0.32) returned to SantiagoCY72
SantiagoCY72 collected $0.15 from pot
SantiagoCY72: doesn't show hand 
*** SUMMARY ***
Total pot $0.16 | Rake $0.01 
Board [9d Ad 6d 2h]
Seat 1: telles130899 folded before Flop (didn't bet)
Seat 2: Dorex2007 folded on the Turn
Seat 3: ERB600 folded before Flop (didn't bet)
Seat 4: Andrei777197 folded on the Turn
Seat 5: LblCbli666 (button) folded before Flop (didn't bet)
Seat 6: SantiagoCY72 (small blind) collected ($0.15)
Seat 7: disloyalmatador (big blind) folded on the Turn
Seat 8: Franks247 folded before Flop (didn't bet)



PokerStars Hand #230311220882:  Hold'em No Limit ($0.01/$0.02 USD) - 2021/10/02 19:42:01 PT [2021/10/02 22:42:01 ET]
Table 'Amicitia II' 9-max Seat #6 is the button
Seat 1: telles130899 ($2.37 in chips) 
Seat 2: Dorex2007 ($3.04 in chips) 
Seat 3: ERB600 ($2.15 in chips) 
Seat 4: Andrei777197 ($3.33 in chips) 
Seat 5: LblCbli666 ($9.03 in chips) 
Seat 6: SantiagoCY72 ($0.47 in chips) 
Seat 7: disloyalmatador ($1.96 in chips) 
Seat 8: Franks247 ($0.59 in chips) 
disloyalmatador: posts small blind $0.01
Franks247: posts big blind $0.02
mvscdrqcdl: sits out 
*** HOLE CARDS ***
Dealt to Dorex2007 [Js Ad]
telles130899: folds 
Dorex2007: raises $0.04 to $0.06
ERB600: folds 
Andrei777197: folds 
LblCbli666: calls $0.06
SantiagoCY72: folds 
disloyalmatador: raises $0.08 to $0.14
Franks247: folds 
Dorex2007: calls $0.08
LblCbli666: folds 
*** FLOP *** [3s 5h 8s]
disloyalmatador: bets $0.13
Dorex2007: folds 
Uncalled bet ($0.13) returned to disloyalmatador
disloyalmatador collected $0.35 from pot
disloyalmatador: doesn't show hand 
*** SUMMARY ***
Total pot $0.36 | Rake $0.01 
Board [3s 5h 8s]
Seat 1: telles130899 folded before Flop (didn't bet)
Seat 2: Dorex2007 folded on the Flop
Seat 3: ERB600 folded before Flop (didn't bet)
Seat 4: Andrei777197 folded before Flop (didn't bet)
Seat 5: LblCbli666 folded before Flop
Seat 6: SantiagoCY72 (button) folded before Flop (didn't bet)
Seat 7: disloyalmatador (small blind) collected ($0.35)
Seat 8: Franks247 (big blind) folded before Flop



PokerStars Hand #230311230983:  Hold'em No Limit ($0.01/$0.02 USD) - 2021/10/02 19:42:52 PT [2021/10/02 22:42:52 ET]
Table 'Amicitia II' 9-max Seat #7 is the button
Seat 1: telles130899 ($2.37 in chips) 
Seat 2: Dorex2007 ($2.90 in chips) 
Seat 3: ERB600 ($2.15 in chips) 
Seat 4: Andrei777197 ($3.33 in chips) 
Seat 5: LblCbli666 ($8.97 in chips) 
Seat 6: SantiagoCY72 ($0.47 in chips) 
Seat 7: disloyalmatador ($2.17 in chips) 
Seat 8: Franks247 ($0.57 in chips) 
Franks247: posts small blind $0.01
mvscdrqcdl is disconnected 
mvscdrqcdl has timed out while disconnected
mvscdrqcdl: is sitting out 
telles130899: posts big blind $0.02
*** HOLE CARDS ***
Dealt to Dorex2007 [4d 7d]
Dorex2007: folds 
ERB600: folds 
Andrei777197 has timed out
Andrei777197: folds 
LblCbli666: folds 
SantiagoCY72: calls $0.02
disloyalmatador: calls $0.02
Franks247: calls $0.01
telles130899: checks 
*** FLOP *** [Kh 3s 8h]
mvscdrqcdl is disconnected 
Franks247: bets $0.02
telles130899: folds 
SantiagoCY72: calls $0.02
disloyalmatador: calls $0.02
*** TURN *** [Kh 3s 8h] [As]
Franks247: checks 
SantiagoCY72: checks 
disloyalmatador: bets $0.14
Franks247: folds 
SantiagoCY72: calls $0.14
*** RIVER *** [Kh 3s 8h As] [Jd]
SantiagoCY72: bets $0.29 and is all-in
disloyalmatador: folds 
Uncalled bet ($0.29) returned to SantiagoCY72
SantiagoCY72 collected $0.41 from pot
SantiagoCY72: doesn't show hand 
*** SUMMARY ***
Total pot $0.42 | Rake $0.01 
Board [Kh 3s 8h As Jd]
Seat 1: telles130899 (big blind) folded on the Flop
Seat 2: Dorex2007 folded before Flop (didn't bet)
Seat 3: ERB600 folded before Flop (didn't bet)
Seat 4: Andrei777197 folded before Flop (didn't bet)
Seat 5: LblCbli666 folded before Flop (didn't bet)
Seat 6: SantiagoCY72 collected ($0.41)
Seat 7: disloyalmatador (button) folded on the River
Seat 8: Franks247 (small blind) folded on the Turn



PokerStars Hand #230311260390:  Hold'em No Limit ($0.01/$0.02 USD) - 2021/10/02 19:44:46 PT [2021/10/02 22:44:46 ET]
Table 'Amicitia II' 9-max Seat #8 is the button
Seat 1: telles130899 ($2.35 in chips) 
Seat 2: Dorex2007 ($2.90 in chips) 
Seat 3: ERB600 ($2.15 in chips) 
Seat 4: Andrei777197 ($3.33 in chips) 
Seat 5: LblCbli666 ($8.97 in chips) 
Seat 6: SantiagoCY72 ($0.70 in chips) 
Seat 7: disloyalmatador ($1.99 in chips) 
Seat 8: Franks247 ($0.53 in chips) 
telles130899: posts small blind $0.01
Dorex2007: posts big blind $0.02
*** HOLE CARDS ***
Dealt to Dorex2007 [9s Ad]
ERB600: folds 
Andrei777197: calls $0.02
LblCbli666: calls $0.02
SantiagoCY72: calls $0.02
disloyalmatador: raises $0.08 to $0.10
Franks247: folds 
telles130899: folds 
Dorex2007: folds 
Andrei777197: calls $0.08
LblCbli666: calls $0.08
SantiagoCY72: folds 
*** FLOP *** [7h As Jd]
Andrei777197: checks 
LblCbli666: bets $0.23
disloyalmatador: folds 
Andrei777197: folds 
Uncalled bet ($0.23) returned to LblCbli666
LblCbli666 collected $0.34 from pot
LblCbli666: doesn't show hand 
*** SUMMARY ***
Total pot $0.35 | Rake $0.01 
Board [7h As Jd]
Seat 1: telles130899 (small blind) folded before Flop
Seat 2: Dorex2007 (big blind) folded before Flop
Seat 3: ERB600 folded before Flop (didn't bet)
Seat 4: Andrei777197 folded on the Flop
Seat 5: LblCbli666 collected ($0.34)
Seat 6: SantiagoCY72 folded before Flop
Seat 7: disloyalmatador folded on the Flop
Seat 8: Franks247 (button) folded before Flop (didn't bet)



PokerStars Hand #230311277654:  Hold'em No Limit ($0.01/$0.02 USD) - 2021/10/02 19:46:15 PT [2021/10/02 22:46:15 ET]
Table 'Amicitia II' 9-max Seat #1 is the button
Seat 1: telles130899 ($2.34 in chips) 
Seat 2: Dorex2007 ($2.88 in chips) 
Seat 3: ERB600 ($2.15 in chips) 
Seat 4: Andrei777197 ($3.23 in chips) 
Seat 5: LblCbli666 ($9.21 in chips) 
Seat 6: SantiagoCY72 ($0.68 in chips) 
Seat 7: disloyalmatador ($1.89 in chips) 
Seat 8: Franks247 ($0.53 in chips) 
Seat 9: mvscdrqcdl ($2 in chips) 
Dorex2007: posts small blind $0.01
ERB600: posts big blind $0.02
mvscdrqcdl: posts big blind $0.02
*** HOLE CARDS ***
Dealt to Dorex2007 [Js 3s]
Andrei777197: folds 
LblCbli666: folds 
SantiagoCY72: folds 
disloyalmatador: raises $0.04 to $0.06
Franks247: folds 
mvscdrqcdl: folds 
telles130899: folds 
Dorex2007: folds 
ERB600: folds 
Uncalled bet ($0.04) returned to disloyalmatador
disloyalmatador collected $0.07 from pot
disloyalmatador: doesn't show hand 
*** SUMMARY ***
Total pot $0.07 | Rake $0 
Seat 1: telles130899 (button) folded before Flop (didn't bet)
Seat 2: Dorex2007 (small blind) folded before Flop
Seat 3: ERB600 (big blind) folded before Flop
Seat 4: Andrei777197 folded before Flop (didn't bet)
Seat 5: LblCbli666 folded before Flop (didn't bet)
Seat 6: SantiagoCY72 folded before Flop (didn't bet)
Seat 7: disloyalmatador collected ($0.07)
Seat 8: Franks247 folded before Flop (didn't bet)
Seat 9: mvscdrqcdl folded before Flop (didn't bet)



PokerStars Hand #230311282199:  Hold'em No Limit ($0.01/$0.02 USD) - 2021/10/02 19:46:38 PT [2021/10/02 22:46:38 ET]
Table 'Amicitia II' 9-max Seat #2 is the button
Seat 1: telles130899 ($2.34 in chips) 
Seat 2: Dorex2007 ($2.87 in chips) 
Seat 3: ERB600 ($2.13 in chips) 
Seat 4: Andrei777197 ($3.23 in chips) 
Seat 5: LblCbli666 ($9.21 in chips) 
Seat 6: SantiagoCY72 ($0.68 in chips) 
Seat 7: disloyalmatador ($1.94 in chips) 
Seat 8: Franks247 ($0.53 in chips) 
Seat 9: mvscdrqcdl ($1.98 in chips) 
ERB600: posts small blind $0.01
Andrei777197: posts big blind $0.02
*** HOLE CARDS ***
Dealt to Dorex2007 [2h Qh]
LblCbli666: folds 
SantiagoCY72: calls $0.02
disloyalmatador: folds 
Franks247: folds 
mvscdrqcdl: folds 
telles130899: folds 
Dorex2007: folds 
ERB600: folds 
Andrei777197: checks 
*** FLOP *** [Ad Jh 8d]
Andrei777197: checks 
SantiagoCY72: checks 
*** TURN *** [Ad Jh 8d] [2s]
Andrei777197: checks 
SantiagoCY72: checks 
*** RIVER *** [Ad Jh 8d 2s] [8s]
Andrei777197: bets $0.02
SantiagoCY72: calls $0.02
*** SHOW DOWN ***
Andrei777197: shows [Js Ts] (two pair, Jacks and Eights)
SantiagoCY72: mucks hand 
Andrei777197 collected $0.09 from pot
*** SUMMARY ***
Total pot $0.09 | Rake $0 
Board [Ad Jh 8d 2s 8s]
Seat 1: telles130899 folded before Flop (didn't bet)
Seat 2: Dorex2007 (button) folded before Flop (didn't bet)
Seat 3: ERB600 (small blind) folded before Flop
Seat 4: Andrei777197 (big blind) showed [Js Ts] and won ($0.09) with two pair, Jacks and Eights
Seat 5: LblCbli666 folded before Flop (didn't bet)
Seat 6: SantiagoCY72 mucked [9h 7d]
Seat 7: disloyalmatador folded before Flop (didn't bet)
Seat 8: Franks247 folded before Flop (didn't bet)
Seat 9: mvscdrqcdl folded before Flop (didn't bet)



PokerStars Hand #230311297293:  Hold'em No Limit ($0.01/$0.02 USD) - 2021/10/02 19:47:55 PT [2021/10/02 22:47:55 ET]
Table 'Amicitia II' 9-max Seat #3 is the button
Seat 1: telles130899 ($2.34 in chips) 
Seat 2: Dorex2007 ($2.87 in chips) 
Seat 3: ERB600 ($2.12 in chips) 
Seat 4: Andrei777197 ($3.28 in chips) 
Seat 5: LblCbli666 ($9.21 in chips) 
Seat 6: SantiagoCY72 ($0.64 in chips) 
Seat 7: disloyalmatador ($1.94 in chips) 
Seat 9: mvscdrqcdl ($1.98 in chips) 
Andrei777197: posts small blind $0.01
LblCbli666: posts big blind $0.02
*** HOLE CARDS ***
Dealt to Dorex2007 [4s Th]
SantiagoCY72: calls $0.02
disloyalmatador: folds 
mvscdrqcdl: folds 
telles130899: calls $0.02
Dorex2007: folds 
ERB600: folds 
Andrei777197: calls $0.01
LblCbli666: checks 
*** FLOP *** [Ad 4c 2c]
Andrei777197: checks 
LblCbli666: checks 
SantiagoCY72: checks 
telles130899: checks 
*** TURN *** [Ad 4c 2c] [3d]
Andrei777197: checks 
LblCbli666: bets $9.19 and is all-in
SantiagoCY72: folds 
telles130899: folds 
Andrei777197: folds 
Uncalled bet ($9.19) returned to LblCbli666
LblCbli666 collected $0.08 from pot
LblCbli666: doesn't show hand 
*** SUMMARY ***
Total pot $0.08 | Rake $0 
Board [Ad 4c 2c 3d]
Seat 1: telles130899 folded on the Turn
Seat 2: Dorex2007 folded before Flop (didn't bet)
Seat 3: ERB600 (button) folded before Flop (didn't bet)
Seat 4: Andrei777197 (small blind) folded on the Turn
Seat 5: LblCbli666 (big blind) collected ($0.08)
Seat 6: SantiagoCY72 folded on the Turn
Seat 7: disloyalmatador folded before Flop (didn't bet)
Seat 9: mvscdrqcdl folded before Flop (didn't bet)



PokerStars Hand #230311307718:  Hold'em No Limit ($0.01/$0.02 USD) - 2021/10/02 19:48:48 PT [2021/10/02 22:48:48 ET]
Table 'Amicitia II' 9-max Seat #4 is the button
Seat 1: telles130899 ($2.32 in chips) 
Seat 2: Dorex2007 ($2.87 in chips) 
Seat 3: ERB600 ($2.12 in chips) 
Seat 4: Andrei777197 ($3.26 in chips) 
Seat 5: LblCbli666 ($9.27 in chips) 
Seat 6: SantiagoCY72 ($0.62 in chips) 
Seat 7: disloyalmatador ($1.94 in chips) 
Seat 9: mvscdrqcdl ($1.98 in chips) 
LblCbli666: posts small blind $0.01
SantiagoCY72: posts big blind $0.02
*** HOLE CARDS ***
Dealt to Dorex2007 [Kc 9h]
disloyalmatador: folds 
mvscdrqcdl: folds 
telles130899: folds 
Dorex2007: folds 
ERB600: folds 
Andrei777197: folds 
LblCbli666: folds 
Uncalled bet ($0.01) returned to SantiagoCY72
SantiagoCY72 collected $0.02 from pot
*** SUMMARY ***
Total pot $0.02 | Rake $0 
Seat 1: telles130899 folded before Flop (didn't bet)
Seat 2: Dorex2007 folded before Flop (didn't bet)
Seat 3: ERB600 folded before Flop (didn't bet)
Seat 4: Andrei777197 (button) folded before Flop (didn't bet)
Seat 5: LblCbli666 (small blind) folded before Flop
Seat 6: SantiagoCY72 (big blind) collected ($0.02)
Seat 7: disloyalmatador folded before Flop (didn't bet)
Seat 9: mvscdrqcdl folded before Flop (didn't bet)



PokerStars Hand #230311310704:  Hold'em No Limit ($0.01/$0.02 USD) - 2021/10/02 19:49:03 PT [2021/10/02 22:49:03 ET]
Table 'Amicitia II' 9-max Seat #5 is the button
Seat 1: telles130899 ($2.32 in chips) 
Seat 2: Dorex2007 ($2.87 in chips) 
Seat 3: ERB600 ($2.12 in chips) 
Seat 4: Andrei777197 ($3.26 in chips) 
Seat 5: LblCbli666 ($9.26 in chips) 
Seat 6: SantiagoCY72 ($0.63 in chips) 
Seat 7: disloyalmatador ($1.94 in chips) 
Seat 9: mvscdrqcdl ($1.98 in chips) 
SantiagoCY72: posts small blind $0.01
disloyalmatador: posts big blind $0.02
*** HOLE CARDS ***
Dealt to Dorex2007 [3d Ah]
mvscdrqcdl: folds 
telles130899 has timed out
telles130899: folds 
Dorex2007: folds 
ERB600: calls $0.02
Andrei777197: folds 
LblCbli666: folds 
SantiagoCY72: calls $0.01
disloyalmatador: checks 
*** FLOP *** [Kh 6c Td]
SantiagoCY72: bets $0.08
disloyalmatador: calls $0.08
ERB600: calls $0.08
*** TURN *** [Kh 6c Td] [2c]
SantiagoCY72: bets $0.10
disloyalmatador: calls $0.10
ERB600: calls $0.10
*** RIVER *** [Kh 6c Td 2c] [5s]
SantiagoCY72: bets $0.43 and is all-in
disloyalmatador: folds 
ERB600: calls $0.43
*** SHOW DOWN ***
SantiagoCY72: shows [Kd Js] (a pair of Kings)
ERB600: shows [Ad Kc] (a pair of Kings - Ace kicker)
ERB600 collected $1.41 from pot
*** SUMMARY ***
Total pot $1.46 | Rake $0.05 
Board [Kh 6c Td 2c 5s]
Seat 1: telles130899 folded before Flop (didn't bet)
Seat 2: Dorex2007 folded before Flop (didn't bet)
Seat 3: ERB600 showed [Ad Kc] and won ($1.41) with a pair of Kings
Seat 4: Andrei777197 folded before Flop (didn't bet)
Seat 5: LblCbli666 (button) folded before Flop (didn't bet)
Seat 6: SantiagoCY72 (small blind) showed [Kd Js] and lost with a pair of Kings
Seat 7: disloyalmatador (big blind) folded on the River
Seat 9: mvscdrqcdl folded before Flop (didn't bet)



PokerStars Hand #230311324917:  Hold'em No Limit ($0.01/$0.02 USD) - 2021/10/02 19:50:18 PT [2021/10/02 22:50:18 ET]
Table 'Amicitia II' 9-max Seat #7 is the button
Seat 1: telles130899 ($2.32 in chips) 
Seat 2: Dorex2007 ($2.87 in chips) 
Seat 3: ERB600 ($2.90 in chips) 
Seat 4: Andrei777197 ($3.26 in chips) 
Seat 5: LblCbli666 ($9.26 in chips) 
Seat 7: disloyalmatador ($1.74 in chips) 
Seat 9: mvscdrqcdl ($1.98 in chips) 
mvscdrqcdl: posts small blind $0.01
telles130899: posts big blind $0.02
*** HOLE CARDS ***
Dealt to Dorex2007 [2c 6d]
Dorex2007: folds 
ERB600: folds 
SantiagoCY72 leaves the table
Andrei777197: calls $0.02
LblCbli666: folds 
disloyalmatador: raises $0.04 to $0.06
mvscdrqcdl: folds 
telles130899: calls $0.04
Andrei777197: calls $0.04
*** FLOP *** [5s 8c 3d]
telles130899: checks 
Andrei777197: checks 
disloyalmatador: bets $0.12
telles130899: calls $0.12
Andrei777197: folds 
*** TURN *** [5s 8c 3d] [6h]
telles130899: bets $0.10
disloyalmatador: calls $0.10
*** RIVER *** [5s 8c 3d 6h] [Th]
telles130899: bets $0.04
disloyalmatador: raises $0.26 to $0.30
telles130899: calls $0.26
*** SHOW DOWN ***
disloyalmatador: shows [3c Tc] (two pair, Tens and Threes)
telles130899: mucks hand 
disloyalmatador collected $1.19 from pot
*** SUMMARY ***
Total pot $1.23 | Rake $0.04 
Board [5s 8c 3d 6h Th]
Seat 1: telles130899 (big blind) mucked [As 8h]
Seat 2: Dorex2007 folded before Flop (didn't bet)
Seat 3: ERB600 folded before Flop (didn't bet)
Seat 4: Andrei777197 folded on the Flop
Seat 5: LblCbli666 folded before Flop (didn't bet)
Seat 7: disloyalmatador (button) showed [3c Tc] and won ($1.19) with two pair, Tens and Threes
Seat 9: mvscdrqcdl (small blind) folded before Flop



PokerStars Hand #230311344533:  Hold'em No Limit ($0.01/$0.02 USD) - 2021/10/02 19:52:00 PT [2021/10/02 22:52:00 ET]
Table 'Amicitia II' 9-max Seat #9 is the button
Seat 1: telles130899 ($1.74 in chips) 
Seat 2: Dorex2007 ($2.87 in chips) 
Seat 3: ERB600 ($2.90 in chips) 
Seat 4: Andrei777197 ($3.20 in chips) 
Seat 5: LblCbli666 ($9.26 in chips) 
Seat 7: disloyalmatador ($2.35 in chips) 
Seat 9: mvscdrqcdl ($1.97 in chips) 
telles130899: posts small blind $0.01
Dorex2007: posts big blind $0.02
*** HOLE CARDS ***
Dealt to Dorex2007 [5s 3s]
ERB600: folds 
Andrei777197: folds 
LblCbli666: folds 
disloyalmatador has timed out
disloyalmatador: folds 
mvscdrqcdl: folds 
telles130899: folds 
Uncalled bet ($0.01) returned to Dorex2007
Dorex2007 collected $0.02 from pot
Dorex2007: doesn't show hand 
*** SUMMARY ***
Total pot $0.02 | Rake $0 
Seat 1: telles130899 (small blind) folded before Flop
Seat 2: Dorex2007 (big blind) collected ($0.02)
Seat 3: ERB600 folded before Flop (didn't bet)
Seat 4: Andrei777197 folded before Flop (didn't bet)
Seat 5: LblCbli666 folded before Flop (didn't bet)
Seat 7: disloyalmatador folded before Flop (didn't bet)
Seat 9: mvscdrqcdl (button) folded before Flop (didn't bet)



PokerStars Hand #230311351467:  Hold'em No Limit ($0.01/$0.02 USD) - 2021/10/02 19:52:36 PT [2021/10/02 22:52:36 ET]
Table 'Amicitia II' 9-max Seat #1 is the button
Seat 1: telles130899 ($1.73 in chips) 
Seat 2: Dorex2007 ($2.88 in chips) 
Seat 3: ERB600 ($2.90 in chips) 
Seat 4: Andrei777197 ($3.20 in chips) 
Seat 5: LblCbli666 ($9.26 in chips) 
Seat 7: disloyalmatador ($2.35 in chips) 
Seat 9: mvscdrqcdl ($1.97 in chips) 
Dorex2007: posts small blind $0.01
ERB600: posts big blind $0.02
Franks247: sits out 
*** HOLE CARDS ***
Dealt to Dorex2007 [Kd Qd]
Andrei777197: folds 
LblCbli666: folds 
disloyalmatador: raises $0.04 to $0.06
mvscdrqcdl: folds 
telles130899: calls $0.06
Dorex2007: raises $0.14 to $0.20
ERB600: folds 
disloyalmatador: folds 
telles130899: folds 
Uncalled bet ($0.14) returned to Dorex2007
Dorex2007 collected $0.20 from pot
Dorex2007: doesn't show hand 
*** SUMMARY ***
Total pot $0.20 | Rake $0 
Seat 1: telles130899 (button) folded before Flop
Seat 2: Dorex2007 (small blind) collected ($0.20)
Seat 3: ERB600 (big blind) folded before Flop
Seat 4: Andrei777197 folded before Flop (didn't bet)
Seat 5: LblCbli666 folded before Flop (didn't bet)
Seat 7: disloyalmatador folded before Flop
Seat 9: mvscdrqcdl folded before Flop (didn't bet)



PokerStars Hand #230311359834:  Hold'em No Limit ($0.01/$0.02 USD) - 2021/10/02 19:53:19 PT [2021/10/02 22:53:19 ET]
Table 'Amicitia II' 9-max Seat #2 is the button
Seat 1: telles130899 ($1.67 in chips) 
Seat 2: Dorex2007 ($3.02 in chips) 
Seat 3: ERB600 ($2.88 in chips) 
Seat 4: Andrei777197 ($3.20 in chips) 
Seat 5: LblCbli666 ($9.26 in chips) 
Seat 7: disloyalmatador ($2.29 in chips) 
Seat 9: mvscdrqcdl ($1.97 in chips) 
ERB600: posts small blind $0.01
Andrei777197: posts big blind $0.02
Franks247: sits out 
*** HOLE CARDS ***
Dealt to Dorex2007 [Td As]
LblCbli666: calls $0.02
disloyalmatador: folds 
mvscdrqcdl: folds 
telles130899 has timed out
telles130899: folds 
Dorex2007: calls $0.02
ERB600: folds 
Andrei777197: checks 
*** FLOP *** [7s 8c 2h]
Andrei777197: checks 
LblCbli666: checks 
Dorex2007: bets $0.07
Andrei777197: folds 
LblCbli666: folds 
Uncalled bet ($0.07) returned to Dorex2007
Dorex2007 collected $0.07 from pot
Dorex2007: doesn't show hand 
*** SUMMARY ***
Total pot $0.07 | Rake $0 
Board [7s 8c 2h]
Seat 1: telles130899 folded before Flop (didn't bet)
Seat 2: Dorex2007 (button) collected ($0.07)
Seat 3: ERB600 (small blind) folded before Flop
Seat 4: Andrei777197 (big blind) folded on the Flop
Seat 5: LblCbli666 folded on the Flop
Seat 7: disloyalmatador folded before Flop (didn't bet)
Seat 9: mvscdrqcdl folded before Flop (didn't bet)



PokerStars Hand #230311369231:  Hold'em No Limit ($0.01/$0.02 USD) - 2021/10/02 19:54:08 PT [2021/10/02 22:54:08 ET]
Table 'Amicitia II' 9-max Seat #4 is the button
Seat 1: telles130899 ($1.67 in chips) 
Seat 2: Dorex2007 ($3.07 in chips) 
Seat 4: Andrei777197 ($3.18 in chips) 
Seat 5: LblCbli666 ($9.24 in chips) 
Seat 7: disloyalmatador ($2.29 in chips) 
Seat 9: mvscdrqcdl ($1.97 in chips) 
LblCbli666: posts small blind $0.01
disloyalmatador: posts big blind $0.02
h1724 joins the table at seat #6 
Franks247: sits out 
*** HOLE CARDS ***
Dealt to Dorex2007 [3c 9h]
mvscdrqcdl: folds 
telles130899: folds 
Dorex2007: folds 
Andrei777197: calls $0.02
LblCbli666: calls $0.01
disloyalmatador: checks 
*** FLOP *** [Tc 8s 2s]
LblCbli666: checks 
disloyalmatador: bets $0.06
Andrei777197: raises $0.06 to $0.12
LblCbli666: folds 
disloyalmatador: calls $0.06
*** TURN *** [Tc 8s 2s] [4d]
disloyalmatador: checks 
Andrei777197: checks 
*** RIVER *** [Tc 8s 2s 4d] [As]
disloyalmatador: bets $0.20
Andrei777197: calls $0.20
*** SHOW DOWN ***
disloyalmatador: shows [8h 5d] (a pair of Eights)
Andrei777197: shows [Qh Ad] (a pair of Aces)
Andrei777197 collected $0.68 from pot
*** SUMMARY ***
Total pot $0.70 | Rake $0.02 
Board [Tc 8s 2s 4d As]
Seat 1: telles130899 folded before Flop (didn't bet)
Seat 2: Dorex2007 folded before Flop (didn't bet)
Seat 4: Andrei777197 (button) showed [Qh Ad] and won ($0.68) with a pair of Aces
Seat 5: LblCbli666 (small blind) folded on the Flop
Seat 7: disloyalmatador (big blind) showed [8h 5d] and lost with a pair of Eights
Seat 9: mvscdrqcdl folded before Flop (didn't bet)



PokerStars Hand #230311383185:  Hold'em No Limit ($0.01/$0.02 USD) - 2021/10/02 19:55:24 PT [2021/10/02 22:55:24 ET]
Table 'Amicitia II' 9-max Seat #5 is the button
Seat 1: telles130899 ($1.67 in chips) 
Seat 2: Dorex2007 ($3.07 in chips) 
Seat 3: ERB600 ($2.87 in chips) 
Seat 4: Andrei777197 ($3.52 in chips) 
Seat 5: LblCbli666 ($9.22 in chips) 
Seat 7: disloyalmatador ($1.95 in chips) 
Seat 8: Franks247 ($0.53 in chips) 
Seat 9: mvscdrqcdl ($1.97 in chips) 
disloyalmatador: posts small blind $0.01
Franks247: posts big blind $0.02
*** HOLE CARDS ***
Dealt to Dorex2007 [Ts Jh]
mvscdrqcdl: folds 
telles130899: calls $0.02
Dorex2007: folds 
ERB600: folds 
Andrei777197: folds 
LblCbli666: folds 
disloyalmatador: folds 
Franks247: checks 
*** FLOP *** [Tc Js 2d]
Franks247: checks 
telles130899: bets $0.02
Franks247: folds 
Uncalled bet ($0.02) returned to telles130899
telles130899 collected $0.05 from pot
telles130899: doesn't show hand 
*** SUMMARY ***
Total pot $0.05 | Rake $0 
Board [Tc Js 2d]
Seat 1: telles130899 collected ($0.05)
Seat 2: Dorex2007 folded before Flop (didn't bet)
Seat 3: ERB600 folded before Flop (didn't bet)
Seat 4: Andrei777197 folded before Flop (didn't bet)
Seat 5: LblCbli666 (button) folded before Flop (didn't bet)
Seat 7: disloyalmatador (small blind) folded before Flop
Seat 8: Franks247 (big blind) folded on the Flop
Seat 9: mvscdrqcdl folded before Flop (didn't bet)



PokerStars Hand #230311389202:  Hold'em No Limit ($0.01/$0.02 USD) - 2021/10/02 19:56:02 PT [2021/10/02 22:56:02 ET]
Table 'Amicitia II' 9-max Seat #7 is the button
Seat 1: telles130899 ($1.70 in chips) 
Seat 2: Dorex2007 ($3.07 in chips) 
Seat 3: ERB600 ($2.87 in chips) 
Seat 4: Andrei777197 ($3.52 in chips) 
Seat 5: LblCbli666 ($9.22 in chips) 
Seat 6: h1724 ($2 in chips) 
Seat 7: disloyalmatador ($1.94 in chips) 
Seat 8: Franks247 ($0.51 in chips) 
Seat 9: mvscdrqcdl ($1.97 in chips) 
Franks247: posts small blind $0.01
mvscdrqcdl: posts big blind $0.02
h1724: posts big blind $0.02
*** HOLE CARDS ***
Dealt to Dorex2007 [7s Th]
telles130899: calls $0.02
Dorex2007: folds 
ERB600: folds 
Andrei777197: calls $0.02
LblCbli666: folds 
h1724: checks 
disloyalmatador: folds 
Franks247: folds 
mvscdrqcdl: checks 
*** FLOP *** [5s 8s 3d]
mvscdrqcdl: bets $0.04
telles130899: folds 
Andrei777197: calls $0.04
h1724: folds 
*** TURN *** [5s 8s 3d] [Td]
mvscdrqcdl: bets $0.04
Andrei777197: calls $0.04
*** RIVER *** [5s 8s 3d Td] [Ac]
mvscdrqcdl: checks 
Andrei777197: checks 
*** SHOW DOWN ***
mvscdrqcdl: shows [Jh 8c] (a pair of Eights)
Andrei777197: mucks hand 
mvscdrqcdl collected $0.24 from pot
*** SUMMARY ***
Total pot $0.25 | Rake $0.01 
Board [5s 8s 3d Td Ac]
Seat 1: telles130899 folded on the Flop
Seat 2: Dorex2007 folded before Flop (didn't bet)
Seat 3: ERB600 folded before Flop (didn't bet)
Seat 4: Andrei777197 mucked [9h 8h]
Seat 5: LblCbli666 folded before Flop (didn't bet)
Seat 6: h1724 folded on the Flop (didn't bet)
Seat 7: disloyalmatador (button) folded before Flop (didn't bet)
Seat 8: Franks247 (small blind) folded before Flop
Seat 9: mvscdrqcdl (big blind) showed [Jh 8c] and won ($0.24) with a pair of Eights



PokerStars Hand #230311402058:  Hold'em No Limit ($0.01/$0.02 USD) - 2021/10/02 19:57:04 PT [2021/10/02 22:57:04 ET]
Table 'Amicitia II' 9-max Seat #8 is the button
Seat 1: telles130899 ($1.68 in chips) 
Seat 2: Dorex2007 ($3.07 in chips) 
Seat 3: ERB600 ($2.87 in chips) 
Seat 4: Andrei777197 ($3.42 in chips) 
Seat 5: LblCbli666 ($9.22 in chips) 
Seat 6: h1724 ($1.98 in chips) 
Seat 7: disloyalmatador ($1.94 in chips) 
Seat 8: Franks247 ($0.50 in chips) 
Seat 9: mvscdrqcdl ($2.11 in chips) 
mvscdrqcdl: posts small blind $0.01
telles130899: posts big blind $0.02
*** HOLE CARDS ***
Dealt to Dorex2007 [8s Th]
Dorex2007: folds 
ERB600: folds 
Andrei777197: calls $0.02
LblCbli666: calls $0.02
h1724: calls $0.02
disloyalmatador: folds 
Franks247: folds 
mvscdrqcdl: folds 
telles130899: checks 
*** FLOP *** [7s Ts 8h]
telles130899: checks 
Andrei777197: checks 
LblCbli666: checks 
h1724: bets $0.02
telles130899: calls $0.02
Andrei777197: calls $0.02
LblCbli666: folds 
*** TURN *** [7s Ts 8h] [2h]
telles130899: checks 
Andrei777197: checks 
h1724: checks 
*** RIVER *** [7s Ts 8h 2h] [Tc]
telles130899: checks 
Andrei777197 has timed out
Andrei777197: checks 
h1724: checks 
*** SHOW DOWN ***
telles130899: shows [7h As] (two pair, Tens and Sevens)
Andrei777197: mucks hand 
h1724: mucks hand 
telles130899 collected $0.14 from pot
*** SUMMARY ***
Total pot $0.15 | Rake $0.01 
Board [7s Ts 8h 2h Tc]
Seat 1: telles130899 (big blind) showed [7h As] and won ($0.14) with two pair, Tens and Sevens
Seat 2: Dorex2007 folded before Flop (didn't bet)
Seat 3: ERB600 folded before Flop (didn't bet)
Seat 4: Andrei777197 mucked [9d Kh]
Seat 5: LblCbli666 folded on the Flop
Seat 6: h1724 mucked [Ah 3s]
Seat 7: disloyalmatador folded before Flop (didn't bet)
Seat 8: Franks247 (button) folded before Flop (didn't bet)
Seat 9: mvscdrqcdl (small blind) folded before Flop



PokerStars Hand #230311423139:  Hold'em No Limit ($0.01/$0.02 USD) - 2021/10/02 19:59:16 PT [2021/10/02 22:59:16 ET]
Table 'Amicitia II' 9-max Seat #9 is the button
Seat 1: telles130899 ($1.78 in chips) 
Seat 2: Dorex2007 ($3.07 in chips) 
Seat 3: ERB600 ($2.87 in chips) 
Seat 4: Andrei777197 ($3.38 in chips) 
Seat 5: LblCbli666 ($9.20 in chips) 
Seat 6: h1724 ($1.94 in chips) 
Seat 7: disloyalmatador ($1.94 in chips) 
Seat 8: Franks247 ($0.50 in chips) 
Seat 9: mvscdrqcdl ($2.10 in chips) 
telles130899: posts small blind $0.01
Dorex2007: posts big blind $0.02
*** HOLE CARDS ***
Dealt to Dorex2007 [4s 4c]
ERB600: folds 
Andrei777197 has timed out
Andrei777197: folds 
LblCbli666: folds 
h1724: calls $0.02
disloyalmatador: folds 
Franks247: folds 
mvscdrqcdl: calls $0.02
telles130899: calls $0.01
Dorex2007: checks 
*** FLOP *** [Kc 7h Th]
telles130899: bets $0.02
Dorex2007: folds 
h1724: calls $0.02
mvscdrqcdl: calls $0.02
*** TURN *** [Kc 7h Th] [5s]
telles130899: bets $0.02
h1724: calls $0.02
mvscdrqcdl: calls $0.02
*** RIVER *** [Kc 7h Th 5s] [8d]
telles130899: bets $0.02
h1724: calls $0.02
mvscdrqcdl: calls $0.02
*** SHOW DOWN ***
telles130899: shows [7d Js] (a pair of Sevens)
h1724: shows [Ac 8c] (a pair of Eights)
mvscdrqcdl: mucks hand 
h1724 collected $0.25 from pot
*** SUMMARY ***
Total pot $0.26 | Rake $0.01 
Board [Kc 7h Th 5s 8d]
Seat 1: telles130899 (small blind) showed [7d Js] and lost with a pair of Sevens
Seat 2: Dorex2007 (big blind) folded on the Flop
Seat 3: ERB600 folded before Flop (didn't bet)
Seat 4: Andrei777197 folded before Flop (didn't bet)
Seat 5: LblCbli666 folded before Flop (didn't bet)
Seat 6: h1724 showed [Ac 8c] and won ($0.25) with a pair of Eights
Seat 7: disloyalmatador folded before Flop (didn't bet)
Seat 8: Franks247 folded before Flop (didn't bet)
Seat 9: mvscdrqcdl (button) mucked [6d 7s]



PokerStars Hand #230311434536:  Hold'em No Limit ($0.01/$0.02 USD) - 2021/10/02 20:00:26 PT [2021/10/02 23:00:26 ET]
Table 'Amicitia II' 9-max Seat #1 is the button
Seat 1: telles130899 ($1.70 in chips) 
Seat 2: Dorex2007 ($3.05 in chips) 
Seat 3: ERB600 ($2.87 in chips) 
Seat 4: Andrei777197 ($3.38 in chips) 
Seat 5: LblCbli666 ($9.20 in chips) 
Seat 6: h1724 ($2.11 in chips) 
Seat 7: disloyalmatador ($1.94 in chips) 
Seat 8: Franks247 ($0.50 in chips) 
Seat 9: mvscdrqcdl ($2.02 in chips) 
Dorex2007: posts small blind $0.01
ERB600: posts big blind $0.02
*** HOLE CARDS ***
Dealt to Dorex2007 [Th Tc]
Andrei777197: folds 
LblCbli666: folds 
h1724: calls $0.02
disloyalmatador: folds 
Franks247: calls $0.02
mvscdrqcdl: folds 
telles130899: calls $0.02
Dorex2007: raises $0.10 to $0.12
ERB600: folds 
h1724: calls $0.10
Franks247: raises $0.38 to $0.50 and is all-in
telles130899: folds 
Dorex2007: calls $0.38
h1724: raises $1.61 to $2.11 and is all-in
Dorex2007: folds 
Uncalled bet ($1.61) returned to h1724
*** FLOP *** [6d 4s Kc]
*** TURN *** [6d 4s Kc] [Qd]
*** RIVER *** [6d 4s Kc Qd] [7c]
*** SHOW DOWN ***
h1724: shows [7s 7d] (three of a kind, Sevens)
Franks247: shows [Ac Js] (high card Ace)
h1724 collected $1.49 from pot
*** SUMMARY ***
Total pot $1.54 | Rake $0.05 
Board [6d 4s Kc Qd 7c]
Seat 1: telles130899 (button) folded before Flop
Seat 2: Dorex2007 (small blind) folded before Flop
Seat 3: ERB600 (big blind) folded before Flop
Seat 4: Andrei777197 folded before Flop (didn't bet)
Seat 5: LblCbli666 folded before Flop (didn't bet)
Seat 6: h1724 showed [7s 7d] and won ($1.49) with three of a kind, Sevens
Seat 7: disloyalmatador folded before Flop (didn't bet)
Seat 8: Franks247 showed [Ac Js] and lost with high card Ace
Seat 9: mvscdrqcdl folded before Flop (didn't bet)



PokerStars Hand #230311446925:  Hold'em No Limit ($0.01/$0.02 USD) - 2021/10/02 20:01:33 PT [2021/10/02 23:01:33 ET]
Table 'Amicitia II' 9-max Seat #2 is the button
Seat 1: telles130899 ($1.68 in chips) 
Seat 2: Dorex2007 ($2.55 in chips) 
Seat 3: ERB600 ($2.85 in chips) 
Seat 4: Andrei777197 ($3.38 in chips) 
Seat 5: LblCbli666 ($9.20 in chips) 
Seat 6: h1724 ($3.10 in chips) 
Seat 7: disloyalmatador ($1.94 in chips) 
Seat 9: mvscdrqcdl ($2.02 in chips) 
ERB600: posts small blind $0.01
Andrei777197: posts big blind $0.02
*** HOLE CARDS ***
Dealt to Dorex2007 [8h Jh]
Franks247 leaves the table
LblCbli666: folds 
h1724: calls $0.02
disloyalmatador: raises $0.04 to $0.06
mvscdrqcdl: calls $0.06
telles130899: folds 
Dorex2007: folds 
ERB600: folds 
Andrei777197: calls $0.04
h1724: calls $0.04
*** FLOP *** [3s Qd 5d]
Andrei777197: bets $0.02
h1724: folds 
disloyalmatador: calls $0.02
mvscdrqcdl: calls $0.02
*** TURN *** [3s Qd 5d] [2h]
Andrei777197: bets $0.30
disloyalmatador: folds 
mvscdrqcdl: folds 
Uncalled bet ($0.30) returned to Andrei777197
Andrei777197 collected $0.30 from pot
JD550 joins the table at seat #8 
Andrei777197: doesn't show hand 
*** SUMMARY ***
Total pot $0.31 | Rake $0.01 
Board [3s Qd 5d 2h]
Seat 1: telles130899 folded before Flop (didn't bet)
Seat 2: Dorex2007 (button) folded before Flop (didn't bet)
Seat 3: ERB600 (small blind) folded before Flop
Seat 4: Andrei777197 (big blind) collected ($0.30)
Seat 5: LblCbli666 folded before Flop (didn't bet)
Seat 6: h1724 folded on the Flop
Seat 7: disloyalmatador folded on the Turn
Seat 9: mvscdrqcdl folded on the Turn



PokerStars Hand #230311460133:  Hold'em No Limit ($0.01/$0.02 USD) - 2021/10/02 20:02:40 PT [2021/10/02 23:02:40 ET]
Table 'Amicitia II' 9-max Seat #3 is the button
Seat 1: telles130899 ($1.68 in chips) 
Seat 2: Dorex2007 ($2.55 in chips) 
Seat 3: ERB600 ($2.84 in chips) 
Seat 4: Andrei777197 ($3.60 in chips) 
Seat 5: LblCbli666 ($9.20 in chips) 
Seat 6: h1724 ($3.04 in chips) 
Seat 7: disloyalmatador ($1.86 in chips) 
Seat 9: mvscdrqcdl ($1.94 in chips) 
Andrei777197: posts small blind $0.01
LblCbli666: posts big blind $0.02
JD550: sits out 
*** HOLE CARDS ***
Dealt to Dorex2007 [2s 7c]
h1724: calls $0.02
disloyalmatador: folds 
mvscdrqcdl: folds 
telles130899: folds 
Dorex2007: folds 
ERB600: folds 
Andrei777197: calls $0.01
LblCbli666: checks 
*** FLOP *** [9s Th Ts]
Andrei777197: checks 
LblCbli666: checks 
h1724: bets $0.02
Andrei777197: calls $0.02
LblCbli666: calls $0.02
*** TURN *** [9s Th Ts] [Ad]
Andrei777197: checks 
LblCbli666: checks 
h1724: checks 
*** RIVER *** [9s Th Ts Ad] [Kh]
Andrei777197: checks 
LblCbli666: bets $0.08
h1724: folds 
Andrei777197: folds 
Uncalled bet ($0.08) returned to LblCbli666
LblCbli666 collected $0.12 from pot
LblCbli666: doesn't show hand 
*** SUMMARY ***
Total pot $0.12 | Rake $0 
Board [9s Th Ts Ad Kh]
Seat 1: telles130899 folded before Flop (didn't bet)
Seat 2: Dorex2007 folded before Flop (didn't bet)
Seat 3: ERB600 (button) folded before Flop (didn't bet)
Seat 4: Andrei777197 (small blind) folded on the River
Seat 5: LblCbli666 (big blind) collected ($0.12)
Seat 6: h1724 folded on the River
Seat 7: disloyalmatador folded before Flop (didn't bet)
Seat 9: mvscdrqcdl folded before Flop (didn't bet)



PokerStars Hand #230311482364:  Hold'em No Limit ($0.01/$0.02 USD) - 2021/10/02 20:04:15 PT [2021/10/02 23:04:15 ET]
Table 'Amicitia II' 9-max Seat #4 is the button
Seat 1: telles130899 ($1.68 in chips) 
Seat 2: Dorex2007 ($2.55 in chips) 
Seat 3: ERB600 ($2.84 in chips) 
Seat 4: Andrei777197 ($3.56 in chips) 
Seat 5: LblCbli666 ($9.28 in chips) 
Seat 6: h1724 ($3 in chips) 
Seat 7: disloyalmatador ($1.86 in chips) 
Seat 8: JD550 ($1.60 in chips) 
Seat 9: mvscdrqcdl ($2 in chips) 
LblCbli666: posts small blind $0.01
h1724: posts big blind $0.02
JD550: posts big blind $0.02
*** HOLE CARDS ***
Dealt to Dorex2007 [6s 7s]
disloyalmatador: folds 
JD550: checks 
mvscdrqcdl: calls $0.02
telles130899: calls $0.02
Dorex2007: calls $0.02
ERB600: folds 
Andrei777197: calls $0.02
LblCbli666: folds 
h1724: checks 
*** FLOP *** [8s Jd 6d]
h1724: bets $0.04
JD550: folds 
mvscdrqcdl: calls $0.04
telles130899: folds 
Dorex2007: calls $0.04
Andrei777197: calls $0.04
*** TURN *** [8s Jd 6d] [3h]
h1724: checks 
mvscdrqcdl: checks 
Dorex2007: bets $0.19
Andrei777197: folds 
h1724: folds 
mvscdrqcdl: folds 
Uncalled bet ($0.19) returned to Dorex2007
Dorex2007 collected $0.28 from pot
Dorex2007: doesn't show hand 
*** SUMMARY ***
Total pot $0.29 | Rake $0.01 
Board [8s Jd 6d 3h]
Seat 1: telles130899 folded on the Flop
Seat 2: Dorex2007 collected ($0.28)
Seat 3: ERB600 folded before Flop (didn't bet)
Seat 4: Andrei777197 (button) folded on the Turn
Seat 5: LblCbli666 (small blind) folded before Flop
Seat 6: h1724 (big blind) folded on the Turn
Seat 7: disloyalmatador folded before Flop (didn't bet)
Seat 8: JD550 folded on the Flop (didn't bet)
Seat 9: mvscdrqcdl folded on the Turn



PokerStars Hand #230311496137:  Hold'em No Limit ($0.01/$0.02 USD) - 2021/10/02 20:05:29 PT [2021/10/02 23:05:29 ET]
Table 'Amicitia II' 9-max Seat #5 is the button
Seat 1: telles130899 ($1.66 in chips) 
Seat 2: Dorex2007 ($2.77 in chips) 
Seat 3: ERB600 ($2.84 in chips) 
Seat 4: Andrei777197 ($3.50 in chips) 
Seat 5: LblCbli666 ($9.27 in chips) 
Seat 6: h1724 ($2.94 in chips) 
Seat 7: disloyalmatador ($1.86 in chips) 
Seat 8: JD550 ($1.58 in chips) 
Seat 9: mvscdrqcdl ($1.94 in chips) 
h1724: posts small blind $0.01
disloyalmatador: posts big blind $0.02
*** HOLE CARDS ***
Dealt to Dorex2007 [9c 5d]
JD550: folds 
mvscdrqcdl: folds 
telles130899: folds 
Dorex2007: folds 
ERB600: folds 
Andrei777197: calls $0.02
LblCbli666: folds 
h1724: calls $0.01
disloyalmatador: checks 
*** FLOP *** [8d Qd Ts]
h1724: bets $0.02
disloyalmatador: raises $0.04 to $0.06
Andrei777197: folds 
h1724: calls $0.04
*** TURN *** [8d Qd Ts] [9s]
h1724: checks 
disloyalmatador: bets $0.12
h1724: folds 
Uncalled bet ($0.12) returned to disloyalmatador
disloyalmatador collected $0.17 from pot
disloyalmatador: doesn't show hand 
*** SUMMARY ***
Total pot $0.18 | Rake $0.01 
Board [8d Qd Ts 9s]
Seat 1: telles130899 folded before Flop (didn't bet)
Seat 2: Dorex2007 folded before Flop (didn't bet)
Seat 3: ERB600 folded before Flop (didn't bet)
Seat 4: Andrei777197 folded on the Flop
Seat 5: LblCbli666 (button) folded before Flop (didn't bet)
Seat 6: h1724 (small blind) folded on the Turn
Seat 7: disloyalmatador (big blind) collected ($0.17)
Seat 8: JD550 folded before Flop (didn't bet)
Seat 9: mvscdrqcdl folded before Flop (didn't bet)



PokerStars Hand #230311516495:  Hold'em No Limit ($0.01/$0.02 USD) - 2021/10/02 20:06:33 PT [2021/10/02 23:06:33 ET]
Table 'Amicitia II' 9-max Seat #6 is the button
Seat 1: telles130899 ($1.66 in chips) 
Seat 2: Dorex2007 ($2.77 in chips) 
Seat 3: ERB600 ($2.84 in chips) 
Seat 4: Andrei777197 ($3.48 in chips) 
Seat 5: LblCbli666 ($9.27 in chips) 
Seat 6: h1724 ($2.86 in chips) 
Seat 7: disloyalmatador ($1.95 in chips) 
Seat 8: JD550 ($1.58 in chips) 
Seat 9: mvscdrqcdl ($1.94 in chips) 
disloyalmatador: posts small blind $0.01
JD550: posts big blind $0.02
*** HOLE CARDS ***
Dealt to Dorex2007 [6h 5c]
mvscdrqcdl has timed out
mvscdrqcdl: folds 
telles130899: folds 
Dorex2007: folds 
ERB600: folds 
Andrei777197: folds 
LblCbli666: folds 
h1724: folds 
disloyalmatador: calls $0.01
JD550: checks 
*** FLOP *** [4d Qh 4h]
disloyalmatador: checks 
JD550: checks 
*** TURN *** [4d Qh 4h] [8c]
disloyalmatador: checks 
JD550: checks 
*** RIVER *** [4d Qh 4h 8c] [5d]
disloyalmatador: checks 
JD550: checks 
*** SHOW DOWN ***
disloyalmatador: shows [As Td] (a pair of Fours)
JD550: mucks hand 
disloyalmatador collected $0.04 from pot
*** SUMMARY ***
Total pot $0.04 | Rake $0 
Board [4d Qh 4h 8c 5d]
Seat 1: telles130899 folded before Flop (didn't bet)
Seat 2: Dorex2007 folded before Flop (didn't bet)
Seat 3: ERB600 folded before Flop (didn't bet)
Seat 4: Andrei777197 folded before Flop (didn't bet)
Seat 5: LblCbli666 folded before Flop (didn't bet)
Seat 6: h1724 (button) folded before Flop (didn't bet)
Seat 7: disloyalmatador (small blind) showed [As Td] and won ($0.04) with a pair of Fours
Seat 8: JD550 (big blind) mucked [Ad 6d]
Seat 9: mvscdrqcdl folded before Flop (didn't bet)



PokerStars Hand #230311525791:  Hold'em No Limit ($0.01/$0.02 USD) - 2021/10/02 20:07:23 PT [2021/10/02 23:07:23 ET]
Table 'Amicitia II' 9-max Seat #7 is the button
Seat 1: telles130899 ($1.66 in chips) 
Seat 2: Dorex2007 ($2.77 in chips) 
Seat 3: ERB600 ($2.84 in chips) 
Seat 4: Andrei777197 ($3.48 in chips) 
Seat 5: LblCbli666 ($9.27 in chips) 
Seat 6: h1724 ($2.86 in chips) 
Seat 7: disloyalmatador ($1.97 in chips) 
Seat 8: JD550 ($1.56 in chips) 
Seat 9: mvscdrqcdl ($1.94 in chips) 
JD550: posts small blind $0.01
mvscdrqcdl: posts big blind $0.02
*** HOLE CARDS ***
Dealt to Dorex2007 [Qc 4h]
telles130899: folds 
Dorex2007: folds 
ERB600: calls $0.02
Andrei777197: folds 
LblCbli666: folds 
h1724: folds 
disloyalmatador: raises $0.04 to $0.06
JD550: folds 
mvscdrqcdl: folds 
ERB600: calls $0.04
*** FLOP *** [Jh 3h Ac]
ERB600: checks 
disloyalmatador: bets $0.08
ERB600: calls $0.08
*** TURN *** [Jh 3h Ac] [Td]
ERB600: checks 
disloyalmatador: checks 
*** RIVER *** [Jh 3h Ac Td] [Js]
ERB600: bets $0.15
disloyalmatador: folds 
Uncalled bet ($0.15) returned to ERB600
ERB600 collected $0.30 from pot
ERB600: doesn't show hand 
*** SUMMARY ***
Total pot $0.31 | Rake $0.01 
Board [Jh 3h Ac Td Js]
Seat 1: telles130899 folded before Flop (didn't bet)
Seat 2: Dorex2007 folded before Flop (didn't bet)
Seat 3: ERB600 collected ($0.30)
Seat 4: Andrei777197 folded before Flop (didn't bet)
Seat 5: LblCbli666 folded before Flop (didn't bet)
Seat 6: h1724 folded before Flop (didn't bet)
Seat 7: disloyalmatador (button) folded on the River
Seat 8: JD550 (small blind) folded before Flop
Seat 9: mvscdrqcdl (big blind) folded before Flop



PokerStars Hand #230311535055:  Hold'em No Limit ($0.01/$0.02 USD) - 2021/10/02 20:08:13 PT [2021/10/02 23:08:13 ET]
Table 'Amicitia II' 9-max Seat #8 is the button
Seat 1: telles130899 ($1.66 in chips) 
Seat 2: Dorex2007 ($2.77 in chips) 
Seat 3: ERB600 ($3 in chips) 
Seat 4: Andrei777197 ($3.48 in chips) 
Seat 5: LblCbli666 ($9.27 in chips) 
Seat 6: h1724 ($2.86 in chips) 
Seat 7: disloyalmatador ($1.83 in chips) 
Seat 8: JD550 ($1.55 in chips) 
Seat 9: mvscdrqcdl ($1.92 in chips) 
mvscdrqcdl: posts small blind $0.01
telles130899: posts big blind $0.02
*** HOLE CARDS ***
Dealt to Dorex2007 [Kh Qc]
Dorex2007: folds 
ERB600: folds 
Andrei777197: folds 
LblCbli666: calls $0.02
h1724: calls $0.02
disloyalmatador: folds 
JD550: folds 
mvscdrqcdl: calls $0.01
telles130899: checks 
*** FLOP *** [9h 9c 6s]
mvscdrqcdl: checks 
telles130899: checks 
LblCbli666: checks 
h1724: checks 
*** TURN *** [9h 9c 6s] [3s]
mvscdrqcdl: checks 
telles130899: checks 
LblCbli666: checks 
h1724: checks 
*** RIVER *** [9h 9c 6s 3s] [Tc]
mvscdrqcdl: checks 
telles130899: checks 
LblCbli666: bets $0.02
h1724: folds 
mvscdrqcdl: folds 
telles130899: folds 
Uncalled bet ($0.02) returned to LblCbli666
LblCbli666 collected $0.08 from pot
LblCbli666: doesn't show hand 
*** SUMMARY ***
Total pot $0.08 | Rake $0 
Board [9h 9c 6s 3s Tc]
Seat 1: telles130899 (big blind) folded on the River
Seat 2: Dorex2007 folded before Flop (didn't bet)
Seat 3: ERB600 folded before Flop (didn't bet)
Seat 4: Andrei777197 folded before Flop (didn't bet)
Seat 5: LblCbli666 collected ($0.08)
Seat 6: h1724 folded on the River
Seat 7: disloyalmatador folded before Flop (didn't bet)
Seat 8: JD550 (button) folded before Flop (didn't bet)
Seat 9: mvscdrqcdl (small blind) folded on the River



PokerStars Hand #230311552765:  Hold'em No Limit ($0.01/$0.02 USD) - 2021/10/02 20:09:16 PT [2021/10/02 23:09:16 ET]
Table 'Amicitia II' 9-max Seat #9 is the button
Seat 1: telles130899 ($1.64 in chips) 
Seat 2: Dorex2007 ($2.77 in chips) 
Seat 3: ERB600 ($3 in chips) 
Seat 4: Andrei777197 ($3.48 in chips) 
Seat 5: LblCbli666 ($9.33 in chips) 
Seat 6: h1724 ($2.84 in chips) 
Seat 7: disloyalmatador ($1.83 in chips) 
Seat 8: JD550 ($1.55 in chips) 
Seat 9: mvscdrqcdl ($1.90 in chips) 
telles130899: posts small blind $0.01
Dorex2007: posts big blind $0.02
*** HOLE CARDS ***
Dealt to Dorex2007 [4h Qc]
ERB600: folds 
Andrei777197: folds 
LblCbli666: folds 
h1724: calls $0.02
disloyalmatador: folds 
JD550: calls $0.02
mvscdrqcdl: raises $0.06 to $0.08
telles130899: folds 
Dorex2007: folds 
h1724: calls $0.06
JD550: calls $0.06
*** FLOP *** [7d 6c Ts]
h1724: bets $0.02
JD550: folds 
mvscdrqcdl: calls $0.02
*** TURN *** [7d 6c Ts] [9h]
h1724: bets $0.02
mvscdrqcdl: calls $0.02
*** RIVER *** [7d 6c Ts 9h] [3d]
h1724: bets $0.64
mvscdrqcdl: folds 
Uncalled bet ($0.64) returned to h1724
h1724 collected $0.34 from pot
h1724: doesn't show hand 
*** SUMMARY ***
Total pot $0.35 | Rake $0.01 
Board [7d 6c Ts 9h 3d]
Seat 1: telles130899 (small blind) folded before Flop
Seat 2: Dorex2007 (big blind) folded before Flop
Seat 3: ERB600 folded before Flop (didn't bet)
Seat 4: Andrei777197 folded before Flop (didn't bet)
Seat 5: LblCbli666 folded before Flop (didn't bet)
Seat 6: h1724 collected ($0.34)
Seat 7: disloyalmatador folded before Flop (didn't bet)
Seat 8: JD550 folded on the Flop
Seat 9: mvscdrqcdl (button) folded on the River



PokerStars Hand #230311560638:  Hold'em No Limit ($0.01/$0.02 USD) - 2021/10/02 20:09:58 PT [2021/10/02 23:09:58 ET]
Table 'Amicitia II' 9-max Seat #1 is the button
Seat 1: telles130899 ($1.63 in chips) 
Seat 2: Dorex2007 ($2.75 in chips) 
Seat 3: ERB600 ($3 in chips) 
Seat 4: Andrei777197 ($3.48 in chips) 
Seat 5: LblCbli666 ($9.33 in chips) 
Seat 6: h1724 ($3.06 in chips) 
Seat 7: disloyalmatador ($1.83 in chips) 
Seat 8: JD550 ($1.47 in chips) 
Seat 9: mvscdrqcdl ($1.78 in chips) 
Dorex2007: posts small blind $0.01
ERB600: posts big blind $0.02
*** HOLE CARDS ***
Dealt to Dorex2007 [4c 6c]
Andrei777197: folds 
LblCbli666: folds 
h1724: calls $0.02
disloyalmatador: folds 
JD550: folds 
mvscdrqcdl: folds 
telles130899: folds 
Dorex2007: folds 
ERB600: checks 
*** FLOP *** [3s Kc Jh]
ERB600: checks 
h1724: bets $0.02
ERB600: folds 
Uncalled bet ($0.02) returned to h1724
h1724 collected $0.05 from pot
h1724: doesn't show hand 
*** SUMMARY ***
Total pot $0.05 | Rake $0 
Board [3s Kc Jh]
Seat 1: telles130899 (button) folded before Flop (didn't bet)
Seat 2: Dorex2007 (small blind) folded before Flop
Seat 3: ERB600 (big blind) folded on the Flop
Seat 4: Andrei777197 folded before Flop (didn't bet)
Seat 5: LblCbli666 folded before Flop (didn't bet)
Seat 6: h1724 collected ($0.05)
Seat 7: disloyalmatador folded before Flop (didn't bet)
Seat 8: JD550 folded before Flop (didn't bet)
Seat 9: mvscdrqcdl folded before Flop (didn't bet)



PokerStars Hand #230311566633:  Hold'em No Limit ($0.01/$0.02 USD) - 2021/10/02 20:10:31 PT [2021/10/02 23:10:31 ET]
Table 'Amicitia II' 9-max Seat #2 is the button
Seat 1: telles130899 ($1.63 in chips) 
Seat 2: Dorex2007 ($2.74 in chips) 
Seat 3: ERB600 ($2.98 in chips) 
Seat 4: Andrei777197 ($3.48 in chips) 
Seat 5: LblCbli666 ($9.33 in chips) 
Seat 6: h1724 ($3.09 in chips) 
Seat 7: disloyalmatador ($1.83 in chips) 
Seat 8: JD550 ($1.47 in chips) 
Seat 9: mvscdrqcdl ($1.78 in chips) 
ERB600: posts small blind $0.01
Andrei777197: posts big blind $0.02
*** HOLE CARDS ***
Dealt to Dorex2007 [9s 9h]
LblCbli666: folds 
h1724: folds 
disloyalmatador: folds 
JD550: folds 
mvscdrqcdl: raises $0.04 to $0.06
telles130899: folds 
Dorex2007: raises $0.06 to $0.12
ERB600: calls $0.11
Andrei777197: folds 
mvscdrqcdl: calls $0.06
*** FLOP *** [Ks As Jc]
ERB600: checks 
mvscdrqcdl: checks 
Dorex2007: bets $0.25
ERB600: calls $0.25
mvscdrqcdl: folds 
*** TURN *** [Ks As Jc] [8d]
ERB600: checks 
Dorex2007: checks 
*** RIVER *** [Ks As Jc 8d] [7c]
ERB600: bets $0.43
Dorex2007: folds 
Uncalled bet ($0.43) returned to ERB600
ERB600 collected $0.85 from pot
ERB600: doesn't show hand 
*** SUMMARY ***
Total pot $0.88 | Rake $0.03 
Board [Ks As Jc 8d 7c]
Seat 1: telles130899 folded before Flop (didn't bet)
Seat 2: Dorex2007 (button) folded on the River
Seat 3: ERB600 (small blind) collected ($0.85)
Seat 4: Andrei777197 (big blind) folded before Flop
Seat 5: LblCbli666 folded before Flop (didn't bet)
Seat 6: h1724 folded before Flop (didn't bet)
Seat 7: disloyalmatador folded before Flop (didn't bet)
Seat 8: JD550 folded before Flop (didn't bet)
Seat 9: mvscdrqcdl folded on the Flop



PokerStars Hand #230311576815:  Hold'em No Limit ($0.01/$0.02 USD) - 2021/10/02 20:11:27 PT [2021/10/02 23:11:27 ET]
Table 'Amicitia II' 9-max Seat #3 is the button
Seat 1: telles130899 ($1.63 in chips) 
Seat 2: Dorex2007 ($2.37 in chips) 
Seat 3: ERB600 ($3.46 in chips) 
Seat 4: Andrei777197 ($3.46 in chips) 
Seat 5: LblCbli666 ($9.33 in chips) 
Seat 6: h1724 ($3.09 in chips) 
Seat 7: disloyalmatador ($1.83 in chips) 
Seat 8: JD550 ($1.47 in chips) 
Seat 9: mvscdrqcdl ($1.66 in chips) 
Andrei777197: posts small blind $0.01
LblCbli666: posts big blind $0.02
*** HOLE CARDS ***
Dealt to Dorex2007 [2s 3d]
h1724 has timed out
h1724: folds 
disloyalmatador: folds 
JD550: calls $0.02
mvscdrqcdl: calls $0.02
telles130899: folds 
Dorex2007: folds 
ERB600: calls $0.02
Andrei777197: calls $0.01
LblCbli666: checks 
*** FLOP *** [6c 2c 3h]
Andrei777197: checks 
LblCbli666: checks 
JD550: checks 
disloyalmatador leaves the table
mvscdrqcdl: bets $0.06
ERB600: folds 
Andrei777197: folds 
Luke Duarte joins the table at seat #7 
LblCbli666: calls $0.06
JD550: folds 
*** TURN *** [6c 2c 3h] [Jh]
LblCbli666: bets $0.14
mvscdrqcdl: calls $0.14
*** RIVER *** [6c 2c 3h Jh] [Qh]
LblCbli666: bets $0.32
mvscdrqcdl: folds 
Uncalled bet ($0.32) returned to LblCbli666
LblCbli666 collected $0.48 from pot
LblCbli666: doesn't show hand 
*** SUMMARY ***
Total pot $0.50 | Rake $0.02 
Board [6c 2c 3h Jh Qh]
Seat 1: telles130899 folded before Flop (didn't bet)
Seat 2: Dorex2007 folded before Flop (didn't bet)
Seat 3: ERB600 (button) folded on the Flop
Seat 4: Andrei777197 (small blind) folded on the Flop
Seat 5: LblCbli666 (big blind) collected ($0.48)
Seat 6: h1724 folded before Flop (didn't bet)
Seat 7: disloyalmatador folded before Flop (didn't bet)
Seat 8: JD550 folded on the Flop
Seat 9: mvscdrqcdl folded on the River



PokerStars Hand #230311598976:  Hold'em No Limit ($0.01/$0.02 USD) - 2021/10/02 20:13:29 PT [2021/10/02 23:13:29 ET]
Table 'Amicitia II' 9-max Seat #4 is the button
Seat 1: telles130899 ($1.63 in chips) 
Seat 2: Dorex2007 ($2.37 in chips) 
Seat 3: ERB600 ($3.44 in chips) 
Seat 4: Andrei777197 ($3.44 in chips) 
Seat 5: LblCbli666 ($9.59 in chips) 
Seat 6: h1724 ($3.09 in chips) 
Seat 7: Luke Duarte ($2 in chips) 
Seat 8: JD550 ($1.45 in chips) 
Seat 9: mvscdrqcdl ($1.44 in chips) 
LblCbli666: posts small blind $0.01
h1724: posts big blind $0.02
Luke Duarte: posts big blind $0.02
*** HOLE CARDS ***
Dealt to Dorex2007 [2h 6s]
Luke Duarte: raises $0.02 to $0.04
JD550: calls $0.04
mvscdrqcdl: calls $0.04
telles130899: folds 
Dorex2007: folds 
ERB600: folds 
Andrei777197: calls $0.04
LblCbli666: folds 
h1724 has timed out
h1724: folds 
*** FLOP *** [Qd 3s Qs]
Luke Duarte: bets $0.02
JD550: folds 
mvscdrqcdl: folds 
Andrei777197: folds 
Uncalled bet ($0.02) returned to Luke Duarte
Luke Duarte collected $0.18 from pot
Luke Duarte: doesn't show hand 
*** SUMMARY ***
Total pot $0.19 | Rake $0.01 
Board [Qd 3s Qs]
Seat 1: telles130899 folded before Flop (didn't bet)
Seat 2: Dorex2007 folded before Flop (didn't bet)
Seat 3: ERB600 folded before Flop (didn't bet)
Seat 4: Andrei777197 (button) folded on the Flop
Seat 5: LblCbli666 (small blind) folded before Flop
Seat 6: h1724 (big blind) folded before Flop
Seat 7: Luke Duarte collected ($0.18)
Seat 8: JD550 folded on the Flop
Seat 9: mvscdrqcdl folded on the Flop



PokerStars Hand #230311611671:  Hold'em No Limit ($0.01/$0.02 USD) - 2021/10/02 20:14:38 PT [2021/10/02 23:14:38 ET]
Table 'Amicitia II' 9-max Seat #5 is the button
Seat 1: telles130899 ($1.63 in chips) 
Seat 2: Dorex2007 ($2.37 in chips) 
Seat 3: ERB600 ($3.44 in chips) 
Seat 4: Andrei777197 ($3.40 in chips) 
Seat 5: LblCbli666 ($9.58 in chips) 
Seat 7: Luke Duarte ($2.14 in chips) 
Seat 8: JD550 ($1.41 in chips) 
Seat 9: mvscdrqcdl ($1.96 in chips) 
Luke Duarte: posts small blind $0.01
JD550: posts big blind $0.02
*** HOLE CARDS ***
Dealt to Dorex2007 [Ks 6s]
mvscdrqcdl: calls $0.02
telles130899: calls $0.02
Dorex2007: folds 
ERB600: calls $0.02
Andrei777197: folds 
LblCbli666: folds 
Luke Duarte: calls $0.01
JD550: checks 
*** FLOP *** [Qd 9s 8s]
Luke Duarte: checks 
JD550: checks 
mvscdrqcdl: checks 
telles130899: bets $0.02
ERB600: calls $0.02
Luke Duarte: folds 
JD550: calls $0.02
mvscdrqcdl: calls $0.02
*** TURN *** [Qd 9s 8s] [7c]
JD550: checks 
mvscdrqcdl: checks 
telles130899: checks 
ERB600: bets $0.09
JD550: folds 
mvscdrqcdl: folds 
telles130899: calls $0.09
*** RIVER *** [Qd 9s 8s 7c] [9d]
telles130899: checks 
ERB600: bets $0.18
telles130899: calls $0.18
*** SHOW DOWN ***
ERB600: shows [7d 7s] (a full house, Sevens full of Nines)
telles130899: mucks hand 
ERB600 collected $0.69 from pot
*** SUMMARY ***
Total pot $0.72 | Rake $0.03 
Board [Qd 9s 8s 7c 9d]
Seat 1: telles130899 mucked [Qs Th]
Seat 2: Dorex2007 folded before Flop (didn't bet)
Seat 3: ERB600 showed [7d 7s] and won ($0.69) with a full house, Sevens full of Nines
Seat 4: Andrei777197 folded before Flop (didn't bet)
Seat 5: LblCbli666 (button) folded before Flop (didn't bet)
Seat 7: Luke Duarte (small blind) folded on the Flop
Seat 8: JD550 (big blind) folded on the Turn
Seat 9: mvscdrqcdl folded on the Turn



PokerStars Hand #230311634082:  Hold'em No Limit ($0.01/$0.02 USD) - 2021/10/02 20:16:10 PT [2021/10/02 23:16:10 ET]
Table 'Amicitia II' 9-max Seat #7 is the button
Seat 1: telles130899 ($1.32 in chips) 
Seat 2: Dorex2007 ($2.37 in chips) 
Seat 3: ERB600 ($3.82 in chips) 
Seat 4: Andrei777197 ($3.40 in chips) 
Seat 5: LblCbli666 ($9.58 in chips) 
Seat 6: h1724 ($3.07 in chips) 
Seat 7: Luke Duarte ($2.12 in chips) 
Seat 8: JD550 ($1.37 in chips) 
Seat 9: mvscdrqcdl ($1.92 in chips) 
JD550: posts small blind $0.01
mvscdrqcdl: posts big blind $0.02
h1724: posts small blind $0.01
*** HOLE CARDS ***
Dealt to Dorex2007 [Qc 6s]
telles130899: calls $0.02
Dorex2007: folds 
ERB600: calls $0.02
Andrei777197 has timed out
Andrei777197: folds 
LblCbli666: folds 
h1724: calls $0.02
Luke Duarte: folds 
JD550: folds 
mvscdrqcdl: checks 
*** FLOP *** [2c 9s 4d]
mvscdrqcdl: bets $0.04
telles130899: folds 
ERB600: folds 
h1724: folds 
Uncalled bet ($0.04) returned to mvscdrqcdl
mvscdrqcdl collected $0.10 from pot
mvscdrqcdl: doesn't show hand 
*** SUMMARY ***
Total pot $0.10 | Rake $0 
Board [2c 9s 4d]
Seat 1: telles130899 folded on the Flop
Seat 2: Dorex2007 folded before Flop (didn't bet)
Seat 3: ERB600 folded on the Flop
Seat 4: Andrei777197 folded before Flop (didn't bet)
Seat 5: LblCbli666 folded before Flop (didn't bet)
Seat 6: h1724 folded on the Flop
Seat 7: Luke Duarte (button) folded before Flop (didn't bet)
Seat 8: JD550 (small blind) folded before Flop
Seat 9: mvscdrqcdl (big blind) collected ($0.10)



PokerStars Hand #230311643058:  Hold'em No Limit ($0.01/$0.02 USD) - 2021/10/02 20:17:00 PT [2021/10/02 23:17:00 ET]
Table 'Amicitia II' 9-max Seat #8 is the button
Seat 1: telles130899 ($1.30 in chips) 
Seat 2: Dorex2007 ($2.37 in chips) 
Seat 3: ERB600 ($3.80 in chips) 
Seat 4: Andrei777197 ($3.40 in chips) 
Seat 5: LblCbli666 ($9.58 in chips) 
Seat 6: h1724 ($3.04 in chips) 
Seat 7: Luke Duarte ($2.12 in chips) 
Seat 8: JD550 ($1.36 in chips) 
Seat 9: mvscdrqcdl ($2 in chips) 
mvscdrqcdl: posts small blind $0.01
telles130899: posts big blind $0.02
*** HOLE CARDS ***
Dealt to Dorex2007 [2d 9c]
Dorex2007: folds 
ERB600: calls $0.02
Andrei777197: calls $0.02
LblCbli666: folds 
h1724: calls $0.02
Luke Duarte: folds 
JD550: calls $0.02
mvscdrqcdl: calls $0.01
telles130899: checks 
*** FLOP *** [Qs Qd Ts]
mvscdrqcdl: checks 
telles130899: checks 
ERB600: checks 
Andrei777197: checks 
h1724: bets $0.04
JD550: folds 
mvscdrqcdl: folds 
telles130899: folds 
ERB600: raises $0.04 to $0.08
Andrei777197: folds 
h1724: calls $0.04
*** TURN *** [Qs Qd Ts] [4d]
ERB600: bets $0.02
h1724: calls $0.02
*** RIVER *** [Qs Qd Ts 4d] [8h]
ERB600: bets $0.16
h1724: folds 
Uncalled bet ($0.16) returned to ERB600
ERB600 collected $0.31 from pot
ERB600: doesn't show hand 
*** SUMMARY ***
Total pot $0.32 | Rake $0.01 
Board [Qs Qd Ts 4d 8h]
Seat 1: telles130899 (big blind) folded on the Flop
Seat 2: Dorex2007 folded before Flop (didn't bet)
Seat 3: ERB600 collected ($0.31)
Seat 4: Andrei777197 folded on the Flop
Seat 5: LblCbli666 folded before Flop (didn't bet)
Seat 6: h1724 folded on the River
Seat 7: Luke Duarte folded before Flop (didn't bet)
Seat 8: JD550 (button) folded on the Flop
Seat 9: mvscdrqcdl (small blind) folded on the Flop



PokerStars Hand #230311658438:  Hold'em No Limit ($0.01/$0.02 USD) - 2021/10/02 20:18:24 PT [2021/10/02 23:18:24 ET]
Table 'Amicitia II' 9-max Seat #9 is the button
Seat 1: telles130899 ($1.28 in chips) 
Seat 2: Dorex2007 ($2.37 in chips) 
Seat 3: ERB600 ($3.99 in chips) 
Seat 4: Andrei777197 ($3.38 in chips) 
Seat 5: LblCbli666 ($9.58 in chips) 
Seat 6: h1724 ($2.92 in chips) 
Seat 7: Luke Duarte ($2.12 in chips) 
Seat 8: JD550 ($1.34 in chips) 
Seat 9: mvscdrqcdl ($1.98 in chips) 
telles130899: posts small blind $0.01
Dorex2007: posts big blind $0.02
*** HOLE CARDS ***
Dealt to Dorex2007 [3h Kc]
ERB600: folds 
Andrei777197: calls $0.02
LblCbli666: folds 
h1724: raises $0.02 to $0.04
Luke Duarte: folds 
JD550: folds 
mvscdrqcdl: calls $0.04
telles130899: calls $0.03
Dorex2007: folds 
Andrei777197: calls $0.02
*** FLOP *** [4c 3d 4s]
telles130899: checks 
Andrei777197: checks 
h1724: checks 
mvscdrqcdl: checks 
*** TURN *** [4c 3d 4s] [Ah]
telles130899: checks 
Andrei777197: checks 
h1724: checks 
mvscdrqcdl: bets $0.06
telles130899: folds 
Andrei777197: folds 
h1724: calls $0.06
*** RIVER *** [4c 3d 4s Ah] [Qs]
h1724: checks 
mvscdrqcdl: checks 
*** SHOW DOWN ***
h1724: shows [As 7s] (two pair, Aces and Fours)
mvscdrqcdl: shows [9c Ac] (two pair, Aces and Fours)
h1724 collected $0.15 from pot
mvscdrqcdl collected $0.14 from pot
*** SUMMARY ***
Total pot $0.30 | Rake $0.01 
Board [4c 3d 4s Ah Qs]
Seat 1: telles130899 (small blind) folded on the Turn
Seat 2: Dorex2007 (big blind) folded before Flop
Seat 3: ERB600 folded before Flop (didn't bet)
Seat 4: Andrei777197 folded on the Turn
Seat 5: LblCbli666 folded before Flop (didn't bet)
Seat 6: h1724 showed [As 7s] and won ($0.15) with two pair, Aces and Fours
Seat 7: Luke Duarte folded before Flop (didn't bet)
Seat 8: JD550 folded before Flop (didn't bet)
Seat 9: mvscdrqcdl (button) showed [9c Ac] and won ($0.14) with two pair, Aces and Fours



PokerStars Hand #230311670003:  Hold'em No Limit ($0.01/$0.02 USD) - 2021/10/02 20:19:27 PT [2021/10/02 23:19:27 ET]
Table 'Amicitia II' 9-max Seat #1 is the button
Seat 1: telles130899 ($1.24 in chips) 
Seat 2: Dorex2007 ($2.35 in chips) 
Seat 3: ERB600 ($3.99 in chips) 
Seat 4: Andrei777197 ($3.34 in chips) 
Seat 5: LblCbli666 ($9.58 in chips) 
Seat 6: h1724 ($2.97 in chips) 
Seat 7: Luke Duarte ($2.12 in chips) 
Seat 8: JD550 ($1.34 in chips) 
Seat 9: mvscdrqcdl ($2.02 in chips) 
Dorex2007: posts small blind $0.01
ERB600: posts big blind $0.02
*** HOLE CARDS ***
Dealt to Dorex2007 [Ks 4d]
Andrei777197: calls $0.02
LblCbli666: calls $0.02
h1724: folds 
Luke Duarte: folds 
JD550: folds 
mvscdrqcdl: folds 
telles130899: calls $0.02
Dorex2007: folds 
ERB600: checks 
*** FLOP *** [2c 7h Kh]
ERB600: checks 
Andrei777197: checks 
LblCbli666: bets $0.02
telles130899: calls $0.02
ERB600: folds 
Andrei777197: calls $0.02
*** TURN *** [2c 7h Kh] [3c]
Andrei777197: checks 
LblCbli666: checks 
telles130899: checks 
*** RIVER *** [2c 7h Kh 3c] [3h]
Andrei777197: bets $0.14
LblCbli666: folds 
telles130899: folds 
Uncalled bet ($0.14) returned to Andrei777197
Andrei777197 collected $0.14 from pot
Andrei777197: doesn't show hand 
*** SUMMARY ***
Total pot $0.15 | Rake $0.01 
Board [2c 7h Kh 3c 3h]
Seat 1: telles130899 (button) folded on the River
Seat 2: Dorex2007 (small blind) folded before Flop
Seat 3: ERB600 (big blind) folded on the Flop
Seat 4: Andrei777197 collected ($0.14)
Seat 5: LblCbli666 folded on the River
Seat 6: h1724 folded before Flop (didn't bet)
Seat 7: Luke Duarte folded before Flop (didn't bet)
Seat 8: JD550 folded before Flop (didn't bet)
Seat 9: mvscdrqcdl folded before Flop (didn't bet)



PokerStars Hand #230311686380:  Hold'em No Limit ($0.01/$0.02 USD) - 2021/10/02 20:20:57 PT [2021/10/02 23:20:57 ET]
Table 'Amicitia II' 9-max Seat #2 is the button
Seat 1: telles130899 ($1.20 in chips) 
Seat 2: Dorex2007 ($2.34 in chips) 
Seat 3: ERB600 ($3.97 in chips) 
Seat 4: Andrei777197 ($3.44 in chips) 
Seat 5: LblCbli666 ($9.54 in chips) 
Seat 6: h1724 ($2.97 in chips) 
Seat 7: Luke Duarte ($2.12 in chips) 
Seat 8: JD550 ($1.34 in chips) 
Seat 9: mvscdrqcdl ($2.02 in chips) 
ERB600: posts small blind $0.01
Andrei777197: posts big blind $0.02
*** HOLE CARDS ***
Dealt to Dorex2007 [Ad 7c]
LblCbli666: folds 
h1724: calls $0.02
Luke Duarte: folds 
JD550: folds 
mvscdrqcdl: folds 
telles130899: calls $0.02
Dorex2007: folds 
ERB600: calls $0.01
Andrei777197: checks 
*** FLOP *** [7d 9c 9s]
ERB600: checks 
Andrei777197: checks 
h1724: bets $0.06
telles130899: folds 
ERB600: folds 
Andrei777197: folds 
Uncalled bet ($0.06) returned to h1724
h1724 collected $0.08 from pot
h1724: doesn't show hand 
*** SUMMARY ***
Total pot $0.08 | Rake $0 
Board [7d 9c 9s]
Seat 1: telles130899 folded on the Flop
Seat 2: Dorex2007 (button) folded before Flop (didn't bet)
Seat 3: ERB600 (small blind) folded on the Flop
Seat 4: Andrei777197 (big blind) folded on the Flop
Seat 5: LblCbli666 folded before Flop (didn't bet)
Seat 6: h1724 collected ($0.08)
Seat 7: Luke Duarte folded before Flop (didn't bet)
Seat 8: JD550 folded before Flop (didn't bet)
Seat 9: mvscdrqcdl folded before Flop (didn't bet)



PokerStars Hand #230311694904:  Hold'em No Limit ($0.01/$0.02 USD) - 2021/10/02 20:21:43 PT [2021/10/02 23:21:43 ET]
Table 'Amicitia II' 9-max Seat #3 is the button
Seat 1: telles130899 ($1.18 in chips) 
Seat 2: Dorex2007 ($2.34 in chips) 
Seat 3: ERB600 ($3.95 in chips) 
Seat 4: Andrei777197 ($3.42 in chips) 
Seat 5: LblCbli666 ($9.54 in chips) 
Seat 6: h1724 ($3.03 in chips) 
Seat 7: Luke Duarte ($2.12 in chips) 
Seat 8: JD550 ($1.34 in chips) 
Seat 9: mvscdrqcdl ($2.02 in chips) 
Andrei777197: posts small blind $0.01
LblCbli666: posts big blind $0.02
*** HOLE CARDS ***
Dealt to Dorex2007 [3d Qd]
h1724: calls $0.02
Luke Duarte: folds 
JD550: folds 
mvscdrqcdl: folds 
telles130899: calls $0.02
Dorex2007: folds 
ERB600: folds 
Andrei777197: calls $0.01
LblCbli666: checks 
*** FLOP *** [9c 5d Qs]
Andrei777197: checks 
LblCbli666: bets $0.02
h1724: calls $0.02
telles130899: calls $0.02
Andrei777197 has timed out
Andrei777197: folds 
*** TURN *** [9c 5d Qs] [As]
LblCbli666: checks 
h1724: checks 
telles130899: checks 
*** RIVER *** [9c 5d Qs As] [Ad]
LblCbli666: bets $0.02
h1724: calls $0.02
telles130899: folds 
*** SHOW DOWN ***
LblCbli666: shows [Qh Jd] (two pair, Aces and Queens)
h1724: mucks hand 
LblCbli666 collected $0.17 from pot
*** SUMMARY ***
Total pot $0.18 | Rake $0.01 
Board [9c 5d Qs As Ad]
Seat 1: telles130899 folded on the River
Seat 2: Dorex2007 folded before Flop (didn't bet)
Seat 3: ERB600 (button) folded before Flop (didn't bet)
Seat 4: Andrei777197 (small blind) folded on the Flop
Seat 5: LblCbli666 (big blind) showed [Qh Jd] and won ($0.17) with two pair, Aces and Queens
Seat 6: h1724 mucked [7s 9h]
Seat 7: Luke Duarte folded before Flop (didn't bet)
Seat 8: JD550 folded before Flop (didn't bet)
Seat 9: mvscdrqcdl folded before Flop (didn't bet)



PokerStars Hand #230311711176:  Hold'em No Limit ($0.01/$0.02 USD) - 2021/10/02 20:23:13 PT [2021/10/02 23:23:13 ET]
Table 'Amicitia II' 9-max Seat #4 is the button
Seat 1: telles130899 ($1.14 in chips) 
Seat 2: Dorex2007 ($2.34 in chips) 
Seat 3: ERB600 ($3.95 in chips) 
Seat 4: Andrei777197 ($3.40 in chips) 
Seat 5: LblCbli666 ($9.65 in chips) 
Seat 6: h1724 ($2.97 in chips) 
Seat 7: Luke Duarte ($2.12 in chips) 
Seat 8: JD550 ($1.34 in chips) 
Seat 9: mvscdrqcdl ($2.02 in chips) 
LblCbli666: posts small blind $0.01
h1724: posts big blind $0.02
*** HOLE CARDS ***
Dealt to Dorex2007 [Jd Jc]
Luke Duarte: folds 
JD550: folds 
mvscdrqcdl: folds 
telles130899: folds 
Dorex2007: raises $0.04 to $0.06
ERB600: folds 
Andrei777197: calls $0.06
LblCbli666: folds 
h1724: folds 
*** FLOP *** [Qh Th 5h]
Dorex2007: bets $0.14
Andrei777197: raises $3.20 to $3.34 and is all-in
Dorex2007: folds 
Uncalled bet ($3.20) returned to Andrei777197
Andrei777197 collected $0.41 from pot
Andrei777197: doesn't show hand 
*** SUMMARY ***
Total pot $0.43 | Rake $0.02 
Board [Qh Th 5h]
Seat 1: telles130899 folded before Flop (didn't bet)
Seat 2: Dorex2007 folded on the Flop
Seat 3: ERB600 folded before Flop (didn't bet)
Seat 4: Andrei777197 (button) collected ($0.41)
Seat 5: LblCbli666 (small blind) folded before Flop
Seat 6: h1724 (big blind) folded before Flop
Seat 7: Luke Duarte folded before Flop (didn't bet)
Seat 8: JD550 folded before Flop (didn't bet)
Seat 9: mvscdrqcdl folded before Flop (didn't bet)



PokerStars Hand #230311721086:  Hold'em No Limit ($0.01/$0.02 USD) - 2021/10/02 20:24:07 PT [2021/10/02 23:24:07 ET]
Table 'Amicitia II' 9-max Seat #5 is the button
Seat 1: telles130899 ($1.14 in chips) 
Seat 2: Dorex2007 ($2.14 in chips) 
Seat 3: ERB600 ($3.95 in chips) 
Seat 4: Andrei777197 ($3.61 in chips) 
Seat 5: LblCbli666 ($9.64 in chips) 
Seat 6: h1724 ($2.95 in chips) 
Seat 7: Luke Duarte ($2.12 in chips) 
Seat 8: JD550 ($1.34 in chips) 
Seat 9: mvscdrqcdl ($2.02 in chips) 
h1724: posts small blind $0.01
Luke Duarte: posts big blind $0.02
*** HOLE CARDS ***
Dealt to Dorex2007 [2s 5d]
JD550: folds 
mvscdrqcdl: folds 
telles130899: calls $0.02
Dorex2007: folds 
ERB600: folds 
Andrei777197: folds 
LblCbli666: folds 
h1724: calls $0.01
Luke Duarte: checks 
*** FLOP *** [Js 5s 8d]
h1724: checks 
Luke Duarte: bets $0.02
telles130899: raises $0.10 to $0.12
h1724: folds 
Luke Duarte: calls $0.10
*** TURN *** [Js 5s 8d] [9c]
Luke Duarte: bets $0.02
telles130899: calls $0.02
*** RIVER *** [Js 5s 8d 9c] [Qs]
Luke Duarte: bets $0.02
telles130899: calls $0.02
*** SHOW DOWN ***
Luke Duarte: shows [6d Jd] (a pair of Jacks)
telles130899: shows [Jh 7h] (a pair of Jacks)
Luke Duarte collected $0.19 from pot
telles130899 collected $0.18 from pot
*** SUMMARY ***
Total pot $0.38 | Rake $0.01 
Board [Js 5s 8d 9c Qs]
Seat 1: telles130899 showed [Jh 7h] and won ($0.18) with a pair of Jacks
Seat 2: Dorex2007 folded before Flop (didn't bet)
Seat 3: ERB600 folded before Flop (didn't bet)
Seat 4: Andrei777197 folded before Flop (didn't bet)
Seat 5: LblCbli666 (button) folded before Flop (didn't bet)
Seat 6: h1724 (small blind) folded on the Flop
Seat 7: Luke Duarte (big blind) showed [6d Jd] and won ($0.19) with a pair of Jacks
Seat 8: JD550 folded before Flop (didn't bet)
Seat 9: mvscdrqcdl folded before Flop (didn't bet)



PokerStars Hand #230311733325:  Hold'em No Limit ($0.01/$0.02 USD) - 2021/10/02 20:25:14 PT [2021/10/02 23:25:14 ET]
Table 'Amicitia II' 9-max Seat #6 is the button
Seat 1: telles130899 ($1.14 in chips) 
Seat 2: Dorex2007 ($2.14 in chips) 
Seat 3: ERB600 ($3.95 in chips) 
Seat 4: Andrei777197 ($3.61 in chips) 
Seat 5: LblCbli666 ($9.64 in chips) 
Seat 6: h1724 ($2.93 in chips) 
Seat 7: Luke Duarte ($2.13 in chips) 
Seat 8: JD550 ($1.34 in chips) 
Seat 9: mvscdrqcdl ($2.02 in chips) 
Luke Duarte: posts small blind $0.01
JD550: posts big blind $0.02
*** HOLE CARDS ***
Dealt to Dorex2007 [6s 6d]
mvscdrqcdl: folds 
telles130899: folds 
Dorex2007: raises $0.04 to $0.06
ERB600: folds 
Andrei777197: calls $0.06
LblCbli666: folds 
h1724: calls $0.06
Luke Duarte: folds 
JD550: folds 
*** FLOP *** [Qs Ad 9s]
Dorex2007: checks 
Andrei777197: bets $0.20
h1724: folds 
Dorex2007: folds 
Uncalled bet ($0.20) returned to Andrei777197
Andrei777197 collected $0.20 from pot
*** SUMMARY ***
Total pot $0.21 | Rake $0.01 
Board [Qs Ad 9s]
Seat 1: telles130899 folded before Flop (didn't bet)
Seat 2: Dorex2007 folded on the Flop
Seat 3: ERB600 folded before Flop (didn't bet)
Seat 4: Andrei777197 collected ($0.20)
Seat 5: LblCbli666 folded before Flop (didn't bet)
Seat 6: h1724 (button) folded on the Flop
Seat 7: Luke Duarte (small blind) folded before Flop
Seat 8: JD550 (big blind) folded before Flop
Seat 9: mvscdrqcdl folded before Flop (didn't bet)



PokerStars Hand #230311748495:  Hold'em No Limit ($0.01/$0.02 USD) - 2021/10/02 20:26:04 PT [2021/10/02 23:26:04 ET]
Table 'Amicitia II' 9-max Seat #7 is the button
Seat 1: telles130899 ($1.14 in chips) 
Seat 2: Dorex2007 ($2.08 in chips) 
Seat 3: ERB600 ($3.95 in chips) 
Seat 4: Andrei777197 ($3.75 in chips) 
Seat 5: LblCbli666 ($9.64 in chips) 
Seat 6: h1724 ($2.87 in chips) 
Seat 7: Luke Duarte ($2.12 in chips) 
Seat 8: JD550 ($1.32 in chips) 
JD550: posts small blind $0.01
mvscdrqcdl: is sitting out 
telles130899: posts big blind $0.02
*** HOLE CARDS ***
Dealt to Dorex2007 [6h Kc]
Dorex2007: folds 
ERB600: folds 
Andrei777197: folds 
LblCbli666: folds 
h1724: folds 
Luke Duarte: folds 
JD550: calls $0.01
telles130899: checks 
*** FLOP *** [Js 5h 2h]
JD550: bets $0.04
telles130899: folds 
Uncalled bet ($0.04) returned to JD550
JD550 collected $0.04 from pot
JD550: doesn't show hand 
*** SUMMARY ***
Total pot $0.04 | Rake $0 
Board [Js 5h 2h]
Seat 1: telles130899 (big blind) folded on the Flop
Seat 2: Dorex2007 folded before Flop (didn't bet)
Seat 3: ERB600 folded before Flop (didn't bet)
Seat 4: Andrei777197 folded before Flop (didn't bet)
Seat 5: LblCbli666 folded before Flop (didn't bet)
Seat 6: h1724 folded before Flop (didn't bet)
Seat 7: Luke Duarte (button) folded before Flop (didn't bet)
Seat 8: JD550 (small blind) collected ($0.04)



PokerStars Hand #230311753003:  Hold'em No Limit ($0.01/$0.02 USD) - 2021/10/02 20:26:30 PT [2021/10/02 23:26:30 ET]
Table 'Amicitia II' 9-max Seat #8 is the button
Seat 1: telles130899 ($1.12 in chips) 
Seat 2: Dorex2007 ($2.08 in chips) 
Seat 3: ERB600 ($3.95 in chips) 
Seat 4: Andrei777197 ($3.75 in chips) 
Seat 5: LblCbli666 ($9.64 in chips) 
Seat 6: h1724 ($2.87 in chips) 
Seat 7: Luke Duarte ($2.12 in chips) 
Seat 8: JD550 ($1.34 in chips) 
telles130899: posts small blind $0.01
Dorex2007: posts big blind $0.02
*** HOLE CARDS ***
Dealt to Dorex2007 [6d 4h]
ERB600: calls $0.02
Andrei777197: calls $0.02
LblCbli666: folds 
h1724: calls $0.02
Luke Duarte: folds 
JD550: folds 
telles130899: folds 
Dorex2007: checks 
*** FLOP *** [2h Jc As]
Dorex2007: checks 
ERB600: checks 
Andrei777197: checks 
h1724: checks 
*** TURN *** [2h Jc As] [Tc]
Dorex2007: checks 
ERB600: bets $0.05
Andrei777197: calls $0.05
h1724: folds 
Dorex2007: folds 
*** RIVER *** [2h Jc As Tc] [Qh]
ERB600: checks 
Andrei777197: bets $0.18
ERB600: calls $0.18
*** SHOW DOWN ***
Andrei777197: shows [9s Th] (a pair of Tens)
ERB600: shows [9h Ac] (a pair of Aces)
ERB600 collected $0.53 from pot
*** SUMMARY ***
Total pot $0.55 | Rake $0.02 
Board [2h Jc As Tc Qh]
Seat 1: telles130899 (small blind) folded before Flop
Seat 2: Dorex2007 (big blind) folded on the Turn
Seat 3: ERB600 showed [9h Ac] and won ($0.53) with a pair of Aces
Seat 4: Andrei777197 showed [9s Th] and lost with a pair of Tens
Seat 5: LblCbli666 folded before Flop (didn't bet)
Seat 6: h1724 folded on the Turn
Seat 7: Luke Duarte folded before Flop (didn't bet)
Seat 8: JD550 (button) folded before Flop (didn't bet)



PokerStars Hand #230311765065:  Hold'em No Limit ($0.01/$0.02 USD) - 2021/10/02 20:27:37 PT [2021/10/02 23:27:37 ET]
Table 'Amicitia II' 9-max Seat #1 is the button
Seat 1: telles130899 ($1.11 in chips) 
Seat 2: Dorex2007 ($2.06 in chips) 
Seat 3: ERB600 ($4.23 in chips) 
Seat 4: Andrei777197 ($3.50 in chips) 
Seat 5: LblCbli666 ($9.64 in chips) 
Seat 6: h1724 ($2.85 in chips) 
Seat 7: Luke Duarte ($2.12 in chips) 
Seat 8: JD550 ($1.34 in chips) 
Dorex2007: posts small blind $0.01
ERB600: posts big blind $0.02
*** HOLE CARDS ***
Dealt to Dorex2007 [Jh 7d]
Andrei777197 has timed out
Andrei777197: folds 
LblCbli666: folds 
h1724: folds 
Luke Duarte: folds 
JD550: folds 
telles130899: calls $0.02
Dorex2007: calls $0.01
ERB600: checks 
*** FLOP *** [6s Kd 6d]
Dorex2007: checks 
ERB600: checks 
telles130899: checks 
*** TURN *** [6s Kd 6d] [Kc]
Dorex2007: checks 
ERB600: checks 
telles130899: checks 
*** RIVER *** [6s Kd 6d Kc] [2s]
Dorex2007: checks 
ERB600: checks 
telles130899: checks 
*** SHOW DOWN ***
Dorex2007: shows [Jh 7d] (two pair, Kings and Sixes)
ERB600: mucks hand 
telles130899: shows [Ad 8d] (two pair, Kings and Sixes - Ace kicker)
telles130899 collected $0.06 from pot
*** SUMMARY ***
Total pot $0.06 | Rake $0 
Board [6s Kd 6d Kc 2s]
Seat 1: telles130899 (button) showed [Ad 8d] and won ($0.06) with two pair, Kings and Sixes
Seat 2: Dorex2007 (small blind) showed [Jh 7d] and lost with two pair, Kings and Sixes
Seat 3: ERB600 (big blind) mucked [2d 5s]
Seat 4: Andrei777197 folded before Flop (didn't bet)
Seat 5: LblCbli666 folded before Flop (didn't bet)
Seat 6: h1724 folded before Flop (didn't bet)
Seat 7: Luke Duarte folded before Flop (didn't bet)
Seat 8: JD550 folded before Flop (didn't bet)



PokerStars Hand #230311772914:  Hold'em No Limit ($0.01/$0.02 USD) - 2021/10/02 20:28:21 PT [2021/10/02 23:28:21 ET]
Table 'Amicitia II' 9-max Seat #2 is the button
Seat 1: telles130899 ($1.15 in chips) 
Seat 2: Dorex2007 ($2.04 in chips) 
Seat 3: ERB600 ($4.21 in chips) 
Seat 4: Andrei777197 ($3.50 in chips) 
Seat 5: LblCbli666 ($9.64 in chips) 
Seat 6: h1724 ($2.85 in chips) 
Seat 7: Luke Duarte ($2.12 in chips) 
Seat 8: JD550 ($1.34 in chips) 
ERB600: posts small blind $0.01
Andrei777197: posts big blind $0.02
*** HOLE CARDS ***
Dealt to Dorex2007 [2c Kd]
LblCbli666: folds 
h1724: calls $0.02
Luke Duarte: folds 
JD550: calls $0.02
telles130899: folds 
Dorex2007: calls $0.02
ERB600: folds 
Andrei777197: checks 
*** FLOP *** [Jc 7h Qh]
Andrei777197: checks 
h1724: bets $0.08
JD550: folds 
Dorex2007: folds 
mvscdrqcdl leaves the table
Andrei777197 has timed out
Andrei777197: folds 
Uncalled bet ($0.08) returned to h1724
h1724 collected $0.09 from pot
h1724: doesn't show hand 
*** SUMMARY ***
Total pot $0.09 | Rake $0 
Board [Jc 7h Qh]
Seat 1: telles130899 folded before Flop (didn't bet)
Seat 2: Dorex2007 (button) folded on the Flop
Seat 3: ERB600 (small blind) folded before Flop
Seat 4: Andrei777197 (big blind) folded on the Flop
Seat 5: LblCbli666 folded before Flop (didn't bet)
Seat 6: h1724 collected ($0.09)
Seat 7: Luke Duarte folded before Flop (didn't bet)
Seat 8: JD550 folded on the Flop



PokerStars Hand #230311787023:  Hold'em No Limit ($0.01/$0.02 USD) - 2021/10/02 20:29:39 PT [2021/10/02 23:29:39 ET]
Table 'Amicitia II' 9-max Seat #3 is the button
Seat 1: telles130899 ($1.15 in chips) 
Seat 2: Dorex2007 ($2.02 in chips) 
Seat 3: ERB600 ($4.20 in chips) 
Seat 4: Andrei777197 ($3.48 in chips) 
Seat 5: LblCbli666 ($9.64 in chips) 
Seat 6: h1724 ($2.92 in chips) 
Seat 7: Luke Duarte ($2.12 in chips) 
Seat 8: JD550 ($1.32 in chips) 
Andrei777197: posts small blind $0.01
LblCbli666: posts big blind $0.02
*** HOLE CARDS ***
Dealt to Dorex2007 [8h Qd]
h1724: calls $0.02
Luke Duarte: folds 
JD550: folds 
telles130899: folds 
Dorex2007: folds 
ERB600: folds 
Andrei777197: calls $0.01
LblCbli666: checks 
*** FLOP *** [2d 7s Kc]
Andrei777197: bets $0.06
LblCbli666: folds 
h1724: folds 
Uncalled bet ($0.06) returned to Andrei777197
Andrei777197 collected $0.06 from pot
Andrei777197: doesn't show hand 
*** SUMMARY ***
Total pot $0.06 | Rake $0 
Board [2d 7s Kc]
Seat 1: telles130899 folded before Flop (didn't bet)
Seat 2: Dorex2007 folded before Flop (didn't bet)
Seat 3: ERB600 (button) folded before Flop (didn't bet)
Seat 4: Andrei777197 (small blind) collected ($0.06)
Seat 5: LblCbli666 (big blind) folded on the Flop
Seat 6: h1724 folded on the Flop
Seat 7: Luke Duarte folded before Flop (didn't bet)
Seat 8: JD550 folded before Flop (didn't bet)



PokerStars Hand #230311796654:  Hold'em No Limit ($0.01/$0.02 USD) - 2021/10/02 20:30:33 PT [2021/10/02 23:30:33 ET]
Table 'Amicitia II' 9-max Seat #4 is the button
Seat 1: telles130899 ($1.15 in chips) 
Seat 2: Dorex2007 ($2.02 in chips) 
Seat 3: ERB600 ($4.20 in chips) 
Seat 4: Andrei777197 ($3.52 in chips) 
Seat 5: LblCbli666 ($9.62 in chips) 
Seat 6: h1724 ($2.90 in chips) 
Seat 7: Luke Duarte ($2.12 in chips) 
Seat 8: JD550 ($1.32 in chips) 
LblCbli666: posts small blind $0.01
h1724: posts big blind $0.02
*** HOLE CARDS ***
Dealt to Dorex2007 [8h Ks]
Luke Duarte: folds 
JD550: folds 
telles130899: calls $0.02
Dorex2007: folds 
ERB600: folds 
Andrei777197: folds 
LblCbli666: folds 
h1724: checks 
*** FLOP *** [4d Tc 2h]
h1724: bets $0.02
telles130899: calls $0.02
*** TURN *** [4d Tc 2h] [Kh]
h1724: bets $0.08
telles130899: calls $0.08
*** RIVER *** [4d Tc 2h Kh] [As]
h1724: checks 
telles130899: checks 
*** SHOW DOWN ***
h1724: shows [Jh 8s] (high card Ace)
telles130899: shows [Ah 5h] (a pair of Aces)
telles130899 collected $0.24 from pot
*** SUMMARY ***
Total pot $0.25 | Rake $0.01 
Board [4d Tc 2h Kh As]
Seat 1: telles130899 showed [Ah 5h] and won ($0.24) with a pair of Aces
Seat 2: Dorex2007 folded before Flop (didn't bet)
Seat 3: ERB600 folded before Flop (didn't bet)
Seat 4: Andrei777197 (button) folded before Flop (didn't bet)
Seat 5: LblCbli666 (small blind) folded before Flop
Seat 6: h1724 (big blind) showed [Jh 8s] and lost with high card Ace
Seat 7: Luke Duarte folded before Flop (didn't bet)
Seat 8: JD550 folded before Flop (didn't bet)



PokerStars Hand #230311804478:  Hold'em No Limit ($0.01/$0.02 USD) - 2021/10/02 20:31:17 PT [2021/10/02 23:31:17 ET]
Table 'Amicitia II' 9-max Seat #5 is the button
Seat 1: telles130899 ($1.27 in chips) 
Seat 2: Dorex2007 ($2.02 in chips) 
Seat 3: ERB600 ($4.20 in chips) 
Seat 4: Andrei777197 ($3.52 in chips) 
Seat 5: LblCbli666 ($9.61 in chips) 
Seat 6: h1724 ($2.78 in chips) 
Seat 7: Luke Duarte ($2.12 in chips) 
Seat 8: JD550 ($1.32 in chips) 
h1724: posts small blind $0.01
Luke Duarte: posts big blind $0.02
*** HOLE CARDS ***
Dealt to Dorex2007 [9d 8c]
JD550: folds 
telles130899: folds 
Dorex2007: folds 
ERB600: folds 
Trader PK joins the table at seat #9 
Andrei777197 has timed out
Andrei777197: folds 
LblCbli666: calls $0.02
h1724: calls $0.01
Luke Duarte: checks 
*** FLOP *** [7s 2c Ts]
h1724: checks 
Luke Duarte: checks 
LblCbli666: checks 
*** TURN *** [7s 2c Ts] [4s]
h1724: checks 
Luke Duarte: checks 
LblCbli666: bets $0.02
h1724: calls $0.02
Luke Duarte: calls $0.02
*** RIVER *** [7s 2c Ts 4s] [Th]
h1724: checks 
Luke Duarte: checks 
LblCbli666: checks 
*** SHOW DOWN ***
h1724: shows [Kh 3s] (a pair of Tens)
Luke Duarte: shows [Kd As] (a pair of Tens - Ace kicker)
LblCbli666: shows [7d 6d] (two pair, Tens and Sevens)
LblCbli666 collected $0.12 from pot
*** SUMMARY ***
Total pot $0.12 | Rake $0 
Board [7s 2c Ts 4s Th]
Seat 1: telles130899 folded before Flop (didn't bet)
Seat 2: Dorex2007 folded before Flop (didn't bet)
Seat 3: ERB600 folded before Flop (didn't bet)
Seat 4: Andrei777197 folded before Flop (didn't bet)
Seat 5: LblCbli666 (button) showed [7d 6d] and won ($0.12) with two pair, Tens and Sevens
Seat 6: h1724 (small blind) showed [Kh 3s] and lost with a pair of Tens
Seat 7: Luke Duarte (big blind) showed [Kd As] and lost with a pair of Tens
Seat 8: JD550 folded before Flop (didn't bet)



PokerStars Hand #230311815694:  Hold'em No Limit ($0.01/$0.02 USD) - 2021/10/02 20:32:16 PT [2021/10/02 23:32:16 ET]
Table 'Amicitia II' 9-max Seat #6 is the button
Seat 1: telles130899 ($1.27 in chips) 
Seat 2: Dorex2007 ($2.02 in chips) 
Seat 3: ERB600 ($4.20 in chips) 
Seat 4: Andrei777197 ($3.52 in chips) 
Seat 5: LblCbli666 ($9.69 in chips) 
Seat 6: h1724 ($2.74 in chips) 
Seat 7: Luke Duarte ($2.08 in chips) 
Seat 8: JD550 ($1.32 in chips) 
Luke Duarte: posts small blind $0.01
JD550: posts big blind $0.02
Trader PK: sits out 
*** HOLE CARDS ***
Dealt to Dorex2007 [4s 9s]
telles130899: calls $0.02
Dorex2007: folds 
ERB600: calls $0.02
Andrei777197: folds 
LblCbli666: folds 
h1724: calls $0.02
Luke Duarte: folds 
JD550: checks 
*** FLOP *** [5d Td 6h]
JD550: checks 
telles130899: checks 
ERB600: checks 
h1724: checks 
*** TURN *** [5d Td 6h] [Tc]
JD550: checks 
telles130899: checks 
ERB600: checks 
h1724: checks 
*** RIVER *** [5d Td 6h Tc] [5c]
JD550: checks 
telles130899: checks 
ERB600: checks 
h1724: checks 
*** SHOW DOWN ***
JD550: shows [Qs Jh] (two pair, Tens and Fives)
telles130899: shows [4h Ad] (two pair, Tens and Fives - Ace kicker)
ERB600: shows [Ac 3c] (two pair, Tens and Fives)
h1724: mucks hand 
telles130899 collected $0.05 from pot
ERB600 collected $0.04 from pot
*** SUMMARY ***
Total pot $0.09 | Rake $0 
Board [5d Td 6h Tc 5c]
Seat 1: telles130899 showed [4h Ad] and won ($0.05) with two pair, Tens and Fives
Seat 2: Dorex2007 folded before Flop (didn't bet)
Seat 3: ERB600 showed [Ac 3c] and won ($0.04) with two pair, Tens and Fives
Seat 4: Andrei777197 folded before Flop (didn't bet)
Seat 5: LblCbli666 folded before Flop (didn't bet)
Seat 6: h1724 (button) mucked [Qh 2h]
Seat 7: Luke Duarte (small blind) folded before Flop
Seat 8: JD550 (big blind) showed [Qs Jh] and lost with two pair, Tens and Fives



PokerStars Hand #230311827918:  Hold'em No Limit ($0.01/$0.02 USD) - 2021/10/02 20:33:24 PT [2021/10/02 23:33:24 ET]
Table 'Amicitia II' 9-max Seat #7 is the button
Seat 1: telles130899 ($1.30 in chips) 
Seat 2: Dorex2007 ($2.02 in chips) 
Seat 3: ERB600 ($4.22 in chips) 
Seat 4: Andrei777197 ($3.52 in chips) 
Seat 5: LblCbli666 ($9.69 in chips) 
Seat 6: h1724 ($2.72 in chips) 
Seat 7: Luke Duarte ($2.07 in chips) 
Seat 8: JD550 ($1.30 in chips) 
Seat 9: Trader PK ($2 in chips) 
JD550: posts small blind $0.01
Trader PK: posts big blind $0.02
*** HOLE CARDS ***
Dealt to Dorex2007 [6c 8c]
telles130899: folds 
Dorex2007: folds 
ERB600: folds 
Andrei777197: calls $0.02
LblCbli666: folds 
h1724: folds 
Luke Duarte: folds 
JD550: calls $0.01
Trader PK: checks 
*** FLOP *** [3s As Qd]
h1724 leaves the table
JD550: checks 
Trader PK: checks 
Catalonec013 joins the table at seat #6 
Andrei777197: checks 
*** TURN *** [3s As Qd] [5d]
JD550: checks 
Catalonec013 leaves the table
Trader PK: checks 
Andrei777197: checks 
*** RIVER *** [3s As Qd 5d] [3h]
JD550: checks 
Trader PK: checks 
Andrei777197: checks 
*** SHOW DOWN ***
JD550: shows [5h 8h] (two pair, Fives and Threes)
Trader PK: mucks hand 
Andrei777197: mucks hand 
JD550 collected $0.06 from pot
*** SUMMARY ***
Total pot $0.06 | Rake $0 
Board [3s As Qd 5d 3h]
Seat 1: telles130899 folded before Flop (didn't bet)
Seat 2: Dorex2007 folded before Flop (didn't bet)
Seat 3: ERB600 folded before Flop (didn't bet)
Seat 4: Andrei777197 mucked [9s Jc]
Seat 5: LblCbli666 folded before Flop (didn't bet)
Seat 6: h1724 folded before Flop (didn't bet)
Seat 7: Luke Duarte (button) folded before Flop (didn't bet)
Seat 8: JD550 (small blind) showed [5h 8h] and won ($0.06) with two pair, Fives and Threes
Seat 9: Trader PK (big blind) mucked [4d 8d]



PokerStars Hand #230311841120:  Hold'em No Limit ($0.01/$0.02 USD) - 2021/10/02 20:34:21 PT [2021/10/02 23:34:21 ET]
Table 'Amicitia II' 9-max Seat #8 is the button
Seat 1: telles130899 ($1.30 in chips) 
Seat 2: Dorex2007 ($2.02 in chips) 
Seat 3: ERB600 ($4.22 in chips) 
Seat 4: Andrei777197 ($3.50 in chips) 
Seat 5: LblCbli666 ($9.69 in chips) 
Seat 7: Luke Duarte ($2.07 in chips) 
Seat 8: JD550 ($1.34 in chips) 
Seat 9: Trader PK ($1.98 in chips) 
Trader PK: posts small blind $0.01
telles130899: posts big blind $0.02
*** HOLE CARDS ***
Dealt to Dorex2007 [6d 8s]
Dorex2007: folds 
ERB600: calls $0.02
jimenez787 joins the table at seat #6 
Andrei777197 has timed out
Andrei777197: folds 
LblCbli666: folds 
Luke Duarte: folds 
JD550: calls $0.02
Trader PK: folds 
telles130899: checks 
*** FLOP *** [6h 7c Js]
telles130899: checks 
ERB600: checks 
JD550: checks 
*** TURN *** [6h 7c Js] [4h]
telles130899: checks 
ERB600: checks 
JD550: checks 
*** RIVER *** [6h 7c Js 4h] [7h]
telles130899: bets $0.08
ERB600: folds 
JD550: folds 
Uncalled bet ($0.08) returned to telles130899
telles130899 collected $0.07 from pot
telles130899: doesn't show hand 
*** SUMMARY ***
Total pot $0.07 | Rake $0 
Board [6h 7c Js 4h 7h]
Seat 1: telles130899 (big blind) collected ($0.07)
Seat 2: Dorex2007 folded before Flop (didn't bet)
Seat 3: ERB600 folded on the River
Seat 4: Andrei777197 folded before Flop (didn't bet)
Seat 5: LblCbli666 folded before Flop (didn't bet)
Seat 7: Luke Duarte folded before Flop (didn't bet)
Seat 8: JD550 (button) folded on the River
Seat 9: Trader PK (small blind) folded before Flop



PokerStars Hand #230311850205:  Hold'em No Limit ($0.01/$0.02 USD) - 2021/10/02 20:35:13 PT [2021/10/02 23:35:13 ET]
Table 'Amicitia II' 9-max Seat #9 is the button
Seat 1: telles130899 ($1.35 in chips) 
Seat 2: Dorex2007 ($2.02 in chips) 
Seat 3: ERB600 ($4.20 in chips) 
Seat 4: Andrei777197 ($3.50 in chips) 
Seat 5: LblCbli666 ($9.69 in chips) 
Seat 7: Luke Duarte ($2.07 in chips) 
Seat 8: JD550 ($1.32 in chips) 
Seat 9: Trader PK ($1.97 in chips) 
telles130899: posts small blind $0.01
Dorex2007: posts big blind $0.02
jimenez787: sits out 
*** HOLE CARDS ***
Dealt to Dorex2007 [5c Td]
ERB600: folds 
Andrei777197: calls $0.02
LblCbli666: folds 
Luke Duarte: folds 
JD550: folds 
ERB600 leaves the table
Trader PK: calls $0.02
telles130899: folds 
Dorex2007: checks 
*** FLOP *** [8h 6h Jh]
Dorex2007: checks 
Murere joins the table at seat #3 
Andrei777197: checks 
Trader PK: bets $0.02
Dorex2007: folds 
Andrei777197: folds 
Uncalled bet ($0.02) returned to Trader PK
Trader PK collected $0.07 from pot
Trader PK: doesn't show hand 
*** SUMMARY ***
Total pot $0.07 | Rake $0 
Board [8h 6h Jh]
Seat 1: telles130899 (small blind) folded before Flop
Seat 2: Dorex2007 (big blind) folded on the Flop
Seat 3: ERB600 folded before Flop (didn't bet)
Seat 4: Andrei777197 folded on the Flop
Seat 5: LblCbli666 folded before Flop (didn't bet)
Seat 7: Luke Duarte folded before Flop (didn't bet)
Seat 8: JD550 folded before Flop (didn't bet)
Seat 9: Trader PK (button) collected ($0.07)



PokerStars Hand #230311855971:  Hold'em No Limit ($0.01/$0.02 USD) - 2021/10/02 20:35:46 PT [2021/10/02 23:35:46 ET]
Table 'Amicitia II' 9-max Seat #1 is the button
Seat 1: telles130899 ($1.34 in chips) 
Seat 2: Dorex2007 ($2 in chips) 
Seat 3: Murere ($2 in chips) 
Seat 4: Andrei777197 ($3.48 in chips) 
Seat 5: LblCbli666 ($9.69 in chips) 
Seat 7: Luke Duarte ($2.07 in chips) 
Seat 8: JD550 ($1.32 in chips) 
Seat 9: Trader PK ($2.02 in chips) 
Dorex2007: posts small blind $0.01
Murere: posts big blind $0.02
jimenez787: sits out 
*** HOLE CARDS ***
Dealt to Dorex2007 [9s Jd]
Andrei777197: calls $0.02
LblCbli666: raises $0.09 to $0.11
Luke Duarte: folds 
JD550: folds 
Trader PK: folds 
telles130899: folds 
Dorex2007: folds 
Murere: folds 
Andrei777197: calls $0.09
*** FLOP *** [4h 8c 8s]
Andrei777197: bets $0.24
jimenez787 leaves the table
LblCbli666 has timed out
LblCbli666: folds 
Uncalled bet ($0.24) returned to Andrei777197
Andrei777197 collected $0.24 from pot
Andrei777197: doesn't show hand 
*** SUMMARY ***
Total pot $0.25 | Rake $0.01 
Board [4h 8c 8s]
Seat 1: telles130899 (button) folded before Flop (didn't bet)
Seat 2: Dorex2007 (small blind) folded before Flop
Seat 3: Murere (big blind) folded before Flop
Seat 4: Andrei777197 collected ($0.24)
Seat 5: LblCbli666 folded on the Flop
Seat 7: Luke Duarte folded before Flop (didn't bet)
Seat 8: JD550 folded before Flop (didn't bet)
Seat 9: Trader PK folded before Flop (didn't bet)



PokerStars Hand #230311872879:  Hold'em No Limit ($0.01/$0.02 USD) - 2021/10/02 20:37:23 PT [2021/10/02 23:37:23 ET]
Table 'Amicitia II' 9-max Seat #2 is the button
Seat 1: telles130899 ($1.34 in chips) 
Seat 2: Dorex2007 ($2 in chips) 
Seat 3: Murere ($1.98 in chips) 
Seat 4: Andrei777197 ($3.61 in chips) 
Seat 7: Luke Duarte ($2.07 in chips) 
Seat 8: JD550 ($1.32 in chips) 
Seat 9: Trader PK ($2.02 in chips) 
Murere: posts small blind $0.01
Andrei777197: posts big blind $0.02
*** HOLE CARDS ***
Dealt to Dorex2007 [6c Ts]
Luke Duarte: folds 
JD550: calls $0.02
Trader PK: calls $0.02
telles130899: calls $0.02
Dorex2007: folds 
Murere: calls $0.01
Andrei777197: checks 
*** FLOP *** [Ad Th 6h]
Murere: checks 
Andrei777197: checks 
JD550: checks 
bigcjmitch joins the table at seat #6 
Trader PK: bets $0.02
telles130899: calls $0.02
Murere: calls $0.02
Andrei777197: folds 
JD550: folds 
*** TURN *** [Ad Th 6h] [4c]
Murere: checks 
Trader PK: checks 
telles130899: checks 
*** RIVER *** [Ad Th 6h 4c] [5s]
Murere: bets $0.15
Trader PK: folds 
telles130899: folds 
Uncalled bet ($0.15) returned to Murere
Murere collected $0.15 from pot
Murere: doesn't show hand 
*** SUMMARY ***
Total pot $0.16 | Rake $0.01 
Board [Ad Th 6h 4c 5s]
Seat 1: telles130899 folded on the River
Seat 2: Dorex2007 (button) folded before Flop (didn't bet)
Seat 3: Murere (small blind) collected ($0.15)
Seat 4: Andrei777197 (big blind) folded on the Flop
Seat 7: Luke Duarte folded before Flop (didn't bet)
Seat 8: JD550 folded on the Flop
Seat 9: Trader PK folded on the River



PokerStars Hand #230311888392:  Hold'em No Limit ($0.01/$0.02 USD) - 2021/10/02 20:38:51 PT [2021/10/02 23:38:51 ET]
Table 'Amicitia II' 9-max Seat #3 is the button
Seat 1: telles130899 ($1.30 in chips) 
Seat 2: Dorex2007 ($2 in chips) 
Seat 3: Murere ($2.09 in chips) 
Seat 4: Andrei777197 ($3.59 in chips) 
Seat 5: LblCbli666 ($9.58 in chips) 
Seat 6: bigcjmitch ($2 in chips) 
Seat 7: Luke Duarte ($2.07 in chips) 
Seat 8: JD550 ($1.30 in chips) 
Seat 9: Trader PK ($1.98 in chips) 
Andrei777197: posts small blind $0.01
LblCbli666: posts big blind $0.02
bigcjmitch: posts big blind $0.02
*** HOLE CARDS ***
Dealt to Dorex2007 [Ac Kc]
bigcjmitch: checks 
Luke Duarte: folds 
JD550: folds 
Trader PK: calls $0.02
telles130899 has timed out
telles130899: folds 
Dorex2007: raises $0.16 to $0.18
Murere: folds 
Andrei777197: folds 
LblCbli666: folds 
bigcjmitch: folds 
Trader PK: folds 
Uncalled bet ($0.16) returned to Dorex2007
bigcjmitch leaves the table
Dorex2007 collected $0.09 from pot
Dorex2007: doesn't show hand 
*** SUMMARY ***
Total pot $0.09 | Rake $0 
Seat 1: telles130899 folded before Flop (didn't bet)
Seat 2: Dorex2007 collected ($0.09)
Seat 3: Murere (button) folded before Flop (didn't bet)
Seat 4: Andrei777197 (small blind) folded before Flop
Seat 5: LblCbli666 (big blind) folded before Flop
Seat 6: bigcjmitch folded before Flop (didn't bet)
Seat 7: Luke Duarte folded before Flop (didn't bet)
Seat 8: JD550 folded before Flop (didn't bet)
Seat 9: Trader PK folded before Flop



PokerStars Hand #230311896613:  Hold'em No Limit ($0.01/$0.02 USD) - 2021/10/02 20:39:38 PT [2021/10/02 23:39:38 ET]
Table 'Amicitia II' 9-max Seat #4 is the button
Seat 1: telles130899 ($1.30 in chips) 
Seat 2: Dorex2007 ($2.07 in chips) 
Seat 3: Murere ($2.09 in chips) 
Seat 4: Andrei777197 ($3.58 in chips) 
Seat 5: LblCbli666 ($9.56 in chips) 
Seat 7: Luke Duarte ($2.07 in chips) 
Seat 8: JD550 ($1.30 in chips) 
Seat 9: Trader PK ($1.96 in chips) 
LblCbli666: posts small blind $0.01
Luke Duarte: posts big blind $0.02
*** HOLE CARDS ***
Dealt to Dorex2007 [8s 4s]
JD550: folds 
Trader PK: folds 
telles130899: calls $0.02
Dorex2007: folds 
Murere: calls $0.02
Andrei777197: folds 
LblCbli666: folds 
Luke Duarte: checks 
*** FLOP *** [7c 6h 8d]
Cowboydopokers joins the table at seat #6 
Luke Duarte: checks 
telles130899: checks 
Murere: checks 
*** TURN *** [7c 6h 8d] [2h]
Luke Duarte: checks 
telles130899: checks 
Murere: checks 
*** RIVER *** [7c 6h 8d 2h] [7d]
Luke Duarte: checks 
telles130899: checks 
Murere: checks 
*** SHOW DOWN ***
Luke Duarte: shows [Jd 8h] (two pair, Eights and Sevens)
telles130899: mucks hand 
Murere: mucks hand 
Luke Duarte collected $0.07 from pot
*** SUMMARY ***
Total pot $0.07 | Rake $0 
Board [7c 6h 8d 2h 7d]
Seat 1: telles130899 mucked [Th 5h]
Seat 2: Dorex2007 folded before Flop (didn't bet)
Seat 3: Murere mucked [2d 5d]
Seat 4: Andrei777197 (button) folded before Flop (didn't bet)
Seat 5: LblCbli666 (small blind) folded before Flop
Seat 7: Luke Duarte (big blind) showed [Jd 8h] and won ($0.07) with two pair, Eights and Sevens
Seat 8: JD550 folded before Flop (didn't bet)
Seat 9: Trader PK folded before Flop (didn't bet)



PokerStars Hand #230311906917:  Hold'em No Limit ($0.01/$0.02 USD) - 2021/10/02 20:40:36 PT [2021/10/02 23:40:36 ET]
Table 'Amicitia II' 9-max Seat #5 is the button
Seat 1: telles130899 ($1.28 in chips) 
Seat 2: Dorex2007 ($2.07 in chips) 
Seat 3: Murere ($2.07 in chips) 
Seat 4: Andrei777197 ($3.58 in chips) 
Seat 5: LblCbli666 ($9.55 in chips) 
Seat 7: Luke Duarte ($2.12 in chips) 
Seat 8: JD550 ($1.30 in chips) 
Seat 9: Trader PK ($1.96 in chips) 
Luke Duarte: posts small blind $0.01
JD550: posts big blind $0.02
*** HOLE CARDS ***
Dealt to Dorex2007 [9h Qd]
Trader PK: folds 
telles130899: folds 
Dorex2007: folds 
Murere: folds 
Andrei777197: folds 
Andrei777197 leaves the table
LblCbli666: folds 
telles130899 leaves the table
Luke Duarte: folds 
Uncalled bet ($0.01) returned to JD550
JD550 collected $0.02 from pot
JD550: doesn't show hand 
*** SUMMARY ***
Total pot $0.02 | Rake $0 
Seat 1: telles130899 folded before Flop (didn't bet)
Seat 2: Dorex2007 folded before Flop (didn't bet)
Seat 3: Murere folded before Flop (didn't bet)
Seat 4: Andrei777197 folded before Flop (didn't bet)
Seat 5: LblCbli666 (button) folded before Flop (didn't bet)
Seat 7: Luke Duarte (small blind) folded before Flop
Seat 8: JD550 (big blind) collected ($0.02)
Seat 9: Trader PK folded before Flop (didn't bet)



PokerStars Hand #230311911858:  Hold'em No Limit ($0.01/$0.02 USD) - 2021/10/02 20:41:04 PT [2021/10/02 23:41:04 ET]
Table 'Amicitia II' 9-max Seat #7 is the button
Seat 2: Dorex2007 ($2.07 in chips) 
Seat 3: Murere ($2.07 in chips) 
Seat 5: LblCbli666 ($9.55 in chips) 
Seat 6: Cowboydopokers ($1.03 in chips) 
Seat 7: Luke Duarte ($2.11 in chips) 
Seat 8: JD550 ($1.31 in chips) 
Seat 9: Trader PK ($2 in chips) 
JD550: posts small blind $0.01
Trader PK: posts big blind $0.02
Cowboydopokers: posts big blind $0.02
*** HOLE CARDS ***
Dealt to Dorex2007 [5s 6d]
Dorex2007: folds 
Murere: folds 
LblCbli666: calls $0.02
Cowboydopokers: checks 
Luke Duarte: folds 
JD550: raises $0.08 to $0.10
Trader PK: folds 
LblCbli666: folds 
motor3500 joins the table at seat #1 
Cowboydopokers: calls $0.08
*** FLOP *** [2c 2d 4s]
JD550: bets $0.16
Cowboydopokers: folds 
Uncalled bet ($0.16) returned to JD550
JD550 collected $0.23 from pot
JD550: doesn't show hand 
*** SUMMARY ***
Total pot $0.24 | Rake $0.01 
Board [2c 2d 4s]
Seat 2: Dorex2007 folded before Flop (didn't bet)
Seat 3: Murere folded before Flop (didn't bet)
Seat 5: LblCbli666 folded before Flop
Seat 6: Cowboydopokers folded on the Flop
Seat 7: Luke Duarte (button) folded before Flop (didn't bet)
Seat 8: JD550 (small blind) collected ($0.23)
Seat 9: Trader PK (big blind) folded before Flop



PokerStars Hand #230311926054:  Hold'em No Limit ($0.01/$0.02 USD) - 2021/10/02 20:41:56 PT [2021/10/02 23:41:56 ET]
Table 'Amicitia II' 9-max Seat #8 is the button
Seat 1: motor3500 ($1 in chips) 
Seat 2: Dorex2007 ($2.07 in chips) 
Seat 3: Murere ($2.07 in chips) 
Seat 5: LblCbli666 ($9.53 in chips) 
Seat 6: Cowboydopokers ($0.93 in chips) 
Seat 7: Luke Duarte ($2.11 in chips) 
Seat 8: JD550 ($1.44 in chips) 
Seat 9: Trader PK ($1.98 in chips) 
Trader PK: posts small blind $0.01
motor3500: posts big blind $0.02
*** HOLE CARDS ***
Dealt to Dorex2007 [2c 8h]
Dorex2007: folds 
Murere: folds 
LblCbli666: folds 
Cowboydopokers: folds 
Luke Duarte: folds 
JD550: folds 
Trader PK: folds 
Uncalled bet ($0.01) returned to motor3500
motor3500 collected $0.02 from pot
motor3500: doesn't show hand 
*** SUMMARY ***
Total pot $0.02 | Rake $0 
Seat 1: motor3500 (big blind) collected ($0.02)
Seat 2: Dorex2007 folded before Flop (didn't bet)
Seat 3: Murere folded before Flop (didn't bet)
Seat 5: LblCbli666 folded before Flop (didn't bet)
Seat 6: Cowboydopokers folded before Flop (didn't bet)
Seat 7: Luke Duarte folded before Flop (didn't bet)
Seat 8: JD550 (button) folded before Flop (didn't bet)
Seat 9: Trader PK (small blind) folded before Flop



PokerStars Hand #230311928874:  Hold'em No Limit ($0.01/$0.02 USD) - 2021/10/02 20:42:12 PT [2021/10/02 23:42:12 ET]
Table 'Amicitia II' 9-max Seat #9 is the button
Seat 1: motor3500 ($1.01 in chips) 
Seat 2: Dorex2007 ($2.07 in chips) 
Seat 3: Murere ($2.07 in chips) 
Seat 5: LblCbli666 ($9.53 in chips) 
Seat 6: Cowboydopokers ($0.93 in chips) 
Seat 7: Luke Duarte ($2.11 in chips) 
Seat 8: JD550 ($1.44 in chips) 
Seat 9: Trader PK ($1.97 in chips) 
motor3500: posts small blind $0.01
Dorex2007: posts big blind $0.02
*** HOLE CARDS ***
Dealt to Dorex2007 [Ad 7s]
Murere: folds 
LblCbli666: folds 
Cowboydopokers: calls $0.02
Luke Duarte: folds 
JD550: folds 
Trader PK: folds 
motor3500: raises $0.02 to $0.04
Dorex2007: folds 
Cowboydopokers: calls $0.02
*** FLOP *** [3s 9c 6h]
motor3500: bets $0.04
Cowboydopokers: calls $0.04
*** TURN *** [3s 9c 6h] [Ac]
motor3500: checks 
Cowboydopokers: checks 
*** RIVER *** [3s 9c 6h Ac] [6s]
motor3500: bets $0.09
Cowboydopokers: folds 
Uncalled bet ($0.09) returned to motor3500
motor3500 collected $0.17 from pot
motor3500: doesn't show hand 
*** SUMMARY ***
Total pot $0.18 | Rake $0.01 
Board [3s 9c 6h Ac 6s]
Seat 1: motor3500 (small blind) collected ($0.17)
Seat 2: Dorex2007 (big blind) folded before Flop
Seat 3: Murere folded before Flop (didn't bet)
Seat 5: LblCbli666 folded before Flop (didn't bet)
Seat 6: Cowboydopokers folded on the River
Seat 7: Luke Duarte folded before Flop (didn't bet)
Seat 8: JD550 folded before Flop (didn't bet)
Seat 9: Trader PK (button) folded before Flop (didn't bet)



PokerStars Hand #230311937056:  Hold'em No Limit ($0.01/$0.02 USD) - 2021/10/02 20:42:58 PT [2021/10/02 23:42:58 ET]
Table 'Amicitia II' 9-max Seat #1 is the button
Seat 1: motor3500 ($1.10 in chips) 
Seat 2: Dorex2007 ($2.05 in chips) 
Seat 3: Murere ($2.07 in chips) 
Seat 5: LblCbli666 ($9.53 in chips) 
Seat 6: Cowboydopokers ($0.85 in chips) 
Seat 7: Luke Duarte ($2.11 in chips) 
Seat 8: JD550 ($1.44 in chips) 
Seat 9: Trader PK ($1.97 in chips) 
Dorex2007: posts small blind $0.01
Murere: posts big blind $0.02
*** HOLE CARDS ***
Dealt to Dorex2007 [2d Ah]
LblCbli666: folds 
Cowboydopokers: calls $0.02
Luke Duarte: folds 
JD550: calls $0.02
Trader PK: folds 
motor3500: folds 
Dorex2007: folds 
Murere: checks 
*** FLOP *** [7h Jd 3c]
Murere: checks 
Cowboydopokers: checks 
JD550: checks 
*** TURN *** [7h Jd 3c] [3d]
Murere: checks 
Cowboydopokers: checks 
JD550: checks 
*** RIVER *** [7h Jd 3c 3d] [Ks]
Murere: checks 
Cowboydopokers: checks 
JD550: bets $0.04
Murere: folds 
Cowboydopokers: folds 
Uncalled bet ($0.04) returned to JD550
JD550 collected $0.07 from pot
JD550: doesn't show hand 
*** SUMMARY ***
Total pot $0.07 | Rake $0 
Board [7h Jd 3c 3d Ks]
Seat 1: motor3500 (button) folded before Flop (didn't bet)
Seat 2: Dorex2007 (small blind) folded before Flop
Seat 3: Murere (big blind) folded on the River
Seat 5: LblCbli666 folded before Flop (didn't bet)
Seat 6: Cowboydopokers folded on the River
Seat 7: Luke Duarte folded before Flop (didn't bet)
Seat 8: JD550 collected ($0.07)
Seat 9: Trader PK folded before Flop (didn't bet)



PokerStars Hand #230311946435:  Hold'em No Limit ($0.01/$0.02 USD) - 2021/10/02 20:43:52 PT [2021/10/02 23:43:52 ET]
Table 'Amicitia II' 9-max Seat #2 is the button
Seat 1: motor3500 ($1.10 in chips) 
Seat 2: Dorex2007 ($2.04 in chips) 
Seat 3: Murere ($2.05 in chips) 
Seat 5: LblCbli666 ($9.53 in chips) 
Seat 6: Cowboydopokers ($0.83 in chips) 
Seat 7: Luke Duarte ($2.11 in chips) 
Seat 8: JD550 ($1.49 in chips) 
Seat 9: Trader PK ($1.97 in chips) 
Murere: posts small blind $0.01
LblCbli666: posts big blind $0.02
*** HOLE CARDS ***
Dealt to Dorex2007 [3s Qd]
Cowboydopokers: folds 
Luke Duarte: folds 
JD550: folds 
Trader PK: folds 
motor3500: folds 
Dorex2007: folds 
Murere: calls $0.01
LblCbli666: checks 
*** FLOP *** [8s 2h 4s]
Murere: bets $0.02
LblCbli666: folds 
Uncalled bet ($0.02) returned to Murere
Murere collected $0.04 from pot
Murere: doesn't show hand 
*** SUMMARY ***
Total pot $0.04 | Rake $0 
Board [8s 2h 4s]
Seat 1: motor3500 folded before Flop (didn't bet)
Seat 2: Dorex2007 (button) folded before Flop (didn't bet)
Seat 3: Murere (small blind) collected ($0.04)
Seat 5: LblCbli666 (big blind) folded on the Flop
Seat 6: Cowboydopokers folded before Flop (didn't bet)
Seat 7: Luke Duarte folded before Flop (didn't bet)
Seat 8: JD550 folded before Flop (didn't bet)
Seat 9: Trader PK folded before Flop (didn't bet)



PokerStars Hand #230311953463:  Hold'em No Limit ($0.01/$0.02 USD) - 2021/10/02 20:44:15 PT [2021/10/02 23:44:15 ET]
Table 'Amicitia II' 9-max Seat #3 is the button
Seat 1: motor3500 ($1.10 in chips) 
Seat 2: Dorex2007 ($2.04 in chips) 
Seat 3: Murere ($2.07 in chips) 
Seat 5: LblCbli666 ($9.51 in chips) 
Seat 6: Cowboydopokers ($0.83 in chips) 
Seat 7: Luke Duarte ($2.11 in chips) 
Seat 8: JD550 ($1.49 in chips) 
Seat 9: Trader PK ($1.97 in chips) 
LblCbli666: posts small blind $0.01
Cowboydopokers: posts big blind $0.02
*** HOLE CARDS ***
Dealt to Dorex2007 [4c Kd]
Luke Duarte: folds 
JD550: calls $0.02
Trader PK: folds 
motor3500: folds 
Dorex2007: folds 
Murere: folds 
LblCbli666: folds 
Cowboydopokers: checks 
*** FLOP *** [4d As 8s]
Cowboydopokers: checks 
JD550: bets $0.04
Cowboydopokers: calls $0.04
*** TURN *** [4d As 8s] [2c]
Cowboydopokers: checks 
JD550: bets $0.07
Cowboydopokers: calls $0.07
*** RIVER *** [4d As 8s 2c] [5d]
Cowboydopokers: checks 
JD550: checks 
*** SHOW DOWN ***
Cowboydopokers: shows [7c 5c] (a pair of Fives)
JD550: shows [Ks Ad] (a pair of Aces)
JD550 collected $0.26 from pot
*** SUMMARY ***
Total pot $0.27 | Rake $0.01 
Board [4d As 8s 2c 5d]
Seat 1: motor3500 folded before Flop (didn't bet)
Seat 2: Dorex2007 folded before Flop (didn't bet)
Seat 3: Murere (button) folded before Flop (didn't bet)
Seat 5: LblCbli666 (small blind) folded before Flop
Seat 6: Cowboydopokers (big blind) showed [7c 5c] and lost with a pair of Fives
Seat 7: Luke Duarte folded before Flop (didn't bet)
Seat 8: JD550 showed [Ks Ad] and won ($0.26) with a pair of Aces
Seat 9: Trader PK folded before Flop (didn't bet)



PokerStars Hand #230311962237:  Hold'em No Limit ($0.01/$0.02 USD) - 2021/10/02 20:45:06 PT [2021/10/02 23:45:06 ET]
Table 'Amicitia II' 9-max Seat #5 is the button
Seat 1: motor3500 ($1.10 in chips) 
Seat 2: Dorex2007 ($2.04 in chips) 
Seat 3: Murere ($2.07 in chips) 
Seat 5: LblCbli666 ($9.50 in chips) 
Seat 6: Cowboydopokers ($0.70 in chips) 
Seat 7: Luke Duarte ($2.11 in chips) 
Seat 8: JD550 ($1.62 in chips) 
Seat 9: Trader PK ($1.97 in chips) 
Cowboydopokers: posts small blind $0.01
Luke Duarte: posts big blind $0.02
*** HOLE CARDS ***
Dealt to Dorex2007 [Td 6c]
JD550: folds 
mr.van-ov joins the table at seat #4 
Trader PK: folds 
motor3500: folds 
Dorex2007: folds 
Murere: calls $0.02
LblCbli666: folds 
Cowboydopokers: calls $0.01
Luke Duarte: checks 
*** FLOP *** [Qd 4c Ad]
Cowboydopokers: checks 
Luke Duarte: checks 
Murere: checks 
*** TURN *** [Qd 4c Ad] [9h]
Cowboydopokers: checks 
Luke Duarte: checks 
Murere: checks 
*** RIVER *** [Qd 4c Ad 9h] [4s]
Cowboydopokers: bets $0.04
Luke Duarte: folds 
Murere: calls $0.04
*** SHOW DOWN ***
Cowboydopokers: shows [4d Js] (three of a kind, Fours)
Murere: mucks hand 
Cowboydopokers collected $0.14 from pot
*** SUMMARY ***
Total pot $0.14 | Rake $0 
Board [Qd 4c Ad 9h 4s]
Seat 1: motor3500 folded before Flop (didn't bet)
Seat 2: Dorex2007 folded before Flop (didn't bet)
Seat 3: Murere mucked [Ac Kc]
Seat 5: LblCbli666 (button) folded before Flop (didn't bet)
Seat 6: Cowboydopokers (small blind) showed [4d Js] and won ($0.14) with three of a kind, Fours
Seat 7: Luke Duarte (big blind) folded on the River
Seat 8: JD550 folded before Flop (didn't bet)
Seat 9: Trader PK folded before Flop (didn't bet)



PokerStars Hand #230311969627:  Hold'em No Limit ($0.01/$0.02 USD) - 2021/10/02 20:45:49 PT [2021/10/02 23:45:49 ET]
Table 'Amicitia II' 9-max Seat #6 is the button
Seat 1: motor3500 ($1.10 in chips) 
Seat 2: Dorex2007 ($2.04 in chips) 
Seat 3: Murere ($2.01 in chips) 
Seat 5: LblCbli666 ($9.50 in chips) 
Seat 6: Cowboydopokers ($0.78 in chips) 
Seat 7: Luke Duarte ($2.09 in chips) 
Seat 8: JD550 ($1.62 in chips) 
Seat 9: Trader PK ($1.97 in chips) 
Luke Duarte: posts small blind $0.01
JD550: posts big blind $0.02
mr.van-ov: sits out 
*** HOLE CARDS ***
Dealt to Dorex2007 [6h 5h]
Trader PK: folds 
motor3500: raises $0.02 to $0.04
Dorex2007: folds 
Murere: folds 
LblCbli666: folds 
Cowboydopokers: calls $0.04
Luke Duarte: calls $0.03
JD550: calls $0.02
*** FLOP *** [6c 8s 7d]
Luke Duarte: checks 
JD550: bets $1.58 and is all-in
motor3500: folds 
Cowboydopokers: folds 
Luke Duarte: folds 
Uncalled bet ($1.58) returned to JD550
JD550 collected $0.15 from pot
JD550: doesn't show hand 
*** SUMMARY ***
Total pot $0.16 | Rake $0.01 
Board [6c 8s 7d]
Seat 1: motor3500 folded on the Flop
Seat 2: Dorex2007 folded before Flop (didn't bet)
Seat 3: Murere folded before Flop (didn't bet)
Seat 5: LblCbli666 folded before Flop (didn't bet)
Seat 6: Cowboydopokers (button) folded on the Flop
Seat 7: Luke Duarte (small blind) folded on the Flop
Seat 8: JD550 (big blind) collected ($0.15)
Seat 9: Trader PK folded before Flop (didn't bet)



PokerStars Hand #230311975700:  Hold'em No Limit ($0.01/$0.02 USD) - 2021/10/02 20:46:24 PT [2021/10/02 23:46:24 ET]
Table 'Amicitia II' 9-max Seat #7 is the button
Seat 1: motor3500 ($1.06 in chips) 
Seat 2: Dorex2007 ($2.04 in chips) 
Seat 3: Murere ($2.01 in chips) 
Seat 5: LblCbli666 ($9.50 in chips) 
Seat 6: Cowboydopokers ($0.74 in chips) 
Seat 7: Luke Duarte ($2.05 in chips) 
Seat 8: JD550 ($1.73 in chips) 
Seat 9: Trader PK ($1.97 in chips) 
JD550: posts small blind $0.01
Trader PK: posts big blind $0.02
mr.van-ov: sits out 
*** HOLE CARDS ***
Dealt to Dorex2007 [Ks 3s]
motor3500: folds 
Dorex2007: folds 
Murere: calls $0.02
LblCbli666: folds 
Cowboydopokers: calls $0.02
Luke Duarte: folds 
JD550: folds 
Trader PK: raises $0.02 to $0.04
Murere: calls $0.02
Cowboydopokers: calls $0.02
*** FLOP *** [Qd 6c 4h]
Trader PK: checks 
Murere: checks 
Cowboydopokers: checks 
*** TURN *** [Qd 6c 4h] [6h]
Trader PK: bets $0.02
Murere: folds 
Cowboydopokers: folds 
Uncalled bet ($0.02) returned to Trader PK
Trader PK collected $0.13 from pot
Trader PK: doesn't show hand 
*** SUMMARY ***
Total pot $0.13 | Rake $0 
Board [Qd 6c 4h 6h]
Seat 1: motor3500 folded before Flop (didn't bet)
Seat 2: Dorex2007 folded before Flop (didn't bet)
Seat 3: Murere folded on the Turn
Seat 5: LblCbli666 folded before Flop (didn't bet)
Seat 6: Cowboydopokers folded on the Turn
Seat 7: Luke Duarte (button) folded before Flop (didn't bet)
Seat 8: JD550 (small blind) folded before Flop
Seat 9: Trader PK (big blind) collected ($0.13)



PokerStars Hand #230311984068:  Hold'em No Limit ($0.01/$0.02 USD) - 2021/10/02 20:47:13 PT [2021/10/02 23:47:13 ET]
Table 'Amicitia II' 9-max Seat #8 is the button
Seat 1: motor3500 ($1.06 in chips) 
Seat 2: Dorex2007 ($2.04 in chips) 
Seat 3: Murere ($1.97 in chips) 
Seat 5: LblCbli666 ($9.50 in chips) 
Seat 6: Cowboydopokers ($0.70 in chips) 
Seat 7: Luke Duarte ($2.05 in chips) 
Seat 8: JD550 ($1.72 in chips) 
Seat 9: Trader PK ($2.06 in chips) 
Trader PK: posts small blind $0.01
motor3500: posts big blind $0.02
mr.van-ov: sits out 
*** HOLE CARDS ***
Dealt to Dorex2007 [2d 7s]
Dorex2007: folds 
Murere: folds 
LblCbli666: folds 
Cowboydopokers: calls $0.02
Luke Duarte: folds 
JD550: folds 
Trader PK: calls $0.01
motor3500: checks 
*** FLOP *** [3h Td Th]
Trader PK: checks 
motor3500: checks 
Cowboydopokers: checks 
*** TURN *** [3h Td Th] [4d]
Trader PK: checks 
motor3500: checks 
Cowboydopokers: checks 
*** RIVER *** [3h Td Th 4d] [2h]
Trader PK: checks 
motor3500: checks 
Cowboydopokers: bets $0.04
Trader PK: folds 
motor3500: folds 
Uncalled bet ($0.04) returned to Cowboydopokers
Cowboydopokers collected $0.06 from pot
Cowboydopokers: doesn't show hand 
*** SUMMARY ***
Total pot $0.06 | Rake $0 
Board [3h Td Th 4d 2h]
Seat 1: motor3500 (big blind) folded on the River
Seat 2: Dorex2007 folded before Flop (didn't bet)
Seat 3: Murere folded before Flop (didn't bet)
Seat 5: LblCbli666 folded before Flop (didn't bet)
Seat 6: Cowboydopokers collected ($0.06)
Seat 7: Luke Duarte folded before Flop (didn't bet)
Seat 8: JD550 (button) folded before Flop (didn't bet)
Seat 9: Trader PK (small blind) folded on the River



PokerStars Hand #230311992616:  Hold'em No Limit ($0.01/$0.02 USD) - 2021/10/02 20:48:02 PT [2021/10/02 23:48:02 ET]
Table 'Amicitia II' 9-max Seat #9 is the button
Seat 1: motor3500 ($1.04 in chips) 
Seat 2: Dorex2007 ($2.04 in chips) 
Seat 3: Murere ($1.97 in chips) 
Seat 5: LblCbli666 ($9.50 in chips) 
Seat 6: Cowboydopokers ($0.74 in chips) 
Seat 7: Luke Duarte ($2.05 in chips) 
Seat 8: JD550 ($1.72 in chips) 
Seat 9: Trader PK ($2.04 in chips) 
motor3500: posts small blind $0.01
Dorex2007: posts big blind $0.02
mr.van-ov: sits out 
*** HOLE CARDS ***
Dealt to Dorex2007 [2c 8s]
Murere: folds 
LblCbli666: folds 
Cowboydopokers: folds 
Luke Duarte: folds 
JD550: folds 
Trader PK: folds 
motor3500: raises $0.02 to $0.04
Dorex2007: folds 
Uncalled bet ($0.02) returned to motor3500
motor3500 collected $0.04 from pot
motor3500: doesn't show hand 
Murere leaves the table
*** SUMMARY ***
Total pot $0.04 | Rake $0 
Seat 1: motor3500 (small blind) collected ($0.04)
Seat 2: Dorex2007 (big blind) folded before Flop
Seat 3: Murere folded before Flop (didn't bet)
Seat 5: LblCbli666 folded before Flop (didn't bet)
Seat 6: Cowboydopokers folded before Flop (didn't bet)
Seat 7: Luke Duarte folded before Flop (didn't bet)
Seat 8: JD550 folded before Flop (didn't bet)
Seat 9: Trader PK (button) folded before Flop (didn't bet)



PokerStars Hand #230311995756:  Hold'em No Limit ($0.01/$0.02 USD) - 2021/10/02 20:48:20 PT [2021/10/02 23:48:20 ET]
Table 'Amicitia II' 9-max Seat #1 is the button
Seat 1: motor3500 ($1.06 in chips) 
Seat 2: Dorex2007 ($2.02 in chips) 
Seat 4: mr.van-ov ($0.80 in chips) 
Seat 5: LblCbli666 ($9.50 in chips) 
Seat 6: Cowboydopokers ($0.74 in chips) 
Seat 7: Luke Duarte ($2.05 in chips) 
Seat 8: JD550 ($1.72 in chips) 
Seat 9: Trader PK ($2.04 in chips) 
Dorex2007: posts small blind $0.01
mr.van-ov: posts big blind $0.02
*** HOLE CARDS ***
Dealt to Dorex2007 [As Jd]
LblCbli666: calls $0.02
Cowboydopokers: folds 
Luke Duarte: folds 
JD550: folds 
Trader PK: calls $0.02
motor3500: folds 
Dorex2007: raises $0.04 to $0.06
Paty Doll726 joins the table at seat #3 
mr.van-ov: folds 
LblCbli666: folds 
Trader PK: calls $0.04
*** FLOP *** [6d 2s 2h]
Dorex2007: checks 
Trader PK: checks 
*** TURN *** [6d 2s 2h] [Qd]
Dorex2007: bets $0.15
Trader PK: folds 
Uncalled bet ($0.15) returned to Dorex2007
Dorex2007 collected $0.15 from pot
Dorex2007: doesn't show hand 
*** SUMMARY ***
Total pot $0.16 | Rake $0.01 
Board [6d 2s 2h Qd]
Seat 1: motor3500 (button) folded before Flop (didn't bet)
Seat 2: Dorex2007 (small blind) collected ($0.15)
Seat 4: mr.van-ov (big blind) folded before Flop
Seat 5: LblCbli666 folded before Flop
Seat 6: Cowboydopokers folded before Flop (didn't bet)
Seat 7: Luke Duarte folded before Flop (didn't bet)
Seat 8: JD550 folded before Flop (didn't bet)
Seat 9: Trader PK folded on the Turn



PokerStars Hand #230312003785:  Hold'em No Limit ($0.01/$0.02 USD) - 2021/10/02 20:49:07 PT [2021/10/02 23:49:07 ET]
Table 'Amicitia II' 9-max Seat #2 is the button
Seat 1: motor3500 ($1.06 in chips) 
Seat 2: Dorex2007 ($2.11 in chips) 
Seat 4: mr.van-ov ($0.80 in chips) 
Seat 5: LblCbli666 ($9.48 in chips) 
Seat 6: Cowboydopokers ($0.74 in chips) 
Seat 7: Luke Duarte ($2.05 in chips) 
Seat 8: JD550 ($1.72 in chips) 
Seat 9: Trader PK ($1.98 in chips) 
mr.van-ov: posts small blind $0.01
LblCbli666: posts big blind $0.02
*** HOLE CARDS ***
Dealt to Dorex2007 [5s 5h]
Cowboydopokers: folds 
Luke Duarte: folds 
JD550: folds 
Trader PK: folds 
Trader PK leaves the table
motor3500: raises $0.02 to $0.04
Dorex2007: calls $0.04
mr.van-ov: folds 
LblCbli666: folds 
*** FLOP *** [6h Tc 8c]
motor3500: bets $0.04
Dorex2007: calls $0.04
*** TURN *** [6h Tc 8c] [3d]
motor3500: bets $0.04
Dorex2007: calls $0.04
*** RIVER *** [6h Tc 8c 3d] [6s]
motor3500: bets $0.13
Dorex2007: folds 
Uncalled bet ($0.13) returned to motor3500
motor3500 collected $0.26 from pot
motor3500: doesn't show hand 
*** SUMMARY ***
Total pot $0.27 | Rake $0.01 
Board [6h Tc 8c 3d 6s]
Seat 1: motor3500 collected ($0.26)
Seat 2: Dorex2007 (button) folded on the River
Seat 4: mr.van-ov (small blind) folded before Flop
Seat 5: LblCbli666 (big blind) folded before Flop
Seat 6: Cowboydopokers folded before Flop (didn't bet)
Seat 7: Luke Duarte folded before Flop (didn't bet)
Seat 8: JD550 folded before Flop (didn't bet)
Seat 9: Trader PK folded before Flop (didn't bet)



PokerStars Hand #230312012078:  Hold'em No Limit ($0.01/$0.02 USD) - 2021/10/02 20:49:49 PT [2021/10/02 23:49:49 ET]
Table 'Amicitia II' 9-max Seat #4 is the button
Seat 1: motor3500 ($1.20 in chips) 
Seat 2: Dorex2007 ($2 in chips) 
Seat 3: Paty Doll726 ($0.80 in chips) 
Seat 4: mr.van-ov ($0.80 in chips) 
Seat 5: LblCbli666 ($9.46 in chips) 
Seat 6: Cowboydopokers ($0.74 in chips) 
Seat 7: Luke Duarte ($2.05 in chips) 
Seat 8: JD550 ($1.72 in chips) 
LblCbli666: posts small blind $0.01
Cowboydopokers: posts big blind $0.02
Paty Doll726: posts big blind $0.02
*** HOLE CARDS ***
Dealt to Dorex2007 [Ah 7c]
Luke Duarte: folds 
JD550: folds 
motor3500: raises $0.02 to $0.04
Dorex2007: folds 
Paty Doll726: calls $0.02
mr.van-ov: folds 
7bear-grin7 joins the table at seat #9 
LblCbli666: raises $9.42 to $9.46 and is all-in
Cowboydopokers: folds 
motor3500: folds 
Paty Doll726: folds 
Uncalled bet ($9.42) returned to LblCbli666
LblCbli666 collected $0.14 from pot
LblCbli666: doesn't show hand 
*** SUMMARY ***
Total pot $0.14 | Rake $0 
Seat 1: motor3500 folded before Flop
Seat 2: Dorex2007 folded before Flop (didn't bet)
Seat 3: Paty Doll726 folded before Flop
Seat 4: mr.van-ov (button) folded before Flop (didn't bet)
Seat 5: LblCbli666 (small blind) collected ($0.14)
Seat 6: Cowboydopokers (big blind) folded before Flop
Seat 7: Luke Duarte folded before Flop (didn't bet)
Seat 8: JD550 folded before Flop (didn't bet)



PokerStars Hand #230312018092:  Hold'em No Limit ($0.01/$0.02 USD) - 2021/10/02 20:50:24 PT [2021/10/02 23:50:24 ET]
Table 'Amicitia II' 9-max Seat #5 is the button
Seat 1: motor3500 ($1.16 in chips) 
Seat 2: Dorex2007 ($2 in chips) 
Seat 3: Paty Doll726 ($0.76 in chips) 
Seat 4: mr.van-ov ($0.80 in chips) 
Seat 5: LblCbli666 ($9.56 in chips) 
Seat 6: Cowboydopokers ($0.72 in chips) 
Seat 7: Luke Duarte ($2.05 in chips) 
Seat 8: JD550 ($1.72 in chips) 
Cowboydopokers: posts small blind $0.01
Luke Duarte: posts big blind $0.02
7bear-grin7: sits out 
*** HOLE CARDS ***
Dealt to Dorex2007 [Ad Th]
JD550: folds 
motor3500: folds 
Dorex2007: raises $0.04 to $0.06
Paty Doll726: folds 
mr.van-ov: folds 
LblCbli666: folds 
Cowboydopokers: calls $0.05
Luke Duarte: folds 
*** FLOP *** [Ah 6d 3h]
Cowboydopokers: checks 
Dorex2007: bets $0.09
Cowboydopokers: calls $0.09
*** TURN *** [Ah 6d 3h] [Js]
Cowboydopokers: checks 
Dorex2007: bets $0.31
Cowboydopokers: folds 
Uncalled bet ($0.31) returned to Dorex2007
Dorex2007 collected $0.31 from pot
Dorex2007: doesn't show hand 
*** SUMMARY ***
Total pot $0.32 | Rake $0.01 
Board [Ah 6d 3h Js]
Seat 1: motor3500 folded before Flop (didn't bet)
Seat 2: Dorex2007 collected ($0.31)
Seat 3: Paty Doll726 folded before Flop (didn't bet)
Seat 4: mr.van-ov folded before Flop (didn't bet)
Seat 5: LblCbli666 (button) folded before Flop (didn't bet)
Seat 6: Cowboydopokers (small blind) folded on the Turn
Seat 7: Luke Duarte (big blind) folded before Flop
Seat 8: JD550 folded before Flop (didn't bet)



PokerStars Hand #230312026197:  Hold'em No Limit ($0.01/$0.02 USD) - 2021/10/02 20:51:12 PT [2021/10/02 23:51:12 ET]
Table 'Amicitia II' 9-max Seat #6 is the button
Seat 1: motor3500 ($1.16 in chips) 
Seat 2: Dorex2007 ($2.16 in chips) 
Seat 3: Paty Doll726 ($0.76 in chips) 
Seat 4: mr.van-ov ($0.80 in chips) 
Seat 5: LblCbli666 ($9.56 in chips) 
Seat 6: Cowboydopokers ($0.57 in chips) 
Seat 7: Luke Duarte ($2.03 in chips) 
Seat 8: JD550 ($1.72 in chips) 
Seat 9: 7bear-grin7 ($0.82 in chips) 
Luke Duarte: posts small blind $0.01
JD550: posts big blind $0.02
7bear-grin7: posts big blind $0.02
*** HOLE CARDS ***
Dealt to Dorex2007 [6d 3d]
7bear-grin7: checks 
motor3500: raises $0.02 to $0.04
Dorex2007: folds 
Paty Doll726: calls $0.04
mr.van-ov: folds 
LblCbli666: folds 
Cowboydopokers: folds 
Luke Duarte: folds 
JD550: folds 
7bear-grin7: calls $0.02
*** FLOP *** [5h Ad 2c]
7bear-grin7: checks 
motor3500: bets $0.06
Paty Doll726: folds 
7bear-grin7: folds 
Uncalled bet ($0.06) returned to motor3500
motor3500 collected $0.14 from pot
motor3500: doesn't show hand 
*** SUMMARY ***
Total pot $0.15 | Rake $0.01 
Board [5h Ad 2c]
Seat 1: motor3500 collected ($0.14)
Seat 2: Dorex2007 folded before Flop (didn't bet)
Seat 3: Paty Doll726 folded on the Flop
Seat 4: mr.van-ov folded before Flop (didn't bet)
Seat 5: LblCbli666 folded before Flop (didn't bet)
Seat 6: Cowboydopokers (button) folded before Flop (didn't bet)
Seat 7: Luke Duarte (small blind) folded before Flop
Seat 8: JD550 (big blind) folded before Flop
Seat 9: 7bear-grin7 folded on the Flop



PokerStars Hand #230312035786:  Hold'em No Limit ($0.01/$0.02 USD) - 2021/10/02 20:52:07 PT [2021/10/02 23:52:07 ET]
Table 'Amicitia II' 9-max Seat #7 is the button
Seat 1: motor3500 ($1.26 in chips) 
Seat 2: Dorex2007 ($2.16 in chips) 
Seat 3: Paty Doll726 ($0.72 in chips) 
Seat 4: mr.van-ov ($0.80 in chips) 
Seat 5: LblCbli666 ($9.56 in chips) 
Seat 6: Cowboydopokers ($0.57 in chips) 
Seat 7: Luke Duarte ($2.02 in chips) 
Seat 8: JD550 ($1.70 in chips) 
Seat 9: 7bear-grin7 ($0.78 in chips) 
JD550: posts small blind $0.01
7bear-grin7: posts big blind $0.02
*** HOLE CARDS ***
Dealt to Dorex2007 [4s 4d]
motor3500: folds 
Dorex2007: calls $0.02
Paty Doll726: calls $0.02
mr.van-ov: folds 
LblCbli666: folds 
Cowboydopokers: calls $0.02
Luke Duarte: folds 
JD550: calls $0.01
7bear-grin7: checks 
*** FLOP *** [8s 8d 4h]
JD550: checks 
7bear-grin7: checks 
Dorex2007: checks 
Paty Doll726: checks 
Cowboydopokers: checks 
*** TURN *** [8s 8d 4h] [Jd]
JD550: checks 
7bear-grin7: checks 
Dorex2007: bets $0.05
Paty Doll726: folds 
Cowboydopokers: raises $0.05 to $0.10
JD550: folds 
7bear-grin7: folds 
Dorex2007: raises $0.10 to $0.20
Cowboydopokers: raises $0.35 to $0.55 and is all-in
Dorex2007: calls $0.35
*** RIVER *** [8s 8d 4h Jd] [9h]
*** SHOW DOWN ***
Dorex2007: shows [4s 4d] (a full house, Fours full of Eights)
Cowboydopokers: shows [8c Qd] (three of a kind, Eights)
Dorex2007 collected $1.16 from pot
*** SUMMARY ***
Total pot $1.20 | Rake $0.04 
Board [8s 8d 4h Jd 9h]
Seat 1: motor3500 folded before Flop (didn't bet)
Seat 2: Dorex2007 showed [4s 4d] and won ($1.16) with a full house, Fours full of Eights
Seat 3: Paty Doll726 folded on the Turn
Seat 4: mr.van-ov folded before Flop (didn't bet)
Seat 5: LblCbli666 folded before Flop (didn't bet)
Seat 6: Cowboydopokers showed [8c Qd] and lost with three of a kind, Eights
Seat 7: Luke Duarte (button) folded before Flop (didn't bet)
Seat 8: JD550 (small blind) folded on the Turn
Seat 9: 7bear-grin7 (big blind) folded on the Turn



PokerStars Hand #230312053012:  Hold'em No Limit ($0.01/$0.02 USD) - 2021/10/02 20:53:33 PT [2021/10/02 23:53:33 ET]
Table 'Amicitia II' 9-max Seat #8 is the button
Seat 1: motor3500 ($1.26 in chips) 
Seat 2: Dorex2007 ($2.75 in chips) 
Seat 3: Paty Doll726 ($0.70 in chips) 
Seat 4: mr.van-ov ($0.80 in chips) 
Seat 5: LblCbli666 ($9.56 in chips) 
Seat 7: Luke Duarte ($2.02 in chips) 
Seat 8: JD550 ($1.68 in chips) 
Seat 9: 7bear-grin7 ($0.76 in chips) 
7bear-grin7: posts small blind $0.01
motor3500: posts big blind $0.02
*** HOLE CARDS ***
Dealt to Dorex2007 [Tc 9c]
Dorex2007: calls $0.02
Paty Doll726: calls $0.02
mr.van-ov: folds 
LblCbli666: folds 
Luke Duarte: folds 
JD550: calls $0.02
7bear-grin7: calls $0.01
motor3500: raises $0.10 to $0.12
Dorex2007: folds 
Paty Doll726: folds 
JD550: folds 
7bear-grin7: calls $0.10
*** FLOP *** [8s 9s 9d]
7bear-grin7: bets $0.10
motor3500: calls $0.10
*** TURN *** [8s 9s 9d] [Js]
7bear-grin7: bets $0.10
motor3500: raises $0.34 to $0.44
7bear-grin7: calls $0.34
*** RIVER *** [8s 9s 9d Js] [Qd]
7bear-grin7: checks 
motor3500: bets $0.08
7bear-grin7: calls $0.08
*** SHOW DOWN ***
motor3500: shows [As Jd] (two pair, Jacks and Nines)
7bear-grin7: mucks hand 
motor3500 collected $1.49 from pot
*** SUMMARY ***
Total pot $1.54 | Rake $0.05 
Board [8s 9s 9d Js Qd]
Seat 1: motor3500 (big blind) showed [As Jd] and won ($1.49) with two pair, Jacks and Nines
Seat 2: Dorex2007 folded before Flop
Seat 3: Paty Doll726 folded before Flop
Seat 4: mr.van-ov folded before Flop (didn't bet)
Seat 5: LblCbli666 folded before Flop (didn't bet)
Seat 7: Luke Duarte folded before Flop (didn't bet)
Seat 8: JD550 (button) folded before Flop
Seat 9: 7bear-grin7 (small blind) mucked [2s 2d]



PokerStars Hand #230312063320:  Hold'em No Limit ($0.01/$0.02 USD) - 2021/10/02 20:54:35 PT [2021/10/02 23:54:35 ET]
Table 'Amicitia II' 9-max Seat #9 is the button
Seat 1: motor3500 ($2.01 in chips) 
Seat 2: Dorex2007 ($2.73 in chips) 
Seat 3: Paty Doll726 ($0.68 in chips) 
Seat 4: mr.van-ov ($0.80 in chips) 
Seat 5: LblCbli666 ($9.56 in chips) 
Seat 7: Luke Duarte ($2.02 in chips) 
Seat 8: JD550 ($1.66 in chips) 
Seat 9: 7bear-grin7 ($0.02 in chips) 
motor3500: posts small blind $0.01
Dorex2007: posts big blind $0.02
*** HOLE CARDS ***
Dealt to Dorex2007 [3h Js]
Paty Doll726: calls $0.02
mr.van-ov: folds 
LblCbli666: folds 
Luke Duarte: folds 
JD550: folds 
7bear-grin7: calls $0.02 and is all-in
motor3500: calls $0.01
Dorex2007: checks 
*** FLOP *** [3s Jd 7h]
motor3500: bets $0.02
Dorex2007: raises $0.04 to $0.06
Paty Doll726: calls $0.06
motor3500: folds 
*** TURN *** [3s Jd 7h] [4c]
Luke Duarte leaves the table
Dorex2007: bets $0.14
Paty Doll726: folds 
Uncalled bet ($0.14) returned to Dorex2007
*** RIVER *** [3s Jd 7h 4c] [2d]
*** SHOW DOWN ***
Dorex2007: shows [3h Js] (two pair, Jacks and Threes)
Dorex2007 collected $0.13 from side pot
7bear-grin7: shows [Qh Ac] (high card Ace)
Dorex2007 collected $0.08 from main pot
*** SUMMARY ***
Total pot $0.22 Main pot $0.08. Side pot $0.13. | Rake $0.01 
Board [3s Jd 7h 4c 2d]
Seat 1: motor3500 (small blind) folded on the Flop
Seat 2: Dorex2007 (big blind) showed [3h Js] and won ($0.21) with two pair, Jacks and Threes
Seat 3: Paty Doll726 folded on the Turn
Seat 4: mr.van-ov folded before Flop (didn't bet)
Seat 5: LblCbli666 folded before Flop (didn't bet)
Seat 7: Luke Duarte folded before Flop (didn't bet)
Seat 8: JD550 folded before Flop (didn't bet)
Seat 9: 7bear-grin7 (button) showed [Qh Ac] and lost with high card Ace



PokerStars Hand #230312070835:  Hold'em No Limit ($0.01/$0.02 USD) - 2021/10/02 20:55:23 PT [2021/10/02 23:55:23 ET]
Table 'Amicitia II' 9-max Seat #1 is the button
Seat 1: motor3500 ($1.97 in chips) 
Seat 2: Dorex2007 ($2.86 in chips) 
Seat 3: Paty Doll726 ($0.60 in chips) 
Seat 4: mr.van-ov ($0.80 in chips) 
Seat 5: LblCbli666 ($9.56 in chips) 
Seat 8: JD550 ($1.66 in chips) 
Seat 9: 7bear-grin7 ($0.80 in chips) 
Dorex2007: posts small blind $0.01
Paty Doll726: posts big blind $0.02
*** HOLE CARDS ***
Dealt to Dorex2007 [Kh 4s]
mr.van-ov: folds 
LblCbli666: folds 
JD550: folds 
7bear-grin7: raises $0.02 to $0.04
motor3500: folds 
SanctisJR joins the table at seat #7 
Dorex2007: folds 
Paty Doll726: calls $0.02
*** FLOP *** [2c 6c Jh]
Paty Doll726: checks 
7bear-grin7: bets $0.04
Paty Doll726: calls $0.04
*** TURN *** [2c 6c Jh] [7c]
Paty Doll726: checks 
7bear-grin7: checks 
*** RIVER *** [2c 6c Jh 7c] [7d]
Paty Doll726: bets $0.08
7bear-grin7: calls $0.08
*** SHOW DOWN ***
Paty Doll726: shows [Ah 6d] (two pair, Sevens and Sixes)
7bear-grin7: shows [9s 7s] (three of a kind, Sevens)
7bear-grin7 collected $0.32 from pot
*** SUMMARY ***
Total pot $0.33 | Rake $0.01 
Board [2c 6c Jh 7c 7d]
Seat 1: motor3500 (button) folded before Flop (didn't bet)
Seat 2: Dorex2007 (small blind) folded before Flop
Seat 3: Paty Doll726 (big blind) showed [Ah 6d] and lost with two pair, Sevens and Sixes
Seat 4: mr.van-ov folded before Flop (didn't bet)
Seat 5: LblCbli666 folded before Flop (didn't bet)
Seat 8: JD550 folded before Flop (didn't bet)
Seat 9: 7bear-grin7 showed [9s 7s] and won ($0.32) with three of a kind, Sevens



PokerStars Hand #230312080103:  Hold'em No Limit ($0.01/$0.02 USD) - 2021/10/02 20:55:58 PT [2021/10/02 23:55:58 ET]
Table 'Amicitia II' 9-max Seat #2 is the button
Seat 1: motor3500 ($1.97 in chips) 
Seat 2: Dorex2007 ($2.85 in chips) 
Seat 3: Paty Doll726 ($0.44 in chips) 
Seat 4: mr.van-ov ($0.80 in chips) 
Seat 5: LblCbli666 ($9.56 in chips) 
Seat 7: SanctisJR ($1.60 in chips) 
Seat 8: JD550 ($1.66 in chips) 
Seat 9: 7bear-grin7 ($0.96 in chips) 
Paty Doll726: posts small blind $0.01
mr.van-ov: posts big blind $0.02
SanctisJR: posts big blind $0.02
*** HOLE CARDS ***
Dealt to Dorex2007 [Jd 7d]
LblCbli666: folds 
SanctisJR: checks 
Cowboydopokers leaves the table
JD550: folds 
7bear-grin7: raises $0.02 to $0.04
motor3500: calls $0.04
Dorex2007: folds 
Paty Doll726: folds 
mr.van-ov: folds 
SanctisJR: calls $0.02
*** FLOP *** [2s 6d 3s]
Paty Doll726 leaves the table
SanctisJR: checks 
7bear-grin7: bets $0.10
motor3500: folds 
SanctisJR: calls $0.10
*** TURN *** [2s 6d 3s] [7h]
OldRasta1984 joins the table at seat #3 
SanctisJR: checks 
7bear-grin7: checks 
*** RIVER *** [2s 6d 3s 7h] [Ts]
SanctisJR: checks 
7bear-grin7: checks 
*** SHOW DOWN ***
SanctisJR: shows [4d 8h] (high card Ten)
7bear-grin7: shows [3d 4s] (a pair of Threes)
7bear-grin7 collected $0.34 from pot
*** SUMMARY ***
Total pot $0.35 | Rake $0.01 
Board [2s 6d 3s 7h Ts]
Seat 1: motor3500 folded on the Flop
Seat 2: Dorex2007 (button) folded before Flop (didn't bet)
Seat 3: Paty Doll726 (small blind) folded before Flop
Seat 4: mr.van-ov (big blind) folded before Flop
Seat 5: LblCbli666 folded before Flop (didn't bet)
Seat 7: SanctisJR showed [4d 8h] and lost with high card Ten
Seat 8: JD550 folded before Flop (didn't bet)
Seat 9: 7bear-grin7 showed [3d 4s] and won ($0.34) with a pair of Threes



PokerStars Hand #230312089933:  Hold'em No Limit ($0.01/$0.02 USD) - 2021/10/02 20:57:09 PT [2021/10/02 23:57:09 ET]
Table 'Amicitia II' 9-max Seat #4 is the button
Seat 1: motor3500 ($1.93 in chips) 
Seat 2: Dorex2007 ($2.85 in chips) 
Seat 4: mr.van-ov ($0.80 in chips) 
Seat 5: LblCbli666 ($9.56 in chips) 
Seat 7: SanctisJR ($1.46 in chips) 
Seat 8: JD550 ($1.66 in chips) 
Seat 9: 7bear-grin7 ($1.16 in chips) 
LblCbli666: posts small blind $0.01
SanctisJR: posts big blind $0.02
OldRasta1984: sits out 
*** HOLE CARDS ***
Dealt to Dorex2007 [Jc 7c]
JD550: folds 
7bear-grin7: raises $0.02 to $0.04
motor3500: folds 
Dorex2007: folds 
mr.van-ov: folds 
LblCbli666: folds 
SanctisJR: calls $0.02
*** FLOP *** [9h 6s 9c]
SanctisJR: checks 
7bear-grin7: checks 
*** TURN *** [9h 6s 9c] [Ac]
SanctisJR: bets $0.02
7bear-grin7: folds 
Uncalled bet ($0.02) returned to SanctisJR
SanctisJR collected $0.09 from pot
SanctisJR: doesn't show hand 
*** SUMMARY ***
Total pot $0.09 | Rake $0 
Board [9h 6s 9c Ac]
Seat 1: motor3500 folded before Flop (didn't bet)
Seat 2: Dorex2007 folded before Flop (didn't bet)
Seat 4: mr.van-ov (button) folded before Flop (didn't bet)
Seat 5: LblCbli666 (small blind) folded before Flop
Seat 7: SanctisJR (big blind) collected ($0.09)
Seat 8: JD550 folded before Flop (didn't bet)
Seat 9: 7bear-grin7 folded on the Turn



PokerStars Hand #230312095625:  Hold'em No Limit ($0.01/$0.02 USD) - 2021/10/02 20:57:49 PT [2021/10/02 23:57:49 ET]
Table 'Amicitia II' 9-max Seat #5 is the button
Seat 1: motor3500 ($1.93 in chips) 
Seat 2: Dorex2007 ($2.85 in chips) 
Seat 4: mr.van-ov ($0.80 in chips) 
Seat 5: LblCbli666 ($9.55 in chips) 
Seat 7: SanctisJR ($1.51 in chips) 
Seat 8: JD550 ($1.66 in chips) 
Seat 9: 7bear-grin7 ($1.12 in chips) 
SanctisJR: posts small blind $0.01
JD550: posts big blind $0.02
OldRasta1984: sits out 
*** HOLE CARDS ***
Dealt to Dorex2007 [Jd Ad]
frankie348 joins the table at seat #6 
7bear-grin7: folds 
motor3500: folds 
Dorex2007: raises $0.04 to $0.06
mr.van-ov: folds 
LblCbli666: folds 
SanctisJR: calls $0.05
JD550: folds 
*** FLOP *** [Kd Ah 5d]
SanctisJR: checks 
Dorex2007: bets $0.14
SanctisJR: folds 
Uncalled bet ($0.14) returned to Dorex2007
Dorex2007 collected $0.14 from pot
Dorex2007: doesn't show hand 
*** SUMMARY ***
Total pot $0.14 | Rake $0 
Board [Kd Ah 5d]
Seat 1: motor3500 folded before Flop (didn't bet)
Seat 2: Dorex2007 collected ($0.14)
Seat 4: mr.van-ov folded before Flop (didn't bet)
Seat 5: LblCbli666 (button) folded before Flop (didn't bet)
Seat 7: SanctisJR (small blind) folded on the Flop
Seat 8: JD550 (big blind) folded before Flop
Seat 9: 7bear-grin7 folded before Flop (didn't bet)



PokerStars Hand #230312098978:  Hold'em No Limit ($0.01/$0.02 USD) - 2021/10/02 20:58:13 PT [2021/10/02 23:58:13 ET]
Table 'Amicitia II' 9-max Seat #7 is the button
Seat 1: motor3500 ($1.93 in chips) 
Seat 2: Dorex2007 ($2.93 in chips) 
Seat 4: mr.van-ov ($0.80 in chips) 
Seat 5: LblCbli666 ($9.55 in chips) 
Seat 6: frankie348 ($0.80 in chips) 
Seat 7: SanctisJR ($1.45 in chips) 
Seat 8: JD550 ($1.64 in chips) 
Seat 9: 7bear-grin7 ($1.12 in chips) 
JD550: posts small blind $0.01
7bear-grin7: posts big blind $0.02
OldRasta1984: sits out 
frankie348: posts big blind $0.02
*** HOLE CARDS ***
Dealt to Dorex2007 [9c 5h]
motor3500: folds 
Dorex2007: folds 
mr.van-ov: folds 
LblCbli666: folds 
frankie348: checks 
SanctisJR: folds 
JD550: calls $0.01
7bear-grin7: checks 
*** FLOP *** [4h Kd 5c]
JD550: bets $0.06
7bear-grin7: folds 
frankie348: folds 
Uncalled bet ($0.06) returned to JD550
JD550 collected $0.06 from pot
JD550: doesn't show hand 
*** SUMMARY ***
Total pot $0.06 | Rake $0 
Board [4h Kd 5c]
Seat 1: motor3500 folded before Flop (didn't bet)
Seat 2: Dorex2007 folded before Flop (didn't bet)
Seat 4: mr.van-ov folded before Flop (didn't bet)
Seat 5: LblCbli666 folded before Flop (didn't bet)
Seat 6: frankie348 folded on the Flop (didn't bet)
Seat 7: SanctisJR (button) folded before Flop (didn't bet)
Seat 8: JD550 (small blind) collected ($0.06)
Seat 9: 7bear-grin7 (big blind) folded on the Flop



PokerStars Hand #230312112116:  Hold'em No Limit ($0.01/$0.02 USD) - 2021/10/02 20:58:42 PT [2021/10/02 23:58:42 ET]
Table 'Amicitia II' 9-max Seat #8 is the button
Seat 1: motor3500 ($1.93 in chips) 
Seat 2: Dorex2007 ($2.93 in chips) 
Seat 4: mr.van-ov ($0.80 in chips) 
Seat 5: LblCbli666 ($9.55 in chips) 
Seat 6: frankie348 ($0.78 in chips) 
Seat 7: SanctisJR ($1.45 in chips) 
Seat 8: JD550 ($1.68 in chips) 
Seat 9: 7bear-grin7 ($1.10 in chips) 
7bear-grin7: posts small blind $0.01
motor3500: posts big blind $0.02
OldRasta1984: sits out 
*** HOLE CARDS ***
Dealt to Dorex2007 [5h 4s]
Dorex2007: folds 
mr.van-ov: folds 
LblCbli666: folds 
frankie348: folds 
SanctisJR: calls $0.02
JD550: folds 
7bear-grin7: folds 
motor3500: checks 
*** FLOP *** [5d 5s Qc]
motor3500: checks 
SanctisJR: checks 
*** TURN *** [5d 5s Qc] [Tc]
motor3500: checks 
SanctisJR is disconnected 
SanctisJR has timed out while disconnected
SanctisJR: checks 
*** RIVER *** [5d 5s Qc Tc] [Qh]
motor3500: bets $1.91 and is all-in
SanctisJR has timed out while disconnected
SanctisJR: folds 
Uncalled bet ($1.91) returned to motor3500
motor3500 collected $0.05 from pot
motor3500: doesn't show hand 
*** SUMMARY ***
Total pot $0.05 | Rake $0 
Board [5d 5s Qc Tc Qh]
Seat 1: motor3500 (big blind) collected ($0.05)
Seat 2: Dorex2007 folded before Flop (didn't bet)
Seat 4: mr.van-ov folded before Flop (didn't bet)
Seat 5: LblCbli666 folded before Flop (didn't bet)
Seat 6: frankie348 folded before Flop (didn't bet)
Seat 7: SanctisJR folded on the River
Seat 8: JD550 (button) folded before Flop (didn't bet)
Seat 9: 7bear-grin7 (small blind) folded before Flop



