PokerStars Hand #237365105058:  Hold'em No Limit ($0.01/$0.02 USD) - 2022/07/14 18:35:35 PT [2022/07/14 21:35:35 ET]
Table 'Rhodesia IV' 9-max Seat #9 is the button
Seat 1: VANVIGA ($3.16 in chips) 
Seat 2: Blufferin142 ($1.82 in chips) 
Seat 3: STTYFLER ($0.40 in chips) 
Seat 4: Asmodeus DCLXVI ($0.77 in chips) 
Seat 5: Pepono101 ($1.92 in chips) 
Seat 6: Paty Doll726 ($1.39 in chips) 
Seat 7: Dorex2007 ($2 in chips) 
Seat 8: Coombe1 ($5.46 in chips) 
Seat 9: tayde310 ($2.09 in chips) 
VANVIGA: posts small blind $0.01
Blufferin142: posts big blind $0.02
Dorex2007: posts big blind $0.02
*** HOLE CARDS ***
Dealt to Dorex2007 [3c 7h]
STTYFLER: calls $0.02
Asmodeus DCLXVI: folds 
Pepono101: raises $0.04 to $0.06
Paty Doll726: folds 
Dorex2007: folds 
Coombe1: folds 
tayde310: calls $0.06
VANVIGA: folds 
Blufferin142: folds 
STTYFLER: calls $0.04
*** FLOP *** [3h Kh Td]
STTYFLER: checks 
Pepono101: checks 
tayde310: checks 
*** TURN *** [3h Kh Td] [Qc]
STTYFLER: checks 
Pepono101: bets $0.22
tayde310: folds 
STTYFLER: folds 
Uncalled bet ($0.22) returned to Pepono101
Pepono101 collected $0.22 from pot
*** SUMMARY ***
Total pot $0.23 | Rake $0.01 
Board [3h Kh Td Qc]
Seat 1: VANVIGA (small blind) folded before Flop
Seat 2: Blufferin142 (big blind) folded before Flop
Seat 3: STTYFLER folded on the Turn
Seat 4: Asmodeus DCLXVI folded before Flop (didn't bet)
Seat 5: Pepono101 collected ($0.22)
Seat 6: Paty Doll726 folded before Flop (didn't bet)
Seat 7: Dorex2007 folded before Flop (didn't bet)
Seat 8: Coombe1 folded before Flop (didn't bet)
Seat 9: tayde310 (button) folded on the Turn



PokerStars Hand #237365119921:  Hold'em No Limit ($0.01/$0.02 USD) - 2022/07/14 18:36:49 PT [2022/07/14 21:36:49 ET]
Table 'Rhodesia IV' 9-max Seat #1 is the button
Seat 1: VANVIGA ($3.15 in chips) 
Seat 2: Blufferin142 ($1.80 in chips) 
Seat 3: STTYFLER ($0.34 in chips) 
Seat 4: Asmodeus DCLXVI ($0.77 in chips) 
Seat 5: Pepono101 ($2.08 in chips) 
Seat 6: Paty Doll726 ($1.39 in chips) 
Seat 7: Dorex2007 ($2 in chips) 
Seat 8: Coombe1 ($5.46 in chips) 
Seat 9: tayde310 ($2.03 in chips) 
Blufferin142: posts small blind $0.01
STTYFLER: posts big blind $0.02
*** HOLE CARDS ***
Dealt to Dorex2007 [8s 2h]
Asmodeus DCLXVI: folds 
Pepono101: folds 
Paty Doll726: folds 
Dorex2007: folds 
Coombe1: folds 
tayde310: raises $0.02 to $0.04
VANVIGA: calls $0.04
Blufferin142: folds 
STTYFLER: folds 
*** FLOP *** [Ad 9c 3c]
tayde310: checks 
VANVIGA: checks 
*** TURN *** [Ad 9c 3c] [7h]
tayde310: checks 
VANVIGA: checks 
*** RIVER *** [Ad 9c 3c 7h] [5c]
tayde310: bets $0.08
VANVIGA: folds 
Uncalled bet ($0.08) returned to tayde310
tayde310 collected $0.11 from pot
*** SUMMARY ***
Total pot $0.11 | Rake $0 
Board [Ad 9c 3c 7h 5c]
Seat 1: VANVIGA (button) folded on the River
Seat 2: Blufferin142 (small blind) folded before Flop
Seat 3: STTYFLER (big blind) folded before Flop
Seat 4: Asmodeus DCLXVI folded before Flop (didn't bet)
Seat 5: Pepono101 folded before Flop (didn't bet)
Seat 6: Paty Doll726 folded before Flop (didn't bet)
Seat 7: Dorex2007 folded before Flop (didn't bet)
Seat 8: Coombe1 folded before Flop (didn't bet)
Seat 9: tayde310 collected ($0.11)



PokerStars Hand #237365129223:  Hold'em No Limit ($0.01/$0.02 USD) - 2022/07/14 18:37:35 PT [2022/07/14 21:37:35 ET]
Table 'Rhodesia IV' 9-max Seat #2 is the button
Seat 1: VANVIGA ($3.11 in chips) 
Seat 2: Blufferin142 ($1.79 in chips) 
Seat 3: STTYFLER ($0.32 in chips) 
Seat 4: Asmodeus DCLXVI ($0.77 in chips) 
Seat 5: Pepono101 ($2.08 in chips) 
Seat 6: Paty Doll726 ($1.39 in chips) 
Seat 7: Dorex2007 ($2 in chips) 
Seat 8: Coombe1 ($5.46 in chips) 
Seat 9: tayde310 ($2.10 in chips) 
STTYFLER: posts small blind $0.01
Asmodeus DCLXVI: posts big blind $0.02
*** HOLE CARDS ***
Dealt to Dorex2007 [Jd Ks]
Pepono101: calls $0.02
Paty Doll726: folds 
Dorex2007: folds 
Coombe1: calls $0.02
tayde310: folds 
VANVIGA: calls $0.02
Blufferin142: calls $0.02
STTYFLER: raises $0.04 to $0.06
Asmodeus DCLXVI: folds 
Pepono101: calls $0.04
Coombe1: calls $0.04
VANVIGA: calls $0.04
Blufferin142: calls $0.04
*** FLOP *** [7s Td 8h]
STTYFLER: bets $0.15
Pepono101: folds 
Coombe1: calls $0.15
VANVIGA: calls $0.15
Blufferin142: folds 
*** TURN *** [7s Td 8h] [Qd]
STTYFLER: bets $0.11 and is all-in
Coombe1: calls $0.11
VANVIGA: calls $0.11
*** RIVER *** [7s Td 8h Qd] [9d]
Coombe1: bets $5.14 and is all-in
VANVIGA: calls $2.79 and is all-in
Uncalled bet ($2.35) returned to Coombe1
*** SHOW DOWN ***
Coombe1: shows [6h Th] (a straight, Six to Ten)
VANVIGA: shows [Js Qs] (a straight, Eight to Queen)
VANVIGA collected $5.39 from side pot
STTYFLER: shows [Ac As] (a pair of Aces)
VANVIGA collected $1.06 from main pot
*** SUMMARY ***
Total pot $6.68 Main pot $1.06. Side pot $5.39. | Rake $0.23 
Board [7s Td 8h Qd 9d]
Seat 1: VANVIGA showed [Js Qs] and won ($6.45) with a straight, Eight to Queen
Seat 2: Blufferin142 (button) folded on the Flop
Seat 3: STTYFLER (small blind) showed [Ac As] and lost with a pair of Aces
Seat 4: Asmodeus DCLXVI (big blind) folded before Flop
Seat 5: Pepono101 folded on the Flop
Seat 6: Paty Doll726 folded before Flop (didn't bet)
Seat 7: Dorex2007 folded before Flop (didn't bet)
Seat 8: Coombe1 showed [6h Th] and lost with a straight, Six to Ten
Seat 9: tayde310 folded before Flop (didn't bet)



PokerStars Hand #237365142158:  Hold'em No Limit ($0.01/$0.02 USD) - 2022/07/14 18:38:41 PT [2022/07/14 21:38:41 ET]
Table 'Rhodesia IV' 9-max Seat #4 is the button
Seat 1: VANVIGA ($6.45 in chips) 
Seat 2: Blufferin142 ($1.73 in chips) 
Seat 4: Asmodeus DCLXVI ($0.75 in chips) 
Seat 5: Pepono101 ($2.02 in chips) 
Seat 6: Paty Doll726 ($1.39 in chips) 
Seat 7: Dorex2007 ($2 in chips) 
Seat 8: Coombe1 ($2.35 in chips) 
Seat 9: tayde310 ($2.10 in chips) 
Pepono101: posts small blind $0.01
Paty Doll726: posts big blind $0.02
*** HOLE CARDS ***
Dealt to Dorex2007 [Jd Qs]
Dorex2007: folds 
Coombe1: folds 
tayde310: calls $0.02
VANVIGA: folds 
Blufferin142: calls $0.02
Asmodeus DCLXVI: folds 
Pepono101: calls $0.01
Paty Doll726: checks 
*** FLOP *** [2c 3d 6c]
Pepono101: checks 
Paty Doll726: checks 
tayde310: checks 
Blufferin142: checks 
*** TURN *** [2c 3d 6c] [7d]
Pepono101: checks 
Paty Doll726: checks 
tayde310: checks 
Blufferin142: checks 
*** RIVER *** [2c 3d 6c 7d] [Qh]
Pepono101: checks 
Paty Doll726: checks 
tayde310: checks 
Blufferin142: checks 
*** SHOW DOWN ***
Pepono101: shows [Tc 3s] (a pair of Threes)
Paty Doll726: shows [Kh 7h] (a pair of Sevens)
tayde310: mucks hand 
Blufferin142: mucks hand 
Paty Doll726 collected $0.08 from pot
*** SUMMARY ***
Total pot $0.08 | Rake $0 
Board [2c 3d 6c 7d Qh]
Seat 1: VANVIGA folded before Flop (didn't bet)
Seat 2: Blufferin142 mucked [Kc 6d]
Seat 4: Asmodeus DCLXVI (button) folded before Flop (didn't bet)
Seat 5: Pepono101 (small blind) showed [Tc 3s] and lost with a pair of Threes
Seat 6: Paty Doll726 (big blind) showed [Kh 7h] and won ($0.08) with a pair of Sevens
Seat 7: Dorex2007 folded before Flop (didn't bet)
Seat 8: Coombe1 folded before Flop (didn't bet)
Seat 9: tayde310 mucked [6s Ah]



PokerStars Hand #237365164373:  Hold'em No Limit ($0.01/$0.02 USD) - 2022/07/14 18:40:02 PT [2022/07/14 21:40:02 ET]
Table 'Rhodesia IV' 9-max Seat #5 is the button
Seat 1: VANVIGA ($6.45 in chips) 
Seat 2: Blufferin142 ($1.71 in chips) 
Seat 3: STTYFLER ($2 in chips) 
Seat 4: Asmodeus DCLXVI ($0.75 in chips) 
Seat 5: Pepono101 ($2 in chips) 
Seat 6: Paty Doll726 ($1.45 in chips) 
Seat 7: Dorex2007 ($2 in chips) 
Seat 8: Coombe1 ($2.35 in chips) 
Seat 9: tayde310 ($2.08 in chips) 
Paty Doll726: posts small blind $0.01
Dorex2007: posts big blind $0.02
*** HOLE CARDS ***
Dealt to Dorex2007 [Qc 5s]
Coombe1: folds 
tayde310: folds 
VANVIGA: raises $0.04 to $0.06
Blufferin142: folds 
STTYFLER: calls $0.06
Asmodeus DCLXVI: folds 
Pepono101: calls $0.06
Paty Doll726: folds 
Dorex2007: folds 
*** FLOP *** [2h Jh 3d]
VANVIGA: checks 
STTYFLER: checks 
Pepono101: checks 
*** TURN *** [2h Jh 3d] [4c]
VANVIGA: checks 
STTYFLER: bets $0.10
Pepono101: calls $0.10
VANVIGA: folds 
*** RIVER *** [2h Jh 3d 4c] [9s]
STTYFLER: bets $0.20
Pepono101: calls $0.20
*** SHOW DOWN ***
STTYFLER: shows [Jd Qd] (a pair of Jacks)
Pepono101: mucks hand 
STTYFLER collected $0.78 from pot
*** SUMMARY ***
Total pot $0.81 | Rake $0.03 
Board [2h Jh 3d 4c 9s]
Seat 1: VANVIGA folded on the Turn
Seat 2: Blufferin142 folded before Flop (didn't bet)
Seat 3: STTYFLER showed [Jd Qd] and won ($0.78) with a pair of Jacks
Seat 4: Asmodeus DCLXVI folded before Flop (didn't bet)
Seat 5: Pepono101 (button) mucked [7c 7s]
Seat 6: Paty Doll726 (small blind) folded before Flop
Seat 7: Dorex2007 (big blind) folded before Flop
Seat 8: Coombe1 folded before Flop (didn't bet)
Seat 9: tayde310 folded before Flop (didn't bet)



PokerStars Hand #237365184973:  Hold'em No Limit ($0.01/$0.02 USD) - 2022/07/14 18:41:22 PT [2022/07/14 21:41:22 ET]
Table 'Rhodesia IV' 9-max Seat #6 is the button
Seat 1: VANVIGA ($6.39 in chips) 
Seat 2: Blufferin142 ($1.71 in chips) 
Seat 3: STTYFLER ($2.42 in chips) 
Seat 4: Asmodeus DCLXVI ($0.75 in chips) 
Seat 5: Pepono101 ($1.64 in chips) 
Seat 6: Paty Doll726 ($1.44 in chips) 
Seat 7: Dorex2007 ($2 in chips) 
Seat 8: Coombe1 ($2.35 in chips) 
Seat 9: tayde310 ($2.08 in chips) 
Dorex2007: posts small blind $0.01
Coombe1: posts big blind $0.02
*** HOLE CARDS ***
Dealt to Dorex2007 [Tc 2c]
tayde310: calls $0.02
VANVIGA: raises $0.04 to $0.06
Blufferin142: folds 
STTYFLER: calls $0.06
Asmodeus DCLXVI: folds 
Pepono101: calls $0.06
Paty Doll726: folds 
Dorex2007: folds 
Coombe1: calls $0.04
tayde310: folds 
*** FLOP *** [6h 5c 9s]
Coombe1: checks 
VANVIGA: bets $0.13
STTYFLER: folds 
Pepono101: folds 
Coombe1: calls $0.13
*** TURN *** [6h 5c 9s] [4d]
Coombe1: checks 
VANVIGA: checks 
*** RIVER *** [6h 5c 9s 4d] [9d]
Coombe1: bets $0.25
VANVIGA: calls $0.25
*** SHOW DOWN ***
Coombe1: shows [6s Qh] (two pair, Nines and Sixes)
VANVIGA: shows [8h 8s] (two pair, Nines and Eights)
VANVIGA collected $0.99 from pot
*** SUMMARY ***
Total pot $1.03 | Rake $0.04 
Board [6h 5c 9s 4d 9d]
Seat 1: VANVIGA showed [8h 8s] and won ($0.99) with two pair, Nines and Eights
Seat 2: Blufferin142 folded before Flop (didn't bet)
Seat 3: STTYFLER folded on the Flop
Seat 4: Asmodeus DCLXVI folded before Flop (didn't bet)
Seat 5: Pepono101 folded on the Flop
Seat 6: Paty Doll726 (button) folded before Flop (didn't bet)
Seat 7: Dorex2007 (small blind) folded before Flop
Seat 8: Coombe1 (big blind) showed [6s Qh] and lost with two pair, Nines and Sixes
Seat 9: tayde310 folded before Flop



PokerStars Hand #237365195361:  Hold'em No Limit ($0.01/$0.02 USD) - 2022/07/14 18:42:14 PT [2022/07/14 21:42:14 ET]
Table 'Rhodesia IV' 9-max Seat #7 is the button
Seat 1: VANVIGA ($6.94 in chips) 
Seat 2: Blufferin142 ($1.71 in chips) 
Seat 3: STTYFLER ($2.36 in chips) 
Seat 4: Asmodeus DCLXVI ($0.75 in chips) 
Seat 5: Pepono101 ($1.58 in chips) 
Seat 6: Paty Doll726 ($1.44 in chips) 
Seat 7: Dorex2007 ($2 in chips) 
Seat 8: Coombe1 ($1.91 in chips) 
Seat 9: tayde310 ($2.06 in chips) 
Coombe1: posts small blind $0.01
tayde310: posts big blind $0.02
*** HOLE CARDS ***
Dealt to Dorex2007 [Kh 9c]
VANVIGA: folds 
Blufferin142: folds 
STTYFLER: folds 
Asmodeus DCLXVI: folds 
Pepono101: folds 
Paty Doll726: folds 
Dorex2007: folds 
Coombe1: folds 
Uncalled bet ($0.01) returned to tayde310
tayde310 collected $0.02 from pot
*** SUMMARY ***
Total pot $0.02 | Rake $0 
Seat 1: VANVIGA folded before Flop (didn't bet)
Seat 2: Blufferin142 folded before Flop (didn't bet)
Seat 3: STTYFLER folded before Flop (didn't bet)
Seat 4: Asmodeus DCLXVI folded before Flop (didn't bet)
Seat 5: Pepono101 folded before Flop (didn't bet)
Seat 6: Paty Doll726 folded before Flop (didn't bet)
Seat 7: Dorex2007 (button) folded before Flop (didn't bet)
Seat 8: Coombe1 (small blind) folded before Flop
Seat 9: tayde310 (big blind) collected ($0.02)



PokerStars Hand #237365198839:  Hold'em No Limit ($0.01/$0.02 USD) - 2022/07/14 18:42:31 PT [2022/07/14 21:42:31 ET]
Table 'Rhodesia IV' 9-max Seat #8 is the button
Seat 1: VANVIGA ($6.94 in chips) 
Seat 2: Blufferin142 ($1.71 in chips) 
Seat 3: STTYFLER ($2.36 in chips) 
Seat 4: Asmodeus DCLXVI ($0.75 in chips) 
Seat 5: Pepono101 ($1.58 in chips) 
Seat 6: Paty Doll726 ($1.44 in chips) 
Seat 7: Dorex2007 ($2 in chips) 
Seat 8: Coombe1 ($1.90 in chips) 
Seat 9: tayde310 ($2.07 in chips) 
tayde310: posts small blind $0.01
VANVIGA: posts big blind $0.02
*** HOLE CARDS ***
Dealt to Dorex2007 [9c 5s]
Blufferin142: calls $0.02
STTYFLER: raises $0.04 to $0.06
Asmodeus DCLXVI: folds 
Pepono101: calls $0.06
Paty Doll726: folds 
Dorex2007: folds 
Coombe1: folds 
tayde310: folds 
VANVIGA: folds 
Blufferin142: calls $0.04
*** FLOP *** [Qs 6s Kc]
Blufferin142: checks 
STTYFLER: checks 
Pepono101: checks 
*** TURN *** [Qs 6s Kc] [2h]
Blufferin142: checks 
STTYFLER: bets $0.10
Pepono101: folds 
Blufferin142: folds 
Uncalled bet ($0.10) returned to STTYFLER
STTYFLER collected $0.20 from pot
*** SUMMARY ***
Total pot $0.21 | Rake $0.01 
Board [Qs 6s Kc 2h]
Seat 1: VANVIGA (big blind) folded before Flop
Seat 2: Blufferin142 folded on the Turn
Seat 3: STTYFLER collected ($0.20)
Seat 4: Asmodeus DCLXVI folded before Flop (didn't bet)
Seat 5: Pepono101 folded on the Turn
Seat 6: Paty Doll726 folded before Flop (didn't bet)
Seat 7: Dorex2007 folded before Flop (didn't bet)
Seat 8: Coombe1 (button) folded before Flop (didn't bet)
Seat 9: tayde310 (small blind) folded before Flop



PokerStars Hand #237365209220:  Hold'em No Limit ($0.01/$0.02 USD) - 2022/07/14 18:43:23 PT [2022/07/14 21:43:23 ET]
Table 'Rhodesia IV' 9-max Seat #9 is the button
Seat 1: VANVIGA ($6.92 in chips) 
Seat 2: Blufferin142 ($1.65 in chips) 
Seat 3: STTYFLER ($2.50 in chips) 
Seat 4: Asmodeus DCLXVI ($0.75 in chips) 
Seat 5: Pepono101 ($1.52 in chips) 
Seat 6: Paty Doll726 ($1.44 in chips) 
Seat 7: Dorex2007 ($2 in chips) 
Seat 8: Coombe1 ($1.90 in chips) 
Seat 9: tayde310 ($2.06 in chips) 
VANVIGA: posts small blind $0.01
Blufferin142: posts big blind $0.02
*** HOLE CARDS ***
Dealt to Dorex2007 [Qh 8h]
STTYFLER: folds 
Asmodeus DCLXVI: folds 
Pepono101: calls $0.02
Paty Doll726: folds 
Dorex2007: folds 
Coombe1: calls $0.02
tayde310: calls $0.02
VANVIGA: folds 
Blufferin142: checks 
*** FLOP *** [Jh 5c 7d]
Blufferin142: checks 
Pepono101: checks 
Coombe1: bets $0.04
tayde310: folds 
Blufferin142: folds 
Pepono101: folds 
Uncalled bet ($0.04) returned to Coombe1
Coombe1 collected $0.09 from pot
*** SUMMARY ***
Total pot $0.09 | Rake $0 
Board [Jh 5c 7d]
Seat 1: VANVIGA (small blind) folded before Flop
Seat 2: Blufferin142 (big blind) folded on the Flop
Seat 3: STTYFLER folded before Flop (didn't bet)
Seat 4: Asmodeus DCLXVI folded before Flop (didn't bet)
Seat 5: Pepono101 folded on the Flop
Seat 6: Paty Doll726 folded before Flop (didn't bet)
Seat 7: Dorex2007 folded before Flop (didn't bet)
Seat 8: Coombe1 collected ($0.09)
Seat 9: tayde310 (button) folded on the Flop



PokerStars Hand #237365222194:  Hold'em No Limit ($0.01/$0.02 USD) - 2022/07/14 18:44:00 PT [2022/07/14 21:44:00 ET]
Table 'Rhodesia IV' 9-max Seat #1 is the button
Seat 1: VANVIGA ($6.91 in chips) 
Seat 2: Blufferin142 ($1.63 in chips) 
Seat 3: STTYFLER ($2.50 in chips) 
Seat 4: Asmodeus DCLXVI ($0.75 in chips) 
Seat 5: Pepono101 ($1.50 in chips) 
Seat 6: Paty Doll726 ($1.44 in chips) 
Seat 7: Dorex2007 ($2 in chips) 
Seat 8: Coombe1 ($1.97 in chips) 
Seat 9: tayde310 ($2.04 in chips) 
Blufferin142: posts small blind $0.01
STTYFLER: posts big blind $0.02
*** HOLE CARDS ***
Dealt to Dorex2007 [9d 2c]
Asmodeus DCLXVI: folds 
Pepono101: folds 
Paty Doll726: folds 
Dorex2007: folds 
Coombe1: folds 
tayde310: folds 
VANVIGA: folds 
Blufferin142: folds 
Uncalled bet ($0.01) returned to STTYFLER
STTYFLER collected $0.02 from pot
*** SUMMARY ***
Total pot $0.02 | Rake $0 
Seat 1: VANVIGA (button) folded before Flop (didn't bet)
Seat 2: Blufferin142 (small blind) folded before Flop
Seat 3: STTYFLER (big blind) collected ($0.02)
Seat 4: Asmodeus DCLXVI folded before Flop (didn't bet)
Seat 5: Pepono101 folded before Flop (didn't bet)
Seat 6: Paty Doll726 folded before Flop (didn't bet)
Seat 7: Dorex2007 folded before Flop (didn't bet)
Seat 8: Coombe1 folded before Flop (didn't bet)
Seat 9: tayde310 folded before Flop (didn't bet)



PokerStars Hand #237365224802:  Hold'em No Limit ($0.01/$0.02 USD) - 2022/07/14 18:44:13 PT [2022/07/14 21:44:13 ET]
Table 'Rhodesia IV' 9-max Seat #2 is the button
Seat 1: VANVIGA ($6.91 in chips) 
Seat 2: Blufferin142 ($1.62 in chips) 
Seat 3: STTYFLER ($2.51 in chips) 
Seat 4: Asmodeus DCLXVI ($0.75 in chips) 
Seat 5: Pepono101 ($1.50 in chips) 
Seat 6: Paty Doll726 ($1.44 in chips) 
Seat 7: Dorex2007 ($2 in chips) 
Seat 8: Coombe1 ($1.97 in chips) 
Seat 9: tayde310 ($2.04 in chips) 
STTYFLER: posts small blind $0.01
Asmodeus DCLXVI: posts big blind $0.02
*** HOLE CARDS ***
Dealt to Dorex2007 [5d 2c]
Pepono101: calls $0.02
Paty Doll726: folds 
Dorex2007: folds 
Coombe1: calls $0.02
tayde310: folds 
VANVIGA: folds 
Blufferin142: folds 
STTYFLER: calls $0.01
Asmodeus DCLXVI: checks 
*** FLOP *** [8h 5s 2h]
STTYFLER: checks 
Asmodeus DCLXVI: checks 
Pepono101: checks 
Coombe1: checks 
*** TURN *** [8h 5s 2h] [5h]
STTYFLER: checks 
Asmodeus DCLXVI: checks 
Pepono101: checks 
Coombe1: checks 
*** RIVER *** [8h 5s 2h 5h] [As]
STTYFLER: bets $0.02
Asmodeus DCLXVI: folds 
Pepono101: raises $0.08 to $0.10
Coombe1: raises $0.30 to $0.40
STTYFLER: folds 
Pepono101: folds 
Uncalled bet ($0.30) returned to Coombe1
Coombe1 collected $0.29 from pot
*** SUMMARY ***
Total pot $0.30 | Rake $0.01 
Board [8h 5s 2h 5h As]
Seat 1: VANVIGA folded before Flop (didn't bet)
Seat 2: Blufferin142 (button) folded before Flop (didn't bet)
Seat 3: STTYFLER (small blind) folded on the River
Seat 4: Asmodeus DCLXVI (big blind) folded on the River
Seat 5: Pepono101 folded on the River
Seat 6: Paty Doll726 folded before Flop (didn't bet)
Seat 7: Dorex2007 folded before Flop (didn't bet)
Seat 8: Coombe1 collected ($0.29)
Seat 9: tayde310 folded before Flop (didn't bet)



PokerStars Hand #237365239362:  Hold'em No Limit ($0.01/$0.02 USD) - 2022/07/14 18:45:26 PT [2022/07/14 21:45:26 ET]
Table 'Rhodesia IV' 9-max Seat #3 is the button
Seat 1: VANVIGA ($6.91 in chips) 
Seat 2: Blufferin142 ($1.62 in chips) 
Seat 3: STTYFLER ($2.47 in chips) 
Seat 4: Asmodeus DCLXVI ($0.73 in chips) 
Seat 5: Pepono101 ($1.38 in chips) 
Seat 6: Paty Doll726 ($1.44 in chips) 
Seat 7: Dorex2007 ($2 in chips) 
Seat 8: Coombe1 ($2.14 in chips) 
Seat 9: tayde310 ($2.04 in chips) 
Asmodeus DCLXVI: posts small blind $0.01
Pepono101: posts big blind $0.02
*** HOLE CARDS ***
Dealt to Dorex2007 [7d Qc]
Paty Doll726: folds 
Dorex2007: folds 
Coombe1: folds 
tayde310: folds 
VANVIGA: folds 
Blufferin142: folds 
STTYFLER: raises $0.04 to $0.06
Asmodeus DCLXVI: folds 
Pepono101: calls $0.04
*** FLOP *** [6c 2h 4c]
Pepono101: checks 
STTYFLER: checks 
*** TURN *** [6c 2h 4c] [3s]
Pepono101: checks 
STTYFLER: checks 
*** RIVER *** [6c 2h 4c 3s] [Jh]
Pepono101: checks 
STTYFLER: checks 
*** SHOW DOWN ***
Pepono101: shows [Kh 3c] (a pair of Threes)
STTYFLER: mucks hand 
Pepono101 collected $0.13 from pot
*** SUMMARY ***
Total pot $0.13 | Rake $0 
Board [6c 2h 4c 3s Jh]
Seat 1: VANVIGA folded before Flop (didn't bet)
Seat 2: Blufferin142 folded before Flop (didn't bet)
Seat 3: STTYFLER (button) mucked [Qs Kc]
Seat 4: Asmodeus DCLXVI (small blind) folded before Flop
Seat 5: Pepono101 (big blind) showed [Kh 3c] and won ($0.13) with a pair of Threes
Seat 6: Paty Doll726 folded before Flop (didn't bet)
Seat 7: Dorex2007 folded before Flop (didn't bet)
Seat 8: Coombe1 folded before Flop (didn't bet)
Seat 9: tayde310 folded before Flop (didn't bet)



PokerStars Hand #237365248746:  Hold'em No Limit ($0.01/$0.02 USD) - 2022/07/14 18:46:13 PT [2022/07/14 21:46:13 ET]
Table 'Rhodesia IV' 9-max Seat #4 is the button
Seat 1: VANVIGA ($6.91 in chips) 
Seat 2: Blufferin142 ($1.62 in chips) 
Seat 3: STTYFLER ($2.41 in chips) 
Seat 4: Asmodeus DCLXVI ($0.72 in chips) 
Seat 5: Pepono101 ($1.45 in chips) 
Seat 6: Paty Doll726 ($1.44 in chips) 
Seat 7: Dorex2007 ($2 in chips) 
Seat 8: Coombe1 ($2.14 in chips) 
Seat 9: tayde310 ($2.04 in chips) 
Pepono101: posts small blind $0.01
Paty Doll726: posts big blind $0.02
*** HOLE CARDS ***
Dealt to Dorex2007 [Ah Ks]
Dorex2007: raises $0.02 to $0.04
Coombe1: calls $0.04
tayde310: folds 
VANVIGA: folds 
Blufferin142: folds 
STTYFLER: folds 
Asmodeus DCLXVI: folds 
Pepono101: calls $0.03
Paty Doll726: folds 
*** FLOP *** [8s As 9c]
Pepono101: checks 
Dorex2007: bets $0.14
Coombe1: raises $0.42 to $0.56
Pepono101: folds 
Dorex2007: raises $1.40 to $1.96 and is all-in
Coombe1: calls $1.40
*** TURN *** [8s As 9c] [Qs]
*** RIVER *** [8s As 9c Qs] [Ac]
*** SHOW DOWN ***
Dorex2007: shows [Ah Ks] (three of a kind, Aces)
Coombe1: shows [3s 4s] (a flush, Ace high)
Coombe1 collected $3.92 from pot
Dorex2007 cashed out the hand for $2.64 | Cash Out Fee $0.03
*** SUMMARY ***
Total pot $4.06 | Rake $0.14 
Board [8s As 9c Qs Ac]
Seat 1: VANVIGA folded before Flop (didn't bet)
Seat 2: Blufferin142 folded before Flop (didn't bet)
Seat 3: STTYFLER folded before Flop (didn't bet)
Seat 4: Asmodeus DCLXVI (button) folded before Flop (didn't bet)
Seat 5: Pepono101 (small blind) folded on the Flop
Seat 6: Paty Doll726 (big blind) folded before Flop
Seat 7: Dorex2007 showed [Ah Ks] and lost with three of a kind, Aces (cashed out).
Seat 8: Coombe1 showed [3s 4s] and won ($3.92) with a flush, Ace high
Seat 9: tayde310 folded before Flop (didn't bet)



PokerStars Hand #237365259970:  Hold'em No Limit ($0.01/$0.02 USD) - 2022/07/14 18:47:10 PT [2022/07/14 21:47:10 ET]
Table 'Rhodesia IV' 9-max Seat #5 is the button
Seat 1: VANVIGA ($6.91 in chips) 
Seat 2: Blufferin142 ($1.62 in chips) 
Seat 3: STTYFLER ($2.41 in chips) 
Seat 4: Asmodeus DCLXVI ($0.72 in chips) 
Seat 5: Pepono101 ($1.41 in chips) 
Seat 6: Paty Doll726 ($1.42 in chips) 
Seat 7: Dorex2007 ($2.64 in chips) 
Seat 8: Coombe1 ($4.06 in chips) 
Seat 9: tayde310 ($2.04 in chips) 
Paty Doll726: posts small blind $0.01
Dorex2007: posts big blind $0.02
*** HOLE CARDS ***
Dealt to Dorex2007 [Kh 3c]
Coombe1: folds 
tayde310: folds 
VANVIGA: folds 
Blufferin142: folds 
STTYFLER: folds 
Asmodeus DCLXVI: folds 
Coombe1 leaves the table
Pepono101: raises $0.02 to $0.04
Paty Doll726: folds 
Dorex2007: folds 
Uncalled bet ($0.02) returned to Pepono101
Pepono101 collected $0.05 from pot
*** SUMMARY ***
Total pot $0.05 | Rake $0 
Seat 1: VANVIGA folded before Flop (didn't bet)
Seat 2: Blufferin142 folded before Flop (didn't bet)
Seat 3: STTYFLER folded before Flop (didn't bet)
Seat 4: Asmodeus DCLXVI folded before Flop (didn't bet)
Seat 5: Pepono101 (button) collected ($0.05)
Seat 6: Paty Doll726 (small blind) folded before Flop
Seat 7: Dorex2007 (big blind) folded before Flop
Seat 8: Coombe1 folded before Flop (didn't bet)
Seat 9: tayde310 folded before Flop (didn't bet)



PokerStars Hand #237365265225:  Hold'em No Limit ($0.01/$0.02 USD) - 2022/07/14 18:47:36 PT [2022/07/14 21:47:36 ET]
Table 'Rhodesia IV' 9-max Seat #6 is the button
Seat 1: VANVIGA ($6.91 in chips) 
Seat 2: Blufferin142 ($1.62 in chips) 
Seat 3: STTYFLER ($2.41 in chips) 
Seat 4: Asmodeus DCLXVI ($0.72 in chips) 
Seat 5: Pepono101 ($1.44 in chips) 
Seat 6: Paty Doll726 ($1.41 in chips) 
Seat 7: Dorex2007 ($2.62 in chips) 
Seat 9: tayde310 ($2.04 in chips) 
Dorex2007: posts small blind $0.01
tayde310: posts big blind $0.02
*** HOLE CARDS ***
Dealt to Dorex2007 [4d Ks]
VANVIGA: raises $0.04 to $0.06
Blufferin142: folds 
STTYFLER: folds 
Asmodeus DCLXVI: folds 
Pepono101: calls $0.06
Paty Doll726: folds 
Dorex2007: folds 
tayde310: calls $0.04
*** FLOP *** [5s Ts Qs]
tayde310: bets $0.06
VANVIGA: folds 
Pepono101: calls $0.06
*** TURN *** [5s Ts Qs] [4h]
tayde310: bets $0.06
Pepono101: calls $0.06
*** RIVER *** [5s Ts Qs 4h] [Ah]
tayde310: bets $0.14
Pepono101: calls $0.14
*** SHOW DOWN ***
tayde310: shows [9s Th] (a pair of Tens)
Pepono101: shows [3c As] (a pair of Aces)
Pepono101 collected $0.69 from pot
*** SUMMARY ***
Total pot $0.71 | Rake $0.02 
Board [5s Ts Qs 4h Ah]
Seat 1: VANVIGA folded on the Flop
Seat 2: Blufferin142 folded before Flop (didn't bet)
Seat 3: STTYFLER folded before Flop (didn't bet)
Seat 4: Asmodeus DCLXVI folded before Flop (didn't bet)
Seat 5: Pepono101 showed [3c As] and won ($0.69) with a pair of Aces
Seat 6: Paty Doll726 (button) folded before Flop (didn't bet)
Seat 7: Dorex2007 (small blind) folded before Flop
Seat 9: tayde310 (big blind) showed [9s Th] and lost with a pair of Tens



PokerStars Hand #237365277351:  Hold'em No Limit ($0.01/$0.02 USD) - 2022/07/14 18:48:38 PT [2022/07/14 21:48:38 ET]
Table 'Rhodesia IV' 9-max Seat #7 is the button
Seat 1: VANVIGA ($6.85 in chips) 
Seat 2: Blufferin142 ($1.62 in chips) 
Seat 3: STTYFLER ($2.41 in chips) 
Seat 4: Asmodeus DCLXVI ($0.72 in chips) 
Seat 5: Pepono101 ($1.81 in chips) 
Seat 6: Paty Doll726 ($1.41 in chips) 
Seat 7: Dorex2007 ($2.61 in chips) 
Seat 9: tayde310 ($2 in chips) 
tayde310: posts small blind $0.01
VANVIGA: posts big blind $0.02
*** HOLE CARDS ***
Dealt to Dorex2007 [Ac 9d]
Blufferin142: folds 
STTYFLER: folds 
Asmodeus DCLXVI: folds 
Pepono101: calls $0.02
Paty Doll726: folds 
Dorex2007: folds 
tayde310: calls $0.01
VANVIGA: checks 
*** FLOP *** [8s 7c Jc]
tayde310: checks 
VANVIGA: checks 
Pepono101: checks 
*** TURN *** [8s 7c Jc] [Kc]
tayde310: checks 
VANVIGA: checks 
Pepono101: checks 
*** RIVER *** [8s 7c Jc Kc] [4d]
tayde310: checks 
VANVIGA: checks 
Pepono101: checks 
*** SHOW DOWN ***
tayde310: shows [4h 5h] (a pair of Fours)
VANVIGA: mucks hand 
Pepono101: mucks hand 
Pacs97 joins the table at seat #8 
tayde310 collected $0.06 from pot
*** SUMMARY ***
Total pot $0.06 | Rake $0 
Board [8s 7c Jc Kc 4d]
Seat 1: VANVIGA (big blind) mucked [3d Qs]
Seat 2: Blufferin142 folded before Flop (didn't bet)
Seat 3: STTYFLER folded before Flop (didn't bet)
Seat 4: Asmodeus DCLXVI folded before Flop (didn't bet)
Seat 5: Pepono101 mucked [2s 6c]
Seat 6: Paty Doll726 folded before Flop (didn't bet)
Seat 7: Dorex2007 (button) folded before Flop (didn't bet)
Seat 9: tayde310 (small blind) showed [4h 5h] and won ($0.06) with a pair of Fours



PokerStars Hand #237365287411:  Hold'em No Limit ($0.01/$0.02 USD) - 2022/07/14 18:49:29 PT [2022/07/14 21:49:29 ET]
Table 'Rhodesia IV' 9-max Seat #9 is the button
Seat 1: VANVIGA ($6.83 in chips) 
Seat 2: Blufferin142 ($1.62 in chips) 
Seat 3: STTYFLER ($2.41 in chips) 
Seat 4: Asmodeus DCLXVI ($0.72 in chips) 
Seat 5: Pepono101 ($1.79 in chips) 
Seat 6: Paty Doll726 ($1.41 in chips) 
Seat 7: Dorex2007 ($2.61 in chips) 
Seat 9: tayde310 ($2.04 in chips) 
VANVIGA: posts small blind $0.01
Blufferin142: posts big blind $0.02
Pacs97 is connected 
Pacs97: sits out 
*** HOLE CARDS ***
Dealt to Dorex2007 [7c Ts]
STTYFLER: calls $0.02
Asmodeus DCLXVI: folds 
Pepono101: folds 
Paty Doll726: folds 
Dorex2007: folds 
tayde310: raises $0.03 to $0.05
VANVIGA: calls $0.04
Blufferin142: calls $0.03
STTYFLER: calls $0.03
*** FLOP *** [6c Qh 8h]
VANVIGA: checks 
Blufferin142: checks 
STTYFLER: checks 
tayde310: bets $0.06
VANVIGA: folds 
Blufferin142: folds 
STTYFLER: calls $0.06
*** TURN *** [6c Qh 8h] [Ah]
STTYFLER: checks 
tayde310: checks 
*** RIVER *** [6c Qh 8h Ah] [6d]
STTYFLER: checks 
tayde310: bets $0.06
STTYFLER: calls $0.06
*** SHOW DOWN ***
tayde310: shows [Kd Qc] (two pair, Queens and Sixes)
STTYFLER: shows [Qs Jd] (two pair, Queens and Sixes)
STTYFLER collected $0.21 from pot
tayde310 collected $0.21 from pot
*** SUMMARY ***
Total pot $0.44 | Rake $0.02 
Board [6c Qh 8h Ah 6d]
Seat 1: VANVIGA (small blind) folded on the Flop
Seat 2: Blufferin142 (big blind) folded on the Flop
Seat 3: STTYFLER showed [Qs Jd] and won ($0.21) with two pair, Queens and Sixes
Seat 4: Asmodeus DCLXVI folded before Flop (didn't bet)
Seat 5: Pepono101 folded before Flop (didn't bet)
Seat 6: Paty Doll726 folded before Flop (didn't bet)
Seat 7: Dorex2007 folded before Flop (didn't bet)
Seat 9: tayde310 (button) showed [Kd Qc] and won ($0.21) with two pair, Queens and Sixes



PokerStars Hand #237365302872:  Hold'em No Limit ($0.01/$0.02 USD) - 2022/07/14 18:50:49 PT [2022/07/14 21:50:49 ET]
Table 'Rhodesia IV' 9-max Seat #1 is the button
Seat 1: VANVIGA ($6.78 in chips) 
Seat 2: Blufferin142 ($1.57 in chips) 
Seat 3: STTYFLER ($2.45 in chips) 
Seat 4: Asmodeus DCLXVI ($0.72 in chips) 
Seat 5: Pepono101 ($1.79 in chips) 
Seat 6: Paty Doll726 ($1.41 in chips) 
Seat 7: Dorex2007 ($2.61 in chips) 
Seat 8: Pacs97 ($2 in chips) 
Seat 9: tayde310 ($2.08 in chips) 
Blufferin142: posts small blind $0.01
STTYFLER: posts big blind $0.02
Pacs97: posts big blind $0.02
*** HOLE CARDS ***
Dealt to Dorex2007 [6c Tc]
Asmodeus DCLXVI: folds 
Pepono101: folds 
Paty Doll726: calls $0.02
Dorex2007: folds 
Pacs97: checks 
tayde310: folds 
VANVIGA: folds 
Blufferin142: calls $0.01
STTYFLER: checks 
*** FLOP *** [3c 4c As]
Blufferin142: checks 
STTYFLER: checks 
Paty Doll726: checks 
Pacs97: bets $0.04
Blufferin142: folds 
STTYFLER: folds 
Paty Doll726: calls $0.04
*** TURN *** [3c 4c As] [2d]
Paty Doll726: checks 
Pacs97: bets $0.06
Paty Doll726: folds 
Uncalled bet ($0.06) returned to Pacs97
Pacs97 collected $0.15 from pot
*** SUMMARY ***
Total pot $0.16 | Rake $0.01 
Board [3c 4c As 2d]
Seat 1: VANVIGA (button) folded before Flop (didn't bet)
Seat 2: Blufferin142 (small blind) folded on the Flop
Seat 3: STTYFLER (big blind) folded on the Flop
Seat 4: Asmodeus DCLXVI folded before Flop (didn't bet)
Seat 5: Pepono101 folded before Flop (didn't bet)
Seat 6: Paty Doll726 folded on the Turn
Seat 7: Dorex2007 folded before Flop (didn't bet)
Seat 8: Pacs97 collected ($0.15)
Seat 9: tayde310 folded before Flop (didn't bet)



PokerStars Hand #237365317145:  Hold'em No Limit ($0.01/$0.02 USD) - 2022/07/14 18:51:46 PT [2022/07/14 21:51:46 ET]
Table 'Rhodesia IV' 9-max Seat #2 is the button
Seat 1: VANVIGA ($6.78 in chips) 
Seat 2: Blufferin142 ($1.55 in chips) 
Seat 3: STTYFLER ($2.43 in chips) 
Seat 4: Asmodeus DCLXVI ($0.72 in chips) 
Seat 5: Pepono101 ($1.79 in chips) 
Seat 6: Paty Doll726 ($1.35 in chips) 
Seat 7: Dorex2007 ($2.61 in chips) 
Seat 8: Pacs97 ($2.09 in chips) 
Seat 9: tayde310 ($2.08 in chips) 
STTYFLER: posts small blind $0.01
Asmodeus DCLXVI: posts big blind $0.02
*** HOLE CARDS ***
Dealt to Dorex2007 [4d Th]
Pepono101: calls $0.02
Paty Doll726: folds 
Paty Doll726 leaves the table
Dorex2007 has timed out
Dorex2007: folds 
Pacs97: folds 
tayde310: folds 
VANVIGA: folds 
Blufferin142: folds 
STTYFLER: calls $0.01
Asmodeus DCLXVI: checks 
*** FLOP *** [7s As 8c]
STTYFLER: checks 
Asmodeus DCLXVI: checks 
Pepono101: checks 
*** TURN *** [7s As 8c] [4c]
STTYFLER: bets $0.06
Asmodeus DCLXVI: folds 
Pepono101: calls $0.06
*** RIVER *** [7s As 8c 4c] [Jd]
STTYFLER: bets $0.08
Pepono101: calls $0.08
*** SHOW DOWN ***
STTYFLER: shows [6d Ah] (a pair of Aces)
Pepono101: mucks hand 
STTYFLER collected $0.33 from pot
*** SUMMARY ***
Total pot $0.34 | Rake $0.01 
Board [7s As 8c 4c Jd]
Seat 1: VANVIGA folded before Flop (didn't bet)
Seat 2: Blufferin142 (button) folded before Flop (didn't bet)
Seat 3: STTYFLER (small blind) showed [6d Ah] and won ($0.33) with a pair of Aces
Seat 4: Asmodeus DCLXVI (big blind) folded on the Turn
Seat 5: Pepono101 mucked [Tc Jc]
Seat 6: Paty Doll726 folded before Flop (didn't bet)
Seat 7: Dorex2007 folded before Flop (didn't bet)
Seat 8: Pacs97 folded before Flop (didn't bet)
Seat 9: tayde310 folded before Flop (didn't bet)



PokerStars Hand #237365329197:  Hold'em No Limit ($0.01/$0.02 USD) - 2022/07/14 18:52:48 PT [2022/07/14 21:52:48 ET]
Table 'Rhodesia IV' 9-max Seat #3 is the button
Seat 1: VANVIGA ($6.78 in chips) 
Seat 2: Blufferin142 ($1.55 in chips) 
Seat 3: STTYFLER ($2.60 in chips) 
Seat 4: Asmodeus DCLXVI ($0.70 in chips) 
Seat 5: Pepono101 ($1.63 in chips) 
Seat 7: Dorex2007 ($2.61 in chips) 
Seat 8: Pacs97 ($2.09 in chips) 
Seat 9: tayde310 ($2.08 in chips) 
Asmodeus DCLXVI: posts small blind $0.01
Pepono101: posts big blind $0.02
*** HOLE CARDS ***
Dealt to Dorex2007 [3s Ac]
Dorex2007: folds 
aandre.luna joins the table at seat #6 
Pacs97: raises $0.02 to $0.04
tayde310: folds 
VANVIGA: folds 
Blufferin142: folds 
STTYFLER: calls $0.04
Asmodeus DCLXVI: folds 
Pepono101: calls $0.02
*** FLOP *** [3d 8h Th]
Pepono101: checks 
Pacs97: checks 
STTYFLER: checks 
*** TURN *** [3d 8h Th] [2d]
Pepono101: bets $0.14
Pacs97: folds 
STTYFLER: folds 
Uncalled bet ($0.14) returned to Pepono101
Pepono101 collected $0.13 from pot
*** SUMMARY ***
Total pot $0.13 | Rake $0 
Board [3d 8h Th 2d]
Seat 1: VANVIGA folded before Flop (didn't bet)
Seat 2: Blufferin142 folded before Flop (didn't bet)
Seat 3: STTYFLER (button) folded on the Turn
Seat 4: Asmodeus DCLXVI (small blind) folded before Flop
Seat 5: Pepono101 (big blind) collected ($0.13)
Seat 7: Dorex2007 folded before Flop (didn't bet)
Seat 8: Pacs97 folded on the Turn
Seat 9: tayde310 folded before Flop (didn't bet)



PokerStars Hand #237365337168:  Hold'em No Limit ($0.01/$0.02 USD) - 2022/07/14 18:53:30 PT [2022/07/14 21:53:30 ET]
Table 'Rhodesia IV' 9-max Seat #4 is the button
Seat 1: VANVIGA ($6.78 in chips) 
Seat 2: Blufferin142 ($1.55 in chips) 
Seat 3: STTYFLER ($2.56 in chips) 
Seat 4: Asmodeus DCLXVI ($0.80 in chips) 
Seat 5: Pepono101 ($1.72 in chips) 
Seat 6: aandre.luna ($1.60 in chips) 
Seat 7: Dorex2007 ($2.61 in chips) 
Seat 8: Pacs97 ($2.05 in chips) 
Seat 9: tayde310 ($2.08 in chips) 
Pepono101: posts small blind $0.01
aandre.luna: posts big blind $0.02
*** HOLE CARDS ***
Dealt to Dorex2007 [Ad 8d]
Dorex2007: calls $0.02
Pacs97: raises $0.04 to $0.06
tayde310: folds 
VANVIGA: folds 
Blufferin142: folds 
STTYFLER: folds 
Asmodeus DCLXVI: folds 
Pepono101: folds 
aandre.luna: calls $0.04
Dorex2007: calls $0.04
*** FLOP *** [4d 8h 7h]
aandre.luna: bets $0.06
Dorex2007: raises $0.30 to $0.36
Pacs97: folds 
aandre.luna: calls $0.30
*** TURN *** [4d 8h 7h] [Tc]
aandre.luna: checks 
Dorex2007: bets $0.88
aandre.luna: calls $0.88
*** RIVER *** [4d 8h 7h Tc] [Qd]
aandre.luna: checks 
Dorex2007: checks 
*** SHOW DOWN ***
aandre.luna: shows [As 8s] (a pair of Eights)
Dorex2007: shows [Ad 8d] (a pair of Eights)
aandre.luna collected $1.29 from pot
Dorex2007 collected $1.29 from pot
*** SUMMARY ***
Total pot $2.67 | Rake $0.09 
Board [4d 8h 7h Tc Qd]
Seat 1: VANVIGA folded before Flop (didn't bet)
Seat 2: Blufferin142 folded before Flop (didn't bet)
Seat 3: STTYFLER folded before Flop (didn't bet)
Seat 4: Asmodeus DCLXVI (button) folded before Flop (didn't bet)
Seat 5: Pepono101 (small blind) folded before Flop
Seat 6: aandre.luna (big blind) showed [As 8s] and won ($1.29) with a pair of Eights
Seat 7: Dorex2007 showed [Ad 8d] and won ($1.29) with a pair of Eights
Seat 8: Pacs97 folded on the Flop
Seat 9: tayde310 folded before Flop (didn't bet)



PokerStars Hand #237365351658:  Hold'em No Limit ($0.01/$0.02 USD) - 2022/07/14 18:54:45 PT [2022/07/14 21:54:45 ET]
Table 'Rhodesia IV' 9-max Seat #5 is the button
Seat 1: VANVIGA ($6.78 in chips) 
Seat 2: Blufferin142 ($1.55 in chips) 
Seat 3: STTYFLER ($2.56 in chips) 
Seat 4: Asmodeus DCLXVI ($0.80 in chips) 
Seat 5: Pepono101 ($1.71 in chips) 
Seat 6: aandre.luna ($1.59 in chips) 
Seat 7: Dorex2007 ($2.60 in chips) 
Seat 8: Pacs97 ($1.99 in chips) 
Seat 9: tayde310 ($2.08 in chips) 
aandre.luna: posts small blind $0.01
Dorex2007: posts big blind $0.02
*** HOLE CARDS ***
Dealt to Dorex2007 [9h 6c]
Pacs97: raises $0.02 to $0.04
tayde310: folds 
VANVIGA: raises $0.08 to $0.12
Blufferin142: folds 
STTYFLER: calls $0.12
Asmodeus DCLXVI: raises $0.68 to $0.80 and is all-in
Pepono101: folds 
aandre.luna: folds 
Dorex2007: folds 
Pacs97: folds 
VANVIGA: calls $0.68
STTYFLER: calls $0.68
*** FLOP *** [Jc 6s Tc]
VANVIGA: bets $2.38
STTYFLER: calls $1.76 and is all-in
Uncalled bet ($0.62) returned to VANVIGA
*** TURN *** [Jc 6s Tc] [4s]
*** RIVER *** [Jc 6s Tc 4s] [6d]
*** SHOW DOWN ***
VANVIGA: shows [Qs Qh] (two pair, Queens and Sixes)
STTYFLER: shows [Td Kc] (two pair, Tens and Sixes)
VANVIGA collected $3.40 from side pot
Asmodeus DCLXVI: shows [Kd Ac] (a pair of Sixes)
VANVIGA collected $2.38 from main pot
STTYFLER cashed out the hand for $1.06 | Cash Out Fee $0.01
*** SUMMARY ***
Total pot $5.99 Main pot $2.38. Side pot $3.40. | Rake $0.21 
Board [Jc 6s Tc 4s 6d]
Seat 1: VANVIGA showed [Qs Qh] and won ($5.78) with two pair, Queens and Sixes
Seat 2: Blufferin142 folded before Flop (didn't bet)
Seat 3: STTYFLER showed [Td Kc] and lost with two pair, Tens and Sixes (cashed out).
Seat 4: Asmodeus DCLXVI showed [Kd Ac] and lost with a pair of Sixes
Seat 5: Pepono101 (button) folded before Flop (didn't bet)
Seat 6: aandre.luna (small blind) folded before Flop
Seat 7: Dorex2007 (big blind) folded before Flop
Seat 8: Pacs97 folded before Flop
Seat 9: tayde310 folded before Flop (didn't bet)



PokerStars Hand #237365366155:  Hold'em No Limit ($0.01/$0.02 USD) - 2022/07/14 18:56:12 PT [2022/07/14 21:56:12 ET]
Table 'Rhodesia IV' 9-max Seat #6 is the button
Seat 1: VANVIGA ($10 in chips) 
Seat 2: Blufferin142 ($1.55 in chips) 
Seat 3: STTYFLER ($1.06 in chips) 
Seat 4: Asmodeus DCLXVI ($0.80 in chips) 
Seat 5: Pepono101 ($1.71 in chips) 
Seat 6: aandre.luna ($1.58 in chips) 
Seat 7: Dorex2007 ($2.58 in chips) 
Seat 8: Pacs97 ($1.95 in chips) 
Seat 9: tayde310 ($2.08 in chips) 
Dorex2007: posts small blind $0.01
Pacs97: posts big blind $0.02
*** HOLE CARDS ***
Dealt to Dorex2007 [Qc Ah]
tayde310: calls $0.02
VANVIGA: folds 
Blufferin142: folds 
STTYFLER: folds 
Asmodeus DCLXVI: folds 
Pepono101: folds 
aandre.luna: folds 
Dorex2007: raises $0.04 to $0.06
Pacs97: calls $0.04
tayde310: calls $0.04
*** FLOP *** [Qh 5d 5h]
Dorex2007: bets $0.17
Pacs97: calls $0.17
tayde310: calls $0.17
*** TURN *** [Qh 5d 5h] [Td]
Dorex2007: bets $2.35 and is all-in
Pacs97: calls $1.72 and is all-in
tayde310: folds 
Uncalled bet ($0.63) returned to Dorex2007
*** RIVER *** [Qh 5d 5h Td] [Ad]
*** SHOW DOWN ***
Dorex2007: shows [Qc Ah] (two pair, Aces and Queens)
Pacs97: shows [Qs Kc] (two pair, Queens and Fives)
Dorex2007 cashed out the hand for $3.55 | Cash Out Fee $0.04
Pacs97 cashed out the hand for $0.40
*** SUMMARY ***
Total pot $4.13 | Rake $0.14 
Board [Qh 5d 5h Td Ad]
Seat 1: VANVIGA folded before Flop (didn't bet)
Seat 2: Blufferin142 folded before Flop (didn't bet)
Seat 3: STTYFLER folded before Flop (didn't bet)
Seat 4: Asmodeus DCLXVI folded before Flop (didn't bet)
Seat 5: Pepono101 folded before Flop (didn't bet)
Seat 6: aandre.luna (button) folded before Flop (didn't bet)
Seat 7: Dorex2007 (small blind) showed [Qc Ah] and won ($3.99) with two pair, Aces and Queens (pot not awarded as player cashed out)
Seat 8: Pacs97 (big blind) showed [Qs Kc] and lost with two pair, Queens and Fives (cashed out).
Seat 9: tayde310 folded on the Turn



PokerStars Hand #237365392530:  Hold'em No Limit ($0.01/$0.02 USD) - 2022/07/14 18:57:30 PT [2022/07/14 21:57:30 ET]
Table 'Rhodesia IV' 9-max Seat #7 is the button
Seat 1: VANVIGA ($10 in chips) 
Seat 2: Blufferin142 ($1.55 in chips) 
Seat 3: STTYFLER ($1.06 in chips) 
Seat 4: Asmodeus DCLXVI ($0.80 in chips) 
Seat 5: Pepono101 ($1.71 in chips) 
Seat 6: aandre.luna ($2 in chips) 
Seat 7: Dorex2007 ($4.18 in chips) 
Seat 8: Pacs97 ($0.40 in chips) 
Seat 9: tayde310 ($2 in chips) 
Pacs97: posts small blind $0.01
tayde310: posts big blind $0.02
*** HOLE CARDS ***
Dealt to Dorex2007 [4c Th]
VANVIGA: calls $0.02
Blufferin142: calls $0.02
STTYFLER: calls $0.02
Asmodeus DCLXVI: folds 
Pepono101: folds 
Pepono101 leaves the table
aandre.luna: folds 
Dorex2007: folds 
Pacs97: calls $0.01
tayde310: checks 
*** FLOP *** [2d 5s 5d]
Pacs97: checks 
tayde310: checks 
VANVIGA: checks 
Blufferin142: checks 
STTYFLER: checks 
*** TURN *** [2d 5s 5d] [2s]
Pacs97: checks 
tayde310: bets $0.06
VANVIGA: folds 
Blufferin142: folds 
STTYFLER: raises $0.22 to $0.28
Pacs97: raises $0.10 to $0.38 and is all-in
tayde310: folds 
Colt_BLR joins the table at seat #5 
STTYFLER: calls $0.10
*** RIVER *** [2d 5s 5d 2s] [Kd]
*** SHOW DOWN ***
Pacs97: shows [6d 5c] (a full house, Fives full of Deuces)
STTYFLER: shows [5h 3h] (a full house, Fives full of Deuces)
Pacs97 collected $0.45 from pot
STTYFLER collected $0.44 from pot
*** SUMMARY ***
Total pot $0.92 | Rake $0.03 
Board [2d 5s 5d 2s Kd]
Seat 1: VANVIGA folded on the Turn
Seat 2: Blufferin142 folded on the Turn
Seat 3: STTYFLER showed [5h 3h] and won ($0.44) with a full house, Fives full of Deuces
Seat 4: Asmodeus DCLXVI folded before Flop (didn't bet)
Seat 5: Pepono101 folded before Flop (didn't bet)
Seat 6: aandre.luna folded before Flop (didn't bet)
Seat 7: Dorex2007 (button) folded before Flop (didn't bet)
Seat 8: Pacs97 (small blind) showed [6d 5c] and won ($0.45) with a full house, Fives full of Deuces
Seat 9: tayde310 (big blind) folded on the Turn



PokerStars Hand #237365404110:  Hold'em No Limit ($0.01/$0.02 USD) - 2022/07/14 18:58:46 PT [2022/07/14 21:58:46 ET]
Table 'Rhodesia IV' 9-max Seat #8 is the button
Seat 1: VANVIGA ($9.98 in chips) 
Seat 2: Blufferin142 ($1.53 in chips) 
Seat 3: STTYFLER ($1.10 in chips) 
Seat 4: Asmodeus DCLXVI ($0.80 in chips) 
Seat 6: aandre.luna ($2 in chips) 
Seat 7: Dorex2007 ($4.18 in chips) 
Seat 8: Pacs97 ($0.45 in chips) 
Seat 9: tayde310 ($2 in chips) 
tayde310: posts small blind $0.01
VANVIGA: posts big blind $0.02
Colt_BLR: sits out 
*** HOLE CARDS ***
Dealt to Dorex2007 [8s 4d]
Blufferin142: folds 
STTYFLER: folds 
Asmodeus DCLXVI: folds 
aandre.luna has timed out
aandre.luna: folds 
Dorex2007: folds 
Pacs97: raises $0.04 to $0.06
tayde310: raises $0.04 to $0.10
VANVIGA: folds 
Pacs97: calls $0.04
*** FLOP *** [6h 9h 5c]
tayde310: bets $0.06
Pacs97: raises $0.29 to $0.35 and is all-in
tayde310: calls $0.29
*** TURN *** [6h 9h 5c] [4c]
*** RIVER *** [6h 9h 5c 4c] [8h]
*** SHOW DOWN ***
tayde310: shows [Kc Ad] (high card Ace)
Pacs97: shows [8c 9c] (two pair, Nines and Eights)
Pacs97 collected $0.89 from pot
*** SUMMARY ***
Total pot $0.92 | Rake $0.03 
Board [6h 9h 5c 4c 8h]
Seat 1: VANVIGA (big blind) folded before Flop
Seat 2: Blufferin142 folded before Flop (didn't bet)
Seat 3: STTYFLER folded before Flop (didn't bet)
Seat 4: Asmodeus DCLXVI folded before Flop (didn't bet)
Seat 6: aandre.luna folded before Flop (didn't bet)
Seat 7: Dorex2007 folded before Flop (didn't bet)
Seat 8: Pacs97 (button) showed [8c 9c] and won ($0.89) with two pair, Nines and Eights
Seat 9: tayde310 (small blind) showed [Kc Ad] and lost with high card Ace



PokerStars Hand #237365415949:  Hold'em No Limit ($0.01/$0.02 USD) - 2022/07/14 19:00:03 PT [2022/07/14 22:00:03 ET]
Table 'Rhodesia IV' 9-max Seat #9 is the button
Seat 1: VANVIGA ($9.96 in chips) 
Seat 2: Blufferin142 ($1.53 in chips) 
Seat 3: STTYFLER ($1.10 in chips) 
Seat 4: Asmodeus DCLXVI ($0.80 in chips) 
Seat 5: Colt_BLR ($2 in chips) 
Seat 7: Dorex2007 ($4.18 in chips) 
Seat 8: Pacs97 ($0.89 in chips) 
Seat 9: tayde310 ($2 in chips) 
VANVIGA: posts small blind $0.01
Blufferin142: posts big blind $0.02
Colt_BLR: posts big blind $0.02
*** HOLE CARDS ***
Dealt to Dorex2007 [Kd 7h]
STTYFLER: calls $0.02
Asmodeus DCLXVI: folds 
Colt_BLR: checks 
Dorex2007: folds 
Pacs97: folds 
tayde310: folds 
VANVIGA: calls $0.01
Blufferin142: checks 
*** FLOP *** [Jh Kh 6d]
VANVIGA: checks 
Blufferin142: checks 
STTYFLER: checks 
Colt_BLR: checks 
*** TURN *** [Jh Kh 6d] [9c]
VANVIGA: checks 
Blufferin142: checks 
STTYFLER: checks 
Colt_BLR: bets $0.06
VANVIGA: calls $0.06
Blufferin142: folds 
STTYFLER: calls $0.06
*** RIVER *** [Jh Kh 6d 9c] [6c]
VANVIGA: checks 
STTYFLER: checks 
Colt_BLR: bets $0.18
VANVIGA: folds 
STTYFLER: folds 
Uncalled bet ($0.18) returned to Colt_BLR
Colt_BLR collected $0.25 from pot
*** SUMMARY ***
Total pot $0.26 | Rake $0.01 
Board [Jh Kh 6d 9c 6c]
Seat 1: VANVIGA (small blind) folded on the River
Seat 2: Blufferin142 (big blind) folded on the Turn
Seat 3: STTYFLER folded on the River
Seat 4: Asmodeus DCLXVI folded before Flop (didn't bet)
Seat 5: Colt_BLR collected ($0.25)
Seat 7: Dorex2007 folded before Flop (didn't bet)
Seat 8: Pacs97 folded before Flop (didn't bet)
Seat 9: tayde310 (button) folded before Flop (didn't bet)



PokerStars Hand #237365427508:  Hold'em No Limit ($0.01/$0.02 USD) - 2022/07/14 19:01:11 PT [2022/07/14 22:01:11 ET]
Table 'Rhodesia IV' 9-max Seat #1 is the button
Seat 1: VANVIGA ($9.88 in chips) 
Seat 2: Blufferin142 ($1.51 in chips) 
Seat 3: STTYFLER ($1.02 in chips) 
Seat 4: Asmodeus DCLXVI ($0.80 in chips) 
Seat 5: Colt_BLR ($2.17 in chips) 
Seat 6: aandre.luna ($2 in chips) 
Seat 7: Dorex2007 ($4.18 in chips) 
Seat 8: Pacs97 ($0.89 in chips) 
Seat 9: tayde310 ($2 in chips) 
Blufferin142: posts small blind $0.01
STTYFLER: posts big blind $0.02
*** HOLE CARDS ***
Dealt to Dorex2007 [Jc 6d]
Asmodeus DCLXVI: folds 
Colt_BLR: folds 
aandre.luna: folds 
Dorex2007: folds 
Pacs97: raises $0.02 to $0.04
tayde310: folds 
VANVIGA: calls $0.04
Blufferin142: folds 
STTYFLER: folds 
*** FLOP *** [Jd Kc 4s]
Pacs97: checks 
VANVIGA: checks 
*** TURN *** [Jd Kc 4s] [3d]
Pacs97: bets $0.04
VANVIGA: folds 
Uncalled bet ($0.04) returned to Pacs97
Pacs97 collected $0.11 from pot
*** SUMMARY ***
Total pot $0.11 | Rake $0 
Board [Jd Kc 4s 3d]
Seat 1: VANVIGA (button) folded on the Turn
Seat 2: Blufferin142 (small blind) folded before Flop
Seat 3: STTYFLER (big blind) folded before Flop
Seat 4: Asmodeus DCLXVI folded before Flop (didn't bet)
Seat 5: Colt_BLR folded before Flop (didn't bet)
Seat 6: aandre.luna folded before Flop (didn't bet)
Seat 7: Dorex2007 folded before Flop (didn't bet)
Seat 8: Pacs97 collected ($0.11)
Seat 9: tayde310 folded before Flop (didn't bet)



PokerStars Hand #237365435281:  Hold'em No Limit ($0.01/$0.02 USD) - 2022/07/14 19:01:52 PT [2022/07/14 22:01:52 ET]
Table 'Rhodesia IV' 9-max Seat #2 is the button
Seat 1: VANVIGA ($9.84 in chips) 
Seat 2: Blufferin142 ($1.50 in chips) 
Seat 3: STTYFLER ($1 in chips) 
Seat 4: Asmodeus DCLXVI ($0.80 in chips) 
Seat 5: Colt_BLR ($2.17 in chips) 
Seat 6: aandre.luna ($2 in chips) 
Seat 7: Dorex2007 ($4.18 in chips) 
Seat 8: Pacs97 ($0.96 in chips) 
Seat 9: tayde310 ($2 in chips) 
STTYFLER: posts small blind $0.01
Asmodeus DCLXVI: posts big blind $0.02
*** HOLE CARDS ***
Dealt to Dorex2007 [9s Jh]
Colt_BLR: folds 
aandre.luna: calls $0.02
Dorex2007: folds 
Pacs97: folds 
tayde310: folds 
VANVIGA: folds 
Blufferin142: calls $0.02
STTYFLER: folds 
Asmodeus DCLXVI: checks 
*** FLOP *** [3d Ac 5d]
Asmodeus DCLXVI: checks 
aandre.luna has timed out
aandre.luna: checks 
Blufferin142: checks 
*** TURN *** [3d Ac 5d] [4h]
Asmodeus DCLXVI: checks 
aandre.luna: checks 
Blufferin142: checks 
*** RIVER *** [3d Ac 5d 4h] [Jc]
Asmodeus DCLXVI: checks 
aandre.luna: checks 
Blufferin142: checks 
*** SHOW DOWN ***
Asmodeus DCLXVI: shows [Js 5h] (two pair, Jacks and Fives)
aandre.luna: mucks hand 
Blufferin142: mucks hand 
Asmodeus DCLXVI collected $0.07 from pot
*** SUMMARY ***
Total pot $0.07 | Rake $0 
Board [3d Ac 5d 4h Jc]
Seat 1: VANVIGA folded before Flop (didn't bet)
Seat 2: Blufferin142 (button) mucked [8h Th]
Seat 3: STTYFLER (small blind) folded before Flop
Seat 4: Asmodeus DCLXVI (big blind) showed [Js 5h] and won ($0.07) with two pair, Jacks and Fives
Seat 5: Colt_BLR folded before Flop (didn't bet)
Seat 6: aandre.luna mucked [9h Ks]
Seat 7: Dorex2007 folded before Flop (didn't bet)
Seat 8: Pacs97 folded before Flop (didn't bet)
Seat 9: tayde310 folded before Flop (didn't bet)



PokerStars Hand #237365452931:  Hold'em No Limit ($0.01/$0.02 USD) - 2022/07/14 19:03:24 PT [2022/07/14 22:03:24 ET]
Table 'Rhodesia IV' 9-max Seat #3 is the button
Seat 1: VANVIGA ($9.84 in chips) 
Seat 2: Blufferin142 ($1.48 in chips) 
Seat 3: STTYFLER ($0.99 in chips) 
Seat 4: Asmodeus DCLXVI ($0.85 in chips) 
Seat 5: Colt_BLR ($2.17 in chips) 
Seat 6: aandre.luna ($1.98 in chips) 
Seat 7: Dorex2007 ($4.18 in chips) 
Seat 8: Pacs97 ($0.96 in chips) 
Seat 9: tayde310 ($2 in chips) 
Asmodeus DCLXVI: posts small blind $0.01
Colt_BLR: posts big blind $0.02
*** HOLE CARDS ***
Dealt to Dorex2007 [Js Kd]
aandre.luna: calls $0.02
Dorex2007: folds 
Pacs97: folds 
tayde310: calls $0.02
VANVIGA: folds 
Blufferin142: folds 
STTYFLER: raises $0.04 to $0.06
Asmodeus DCLXVI: folds 
Colt_BLR: folds 
aandre.luna: calls $0.04
tayde310: calls $0.04
*** FLOP *** [Qd 9h 7c]
aandre.luna: checks 
tayde310: bets $0.06
STTYFLER: calls $0.06
aandre.luna: calls $0.06
*** TURN *** [Qd 9h 7c] [7h]
aandre.luna: checks 
tayde310: bets $0.10
STTYFLER: calls $0.10
aandre.luna: folds 
*** RIVER *** [Qd 9h 7c 7h] [6s]
tayde310: bets $0.20
STTYFLER: folds 
Uncalled bet ($0.20) returned to tayde310
tayde310 collected $0.57 from pot
*** SUMMARY ***
Total pot $0.59 | Rake $0.02 
Board [Qd 9h 7c 7h 6s]
Seat 1: VANVIGA folded before Flop (didn't bet)
Seat 2: Blufferin142 folded before Flop (didn't bet)
Seat 3: STTYFLER (button) folded on the River
Seat 4: Asmodeus DCLXVI (small blind) folded before Flop
Seat 5: Colt_BLR (big blind) folded before Flop
Seat 6: aandre.luna folded on the Turn
Seat 7: Dorex2007 folded before Flop (didn't bet)
Seat 8: Pacs97 folded before Flop (didn't bet)
Seat 9: tayde310 collected ($0.57)



PokerStars Hand #237365474118:  Hold'em No Limit ($0.01/$0.02 USD) - 2022/07/14 19:05:13 PT [2022/07/14 22:05:13 ET]
Table 'Rhodesia IV' 9-max Seat #4 is the button
Seat 1: VANVIGA ($9.84 in chips) 
Seat 2: Blufferin142 ($1.48 in chips) 
Seat 3: STTYFLER ($0.77 in chips) 
Seat 4: Asmodeus DCLXVI ($0.84 in chips) 
Seat 5: Colt_BLR ($2.15 in chips) 
Seat 6: aandre.luna ($1.86 in chips) 
Seat 7: Dorex2007 ($4.18 in chips) 
Seat 8: Pacs97 ($0.96 in chips) 
Seat 9: tayde310 ($2.35 in chips) 
Colt_BLR: posts small blind $0.01
aandre.luna: posts big blind $0.02
*** HOLE CARDS ***
Dealt to Dorex2007 [Ks As]
Dorex2007: raises $0.02 to $0.04
Pacs97: raises $0.02 to $0.06
tayde310: folds 
VANVIGA: folds 
Blufferin142: folds 
STTYFLER has timed out
STTYFLER: folds 
Asmodeus DCLXVI: folds 
Colt_BLR: folds 
aandre.luna: folds 
Dorex2007: calls $0.02
*** FLOP *** [Jc 9s 5s]
Dorex2007: bets $0.07
Pacs97: raises $0.07 to $0.14
Dorex2007: calls $0.07
*** TURN *** [Jc 9s 5s] [Ah]
Dorex2007: bets $3.98 and is all-in
Pacs97: calls $0.76 and is all-in
Uncalled bet ($3.22) returned to Dorex2007
*** RIVER *** [Jc 9s 5s Ah] [7h]
*** SHOW DOWN ***
Dorex2007: shows [Ks As] (a pair of Aces)
Pacs97: shows [7s 6s] (a pair of Sevens)
Dorex2007 cashed out the hand for $1.69 | Cash Out Fee $0.02
Pacs97 cashed out the hand for $0.17
*** SUMMARY ***
Total pot $1.95 | Rake $0.07 
Board [Jc 9s 5s Ah 7h]
Seat 1: VANVIGA folded before Flop (didn't bet)
Seat 2: Blufferin142 folded before Flop (didn't bet)
Seat 3: STTYFLER folded before Flop (didn't bet)
Seat 4: Asmodeus DCLXVI (button) folded before Flop (didn't bet)
Seat 5: Colt_BLR (small blind) folded before Flop
Seat 6: aandre.luna (big blind) folded before Flop
Seat 7: Dorex2007 showed [Ks As] and won ($1.88) with a pair of Aces (pot not awarded as player cashed out)
Seat 8: Pacs97 showed [7s 6s] and lost with a pair of Sevens (cashed out).
Seat 9: tayde310 folded before Flop (didn't bet)



PokerStars Hand #237365487569:  Hold'em No Limit ($0.01/$0.02 USD) - 2022/07/14 19:06:23 PT [2022/07/14 22:06:23 ET]
Table 'Rhodesia IV' 9-max Seat #5 is the button
Seat 1: VANVIGA ($9.84 in chips) 
Seat 2: Blufferin142 ($1.48 in chips) 
Seat 4: Asmodeus DCLXVI ($0.84 in chips) 
Seat 5: Colt_BLR ($2.14 in chips) 
Seat 6: aandre.luna ($1.84 in chips) 
Seat 7: Dorex2007 ($4.91 in chips) 
Seat 8: Pacs97 ($0.17 in chips) 
Seat 9: tayde310 ($2.35 in chips) 
aandre.luna: posts small blind $0.01
Dorex2007: posts big blind $0.02
*** HOLE CARDS ***
Dealt to Dorex2007 [Ks Qc]
Pacs97: raises $0.15 to $0.17 and is all-in
tayde310: folds 
VANVIGA: folds 
Blufferin142: folds 
Asmodeus DCLXVI: folds 
Colt_BLR: folds 
aandre.luna: folds 
Dorex2007: folds 
Uncalled bet ($0.15) returned to Pacs97
Pacs97 collected $0.05 from pot
*** SUMMARY ***
Total pot $0.05 | Rake $0 
Seat 1: VANVIGA folded before Flop (didn't bet)
Seat 2: Blufferin142 folded before Flop (didn't bet)
Seat 4: Asmodeus DCLXVI folded before Flop (didn't bet)
Seat 5: Colt_BLR (button) folded before Flop (didn't bet)
Seat 6: aandre.luna (small blind) folded before Flop
Seat 7: Dorex2007 (big blind) folded before Flop
Seat 8: Pacs97 collected ($0.05)
Seat 9: tayde310 folded before Flop (didn't bet)



PokerStars Hand #237365492667:  Hold'em No Limit ($0.01/$0.02 USD) - 2022/07/14 19:06:50 PT [2022/07/14 22:06:50 ET]
Table 'Rhodesia IV' 9-max Seat #6 is the button
Seat 1: VANVIGA ($9.84 in chips) 
Seat 2: Blufferin142 ($1.48 in chips) 
Seat 3: STTYFLER ($0.77 in chips) 
Seat 4: Asmodeus DCLXVI ($0.84 in chips) 
Seat 5: Colt_BLR ($2.14 in chips) 
Seat 6: aandre.luna ($1.83 in chips) 
Seat 7: Dorex2007 ($4.89 in chips) 
Seat 8: Pacs97 ($0.20 in chips) 
Seat 9: tayde310 ($2.35 in chips) 
Dorex2007: posts small blind $0.01
Pacs97: posts big blind $0.02
*** HOLE CARDS ***
Dealt to Dorex2007 [2h 4c]
tayde310: calls $0.02
VANVIGA: raises $0.06 to $0.08
Blufferin142: folds 
STTYFLER: calls $0.08
Asmodeus DCLXVI: folds 
Colt_BLR: folds 
aandre.luna: folds 
Dorex2007: folds 
Pacs97: folds 
tayde310: calls $0.06
*** FLOP *** [Jh 6d 6h]
tayde310: checks 
VANVIGA: bets $0.14
STTYFLER: folds 
tayde310: folds 
Uncalled bet ($0.14) returned to VANVIGA
VANVIGA collected $0.26 from pot
*** SUMMARY ***
Total pot $0.27 | Rake $0.01 
Board [Jh 6d 6h]
Seat 1: VANVIGA collected ($0.26)
Seat 2: Blufferin142 folded before Flop (didn't bet)
Seat 3: STTYFLER folded on the Flop
Seat 4: Asmodeus DCLXVI folded before Flop (didn't bet)
Seat 5: Colt_BLR folded before Flop (didn't bet)
Seat 6: aandre.luna (button) folded before Flop (didn't bet)
Seat 7: Dorex2007 (small blind) folded before Flop
Seat 8: Pacs97 (big blind) folded before Flop
Seat 9: tayde310 folded on the Flop



PokerStars Hand #237365506526:  Hold'em No Limit ($0.01/$0.02 USD) - 2022/07/14 19:07:25 PT [2022/07/14 22:07:25 ET]
Table 'Rhodesia IV' 9-max Seat #7 is the button
Seat 1: VANVIGA ($10.02 in chips) 
Seat 2: Blufferin142 ($1.48 in chips) 
Seat 3: STTYFLER ($0.69 in chips) 
Seat 4: Asmodeus DCLXVI ($0.84 in chips) 
Seat 5: Colt_BLR ($2.14 in chips) 
Seat 6: aandre.luna ($2 in chips) 
Seat 7: Dorex2007 ($4.88 in chips) 
Seat 8: Pacs97 ($0.18 in chips) 
Seat 9: tayde310 ($2.27 in chips) 
Pacs97: posts small blind $0.01
tayde310: posts big blind $0.02
*** HOLE CARDS ***
Dealt to Dorex2007 [Qc Kd]
VANVIGA: folds 
Blufferin142: folds 
STTYFLER: calls $0.02
Asmodeus DCLXVI: folds 
Colt_BLR: folds 
aandre.luna: folds 
Dorex2007: calls $0.02
Pacs97: raises $0.16 to $0.18 and is all-in
tayde310: folds 
STTYFLER: calls $0.16
Dorex2007: folds 
*** FLOP *** [Qh 7d Jh]
*** TURN *** [Qh 7d Jh] [7c]
*** RIVER *** [Qh 7d Jh 7c] [Qd]
*** SHOW DOWN ***
Pacs97: shows [2d 2h] (two pair, Queens and Sevens)
STTYFLER: shows [Kh 9d] (two pair, Queens and Sevens - King kicker)
STTYFLER collected $0.39 from pot
*** SUMMARY ***
Total pot $0.40 | Rake $0.01 
Board [Qh 7d Jh 7c Qd]
Seat 1: VANVIGA folded before Flop (didn't bet)
Seat 2: Blufferin142 folded before Flop (didn't bet)
Seat 3: STTYFLER showed [Kh 9d] and won ($0.39) with two pair, Queens and Sevens
Seat 4: Asmodeus DCLXVI folded before Flop (didn't bet)
Seat 5: Colt_BLR folded before Flop (didn't bet)
Seat 6: aandre.luna folded before Flop (didn't bet)
Seat 7: Dorex2007 (button) folded before Flop
Seat 8: Pacs97 (small blind) showed [2d 2h] and lost with two pair, Queens and Sevens
Seat 9: tayde310 (big blind) folded before Flop



PokerStars Hand #237365514976:  Hold'em No Limit ($0.01/$0.02 USD) - 2022/07/14 19:08:09 PT [2022/07/14 22:08:09 ET]
Table 'Rhodesia IV' 9-max Seat #9 is the button
Seat 1: VANVIGA ($10.02 in chips) 
Seat 2: Blufferin142 ($1.48 in chips) 
Seat 3: STTYFLER ($0.90 in chips) 
Seat 4: Asmodeus DCLXVI ($0.84 in chips) 
Seat 5: Colt_BLR ($2.14 in chips) 
Seat 6: aandre.luna ($2 in chips) 
Seat 7: Dorex2007 ($4.86 in chips) 
Seat 9: tayde310 ($2.25 in chips) 
VANVIGA: posts small blind $0.01
Blufferin142: posts big blind $0.02
*** HOLE CARDS ***
Dealt to Dorex2007 [Jd 6s]
STTYFLER: calls $0.02
Asmodeus DCLXVI: folds 
Colt_BLR: folds 
aandre.luna: calls $0.02
Dorex2007: folds 
tayde310: calls $0.02
Pacs97 leaves the table
VANVIGA: raises $0.08 to $0.10
Blufferin142: folds 
STTYFLER: calls $0.08
aandre.luna: folds 
tayde310: calls $0.08
*** FLOP *** [Qh 7s As]
VANVIGA: checks 
STTYFLER: checks 
tayde310: checks 
*** TURN *** [Qh 7s As] [Kd]
VANVIGA: checks 
STTYFLER: bets $0.16
tayde310: calls $0.16
VANVIGA: folds 
*** RIVER *** [Qh 7s As Kd] [Jh]
STTYFLER: bets $0.32
tayde310: folds 
Uncalled bet ($0.32) returned to STTYFLER
STTYFLER collected $0.64 from pot
*** SUMMARY ***
Total pot $0.66 | Rake $0.02 
Board [Qh 7s As Kd Jh]
Seat 1: VANVIGA (small blind) folded on the Turn
Seat 2: Blufferin142 (big blind) folded before Flop
Seat 3: STTYFLER collected ($0.64)
Seat 4: Asmodeus DCLXVI folded before Flop (didn't bet)
Seat 5: Colt_BLR folded before Flop (didn't bet)
Seat 6: aandre.luna folded before Flop
Seat 7: Dorex2007 folded before Flop (didn't bet)
Seat 9: tayde310 (button) folded on the River



PokerStars Hand #237365530072:  Hold'em No Limit ($0.01/$0.02 USD) - 2022/07/14 19:09:28 PT [2022/07/14 22:09:28 ET]
Table 'Rhodesia IV' 9-max Seat #1 is the button
Seat 1: VANVIGA ($9.92 in chips) 
Seat 2: Blufferin142 ($1.46 in chips) 
Seat 3: STTYFLER ($1.28 in chips) 
Seat 4: Asmodeus DCLXVI ($0.84 in chips) 
Seat 5: Colt_BLR ($2.14 in chips) 
Seat 6: aandre.luna ($1.98 in chips) 
Seat 7: Dorex2007 ($4.86 in chips) 
Seat 9: tayde310 ($2 in chips) 
Blufferin142: posts small blind $0.01
STTYFLER: posts big blind $0.02
*** HOLE CARDS ***
Dealt to Dorex2007 [7h Tc]
Asmodeus DCLXVI: folds 
Colt_BLR: folds 
aandre.luna: folds 
Dorex2007: folds 
tayde310: calls $0.02
VANVIGA: raises $0.06 to $0.08
Blufferin142: folds 
STTYFLER: folds 
tayde310: calls $0.06
*** FLOP *** [Jh Qd Ah]
tayde310: checks 
VANVIGA: bets $0.12
tayde310: folds 
Uncalled bet ($0.12) returned to VANVIGA
VANVIGA collected $0.18 from pot
*** SUMMARY ***
Total pot $0.19 | Rake $0.01 
Board [Jh Qd Ah]
Seat 1: VANVIGA (button) collected ($0.18)
Seat 2: Blufferin142 (small blind) folded before Flop
Seat 3: STTYFLER (big blind) folded before Flop
Seat 4: Asmodeus DCLXVI folded before Flop (didn't bet)
Seat 5: Colt_BLR folded before Flop (didn't bet)
Seat 6: aandre.luna folded before Flop (didn't bet)
Seat 7: Dorex2007 folded before Flop (didn't bet)
Seat 9: tayde310 folded on the Flop



PokerStars Hand #237365537208:  Hold'em No Limit ($0.01/$0.02 USD) - 2022/07/14 19:10:05 PT [2022/07/14 22:10:05 ET]
Table 'Rhodesia IV' 9-max Seat #2 is the button
Seat 1: VANVIGA ($10.02 in chips) 
Seat 2: Blufferin142 ($1.45 in chips) 
Seat 3: STTYFLER ($1.26 in chips) 
Seat 4: Asmodeus DCLXVI ($0.84 in chips) 
Seat 5: Colt_BLR ($2.14 in chips) 
Seat 6: aandre.luna ($1.98 in chips) 
Seat 7: Dorex2007 ($4.86 in chips) 
Seat 9: tayde310 ($2 in chips) 
STTYFLER: posts small blind $0.01
Asmodeus DCLXVI: posts big blind $0.02
*** HOLE CARDS ***
Dealt to Dorex2007 [7d 2h]
Colt_BLR: folds 
aandre.luna: folds 
Dorex2007: folds 
tayde310: folds 
VANVIGA: folds 
Blufferin142: calls $0.02
STTYFLER: folds 
nopo33 joins the table at seat #8 
Asmodeus DCLXVI: raises $0.06 to $0.08
Blufferin142: folds 
Uncalled bet ($0.06) returned to Asmodeus DCLXVI
Asmodeus DCLXVI collected $0.05 from pot
*** SUMMARY ***
Total pot $0.05 | Rake $0 
Seat 1: VANVIGA folded before Flop (didn't bet)
Seat 2: Blufferin142 (button) folded before Flop
Seat 3: STTYFLER (small blind) folded before Flop
Seat 4: Asmodeus DCLXVI (big blind) collected ($0.05)
Seat 5: Colt_BLR folded before Flop (didn't bet)
Seat 6: aandre.luna folded before Flop (didn't bet)
Seat 7: Dorex2007 folded before Flop (didn't bet)
Seat 9: tayde310 folded before Flop (didn't bet)



PokerStars Hand #237365542596:  Hold'em No Limit ($0.01/$0.02 USD) - 2022/07/14 19:10:34 PT [2022/07/14 22:10:34 ET]
Table 'Rhodesia IV' 9-max Seat #3 is the button
Seat 1: VANVIGA ($10.02 in chips) 
Seat 2: Blufferin142 ($1.43 in chips) 
Seat 3: STTYFLER ($1.25 in chips) 
Seat 4: Asmodeus DCLXVI ($0.87 in chips) 
Seat 5: Colt_BLR ($2.14 in chips) 
Seat 6: aandre.luna ($1.98 in chips) 
Seat 7: Dorex2007 ($4.86 in chips) 
Seat 9: tayde310 ($2 in chips) 
Asmodeus DCLXVI: posts small blind $0.01
Colt_BLR: posts big blind $0.02
nopo33: sits out 
*** HOLE CARDS ***
Dealt to Dorex2007 [Jc 6c]
aandre.luna has timed out
aandre.luna: folds 
Dorex2007: folds 
tayde310: calls $0.02
VANVIGA: folds 
Blufferin142: calls $0.02
STTYFLER: folds 
Asmodeus DCLXVI: folds 
Colt_BLR: checks 
*** FLOP *** [Ad 8h Ah]
Colt_BLR: checks 
tayde310: checks 
Blufferin142: checks 
*** TURN *** [Ad 8h Ah] [Th]
Colt_BLR: checks 
tayde310: checks 
Blufferin142: checks 
*** RIVER *** [Ad 8h Ah Th] [2s]
Colt_BLR: checks 
tayde310: checks 
Blufferin142: checks 
*** SHOW DOWN ***
Colt_BLR: shows [9s Js] (a pair of Aces)
tayde310: shows [Qd 3d] (a pair of Aces - Queen kicker)
Blufferin142: shows [7d 8d] (two pair, Aces and Eights)
Blufferin142 collected $0.07 from pot
*** SUMMARY ***
Total pot $0.07 | Rake $0 
Board [Ad 8h Ah Th 2s]
Seat 1: VANVIGA folded before Flop (didn't bet)
Seat 2: Blufferin142 showed [7d 8d] and won ($0.07) with two pair, Aces and Eights
Seat 3: STTYFLER (button) folded before Flop (didn't bet)
Seat 4: Asmodeus DCLXVI (small blind) folded before Flop
Seat 5: Colt_BLR (big blind) showed [9s Js] and lost with a pair of Aces
Seat 6: aandre.luna folded before Flop (didn't bet)
Seat 7: Dorex2007 folded before Flop (didn't bet)
Seat 9: tayde310 showed [Qd 3d] and lost with a pair of Aces



PokerStars Hand #237365553073:  Hold'em No Limit ($0.01/$0.02 USD) - 2022/07/14 19:11:29 PT [2022/07/14 22:11:29 ET]
Table 'Rhodesia IV' 9-max Seat #4 is the button
Seat 1: VANVIGA ($10.02 in chips) 
Seat 2: Blufferin142 ($1.48 in chips) 
Seat 3: STTYFLER ($1.25 in chips) 
Seat 4: Asmodeus DCLXVI ($0.86 in chips) 
Seat 5: Colt_BLR ($2.12 in chips) 
Seat 6: aandre.luna ($1.98 in chips) 
Seat 7: Dorex2007 ($4.86 in chips) 
Seat 9: tayde310 ($2 in chips) 
Colt_BLR: posts small blind $0.01
aandre.luna: posts big blind $0.02
nopo33: sits out 
*** HOLE CARDS ***
Dealt to Dorex2007 [7c Kh]
Dorex2007: folds 
tayde310: calls $0.02
VANVIGA: folds 
Blufferin142: folds 
STTYFLER: calls $0.02
Asmodeus DCLXVI: folds 
Colt_BLR: folds 
aandre.luna: checks 
*** FLOP *** [4h 6h Th]
aandre.luna: checks 
tayde310: bets $0.08
STTYFLER: folds 
aandre.luna has timed out
aandre.luna: folds 
Uncalled bet ($0.08) returned to tayde310
tayde310 collected $0.07 from pot
*** SUMMARY ***
Total pot $0.07 | Rake $0 
Board [4h 6h Th]
Seat 1: VANVIGA folded before Flop (didn't bet)
Seat 2: Blufferin142 folded before Flop (didn't bet)
Seat 3: STTYFLER folded on the Flop
Seat 4: Asmodeus DCLXVI (button) folded before Flop (didn't bet)
Seat 5: Colt_BLR (small blind) folded before Flop
Seat 6: aandre.luna (big blind) folded on the Flop
Seat 7: Dorex2007 folded before Flop (didn't bet)
Seat 9: tayde310 collected ($0.07)



PokerStars Hand #237365563982:  Hold'em No Limit ($0.01/$0.02 USD) - 2022/07/14 19:12:26 PT [2022/07/14 22:12:26 ET]
Table 'Rhodesia IV' 9-max Seat #5 is the button
Seat 1: VANVIGA ($10.02 in chips) 
Seat 2: Blufferin142 ($1.48 in chips) 
Seat 3: STTYFLER ($1.23 in chips) 
Seat 4: Asmodeus DCLXVI ($0.86 in chips) 
Seat 5: Colt_BLR ($2.11 in chips) 
Seat 7: Dorex2007 ($4.86 in chips) 
Seat 8: nopo33 ($0.80 in chips) 
Seat 9: tayde310 ($2.05 in chips) 
Dorex2007: posts small blind $0.01
nopo33: posts big blind $0.02
*** HOLE CARDS ***
Dealt to Dorex2007 [5c Jh]
tayde310: folds 
VANVIGA: folds 
Blufferin142: folds 
STTYFLER: calls $0.02
Asmodeus DCLXVI: raises $0.06 to $0.08
Colt_BLR: folds 
Dorex2007: folds 
nopo33: folds 
STTYFLER: calls $0.06
*** FLOP *** [7c Ah 8c]
STTYFLER: checks 
Asmodeus DCLXVI: bets $0.09
STTYFLER: calls $0.09
*** TURN *** [7c Ah 8c] [Ks]
STTYFLER: checks 
Asmodeus DCLXVI: bets $0.27
STTYFLER: folds 
Uncalled bet ($0.27) returned to Asmodeus DCLXVI
Asmodeus DCLXVI collected $0.36 from pot
*** SUMMARY ***
Total pot $0.37 | Rake $0.01 
Board [7c Ah 8c Ks]
Seat 1: VANVIGA folded before Flop (didn't bet)
Seat 2: Blufferin142 folded before Flop (didn't bet)
Seat 3: STTYFLER folded on the Turn
Seat 4: Asmodeus DCLXVI collected ($0.36)
Seat 5: Colt_BLR (button) folded before Flop (didn't bet)
Seat 7: Dorex2007 (small blind) folded before Flop
Seat 8: nopo33 (big blind) folded before Flop
Seat 9: tayde310 folded before Flop (didn't bet)



PokerStars Hand #237365573043:  Hold'em No Limit ($0.01/$0.02 USD) - 2022/07/14 19:13:15 PT [2022/07/14 22:13:15 ET]
Table 'Rhodesia IV' 9-max Seat #7 is the button
Seat 1: VANVIGA ($10.02 in chips) 
Seat 2: Blufferin142 ($1.48 in chips) 
Seat 3: STTYFLER ($1.06 in chips) 
Seat 4: Asmodeus DCLXVI ($1.05 in chips) 
Seat 5: Colt_BLR ($2.11 in chips) 
Seat 6: aandre.luna ($1.96 in chips) 
Seat 7: Dorex2007 ($4.85 in chips) 
Seat 8: nopo33 ($0.78 in chips) 
Seat 9: tayde310 ($2.05 in chips) 
nopo33: posts small blind $0.01
tayde310: posts big blind $0.02
aandre.luna: posts small blind $0.01
*** HOLE CARDS ***
Dealt to Dorex2007 [7c Qs]
VANVIGA: folds 
Blufferin142: folds 
STTYFLER: folds 
Asmodeus DCLXVI: folds 
Colt_BLR: folds 
aandre.luna: calls $0.02
Dorex2007: folds 
nopo33: calls $0.01
Asmodeus DCLXVI leaves the table
tayde310: checks 
*** FLOP *** [4h 4s Ac]
nopo33: checks 
tayde310: checks 
aandre.luna: checks 
*** TURN *** [4h 4s Ac] [5d]
nopo33: checks 
W.Redragons joins the table at seat #4 
tayde310: checks 
aandre.luna: checks 
*** RIVER *** [4h 4s Ac 5d] [Ks]
nopo33: checks 
tayde310: bets $0.14
aandre.luna: folds 
nopo33: folds 
Uncalled bet ($0.14) returned to tayde310
tayde310 collected $0.07 from pot
*** SUMMARY ***
Total pot $0.07 | Rake $0 
Board [4h 4s Ac 5d Ks]
Seat 1: VANVIGA folded before Flop (didn't bet)
Seat 2: Blufferin142 folded before Flop (didn't bet)
Seat 3: STTYFLER folded before Flop (didn't bet)
Seat 4: Asmodeus DCLXVI folded before Flop (didn't bet)
Seat 5: Colt_BLR folded before Flop (didn't bet)
Seat 6: aandre.luna folded on the River
Seat 7: Dorex2007 (button) folded before Flop (didn't bet)
Seat 8: nopo33 (small blind) folded on the River
Seat 9: tayde310 (big blind) collected ($0.07)



PokerStars Hand #237365594521:  Hold'em No Limit ($0.01/$0.02 USD) - 2022/07/14 19:14:19 PT [2022/07/14 22:14:19 ET]
Table 'Rhodesia IV' 9-max Seat #8 is the button
Seat 1: VANVIGA ($10.02 in chips) 
Seat 2: Blufferin142 ($1.48 in chips) 
Seat 3: STTYFLER ($1.06 in chips) 
Seat 5: Colt_BLR ($2.11 in chips) 
Seat 6: aandre.luna ($1.93 in chips) 
Seat 7: Dorex2007 ($4.85 in chips) 
Seat 8: nopo33 ($0.76 in chips) 
Seat 9: tayde310 ($2.10 in chips) 
tayde310: posts small blind $0.01
VANVIGA: posts big blind $0.02
W.Redragons: sits out 
*** HOLE CARDS ***
Dealt to Dorex2007 [3h 8h]
Blufferin142: folds 
STTYFLER has timed out
STTYFLER: folds 
Colt_BLR: folds 
aandre.luna has timed out
aandre.luna: folds 
Dorex2007: folds 
nopo33: folds 
tayde310: folds 
Uncalled bet ($0.01) returned to VANVIGA
VANVIGA collected $0.02 from pot
*** SUMMARY ***
Total pot $0.02 | Rake $0 
Seat 1: VANVIGA (big blind) collected ($0.02)
Seat 2: Blufferin142 folded before Flop (didn't bet)
Seat 3: STTYFLER folded before Flop (didn't bet)
Seat 5: Colt_BLR folded before Flop (didn't bet)
Seat 6: aandre.luna folded before Flop (didn't bet)
Seat 7: Dorex2007 folded before Flop (didn't bet)
Seat 8: nopo33 (button) folded before Flop (didn't bet)
Seat 9: tayde310 (small blind) folded before Flop



