PokerStars Hand #232527270507:  Hold'em No Limit ($0.01/$0.02 USD) - 2021/12/25 21:02:56 PT [2021/12/26 0:02:56 ET]
Table 'Gacrux IV' 9-max Seat #5 is the button
Seat 1: Stefan111161 ($0.92 in chips) 
Seat 2: ffa2208 ($5.41 in chips) 
Seat 3: Elvanearaujo ($0.62 in chips) 
Seat 4: Dorex2007 ($2.18 in chips) 
Seat 5: K.Tyrrell ($2 in chips) 
Seat 6: SlavikPuha ($2.36 in chips) 
Seat 7: Litgame ($1.78 in chips) 
Seat 8: Twisted369 ($1.80 in chips) 
Seat 9: infiniti888 ($2.16 in chips) 
SlavikPuha: posts small blind $0.01
Litgame: posts big blind $0.02
Dorex2007: posts small & big blinds $0.03
*** HOLE CARDS ***
Dealt to Dorex2007 [2d Qh]
Twisted369 has timed out
Twisted369: folds 
infiniti888: folds 
Stefan111161 has timed out
Stefan111161: folds 
ffa2208: folds 
Elvanearaujo: calls $0.02
Dorex2007: checks 
K.Tyrrell: raises $0.08 to $0.10
SlavikPuha: folds 
Litgame: folds 
Elvanearaujo: folds 
Dorex2007: folds 
Uncalled bet ($0.08) returned to K.Tyrrell
K.Tyrrell collected $0.10 from pot
K.Tyrrell: doesn't show hand 
*** SUMMARY ***
Total pot $0.10 | Rake $0 
Seat 1: Stefan111161 folded before Flop (didn't bet)
Seat 2: ffa2208 folded before Flop (didn't bet)
Seat 3: Elvanearaujo folded before Flop
Seat 4: Dorex2007 folded before Flop (didn't bet)
Seat 5: K.Tyrrell (button) collected ($0.10)
Seat 6: SlavikPuha (small blind) folded before Flop
Seat 7: Litgame (big blind) folded before Flop
Seat 8: Twisted369 folded before Flop (didn't bet)
Seat 9: infiniti888 folded before Flop (didn't bet)



PokerStars Hand #232527287653:  Hold'em No Limit ($0.01/$0.02 USD) - 2021/12/25 21:03:48 PT [2021/12/26 0:03:48 ET]
Table 'Gacrux IV' 9-max Seat #6 is the button
Seat 1: Stefan111161 ($0.92 in chips) 
Seat 2: ffa2208 ($5.41 in chips) 
Seat 3: Elvanearaujo ($0.60 in chips) 
Seat 4: Dorex2007 ($2.15 in chips) 
Seat 5: K.Tyrrell ($2.08 in chips) 
Seat 6: SlavikPuha ($2.35 in chips) 
Seat 7: Litgame ($1.76 in chips) 
Seat 9: infiniti888 ($2.16 in chips) 
Litgame: posts small blind $0.01
infiniti888: posts big blind $0.02
*** HOLE CARDS ***
Dealt to Dorex2007 [9c 2h]
Stefan111161: folds 
ffa2208: folds 
Elvanearaujo: calls $0.02
Dorex2007: folds 
K.Tyrrell: folds 
SlavikPuha: raises $0.04 to $0.06
Litgame: folds 
infiniti888: folds 
Elvanearaujo: calls $0.04
*** FLOP *** [4h 6d Kh]
Elvanearaujo: checks 
SlavikPuha: bets $0.07
Elvanearaujo: folds 
Uncalled bet ($0.07) returned to SlavikPuha
SlavikPuha collected $0.14 from pot
SlavikPuha: doesn't show hand 
*** SUMMARY ***
Total pot $0.15 | Rake $0.01 
Board [4h 6d Kh]
Seat 1: Stefan111161 folded before Flop (didn't bet)
Seat 2: ffa2208 folded before Flop (didn't bet)
Seat 3: Elvanearaujo folded on the Flop
Seat 4: Dorex2007 folded before Flop (didn't bet)
Seat 5: K.Tyrrell folded before Flop (didn't bet)
Seat 6: SlavikPuha (button) collected ($0.14)
Seat 7: Litgame (small blind) folded before Flop
Seat 9: infiniti888 (big blind) folded before Flop



PokerStars Hand #232527295169:  Hold'em No Limit ($0.01/$0.02 USD) - 2021/12/25 21:04:35 PT [2021/12/26 0:04:35 ET]
Table 'Gacrux IV' 9-max Seat #7 is the button
Seat 1: Stefan111161 ($0.92 in chips) 
Seat 2: ffa2208 ($5.41 in chips) 
Seat 3: Elvanearaujo ($0.54 in chips) 
Seat 4: Dorex2007 ($2.15 in chips) 
Seat 5: K.Tyrrell ($2.08 in chips) 
Seat 6: SlavikPuha ($2.43 in chips) 
Seat 7: Litgame ($1.75 in chips) 
Seat 9: infiniti888 ($2.14 in chips) 
infiniti888: posts small blind $0.01
Stefan111161: posts big blind $0.02
*** HOLE CARDS ***
Dealt to Dorex2007 [9h Ad]
ffa2208: calls $0.02
Elvanearaujo: folds 
Dorex2007: folds 
K.Tyrrell: folds 
SlavikPuha: raises $0.04 to $0.06
Litgame: folds 
infiniti888: folds 
Stefan111161: folds 
ffa2208: calls $0.04
*** FLOP *** [Qh Jc 8s]
ffa2208: bets $0.10
SlavikPuha: calls $0.10
*** TURN *** [Qh Jc 8s] [5s]
ffa2208: bets $0.12
SlavikPuha: raises $0.12 to $0.24
ffa2208: calls $0.12
*** RIVER *** [Qh Jc 8s 5s] [6s]
ffa2208: bets $0.12
infiniti888 leaves the table
SlavikPuha: calls $0.12
*** SHOW DOWN ***
ffa2208: shows [Qc Tc] (a pair of Queens)
SlavikPuha: shows [8d Jd] (two pair, Jacks and Eights)
SlavikPuha collected $1.03 from pot
*** SUMMARY ***
Total pot $1.07 | Rake $0.04 
Board [Qh Jc 8s 5s 6s]
Seat 1: Stefan111161 (big blind) folded before Flop
Seat 2: ffa2208 showed [Qc Tc] and lost with a pair of Queens
Seat 3: Elvanearaujo folded before Flop (didn't bet)
Seat 4: Dorex2007 folded before Flop (didn't bet)
Seat 5: K.Tyrrell folded before Flop (didn't bet)
Seat 6: SlavikPuha showed [8d Jd] and won ($1.03) with two pair, Jacks and Eights
Seat 7: Litgame (button) folded before Flop (didn't bet)
Seat 9: infiniti888 (small blind) folded before Flop



PokerStars Hand #232527305229:  Hold'em No Limit ($0.01/$0.02 USD) - 2021/12/25 21:05:39 PT [2021/12/26 0:05:39 ET]
Table 'Gacrux IV' 9-max Seat #1 is the button
Seat 1: Stefan111161 ($0.90 in chips) 
Seat 2: ffa2208 ($4.89 in chips) 
Seat 3: Elvanearaujo ($0.54 in chips) 
Seat 4: Dorex2007 ($2.15 in chips) 
Seat 5: K.Tyrrell ($2.08 in chips) 
Seat 6: SlavikPuha ($2.94 in chips) 
Seat 7: Litgame ($1.75 in chips) 
ffa2208: posts small blind $0.01
Elvanearaujo: posts big blind $0.02
*** HOLE CARDS ***
Dealt to Dorex2007 [2c 8h]
Dorex2007 has timed out
Dorex2007: folds 
K.Tyrrell: folds 
SlavikPuha: raises $0.04 to $0.06
Litgame: folds 
Stefan111161: folds 
ffa2208: folds 
Elvanearaujo: folds 
Uncalled bet ($0.04) returned to SlavikPuha
SlavikPuha collected $0.05 from pot
SlavikPuha: doesn't show hand 
*** SUMMARY ***
Total pot $0.05 | Rake $0 
Seat 1: Stefan111161 (button) folded before Flop (didn't bet)
Seat 2: ffa2208 (small blind) folded before Flop
Seat 3: Elvanearaujo (big blind) folded before Flop
Seat 4: Dorex2007 folded before Flop (didn't bet)
Seat 5: K.Tyrrell folded before Flop (didn't bet)
Seat 6: SlavikPuha collected ($0.05)
Seat 7: Litgame folded before Flop (didn't bet)



PokerStars Hand #232527310214:  Hold'em No Limit ($0.01/$0.02 USD) - 2021/12/25 21:06:10 PT [2021/12/26 0:06:10 ET]
Table 'Gacrux IV' 9-max Seat #2 is the button
Seat 1: Stefan111161 ($0.90 in chips) 
Seat 2: ffa2208 ($4.88 in chips) 
Seat 3: Elvanearaujo ($0.52 in chips) 
Seat 4: Dorex2007 ($2.15 in chips) 
Seat 5: K.Tyrrell ($2.08 in chips) 
Seat 6: SlavikPuha ($2.97 in chips) 
Seat 7: Litgame ($1.75 in chips) 
Elvanearaujo: posts small blind $0.01
Dorex2007: posts big blind $0.02
*** HOLE CARDS ***
Dealt to Dorex2007 [7c Tc]
K.Tyrrell: folds 
SlavikPuha: raises $0.04 to $0.06
isbjrn67 joins the table at seat #9 
Litgame: folds 
Stefan111161: folds 
ffa2208: calls $0.06
Elvanearaujo: raises $0.06 to $0.12
Dorex2007: folds 
SlavikPuha: calls $0.06
ffa2208: calls $0.06
*** FLOP *** [6d As 7s]
Elvanearaujo: bets $0.18
SlavikPuha: folds 
ffa2208: folds 
Uncalled bet ($0.18) returned to Elvanearaujo
Elvanearaujo collected $0.37 from pot
Elvanearaujo: doesn't show hand 
*** SUMMARY ***
Total pot $0.38 | Rake $0.01 
Board [6d As 7s]
Seat 1: Stefan111161 folded before Flop (didn't bet)
Seat 2: ffa2208 (button) folded on the Flop
Seat 3: Elvanearaujo (small blind) collected ($0.37)
Seat 4: Dorex2007 (big blind) folded before Flop
Seat 5: K.Tyrrell folded before Flop (didn't bet)
Seat 6: SlavikPuha folded on the Flop
Seat 7: Litgame folded before Flop (didn't bet)



PokerStars Hand #232527316424:  Hold'em No Limit ($0.01/$0.02 USD) - 2021/12/25 21:06:49 PT [2021/12/26 0:06:49 ET]
Table 'Gacrux IV' 9-max Seat #3 is the button
Seat 1: Stefan111161 ($0.90 in chips) 
Seat 2: ffa2208 ($4.76 in chips) 
Seat 3: Elvanearaujo ($0.77 in chips) 
Seat 4: Dorex2007 ($2.13 in chips) 
Seat 5: K.Tyrrell ($2.08 in chips) 
Seat 6: SlavikPuha ($2.85 in chips) 
Seat 7: Litgame ($1.75 in chips) 
Dorex2007: posts small blind $0.01
K.Tyrrell: posts big blind $0.02
isbjrn67: sits out 
*** HOLE CARDS ***
Dealt to Dorex2007 [Jd 5s]
SlavikPuha: folds 
Litgame: folds 
Stefan111161: folds 
ffa2208: raises $0.02 to $0.04
Elvanearaujo: folds 
Dorex2007: folds 
K.Tyrrell: folds 
Uncalled bet ($0.02) returned to ffa2208
ffa2208 collected $0.05 from pot
ffa2208: doesn't show hand 
*** SUMMARY ***
Total pot $0.05 | Rake $0 
Seat 1: Stefan111161 folded before Flop (didn't bet)
Seat 2: ffa2208 collected ($0.05)
Seat 3: Elvanearaujo (button) folded before Flop (didn't bet)
Seat 4: Dorex2007 (small blind) folded before Flop
Seat 5: K.Tyrrell (big blind) folded before Flop
Seat 6: SlavikPuha folded before Flop (didn't bet)
Seat 7: Litgame folded before Flop (didn't bet)



PokerStars Hand #232527319443:  Hold'em No Limit ($0.01/$0.02 USD) - 2021/12/25 21:07:07 PT [2021/12/26 0:07:07 ET]
Table 'Gacrux IV' 9-max Seat #4 is the button
Seat 1: Stefan111161 ($0.90 in chips) 
Seat 2: ffa2208 ($4.79 in chips) 
Seat 3: Elvanearaujo ($0.77 in chips) 
Seat 4: Dorex2007 ($2.12 in chips) 
Seat 5: K.Tyrrell ($2.06 in chips) 
Seat 6: SlavikPuha ($2.85 in chips) 
Seat 7: Litgame ($1.75 in chips) 
K.Tyrrell: posts small blind $0.01
SlavikPuha: posts big blind $0.02
isbjrn67: sits out 
*** HOLE CARDS ***
Dealt to Dorex2007 [Ts 7d]
Litgame: calls $0.02
Stefan111161: folds 
ffa2208: calls $0.02
Elvanearaujo: calls $0.02
Dorex2007: folds 
K.Tyrrell: folds 
SlavikPuha: checks 
*** FLOP *** [Ac 3d 5c]
SlavikPuha: checks 
Litgame: checks 
ffa2208: bets $0.08
Elvanearaujo: folds 
SlavikPuha: folds 
Litgame: folds 
Uncalled bet ($0.08) returned to ffa2208
ffa2208 collected $0.09 from pot
ffa2208: doesn't show hand 
*** SUMMARY ***
Total pot $0.09 | Rake $0 
Board [Ac 3d 5c]
Seat 1: Stefan111161 folded before Flop (didn't bet)
Seat 2: ffa2208 collected ($0.09)
Seat 3: Elvanearaujo folded on the Flop
Seat 4: Dorex2007 (button) folded before Flop (didn't bet)
Seat 5: K.Tyrrell (small blind) folded before Flop
Seat 6: SlavikPuha (big blind) folded on the Flop
Seat 7: Litgame folded on the Flop



PokerStars Hand #232527327088:  Hold'em No Limit ($0.01/$0.02 USD) - 2021/12/25 21:07:55 PT [2021/12/26 0:07:55 ET]
Table 'Gacrux IV' 9-max Seat #5 is the button
Seat 1: Stefan111161 ($0.90 in chips) 
Seat 2: ffa2208 ($4.86 in chips) 
Seat 3: Elvanearaujo ($0.75 in chips) 
Seat 4: Dorex2007 ($2.12 in chips) 
Seat 5: K.Tyrrell ($2.05 in chips) 
Seat 6: SlavikPuha ($2.83 in chips) 
Seat 7: Litgame ($1.73 in chips) 
SlavikPuha: posts small blind $0.01
Litgame: posts big blind $0.02
isbjrn67: sits out 
*** HOLE CARDS ***
Dealt to Dorex2007 [As 6c]
Stefan111161: folds 
ffa2208: raises $0.02 to $0.04
Elvanearaujo: folds 
Dorex2007: folds 
K.Tyrrell: folds 
SlavikPuha: folds 
Litgame: calls $0.02
*** FLOP *** [4c 9d 8s]
Litgame: checks 
ffa2208: bets $0.08
Litgame: folds 
Uncalled bet ($0.08) returned to ffa2208
ffa2208 collected $0.09 from pot
ffa2208: doesn't show hand 
*** SUMMARY ***
Total pot $0.09 | Rake $0 
Board [4c 9d 8s]
Seat 1: Stefan111161 folded before Flop (didn't bet)
Seat 2: ffa2208 collected ($0.09)
Seat 3: Elvanearaujo folded before Flop (didn't bet)
Seat 4: Dorex2007 folded before Flop (didn't bet)
Seat 5: K.Tyrrell (button) folded before Flop (didn't bet)
Seat 6: SlavikPuha (small blind) folded before Flop
Seat 7: Litgame (big blind) folded on the Flop



PokerStars Hand #232527333554:  Hold'em No Limit ($0.01/$0.02 USD) - 2021/12/25 21:08:36 PT [2021/12/26 0:08:36 ET]
Table 'Gacrux IV' 9-max Seat #6 is the button
Seat 1: Stefan111161 ($0.90 in chips) 
Seat 2: ffa2208 ($4.91 in chips) 
Seat 3: Elvanearaujo ($0.75 in chips) 
Seat 4: Dorex2007 ($2.12 in chips) 
Seat 5: K.Tyrrell ($2.05 in chips) 
Seat 6: SlavikPuha ($2.82 in chips) 
Seat 7: Litgame ($1.69 in chips) 
Seat 9: isbjrn67 ($1.60 in chips) 
Litgame: posts small blind $0.01
isbjrn67: posts big blind $0.02
*** HOLE CARDS ***
Dealt to Dorex2007 [3c Ac]
Stefan111161: folds 
ffa2208: folds 
Elvanearaujo: calls $0.02
Dorex2007: calls $0.02
K.Tyrrell: folds 
SlavikPuha: raises $0.04 to $0.06
Litgame: folds 
isbjrn67: folds 
Elvanearaujo: calls $0.04
Dorex2007: calls $0.04
*** FLOP *** [9s 5d 4c]
Elvanearaujo: checks 
Dorex2007: checks 
SlavikPuha: checks 
*** TURN *** [9s 5d 4c] [Jc]
Elvanearaujo: checks 
Dorex2007: bets $0.10
SlavikPuha: raises $0.10 to $0.20
Elvanearaujo: folds 
Dorex2007: calls $0.10
*** RIVER *** [9s 5d 4c Jc] [Js]
Dorex2007: bets $0.30
SlavikPuha: calls $0.30
*** SHOW DOWN ***
Dorex2007: shows [3c Ac] (a pair of Jacks)
SlavikPuha: shows [Jd Qs] (three of a kind, Jacks)
SlavikPuha collected $1.17 from pot
*** SUMMARY ***
Total pot $1.21 | Rake $0.04 
Board [9s 5d 4c Jc Js]
Seat 1: Stefan111161 folded before Flop (didn't bet)
Seat 2: ffa2208 folded before Flop (didn't bet)
Seat 3: Elvanearaujo folded on the Turn
Seat 4: Dorex2007 showed [3c Ac] and lost with a pair of Jacks
Seat 5: K.Tyrrell folded before Flop (didn't bet)
Seat 6: SlavikPuha (button) showed [Jd Qs] and won ($1.17) with three of a kind, Jacks
Seat 7: Litgame (small blind) folded before Flop
Seat 9: isbjrn67 (big blind) folded before Flop



PokerStars Hand #232527350449:  Hold'em No Limit ($0.01/$0.02 USD) - 2021/12/25 21:09:48 PT [2021/12/26 0:09:48 ET]
Table 'Gacrux IV' 9-max Seat #7 is the button
Seat 1: Stefan111161 ($0.90 in chips) 
Seat 2: ffa2208 ($4.91 in chips) 
Seat 3: Elvanearaujo ($0.69 in chips) 
Seat 4: Dorex2007 ($2 in chips) 
Seat 5: K.Tyrrell ($2.05 in chips) 
Seat 6: SlavikPuha ($3.43 in chips) 
Seat 7: Litgame ($1.68 in chips) 
Seat 9: isbjrn67 ($1.58 in chips) 
isbjrn67: posts small blind $0.01
Stefan111161: posts big blind $0.02
*** HOLE CARDS ***
Dealt to Dorex2007 [7h Js]
ffa2208: folds 
Elvanearaujo: folds 
Dorex2007 has timed out
Dorex2007: folds 
K.Tyrrell: folds 
SlavikPuha: raises $0.04 to $0.06
Litgame: folds 
isbjrn67: folds 
Stefan111161: folds 
Uncalled bet ($0.04) returned to SlavikPuha
SlavikPuha collected $0.05 from pot
SlavikPuha: doesn't show hand 
*** SUMMARY ***
Total pot $0.05 | Rake $0 
Seat 1: Stefan111161 (big blind) folded before Flop
Seat 2: ffa2208 folded before Flop (didn't bet)
Seat 3: Elvanearaujo folded before Flop (didn't bet)
Seat 4: Dorex2007 folded before Flop (didn't bet)
Seat 5: K.Tyrrell folded before Flop (didn't bet)
Seat 6: SlavikPuha collected ($0.05)
Seat 7: Litgame (button) folded before Flop (didn't bet)
Seat 9: isbjrn67 (small blind) folded before Flop



PokerStars Hand #232527355490:  Hold'em No Limit ($0.01/$0.02 USD) - 2021/12/25 21:10:20 PT [2021/12/26 0:10:20 ET]
Table 'Gacrux IV' 9-max Seat #9 is the button
Seat 1: Stefan111161 ($0.88 in chips) 
Seat 2: ffa2208 ($4.91 in chips) 
Seat 3: Elvanearaujo ($0.69 in chips) 
Seat 4: Dorex2007 ($2 in chips) 
Seat 5: K.Tyrrell ($2.05 in chips) 
Seat 6: SlavikPuha ($3.46 in chips) 
Seat 7: Litgame ($1.68 in chips) 
Seat 9: isbjrn67 ($1.57 in chips) 
Stefan111161: posts small blind $0.01
ffa2208: posts big blind $0.02
*** HOLE CARDS ***
Dealt to Dorex2007 [4c Qd]
Elvanearaujo: folds 
Dorex2007: folds 
K.Tyrrell: folds 
SlavikPuha: folds 
Litgame: folds 
isbjrn67: folds 
Stefan111161: raises $0.02 to $0.04
ffa2208: calls $0.02
*** FLOP *** [Th Jh Kc]
Stefan111161: checks 
ffa2208: bets $0.06
Stefan111161: folds 
Uncalled bet ($0.06) returned to ffa2208
ffa2208 collected $0.08 from pot
ffa2208: doesn't show hand 
*** SUMMARY ***
Total pot $0.08 | Rake $0 
Board [Th Jh Kc]
Seat 1: Stefan111161 (small blind) folded on the Flop
Seat 2: ffa2208 (big blind) collected ($0.08)
Seat 3: Elvanearaujo folded before Flop (didn't bet)
Seat 4: Dorex2007 folded before Flop (didn't bet)
Seat 5: K.Tyrrell folded before Flop (didn't bet)
Seat 6: SlavikPuha folded before Flop (didn't bet)
Seat 7: Litgame folded before Flop (didn't bet)
Seat 9: isbjrn67 (button) folded before Flop (didn't bet)



PokerStars Hand #232527366255:  Hold'em No Limit ($0.01/$0.02 USD) - 2021/12/25 21:11:28 PT [2021/12/26 0:11:28 ET]
Table 'Gacrux IV' 9-max Seat #1 is the button
Seat 1: Stefan111161 ($0.84 in chips) 
Seat 2: ffa2208 ($4.95 in chips) 
Seat 3: Elvanearaujo ($0.69 in chips) 
Seat 4: Dorex2007 ($2 in chips) 
Seat 5: K.Tyrrell ($2.05 in chips) 
Seat 6: SlavikPuha ($3.46 in chips) 
Seat 7: Litgame ($1.68 in chips) 
Seat 9: isbjrn67 ($1.57 in chips) 
ffa2208: posts small blind $0.01
Elvanearaujo: posts big blind $0.02
*** HOLE CARDS ***
Dealt to Dorex2007 [Jh As]
Dorex2007: calls $0.02
K.Tyrrell: folds 
SlavikPuha: raises $0.04 to $0.06
Litgame: folds 
isbjrn67: folds 
Stefan111161: folds 
ffa2208: folds 
Elvanearaujo: raises $0.15 to $0.21
Dorex2007: folds 
SlavikPuha: folds 
Uncalled bet ($0.15) returned to Elvanearaujo
Elvanearaujo collected $0.15 from pot
Elvanearaujo: doesn't show hand 
*** SUMMARY ***
Total pot $0.15 | Rake $0 
Seat 1: Stefan111161 (button) folded before Flop (didn't bet)
Seat 2: ffa2208 (small blind) folded before Flop
Seat 3: Elvanearaujo (big blind) collected ($0.15)
Seat 4: Dorex2007 folded before Flop
Seat 5: K.Tyrrell folded before Flop (didn't bet)
Seat 6: SlavikPuha folded before Flop
Seat 7: Litgame folded before Flop (didn't bet)
Seat 9: isbjrn67 folded before Flop (didn't bet)



PokerStars Hand #232527370936:  Hold'em No Limit ($0.01/$0.02 USD) - 2021/12/25 21:11:57 PT [2021/12/26 0:11:57 ET]
Table 'Gacrux IV' 9-max Seat #2 is the button
Seat 1: Stefan111161 ($0.84 in chips) 
Seat 2: ffa2208 ($4.94 in chips) 
Seat 3: Elvanearaujo ($0.78 in chips) 
Seat 4: Dorex2007 ($2 in chips) 
Seat 5: K.Tyrrell ($2.05 in chips) 
Seat 6: SlavikPuha ($3.40 in chips) 
Seat 7: Litgame ($1.68 in chips) 
Seat 9: isbjrn67 ($1.57 in chips) 
Elvanearaujo: posts small blind $0.01
Dorex2007: posts big blind $0.02
*** HOLE CARDS ***
Dealt to Dorex2007 [6d 2d]
K.Tyrrell: folds 
SlavikPuha: raises $0.04 to $0.06
Litgame: folds 
isbjrn67: folds 
Stefan111161: folds 
ffa2208: folds 
Elvanearaujo: folds 
Dorex2007: folds 
Uncalled bet ($0.04) returned to SlavikPuha
SlavikPuha collected $0.05 from pot
SlavikPuha: doesn't show hand 
*** SUMMARY ***
Total pot $0.05 | Rake $0 
Seat 1: Stefan111161 folded before Flop (didn't bet)
Seat 2: ffa2208 (button) folded before Flop (didn't bet)
Seat 3: Elvanearaujo (small blind) folded before Flop
Seat 4: Dorex2007 (big blind) folded before Flop
Seat 5: K.Tyrrell folded before Flop (didn't bet)
Seat 6: SlavikPuha collected ($0.05)
Seat 7: Litgame folded before Flop (didn't bet)
Seat 9: isbjrn67 folded before Flop (didn't bet)



PokerStars Hand #232527374878:  Hold'em No Limit ($0.01/$0.02 USD) - 2021/12/25 21:12:21 PT [2021/12/26 0:12:21 ET]
Table 'Gacrux IV' 9-max Seat #3 is the button
Seat 1: Stefan111161 ($0.84 in chips) 
Seat 2: ffa2208 ($4.94 in chips) 
Seat 3: Elvanearaujo ($0.77 in chips) 
Seat 4: Dorex2007 ($2 in chips) 
Seat 5: K.Tyrrell ($2.05 in chips) 
Seat 6: SlavikPuha ($3.43 in chips) 
Seat 7: Litgame ($1.68 in chips) 
Seat 9: isbjrn67 ($1.57 in chips) 
Dorex2007: posts small blind $0.01
K.Tyrrell: posts big blind $0.02
*** HOLE CARDS ***
Dealt to Dorex2007 [8c 9s]
SlavikPuha: raises $0.04 to $0.06
Litgame: folds 
isbjrn67: folds 
Stefan111161: folds 
ffa2208: calls $0.06
Elvanearaujo: folds 
Elvanearaujo leaves the table
Dorex2007: folds 
K.Tyrrell: folds 
*** FLOP *** [2d 3c 2s]
SlavikPuha: bets $0.07
alexan685 joins the table at seat #3 
ffa2208: folds 
Uncalled bet ($0.07) returned to SlavikPuha
SlavikPuha collected $0.14 from pot
SlavikPuha: doesn't show hand 
*** SUMMARY ***
Total pot $0.15 | Rake $0.01 
Board [2d 3c 2s]
Seat 1: Stefan111161 folded before Flop (didn't bet)
Seat 2: ffa2208 folded on the Flop
Seat 3: Elvanearaujo (button) folded before Flop (didn't bet)
Seat 4: Dorex2007 (small blind) folded before Flop
Seat 5: K.Tyrrell (big blind) folded before Flop
Seat 6: SlavikPuha collected ($0.14)
Seat 7: Litgame folded before Flop (didn't bet)
Seat 9: isbjrn67 folded before Flop (didn't bet)



PokerStars Hand #232527380543:  Hold'em No Limit ($0.01/$0.02 USD) - 2021/12/25 21:12:56 PT [2021/12/26 0:12:56 ET]
Table 'Gacrux IV' 9-max Seat #4 is the button
Seat 1: Stefan111161 ($0.84 in chips) 
Seat 2: ffa2208 ($4.88 in chips) 
Seat 3: alexan685 ($1.60 in chips) 
Seat 4: Dorex2007 ($2 in chips) 
Seat 5: K.Tyrrell ($2.03 in chips) 
Seat 6: SlavikPuha ($3.51 in chips) 
Seat 7: Litgame ($1.68 in chips) 
Seat 9: isbjrn67 ($1.57 in chips) 
K.Tyrrell: posts small blind $0.01
SlavikPuha: posts big blind $0.02
alexan685: posts big blind $0.02
*** HOLE CARDS ***
Dealt to Dorex2007 [Ts 4d]
Litgame: folds 
isbjrn67: folds 
Stefan111161: raises $0.04 to $0.06
ffa2208: folds 
alexan685: folds 
Dorex2007: folds 
K.Tyrrell: folds 
SlavikPuha: calls $0.04
*** FLOP *** [Ac 5c 7s]
SlavikPuha: checks 
Stefan111161: bets $0.07
SlavikPuha: calls $0.07
*** TURN *** [Ac 5c 7s] [Ah]
SlavikPuha: checks 
Stefan111161: bets $0.14
SlavikPuha: calls $0.14
*** RIVER *** [Ac 5c 7s Ah] [3c]
SlavikPuha: checks 
Stefan111161: bets $0.28
SlavikPuha: calls $0.28
*** SHOW DOWN ***
Stefan111161: shows [5h 5d] (a full house, Fives full of Aces)
SlavikPuha: mucks hand 
Stefan111161 collected $1.09 from pot
*** SUMMARY ***
Total pot $1.13 | Rake $0.04 
Board [Ac 5c 7s Ah 3c]
Seat 1: Stefan111161 showed [5h 5d] and won ($1.09) with a full house, Fives full of Aces
Seat 2: ffa2208 folded before Flop (didn't bet)
Seat 3: alexan685 folded before Flop (didn't bet)
Seat 4: Dorex2007 (button) folded before Flop (didn't bet)
Seat 5: K.Tyrrell (small blind) folded before Flop
Seat 6: SlavikPuha (big blind) mucked [Td Tc]
Seat 7: Litgame folded before Flop (didn't bet)
Seat 9: isbjrn67 folded before Flop (didn't bet)



PokerStars Hand #232527390451:  Hold'em No Limit ($0.01/$0.02 USD) - 2021/12/25 21:13:59 PT [2021/12/26 0:13:59 ET]
Table 'Gacrux IV' 9-max Seat #5 is the button
Seat 1: Stefan111161 ($1.38 in chips) 
Seat 2: ffa2208 ($4.88 in chips) 
Seat 3: alexan685 ($1.58 in chips) 
Seat 4: Dorex2007 ($2 in chips) 
Seat 5: K.Tyrrell ($2.02 in chips) 
Seat 6: SlavikPuha ($2.96 in chips) 
Seat 7: Litgame ($1.68 in chips) 
Seat 9: isbjrn67 ($1.57 in chips) 
SlavikPuha: posts small blind $0.01
Litgame: posts big blind $0.02
*** HOLE CARDS ***
Dealt to Dorex2007 [8c 4d]
isbjrn67: folds 
Stefan111161 has timed out
Stefan111161: folds 
ffa2208: folds 
alexan685: folds 
Stefan111161 leaves the table
Dorex2007: folds 
K.Tyrrell: folds 
SlavikPuha: raises $0.04 to $0.06
Litgame: folds 
Uncalled bet ($0.04) returned to SlavikPuha
SlavikPuha collected $0.04 from pot
SlavikPuha: doesn't show hand 
*** SUMMARY ***
Total pot $0.04 | Rake $0 
Seat 1: Stefan111161 folded before Flop (didn't bet)
Seat 2: ffa2208 folded before Flop (didn't bet)
Seat 3: alexan685 folded before Flop (didn't bet)
Seat 4: Dorex2007 folded before Flop (didn't bet)
Seat 5: K.Tyrrell (button) folded before Flop (didn't bet)
Seat 6: SlavikPuha (small blind) collected ($0.04)
Seat 7: Litgame (big blind) folded before Flop
Seat 9: isbjrn67 folded before Flop (didn't bet)



PokerStars Hand #232527395050:  Hold'em No Limit ($0.01/$0.02 USD) - 2021/12/25 21:14:28 PT [2021/12/26 0:14:28 ET]
Table 'Gacrux IV' 9-max Seat #6 is the button
Seat 2: ffa2208 ($4.88 in chips) 
Seat 3: alexan685 ($1.58 in chips) 
Seat 4: Dorex2007 ($2 in chips) 
Seat 5: K.Tyrrell ($2.02 in chips) 
Seat 6: SlavikPuha ($2.98 in chips) 
Seat 7: Litgame ($1.66 in chips) 
Seat 9: isbjrn67 ($1.57 in chips) 
Litgame: posts small blind $0.01
isbjrn67: posts big blind $0.02
*** HOLE CARDS ***
Dealt to Dorex2007 [Th 8h]
ffa2208: folds 
alexan685: raises $0.04 to $0.06
Dorex2007: folds 
K.Tyrrell: folds 
SlavikPuha: folds 
Litgame: folds 
isbjrn67: folds 
Uncalled bet ($0.04) returned to alexan685
alexan685 collected $0.05 from pot
*** SUMMARY ***
Total pot $0.05 | Rake $0 
Seat 2: ffa2208 folded before Flop (didn't bet)
Seat 3: alexan685 collected ($0.05)
Seat 4: Dorex2007 folded before Flop (didn't bet)
Seat 5: K.Tyrrell folded before Flop (didn't bet)
Seat 6: SlavikPuha (button) folded before Flop (didn't bet)
Seat 7: Litgame (small blind) folded before Flop
Seat 9: isbjrn67 (big blind) folded before Flop



PokerStars Hand #232527398629:  Hold'em No Limit ($0.01/$0.02 USD) - 2021/12/25 21:14:50 PT [2021/12/26 0:14:50 ET]
Table 'Gacrux IV' 9-max Seat #7 is the button
Seat 2: ffa2208 ($4.88 in chips) 
Seat 3: alexan685 ($1.61 in chips) 
Seat 4: Dorex2007 ($2 in chips) 
Seat 5: K.Tyrrell ($2.02 in chips) 
Seat 6: SlavikPuha ($2.98 in chips) 
Seat 7: Litgame ($1.65 in chips) 
Seat 9: isbjrn67 ($1.55 in chips) 
isbjrn67: posts small blind $0.01
ffa2208: posts big blind $0.02
*** HOLE CARDS ***
Dealt to Dorex2007 [8c Qh]
alexan685: calls $0.02
Dorex2007: folds 
K.Tyrrell: folds 
SlavikPuha: folds 
Litgame: folds 
isbjrn67: folds 
ffa2208: checks 
*** FLOP *** [3h As 9d]
ffa2208: checks 
alexan685: bets $0.02
ivaila777 joins the table at seat #1 
ffa2208: folds 
Uncalled bet ($0.02) returned to alexan685
alexan685 collected $0.05 from pot
*** SUMMARY ***
Total pot $0.05 | Rake $0 
Board [3h As 9d]
Seat 2: ffa2208 (big blind) folded on the Flop
Seat 3: alexan685 collected ($0.05)
Seat 4: Dorex2007 folded before Flop (didn't bet)
Seat 5: K.Tyrrell folded before Flop (didn't bet)
Seat 6: SlavikPuha folded before Flop (didn't bet)
Seat 7: Litgame (button) folded before Flop (didn't bet)
Seat 9: isbjrn67 (small blind) folded before Flop



PokerStars Hand #232527404970:  Hold'em No Limit ($0.01/$0.02 USD) - 2021/12/25 21:15:30 PT [2021/12/26 0:15:30 ET]
Table 'Gacrux IV' 9-max Seat #9 is the button
Seat 2: ffa2208 ($4.86 in chips) 
Seat 3: alexan685 ($1.64 in chips) 
Seat 4: Dorex2007 ($2 in chips) 
Seat 5: K.Tyrrell ($2.02 in chips) 
Seat 6: SlavikPuha ($2.98 in chips) 
Seat 7: Litgame ($1.65 in chips) 
Seat 9: isbjrn67 ($1.54 in chips) 
ffa2208: posts small blind $0.01
alexan685: posts big blind $0.02
Twisted369: sits out 
*** HOLE CARDS ***
Dealt to Dorex2007 [8s 3h]
Dorex2007: folds 
K.Tyrrell: raises $0.04 to $0.06
SlavikPuha: folds 
Litgame: folds 
isbjrn67: calls $0.06
ffa2208: folds 
alexan685: calls $0.04
*** FLOP *** [7h 3d Qc]
alexan685: bets $0.02
K.Tyrrell: calls $0.02
isbjrn67: folds 
*** TURN *** [7h 3d Qc] [Qh]
alexan685: bets $0.04
K.Tyrrell: calls $0.04
*** RIVER *** [7h 3d Qc Qh] [7c]
alexan685: bets $0.08
K.Tyrrell: calls $0.08
*** SHOW DOWN ***
alexan685: shows [2c 2h] (two pair, Queens and Sevens)
K.Tyrrell: shows [Ah 5h] (two pair, Queens and Sevens - Ace kicker)
K.Tyrrell collected $0.45 from pot
*** SUMMARY ***
Total pot $0.47 | Rake $0.02 
Board [7h 3d Qc Qh 7c]
Seat 2: ffa2208 (small blind) folded before Flop
Seat 3: alexan685 (big blind) showed [2c 2h] and lost with two pair, Queens and Sevens
Seat 4: Dorex2007 folded before Flop (didn't bet)
Seat 5: K.Tyrrell showed [Ah 5h] and won ($0.45) with two pair, Queens and Sevens
Seat 6: SlavikPuha folded before Flop (didn't bet)
Seat 7: Litgame folded before Flop (didn't bet)
Seat 9: isbjrn67 (button) folded on the Flop



PokerStars Hand #232527414292:  Hold'em No Limit ($0.01/$0.02 USD) - 2021/12/25 21:16:29 PT [2021/12/26 0:16:29 ET]
Table 'Gacrux IV' 9-max Seat #2 is the button
Seat 1: ivaila777 ($2 in chips) 
Seat 2: ffa2208 ($4.85 in chips) 
Seat 3: alexan685 ($1.44 in chips) 
Seat 4: Dorex2007 ($2 in chips) 
Seat 5: K.Tyrrell ($2.27 in chips) 
Seat 6: SlavikPuha ($2.98 in chips) 
Seat 7: Litgame ($1.65 in chips) 
Seat 9: isbjrn67 ($1.48 in chips) 
alexan685: posts small blind $0.01
Dorex2007: posts big blind $0.02
Twisted369: sits out 
ivaila777: posts big blind $0.02
*** HOLE CARDS ***
Dealt to Dorex2007 [Ah Ac]
K.Tyrrell: raises $0.04 to $0.06
SlavikPuha: folds 
Litgame: folds 
isbjrn67: folds 
ivaila777: folds 
ffa2208: folds 
alexan685: calls $0.05
Dorex2007: raises $0.10 to $0.16
K.Tyrrell: raises $0.40 to $0.56
alexan685: folds 
Dorex2007: raises $1.44 to $2 and is all-in
K.Tyrrell: calls $1.44
*** FLOP *** [4s 8c 7s]
*** TURN *** [4s 8c 7s] [Js]
*** RIVER *** [4s 8c 7s Js] [Kc]
*** SHOW DOWN ***
Dorex2007: shows [Ah Ac] (a pair of Aces)
K.Tyrrell: shows [Ks Kh] (three of a kind, Kings)
K.Tyrrell collected $3.94 from pot
Dorex2007 cashed out the hand for $3.20 | Cash Out Fee $0.03
*** SUMMARY ***
Total pot $4.08 | Rake $0.14 
Board [4s 8c 7s Js Kc]
Seat 1: ivaila777 folded before Flop (didn't bet)
Seat 2: ffa2208 (button) folded before Flop (didn't bet)
Seat 3: alexan685 (small blind) folded before Flop
Seat 4: Dorex2007 (big blind) showed [Ah Ac] and lost with a pair of Aces (cashed out).
Seat 5: K.Tyrrell showed [Ks Kh] and won ($3.94) with three of a kind, Kings
Seat 6: SlavikPuha folded before Flop (didn't bet)
Seat 7: Litgame folded before Flop (didn't bet)
Seat 9: isbjrn67 folded before Flop (didn't bet)



PokerStars Hand #232527423926:  Hold'em No Limit ($0.01/$0.02 USD) - 2021/12/25 21:17:30 PT [2021/12/26 0:17:30 ET]
Table 'Gacrux IV' 9-max Seat #3 is the button
Seat 1: ivaila777 ($1.98 in chips) 
Seat 2: ffa2208 ($4.85 in chips) 
Seat 3: alexan685 ($1.38 in chips) 
Seat 4: Dorex2007 ($3.20 in chips) 
Seat 5: K.Tyrrell ($4.21 in chips) 
Seat 6: SlavikPuha ($2.98 in chips) 
Seat 7: Litgame ($1.65 in chips) 
Seat 9: isbjrn67 ($1.48 in chips) 
Dorex2007: posts small blind $0.01
K.Tyrrell: posts big blind $0.02
Twisted369: sits out 
*** HOLE CARDS ***
Dealt to Dorex2007 [6s Th]
SlavikPuha: folds 
Litgame: folds 
isbjrn67: folds 
ivaila777: folds 
ffa2208: folds 
alexan685: raises $0.04 to $0.06
Dorex2007: folds 
K.Tyrrell: folds 
Uncalled bet ($0.04) returned to alexan685
alexan685 collected $0.05 from pot
*** SUMMARY ***
Total pot $0.05 | Rake $0 
Seat 1: ivaila777 folded before Flop (didn't bet)
Seat 2: ffa2208 folded before Flop (didn't bet)
Seat 3: alexan685 (button) collected ($0.05)
Seat 4: Dorex2007 (small blind) folded before Flop
Seat 5: K.Tyrrell (big blind) folded before Flop
Seat 6: SlavikPuha folded before Flop (didn't bet)
Seat 7: Litgame folded before Flop (didn't bet)
Seat 9: isbjrn67 folded before Flop (didn't bet)



PokerStars Hand #232527428031:  Hold'em No Limit ($0.01/$0.02 USD) - 2021/12/25 21:17:56 PT [2021/12/26 0:17:56 ET]
Table 'Gacrux IV' 9-max Seat #4 is the button
Seat 1: ivaila777 ($1.98 in chips) 
Seat 2: ffa2208 ($4.85 in chips) 
Seat 3: alexan685 ($1.41 in chips) 
Seat 4: Dorex2007 ($3.19 in chips) 
Seat 5: K.Tyrrell ($4.19 in chips) 
Seat 7: Litgame ($1.65 in chips) 
Seat 9: isbjrn67 ($1.48 in chips) 
K.Tyrrell: posts small blind $0.01
SlavikPuha: is sitting out 
Litgame: posts big blind $0.02
Twisted369: sits out 
*** HOLE CARDS ***
Dealt to Dorex2007 [6s 9s]
isbjrn67: folds 
ivaila777: folds 
ffa2208: folds 
alexan685: calls $0.02
Dorex2007: folds 
K.Tyrrell: folds 
Litgame: checks 
*** FLOP *** [Qh 3c As]
Litgame: checks 
alexan685: bets $0.06
Litgame: folds 
Uncalled bet ($0.06) returned to alexan685
alexan685 collected $0.05 from pot
*** SUMMARY ***
Total pot $0.05 | Rake $0 
Board [Qh 3c As]
Seat 1: ivaila777 folded before Flop (didn't bet)
Seat 2: ffa2208 folded before Flop (didn't bet)
Seat 3: alexan685 collected ($0.05)
Seat 4: Dorex2007 (button) folded before Flop (didn't bet)
Seat 5: K.Tyrrell (small blind) folded before Flop
Seat 7: Litgame (big blind) folded on the Flop
Seat 9: isbjrn67 folded before Flop (didn't bet)



PokerStars Hand #232527431695:  Hold'em No Limit ($0.01/$0.02 USD) - 2021/12/25 21:18:20 PT [2021/12/26 0:18:20 ET]
Table 'Gacrux IV' 9-max Seat #5 is the button
Seat 1: ivaila777 ($1.98 in chips) 
Seat 2: ffa2208 ($4.85 in chips) 
Seat 3: alexan685 ($1.44 in chips) 
Seat 4: Dorex2007 ($3.19 in chips) 
Seat 5: K.Tyrrell ($4.18 in chips) 
Seat 7: Litgame ($1.63 in chips) 
Seat 8: Twisted369 ($1.80 in chips) 
Seat 9: isbjrn67 ($1.48 in chips) 
Litgame: posts small blind $0.01
Twisted369: posts big blind $0.02
*** HOLE CARDS ***
Dealt to Dorex2007 [3c 3s]
isbjrn67: calls $0.02
ivaila777: folds 
ffa2208: folds 
alexan685: calls $0.02
Dorex2007: calls $0.02
K.Tyrrell: raises $0.08 to $0.10
Litgame: folds 
Twisted369 has timed out
Twisted369: folds 
isbjrn67: calls $0.08
alexan685: folds 
Dorex2007: folds 
*** FLOP *** [Ks Kc 7s]
isbjrn67: checks 
K.Tyrrell: checks 
*** TURN *** [Ks Kc 7s] [7c]
isbjrn67: checks 
K.Tyrrell: checks 
*** RIVER *** [Ks Kc 7s 7c] [8s]
isbjrn67: checks 
K.Tyrrell: checks 
*** SHOW DOWN ***
isbjrn67: shows [3d 3h] (two pair, Kings and Sevens)
K.Tyrrell: shows [Qh Jh] (two pair, Kings and Sevens - Queen kicker)
K.Tyrrell collected $0.26 from pot
*** SUMMARY ***
Total pot $0.27 | Rake $0.01 
Board [Ks Kc 7s 7c 8s]
Seat 1: ivaila777 folded before Flop (didn't bet)
Seat 2: ffa2208 folded before Flop (didn't bet)
Seat 3: alexan685 folded before Flop
Seat 4: Dorex2007 folded before Flop
Seat 5: K.Tyrrell (button) showed [Qh Jh] and won ($0.26) with two pair, Kings and Sevens
Seat 7: Litgame (small blind) folded before Flop
Seat 8: Twisted369 (big blind) folded before Flop
Seat 9: isbjrn67 showed [3d 3h] and lost with two pair, Kings and Sevens



PokerStars Hand #232527441344:  Hold'em No Limit ($0.01/$0.02 USD) - 2021/12/25 21:19:23 PT [2021/12/26 0:19:23 ET]
Table 'Gacrux IV' 9-max Seat #7 is the button
Seat 1: ivaila777 ($1.98 in chips) 
Seat 2: ffa2208 ($4.85 in chips) 
Seat 3: alexan685 ($1.42 in chips) 
Seat 4: Dorex2007 ($3.17 in chips) 
Seat 5: K.Tyrrell ($4.34 in chips) 
Seat 7: Litgame ($1.62 in chips) 
Seat 9: isbjrn67 ($1.38 in chips) 
isbjrn67: posts small blind $0.01
ivaila777: posts big blind $0.02
*** HOLE CARDS ***
Dealt to Dorex2007 [Kd 7c]
ffa2208: folds 
alexan685: folds 
Dorex2007: folds 
K.Tyrrell: folds 
Litgame: folds 
isbjrn67: folds 
Uncalled bet ($0.01) returned to ivaila777
ivaila777 collected $0.02 from pot
ivaila777: doesn't show hand 
*** SUMMARY ***
Total pot $0.02 | Rake $0 
Seat 1: ivaila777 (big blind) collected ($0.02)
Seat 2: ffa2208 folded before Flop (didn't bet)
Seat 3: alexan685 folded before Flop (didn't bet)
Seat 4: Dorex2007 folded before Flop (didn't bet)
Seat 5: K.Tyrrell folded before Flop (didn't bet)
Seat 7: Litgame (button) folded before Flop (didn't bet)
Seat 9: isbjrn67 (small blind) folded before Flop



PokerStars Hand #232527444533:  Hold'em No Limit ($0.01/$0.02 USD) - 2021/12/25 21:19:43 PT [2021/12/26 0:19:43 ET]
Table 'Gacrux IV' 9-max Seat #9 is the button
Seat 1: ivaila777 ($1.99 in chips) 
Seat 2: ffa2208 ($4.85 in chips) 
Seat 3: alexan685 ($1.42 in chips) 
Seat 4: Dorex2007 ($3.17 in chips) 
Seat 5: K.Tyrrell ($4.34 in chips) 
Seat 7: Litgame ($1.62 in chips) 
Seat 9: isbjrn67 ($1.37 in chips) 
ivaila777: posts small blind $0.01
ffa2208: posts big blind $0.02
*** HOLE CARDS ***
Dealt to Dorex2007 [Ah 9d]
alexan685: raises $0.06 to $0.08
Dorex2007: folds 
K.Tyrrell: folds 
Litgame: folds 
isbjrn67: folds 
ivaila777: folds 
ffa2208: folds 
Uncalled bet ($0.06) returned to alexan685
alexan685 collected $0.05 from pot
*** SUMMARY ***
Total pot $0.05 | Rake $0 
Seat 1: ivaila777 (small blind) folded before Flop
Seat 2: ffa2208 (big blind) folded before Flop
Seat 3: alexan685 collected ($0.05)
Seat 4: Dorex2007 folded before Flop (didn't bet)
Seat 5: K.Tyrrell folded before Flop (didn't bet)
Seat 7: Litgame folded before Flop (didn't bet)
Seat 9: isbjrn67 (button) folded before Flop (didn't bet)



PokerStars Hand #232527447650:  Hold'em No Limit ($0.01/$0.02 USD) - 2021/12/25 21:20:02 PT [2021/12/26 0:20:02 ET]
Table 'Gacrux IV' 9-max Seat #1 is the button
Seat 1: ivaila777 ($1.98 in chips) 
Seat 2: ffa2208 ($4.83 in chips) 
Seat 3: alexan685 ($1.45 in chips) 
Seat 4: Dorex2007 ($3.17 in chips) 
Seat 5: K.Tyrrell ($4.34 in chips) 
Seat 7: Litgame ($1.62 in chips) 
Seat 9: isbjrn67 ($1.37 in chips) 
ffa2208: posts small blind $0.01
alexan685: posts big blind $0.02
*** HOLE CARDS ***
Dealt to Dorex2007 [6d 5d]
Dorex2007: folds 
K.Tyrrell: folds 
Litgame: folds 
isbjrn67: calls $0.02
ivaila777: calls $0.02
ffa2208: calls $0.01
alexan685: checks 
*** FLOP *** [Qc Kd Ts]
ffa2208: checks 
alexan685: bets $0.02
isbjrn67: calls $0.02
ivaila777: calls $0.02
ffa2208: folds 
*** TURN *** [Qc Kd Ts] [As]
alexan685: checks 
isbjrn67: checks 
ivaila777: checks 
*** RIVER *** [Qc Kd Ts As] [4c]
alexan685: checks 
isbjrn67: bets $0.06
ivaila777: folds 
alexan685: folds 
Uncalled bet ($0.06) returned to isbjrn67
isbjrn67 collected $0.14 from pot
isbjrn67: doesn't show hand 
*** SUMMARY ***
Total pot $0.14 | Rake $0 
Board [Qc Kd Ts As 4c]
Seat 1: ivaila777 (button) folded on the River
Seat 2: ffa2208 (small blind) folded on the Flop
Seat 3: alexan685 (big blind) folded on the River
Seat 4: Dorex2007 folded before Flop (didn't bet)
Seat 5: K.Tyrrell folded before Flop (didn't bet)
Seat 7: Litgame folded before Flop (didn't bet)
Seat 9: isbjrn67 collected ($0.14)



PokerStars Hand #232527457318:  Hold'em No Limit ($0.01/$0.02 USD) - 2021/12/25 21:21:04 PT [2021/12/26 0:21:04 ET]
Table 'Gacrux IV' 9-max Seat #2 is the button
Seat 1: ivaila777 ($1.94 in chips) 
Seat 2: ffa2208 ($4.81 in chips) 
Seat 3: alexan685 ($1.41 in chips) 
Seat 4: Dorex2007 ($3.17 in chips) 
Seat 5: K.Tyrrell ($4.34 in chips) 
Seat 7: Litgame ($1.62 in chips) 
Seat 9: isbjrn67 ($1.47 in chips) 
alexan685: posts small blind $0.01
Dorex2007: posts big blind $0.02
SlavikPuha: sits out 
*** HOLE CARDS ***
Dealt to Dorex2007 [7s Qd]
K.Tyrrell: folds 
Litgame: folds 
isbjrn67: folds 
ivaila777: folds 
ffa2208: calls $0.02
alexan685: calls $0.01
Dorex2007: checks 
*** FLOP *** [7d 8c 7h]
alexan685: checks 
Dorex2007: checks 
ffa2208: bets $0.08
alexan685: folds 
Dorex2007: calls $0.08
*** TURN *** [7d 8c 7h] [Qc]
Dorex2007: checks 
ffa2208: bets $0.12
Dorex2007: calls $0.12
*** RIVER *** [7d 8c 7h Qc] [Kc]
Dorex2007: bets $0.44
ffa2208: folds 
Uncalled bet ($0.44) returned to Dorex2007
Dorex2007 collected $0.44 from pot
Dorex2007: doesn't show hand 
*** SUMMARY ***
Total pot $0.46 | Rake $0.02 
Board [7d 8c 7h Qc Kc]
Seat 1: ivaila777 folded before Flop (didn't bet)
Seat 2: ffa2208 (button) folded on the River
Seat 3: alexan685 (small blind) folded on the Flop
Seat 4: Dorex2007 (big blind) collected ($0.44)
Seat 5: K.Tyrrell folded before Flop (didn't bet)
Seat 7: Litgame folded before Flop (didn't bet)
Seat 9: isbjrn67 folded before Flop (didn't bet)



PokerStars Hand #232527468169:  Hold'em No Limit ($0.01/$0.02 USD) - 2021/12/25 21:22:12 PT [2021/12/26 0:22:12 ET]
Table 'Gacrux IV' 9-max Seat #3 is the button
Seat 1: ivaila777 ($1.94 in chips) 
Seat 2: ffa2208 ($4.59 in chips) 
Seat 3: alexan685 ($1.39 in chips) 
Seat 4: Dorex2007 ($3.39 in chips) 
Seat 5: K.Tyrrell ($4.34 in chips) 
Seat 7: Litgame ($1.62 in chips) 
Seat 9: isbjrn67 ($1.47 in chips) 
Dorex2007: posts small blind $0.01
K.Tyrrell: posts big blind $0.02
SlavikPuha: sits out 
*** HOLE CARDS ***
Dealt to Dorex2007 [5d As]
Litgame: folds 
isbjrn67: folds 
ivaila777: folds 
ffa2208: folds 
alexan685: raises $0.06 to $0.08
Dorex2007: folds 
K.Tyrrell: folds 
Uncalled bet ($0.06) returned to alexan685
alexan685 collected $0.05 from pot
*** SUMMARY ***
Total pot $0.05 | Rake $0 
Seat 1: ivaila777 folded before Flop (didn't bet)
Seat 2: ffa2208 folded before Flop (didn't bet)
Seat 3: alexan685 (button) collected ($0.05)
Seat 4: Dorex2007 (small blind) folded before Flop
Seat 5: K.Tyrrell (big blind) folded before Flop
Seat 7: Litgame folded before Flop (didn't bet)
Seat 9: isbjrn67 folded before Flop (didn't bet)



PokerStars Hand #232527470931:  Hold'em No Limit ($0.01/$0.02 USD) - 2021/12/25 21:22:29 PT [2021/12/26 0:22:29 ET]
Table 'Gacrux IV' 9-max Seat #4 is the button
Seat 1: ivaila777 ($1.94 in chips) 
Seat 2: ffa2208 ($4.59 in chips) 
Seat 3: alexan685 ($1.42 in chips) 
Seat 4: Dorex2007 ($3.38 in chips) 
Seat 5: K.Tyrrell ($4.32 in chips) 
Seat 6: SlavikPuha ($2.98 in chips) 
Seat 7: Litgame ($1.62 in chips) 
Seat 9: isbjrn67 ($1.47 in chips) 
K.Tyrrell: posts small blind $0.01
SlavikPuha: posts big blind $0.02
*** HOLE CARDS ***
Dealt to Dorex2007 [7s 5d]
Litgame: folds 
isbjrn67: calls $0.02
ivaila777: folds 
ffa2208: calls $0.02
alexan685: calls $0.02
Dorex2007: folds 
K.Tyrrell: calls $0.01
SlavikPuha: checks 
*** FLOP *** [5s Qs 4s]
K.Tyrrell: checks 
SlavikPuha: checks 
isbjrn67: checks 
ffa2208: checks 
alexan685: checks 
*** TURN *** [5s Qs 4s] [3h]
K.Tyrrell: bets $0.06
SlavikPuha: raises $0.11 to $0.17
isbjrn67: calls $0.17
ffa2208: folds 
alexan685: calls $0.17
K.Tyrrell: calls $0.11
*** RIVER *** [5s Qs 4s 3h] [Js]
K.Tyrrell: checks 
SlavikPuha: checks 
isbjrn67: checks 
alexan685: bets $0.08
K.Tyrrell: calls $0.08
SlavikPuha: calls $0.08
isbjrn67: folds 
*** SHOW DOWN ***
alexan685: shows [As 9s] (a flush, Ace high)
K.Tyrrell: mucks hand 
SlavikPuha: mucks hand 
alexan685 collected $0.98 from pot
*** SUMMARY ***
Total pot $1.02 | Rake $0.04 
Board [5s Qs 4s 3h Js]
Seat 1: ivaila777 folded before Flop (didn't bet)
Seat 2: ffa2208 folded on the Turn
Seat 3: alexan685 showed [As 9s] and won ($0.98) with a flush, Ace high
Seat 4: Dorex2007 (button) folded before Flop (didn't bet)
Seat 5: K.Tyrrell (small blind) mucked [7c 6c]
Seat 6: SlavikPuha (big blind) mucked [Qh 3d]
Seat 7: Litgame folded before Flop (didn't bet)
Seat 9: isbjrn67 folded on the River



PokerStars Hand #232527481083:  Hold'em No Limit ($0.01/$0.02 USD) - 2021/12/25 21:23:34 PT [2021/12/26 0:23:34 ET]
Table 'Gacrux IV' 9-max Seat #5 is the button
Seat 1: ivaila777 ($1.94 in chips) 
Seat 2: ffa2208 ($4.57 in chips) 
Seat 3: alexan685 ($2.13 in chips) 
Seat 4: Dorex2007 ($3.38 in chips) 
Seat 5: K.Tyrrell ($4.05 in chips) 
Seat 6: SlavikPuha ($2.71 in chips) 
Seat 7: Litgame ($1.62 in chips) 
Seat 9: isbjrn67 ($1.28 in chips) 
SlavikPuha: posts small blind $0.01
Litgame: posts big blind $0.02
*** HOLE CARDS ***
Dealt to Dorex2007 [7s 6c]
isbjrn67: folds 
ivaila777: folds 
ffa2208: folds 
alexan685: calls $0.02
Dorex2007: folds 
K.Tyrrell: raises $0.06 to $0.08
SlavikPuha: folds 
Litgame: folds 
alexan685: calls $0.06
*** FLOP *** [2h 4h 8h]
alexan685: checks 
K.Tyrrell: bets $0.10
alexan685: calls $0.10
*** TURN *** [2h 4h 8h] [8d]
alexan685: checks 
K.Tyrrell: checks 
*** RIVER *** [2h 4h 8h 8d] [Qd]
alexan685: bets $0.14
K.Tyrrell: calls $0.14
*** SHOW DOWN ***
alexan685: shows [Kh Qh] (a flush, King high)
K.Tyrrell: mucks hand 
alexan685 collected $0.65 from pot
*** SUMMARY ***
Total pot $0.67 | Rake $0.02 
Board [2h 4h 8h 8d Qd]
Seat 1: ivaila777 folded before Flop (didn't bet)
Seat 2: ffa2208 folded before Flop (didn't bet)
Seat 3: alexan685 showed [Kh Qh] and won ($0.65) with a flush, King high
Seat 4: Dorex2007 folded before Flop (didn't bet)
Seat 5: K.Tyrrell (button) mucked [Kd Js]
Seat 6: SlavikPuha (small blind) folded before Flop
Seat 7: Litgame (big blind) folded before Flop
Seat 9: isbjrn67 folded before Flop (didn't bet)



PokerStars Hand #232527487946:  Hold'em No Limit ($0.01/$0.02 USD) - 2021/12/25 21:24:17 PT [2021/12/26 0:24:17 ET]
Table 'Gacrux IV' 9-max Seat #6 is the button
Seat 1: ivaila777 ($1.94 in chips) 
Seat 2: ffa2208 ($4.57 in chips) 
Seat 3: alexan685 ($2.46 in chips) 
Seat 4: Dorex2007 ($3.38 in chips) 
Seat 5: K.Tyrrell ($3.73 in chips) 
Seat 6: SlavikPuha ($2.70 in chips) 
Seat 7: Litgame ($1.60 in chips) 
Seat 9: isbjrn67 ($1.28 in chips) 
Litgame: posts small blind $0.01
isbjrn67: posts big blind $0.02
*** HOLE CARDS ***
Dealt to Dorex2007 [7d Kh]
ivaila777: folds 
ffa2208: folds 
alexan685: folds 
ivaila777 leaves the table
Dorex2007: folds 
K.Tyrrell: folds 
SlavikPuha: raises $0.04 to $0.06
Litgame: folds 
isbjrn67: folds 
Uncalled bet ($0.04) returned to SlavikPuha
SlavikPuha collected $0.05 from pot
SlavikPuha: doesn't show hand 
*** SUMMARY ***
Total pot $0.05 | Rake $0 
Seat 1: ivaila777 folded before Flop (didn't bet)
Seat 2: ffa2208 folded before Flop (didn't bet)
Seat 3: alexan685 folded before Flop (didn't bet)
Seat 4: Dorex2007 folded before Flop (didn't bet)
Seat 5: K.Tyrrell folded before Flop (didn't bet)
Seat 6: SlavikPuha (button) collected ($0.05)
Seat 7: Litgame (small blind) folded before Flop
Seat 9: isbjrn67 (big blind) folded before Flop



PokerStars Hand #232527492087:  Hold'em No Limit ($0.01/$0.02 USD) - 2021/12/25 21:24:43 PT [2021/12/26 0:24:43 ET]
Table 'Gacrux IV' 9-max Seat #7 is the button
Seat 2: ffa2208 ($4.57 in chips) 
Seat 3: alexan685 ($2.46 in chips) 
Seat 4: Dorex2007 ($3.38 in chips) 
Seat 5: K.Tyrrell ($3.73 in chips) 
Seat 6: SlavikPuha ($2.73 in chips) 
Seat 7: Litgame ($1.59 in chips) 
Seat 9: isbjrn67 ($1.26 in chips) 
isbjrn67: posts small blind $0.01
ffa2208: posts big blind $0.02
*** HOLE CARDS ***
Dealt to Dorex2007 [8h Ah]
alexan685: raises $0.02 to $0.04
Dorex2007: calls $0.04
K.Tyrrell: folds 
SlavikPuha: raises $0.12 to $0.16
Litgame: folds 
isbjrn67: folds 
ffa2208: calls $0.14
alexan685: folds 
Dorex2007: folds 
*** FLOP *** [Tc 2c 2h]
ffa2208: bets $0.16
SlavikPuha: folds 
Uncalled bet ($0.16) returned to ffa2208
ffa2208 collected $0.40 from pot
ffa2208: doesn't show hand 
*** SUMMARY ***
Total pot $0.41 | Rake $0.01 
Board [Tc 2c 2h]
Seat 2: ffa2208 (big blind) collected ($0.40)
Seat 3: alexan685 folded before Flop
Seat 4: Dorex2007 folded before Flop
Seat 5: K.Tyrrell folded before Flop (didn't bet)
Seat 6: SlavikPuha folded on the Flop
Seat 7: Litgame (button) folded before Flop (didn't bet)
Seat 9: isbjrn67 (small blind) folded before Flop



PokerStars Hand #232527498748:  Hold'em No Limit ($0.01/$0.02 USD) - 2021/12/25 21:25:26 PT [2021/12/26 0:25:26 ET]
Table 'Gacrux IV' 9-max Seat #9 is the button
Seat 2: ffa2208 ($4.81 in chips) 
Seat 3: alexan685 ($2.42 in chips) 
Seat 4: Dorex2007 ($3.34 in chips) 
Seat 5: K.Tyrrell ($3.73 in chips) 
Seat 6: SlavikPuha ($2.57 in chips) 
Seat 7: Litgame ($1.59 in chips) 
Seat 9: isbjrn67 ($1.25 in chips) 
ffa2208: posts small blind $0.01
alexan685: posts big blind $0.02
*** HOLE CARDS ***
Dealt to Dorex2007 [5c 4h]
Dorex2007 has timed out
Dorex2007: folds 
K.Tyrrell: folds 
AznFlyBoi joins the table at seat #1 
SlavikPuha: raises $0.04 to $0.06
Litgame: calls $0.06
isbjrn67: folds 
ffa2208: folds 
alexan685: folds 
*** FLOP *** [9c 7d Jh]
SlavikPuha: checks 
Litgame: bets $0.07
SlavikPuha: folds 
Uncalled bet ($0.07) returned to Litgame
Litgame collected $0.14 from pot
Litgame: doesn't show hand 
*** SUMMARY ***
Total pot $0.15 | Rake $0.01 
Board [9c 7d Jh]
Seat 2: ffa2208 (small blind) folded before Flop
Seat 3: alexan685 (big blind) folded before Flop
Seat 4: Dorex2007 folded before Flop (didn't bet)
Seat 5: K.Tyrrell folded before Flop (didn't bet)
Seat 6: SlavikPuha folded on the Flop
Seat 7: Litgame collected ($0.14)
Seat 9: isbjrn67 (button) folded before Flop (didn't bet)



PokerStars Hand #232527504947:  Hold'em No Limit ($0.01/$0.02 USD) - 2021/12/25 21:26:06 PT [2021/12/26 0:26:06 ET]
Table 'Gacrux IV' 9-max Seat #2 is the button
Seat 2: ffa2208 ($4.80 in chips) 
Seat 3: alexan685 ($2.40 in chips) 
Seat 4: Dorex2007 ($3.34 in chips) 
Seat 5: K.Tyrrell ($3.73 in chips) 
Seat 6: SlavikPuha ($2.51 in chips) 
Seat 7: Litgame ($1.67 in chips) 
Seat 9: isbjrn67 ($1.25 in chips) 
alexan685: posts small blind $0.01
Dorex2007: posts big blind $0.02
AznFlyBoi: sits out 
*** HOLE CARDS ***
Dealt to Dorex2007 [Qh Kh]
K.Tyrrell: folds 
SlavikPuha: raises $0.04 to $0.06
Litgame: folds 
isbjrn67: folds 
ffa2208: folds 
alexan685: folds 
Dorex2007: calls $0.04
*** FLOP *** [Kc 3c 4c]
Dorex2007: bets $0.13
SlavikPuha: folds 
Uncalled bet ($0.13) returned to Dorex2007
Dorex2007 collected $0.13 from pot
Dorex2007: doesn't show hand 
*** SUMMARY ***
Total pot $0.13 | Rake $0 
Board [Kc 3c 4c]
Seat 2: ffa2208 (button) folded before Flop (didn't bet)
Seat 3: alexan685 (small blind) folded before Flop
Seat 4: Dorex2007 (big blind) collected ($0.13)
Seat 5: K.Tyrrell folded before Flop (didn't bet)
Seat 6: SlavikPuha folded on the Flop
Seat 7: Litgame folded before Flop (didn't bet)
Seat 9: isbjrn67 folded before Flop (didn't bet)



PokerStars Hand #232527508579:  Hold'em No Limit ($0.01/$0.02 USD) - 2021/12/25 21:26:29 PT [2021/12/26 0:26:29 ET]
Table 'Gacrux IV' 9-max Seat #3 is the button
Seat 2: ffa2208 ($4.80 in chips) 
Seat 3: alexan685 ($2.39 in chips) 
Seat 4: Dorex2007 ($3.41 in chips) 
Seat 5: K.Tyrrell ($3.73 in chips) 
Seat 6: SlavikPuha ($2.45 in chips) 
Seat 7: Litgame ($1.67 in chips) 
Seat 9: isbjrn67 ($1.25 in chips) 
Dorex2007: posts small blind $0.01
K.Tyrrell: posts big blind $0.02
AznFlyBoi: sits out 
*** HOLE CARDS ***
Dealt to Dorex2007 [Th Qs]
SlavikPuha: raises $0.04 to $0.06
Litgame: folds 
isbjrn67: folds 
ffa2208: folds 
alexan685: folds 
Dorex2007: calls $0.05
K.Tyrrell: folds 
*** FLOP *** [Ad 5d Kh]
Dorex2007: bets $0.07
SlavikPuha: raises $0.14 to $0.21
Dorex2007: calls $0.14
*** TURN *** [Ad 5d Kh] [3d]
Dorex2007: checks 
SlavikPuha: bets $0.66
Dorex2007: folds 
Uncalled bet ($0.66) returned to SlavikPuha
SlavikPuha collected $0.54 from pot
SlavikPuha: doesn't show hand 
*** SUMMARY ***
Total pot $0.56 | Rake $0.02 
Board [Ad 5d Kh 3d]
Seat 2: ffa2208 folded before Flop (didn't bet)
Seat 3: alexan685 (button) folded before Flop (didn't bet)
Seat 4: Dorex2007 (small blind) folded on the Turn
Seat 5: K.Tyrrell (big blind) folded before Flop
Seat 6: SlavikPuha collected ($0.54)
Seat 7: Litgame folded before Flop (didn't bet)
Seat 9: isbjrn67 folded before Flop (didn't bet)



PokerStars Hand #232527515574:  Hold'em No Limit ($0.01/$0.02 USD) - 2021/12/25 21:27:14 PT [2021/12/26 0:27:14 ET]
Table 'Gacrux IV' 9-max Seat #4 is the button
Seat 2: ffa2208 ($4.80 in chips) 
Seat 3: alexan685 ($2.39 in chips) 
Seat 4: Dorex2007 ($3.14 in chips) 
Seat 5: K.Tyrrell ($3.71 in chips) 
Seat 6: SlavikPuha ($2.72 in chips) 
Seat 7: Litgame ($1.67 in chips) 
Seat 9: isbjrn67 ($1.25 in chips) 
K.Tyrrell: posts small blind $0.01
SlavikPuha: posts big blind $0.02
AznFlyBoi: sits out 
*** HOLE CARDS ***
Dealt to Dorex2007 [4s 7s]
Litgame: folds 
isbjrn67: folds 
ffa2208: folds 
alexan685: folds 
Dorex2007: folds 
K.Tyrrell: folds 
Uncalled bet ($0.01) returned to SlavikPuha
SlavikPuha collected $0.02 from pot
SlavikPuha: doesn't show hand 
*** SUMMARY ***
Total pot $0.02 | Rake $0 
Seat 2: ffa2208 folded before Flop (didn't bet)
Seat 3: alexan685 folded before Flop (didn't bet)
Seat 4: Dorex2007 (button) folded before Flop (didn't bet)
Seat 5: K.Tyrrell (small blind) folded before Flop
Seat 6: SlavikPuha (big blind) collected ($0.02)
Seat 7: Litgame folded before Flop (didn't bet)
Seat 9: isbjrn67 folded before Flop (didn't bet)



PokerStars Hand #232527521133:  Hold'em No Limit ($0.01/$0.02 USD) - 2021/12/25 21:27:31 PT [2021/12/26 0:27:31 ET]
Table 'Gacrux IV' 9-max Seat #5 is the button
Seat 2: ffa2208 ($4.80 in chips) 
Seat 3: alexan685 ($2.39 in chips) 
Seat 4: Dorex2007 ($3.14 in chips) 
Seat 5: K.Tyrrell ($3.70 in chips) 
Seat 6: SlavikPuha ($2.73 in chips) 
Seat 7: Litgame ($1.67 in chips) 
Seat 9: isbjrn67 ($1.25 in chips) 
SlavikPuha: posts small blind $0.01
Litgame: posts big blind $0.02
AznFlyBoi: sits out 
*** HOLE CARDS ***
Dealt to Dorex2007 [2d 7h]
isbjrn67: folds 
ffa2208: raises $0.02 to $0.04
alexan685: calls $0.04
Dorex2007: folds 
K.Tyrrell: folds 
SlavikPuha: folds 
Litgame: folds 
*** FLOP *** [9d Th Jc]
ffa2208: checks 
alexan685: bets $0.06
ffa2208: raises $0.14 to $0.20
alexan685: calls $0.14
*** TURN *** [9d Th Jc] [As]
ffa2208: bets $0.14
alexan685: folds 
Uncalled bet ($0.14) returned to ffa2208
ffa2208 collected $0.49 from pot
ffa2208: doesn't show hand 
*** SUMMARY ***
Total pot $0.51 | Rake $0.02 
Board [9d Th Jc As]
Seat 2: ffa2208 collected ($0.49)
Seat 3: alexan685 folded on the Turn
Seat 4: Dorex2007 folded before Flop (didn't bet)
Seat 5: K.Tyrrell (button) folded before Flop (didn't bet)
Seat 6: SlavikPuha (small blind) folded before Flop
Seat 7: Litgame (big blind) folded before Flop
Seat 9: isbjrn67 folded before Flop (didn't bet)



PokerStars Hand #232527530885:  Hold'em No Limit ($0.01/$0.02 USD) - 2021/12/25 21:28:34 PT [2021/12/26 0:28:34 ET]
Table 'Gacrux IV' 9-max Seat #6 is the button
Seat 2: ffa2208 ($5.05 in chips) 
Seat 3: alexan685 ($2.15 in chips) 
Seat 4: Dorex2007 ($3.14 in chips) 
Seat 5: K.Tyrrell ($3.70 in chips) 
Seat 6: SlavikPuha ($2.72 in chips) 
Seat 7: Litgame ($1.65 in chips) 
Seat 9: isbjrn67 ($1.25 in chips) 
Litgame: posts small blind $0.01
isbjrn67: posts big blind $0.02
AznFlyBoi: sits out 
*** HOLE CARDS ***
Dealt to Dorex2007 [Ts 7c]
ffa2208: folds 
alexan685: calls $0.02
Dorex2007: folds 
K.Tyrrell: folds 
SlavikPuha: raises $0.04 to $0.06
Litgame: calls $0.05
isbjrn67: folds 
alexan685: calls $0.04
*** FLOP *** [Qd Th 2s]
Litgame: checks 
alexan685: checks 
SlavikPuha: bets $0.10
Litgame: calls $0.10
alexan685: folds 
*** TURN *** [Qd Th 2s] [8s]
Litgame: checks 
SlavikPuha: bets $0.20
Litgame: folds 
Uncalled bet ($0.20) returned to SlavikPuha
SlavikPuha collected $0.39 from pot
SlavikPuha: doesn't show hand 
*** SUMMARY ***
Total pot $0.40 | Rake $0.01 
Board [Qd Th 2s 8s]
Seat 2: ffa2208 folded before Flop (didn't bet)
Seat 3: alexan685 folded on the Flop
Seat 4: Dorex2007 folded before Flop (didn't bet)
Seat 5: K.Tyrrell folded before Flop (didn't bet)
Seat 6: SlavikPuha (button) collected ($0.39)
Seat 7: Litgame (small blind) folded on the Turn
Seat 9: isbjrn67 (big blind) folded before Flop



PokerStars Hand #232527543372:  Hold'em No Limit ($0.01/$0.02 USD) - 2021/12/25 21:29:12 PT [2021/12/26 0:29:12 ET]
Table 'Gacrux IV' 9-max Seat #7 is the button
Seat 1: AznFlyBoi ($0.80 in chips) 
Seat 2: ffa2208 ($5.05 in chips) 
Seat 3: alexan685 ($2.09 in chips) 
Seat 4: Dorex2007 ($3.14 in chips) 
Seat 5: K.Tyrrell ($3.70 in chips) 
Seat 6: SlavikPuha ($2.95 in chips) 
Seat 7: Litgame ($1.49 in chips) 
Seat 9: isbjrn67 ($1.23 in chips) 
isbjrn67: posts small blind $0.01
AznFlyBoi: posts big blind $0.02
*** HOLE CARDS ***
Dealt to Dorex2007 [9s 9c]
ffa2208: folds 
alexan685: calls $0.02
Dorex2007: calls $0.02
K.Tyrrell: folds 
SlavikPuha: folds 
Litgame: folds 
isbjrn67: calls $0.01
AznFlyBoi: checks 
*** FLOP *** [6h Kd Jd]
isbjrn67: checks 
AznFlyBoi: checks 
alexan685: checks 
Dorex2007: checks 
*** TURN *** [6h Kd Jd] [As]
isbjrn67: checks 
AznFlyBoi: bets $0.08
alexan685: folds 
Dorex2007: folds 
isbjrn67: folds 
Uncalled bet ($0.08) returned to AznFlyBoi
AznFlyBoi collected $0.08 from pot
*** SUMMARY ***
Total pot $0.08 | Rake $0 
Board [6h Kd Jd As]
Seat 1: AznFlyBoi (big blind) collected ($0.08)
Seat 2: ffa2208 folded before Flop (didn't bet)
Seat 3: alexan685 folded on the Turn
Seat 4: Dorex2007 folded on the Turn
Seat 5: K.Tyrrell folded before Flop (didn't bet)
Seat 6: SlavikPuha folded before Flop (didn't bet)
Seat 7: Litgame (button) folded before Flop (didn't bet)
Seat 9: isbjrn67 (small blind) folded on the Turn



PokerStars Hand #232527551068:  Hold'em No Limit ($0.01/$0.02 USD) - 2021/12/25 21:30:02 PT [2021/12/26 0:30:02 ET]
Table 'Gacrux IV' 9-max Seat #9 is the button
Seat 1: AznFlyBoi ($0.86 in chips) 
Seat 2: ffa2208 ($5.05 in chips) 
Seat 3: alexan685 ($2.07 in chips) 
Seat 4: Dorex2007 ($3.12 in chips) 
Seat 5: K.Tyrrell ($3.70 in chips) 
Seat 6: SlavikPuha ($2.95 in chips) 
Seat 7: Litgame ($1.49 in chips) 
Seat 9: isbjrn67 ($1.21 in chips) 
AznFlyBoi: posts small blind $0.01
ffa2208: posts big blind $0.02
*** HOLE CARDS ***
Dealt to Dorex2007 [8c Tc]
alexan685: folds 
Dorex2007: folds 
K.Tyrrell: raises $0.04 to $0.06
SlavikPuha: folds 
Litgame: folds 
isbjrn67: calls $0.06
AznFlyBoi: calls $0.05
ffa2208: folds 
*** FLOP *** [Ts 9d Qd]
AznFlyBoi: checks 
K.Tyrrell: bets $0.11
isbjrn67: calls $0.11
AznFlyBoi: folds 
*** TURN *** [Ts 9d Qd] [Kc]
K.Tyrrell: bets $0.28
isbjrn67: calls $0.28
*** RIVER *** [Ts 9d Qd Kc] [5h]
K.Tyrrell: bets $0.76
isbjrn67: calls $0.76 and is all-in
*** SHOW DOWN ***
K.Tyrrell: shows [Jd Kh] (a straight, Nine to King)
isbjrn67: shows [Th Td] (three of a kind, Tens)
K.Tyrrell collected $2.41 from pot
*** SUMMARY ***
Total pot $2.50 | Rake $0.09 
Board [Ts 9d Qd Kc 5h]
Seat 1: AznFlyBoi (small blind) folded on the Flop
Seat 2: ffa2208 (big blind) folded before Flop
Seat 3: alexan685 folded before Flop (didn't bet)
Seat 4: Dorex2007 folded before Flop (didn't bet)
Seat 5: K.Tyrrell showed [Jd Kh] and won ($2.41) with a straight, Nine to King
Seat 6: SlavikPuha folded before Flop (didn't bet)
Seat 7: Litgame folded before Flop (didn't bet)
Seat 9: isbjrn67 (button) showed [Th Td] and lost with three of a kind, Tens



PokerStars Hand #232527557692:  Hold'em No Limit ($0.01/$0.02 USD) - 2021/12/25 21:30:45 PT [2021/12/26 0:30:45 ET]
Table 'Gacrux IV' 9-max Seat #1 is the button
Seat 1: AznFlyBoi ($0.80 in chips) 
Seat 2: ffa2208 ($5.03 in chips) 
Seat 3: alexan685 ($2.07 in chips) 
Seat 4: Dorex2007 ($3.12 in chips) 
Seat 5: K.Tyrrell ($4.90 in chips) 
Seat 6: SlavikPuha ($2.95 in chips) 
Seat 7: Litgame ($1.49 in chips) 
ffa2208: posts small blind $0.01
alexan685: posts big blind $0.02
*** HOLE CARDS ***
Dealt to Dorex2007 [3d Jd]
Dorex2007: folds 
K.Tyrrell: raises $0.04 to $0.06
SlavikPuha: folds 
Litgame: calls $0.06
AznFlyBoi: folds 
ffa2208: folds 
alexan685: calls $0.04
*** FLOP *** [9c 7c 9d]
alexan685: checks 
K.Tyrrell: checks 
Litgame: checks 
*** TURN *** [9c 7c 9d] [2h]
alexan685: checks 
K.Tyrrell: checks 
Litgame: checks 
*** RIVER *** [9c 7c 9d 2h] [2c]
alexan685: checks 
K.Tyrrell: checks 
Litgame: checks 
*** SHOW DOWN ***
alexan685: shows [Qh Jh] (two pair, Nines and Deuces)
K.Tyrrell: shows [3c 3s] (two pair, Nines and Threes)
Litgame: mucks hand 
K.Tyrrell collected $0.18 from pot
*** SUMMARY ***
Total pot $0.19 | Rake $0.01 
Board [9c 7c 9d 2h 2c]
Seat 1: AznFlyBoi (button) folded before Flop (didn't bet)
Seat 2: ffa2208 (small blind) folded before Flop
Seat 3: alexan685 (big blind) showed [Qh Jh] and lost with two pair, Nines and Deuces
Seat 4: Dorex2007 folded before Flop (didn't bet)
Seat 5: K.Tyrrell showed [3c 3s] and won ($0.18) with two pair, Nines and Threes
Seat 6: SlavikPuha folded before Flop (didn't bet)
Seat 7: Litgame mucked [Jc As]



PokerStars Hand #232527565800:  Hold'em No Limit ($0.01/$0.02 USD) - 2021/12/25 21:31:39 PT [2021/12/26 0:31:39 ET]
Table 'Gacrux IV' 9-max Seat #2 is the button
Seat 1: AznFlyBoi ($0.80 in chips) 
Seat 2: ffa2208 ($5.02 in chips) 
Seat 3: alexan685 ($2.01 in chips) 
Seat 4: Dorex2007 ($3.12 in chips) 
Seat 5: K.Tyrrell ($5.02 in chips) 
Seat 6: SlavikPuha ($2.95 in chips) 
Seat 7: Litgame ($1.43 in chips) 
Seat 9: isbjrn67 ($2 in chips) 
alexan685: posts small blind $0.01
Dorex2007: posts big blind $0.02
*** HOLE CARDS ***
Dealt to Dorex2007 [4s 2h]
K.Tyrrell: folds 
SlavikPuha: folds 
Litgame: folds 
isbjrn67: folds 
AznFlyBoi: folds 
ffa2208: folds 
alexan685: raises $0.04 to $0.06
Dorex2007: folds 
Uncalled bet ($0.04) returned to alexan685
alexan685 collected $0.04 from pot
*** SUMMARY ***
Total pot $0.04 | Rake $0 
Seat 1: AznFlyBoi folded before Flop (didn't bet)
Seat 2: ffa2208 (button) folded before Flop (didn't bet)
Seat 3: alexan685 (small blind) collected ($0.04)
Seat 4: Dorex2007 (big blind) folded before Flop
Seat 5: K.Tyrrell folded before Flop (didn't bet)
Seat 6: SlavikPuha folded before Flop (didn't bet)
Seat 7: Litgame folded before Flop (didn't bet)
Seat 9: isbjrn67 folded before Flop (didn't bet)



PokerStars Hand #232527567948:  Hold'em No Limit ($0.01/$0.02 USD) - 2021/12/25 21:31:53 PT [2021/12/26 0:31:53 ET]
Table 'Gacrux IV' 9-max Seat #3 is the button
Seat 1: AznFlyBoi ($0.80 in chips) 
Seat 2: ffa2208 ($5.02 in chips) 
Seat 3: alexan685 ($2.03 in chips) 
Seat 4: Dorex2007 ($3.10 in chips) 
Seat 5: K.Tyrrell ($5.02 in chips) 
Seat 6: SlavikPuha ($2.95 in chips) 
Seat 7: Litgame ($1.43 in chips) 
Seat 9: isbjrn67 ($2 in chips) 
Dorex2007: posts small blind $0.01
K.Tyrrell: posts big blind $0.02
*** HOLE CARDS ***
Dealt to Dorex2007 [3d Td]
SlavikPuha: folds 
Litgame: folds 
isbjrn67: folds 
AznFlyBoi: folds 
ffa2208: folds 
alexan685: raises $0.02 to $0.04
Dorex2007: folds 
K.Tyrrell: calls $0.02
*** FLOP *** [7d 5c Js]
K.Tyrrell: checks 
alexan685: bets $0.04
K.Tyrrell: folds 
Uncalled bet ($0.04) returned to alexan685
alexan685 collected $0.09 from pot
*** SUMMARY ***
Total pot $0.09 | Rake $0 
Board [7d 5c Js]
Seat 1: AznFlyBoi folded before Flop (didn't bet)
Seat 2: ffa2208 folded before Flop (didn't bet)
Seat 3: alexan685 (button) collected ($0.09)
Seat 4: Dorex2007 (small blind) folded before Flop
Seat 5: K.Tyrrell (big blind) folded on the Flop
Seat 6: SlavikPuha folded before Flop (didn't bet)
Seat 7: Litgame folded before Flop (didn't bet)
Seat 9: isbjrn67 folded before Flop (didn't bet)



PokerStars Hand #232527571830:  Hold'em No Limit ($0.01/$0.02 USD) - 2021/12/25 21:32:18 PT [2021/12/26 0:32:18 ET]
Table 'Gacrux IV' 9-max Seat #4 is the button
Seat 1: AznFlyBoi ($0.80 in chips) 
Seat 2: ffa2208 ($5.02 in chips) 
Seat 3: alexan685 ($2.08 in chips) 
Seat 4: Dorex2007 ($3.09 in chips) 
Seat 5: K.Tyrrell ($4.98 in chips) 
Seat 6: SlavikPuha ($2.95 in chips) 
Seat 7: Litgame ($1.43 in chips) 
Seat 9: isbjrn67 ($2 in chips) 
K.Tyrrell: posts small blind $0.01
SlavikPuha: posts big blind $0.02
*** HOLE CARDS ***
Dealt to Dorex2007 [3d Ad]
Litgame: folds 
isbjrn67: folds 
AznFlyBoi: folds 
ffa2208: calls $0.02
alexan685: calls $0.02
Dorex2007: calls $0.02
K.Tyrrell: calls $0.01
SlavikPuha: checks 
*** FLOP *** [Kh Kd 9d]
K.Tyrrell: checks 
SlavikPuha: checks 
ffa2208: checks 
alexan685: checks 
Dorex2007: checks 
*** TURN *** [Kh Kd 9d] [9h]
K.Tyrrell: checks 
SlavikPuha: checks 
ffa2208: bets $0.08
alexan685: folds 
Dorex2007: calls $0.08
K.Tyrrell: folds 
SlavikPuha: folds 
*** RIVER *** [Kh Kd 9d 9h] [5d]
ffa2208: bets $0.10
Dorex2007: calls $0.10
*** SHOW DOWN ***
ffa2208: shows [8h Ac] (two pair, Kings and Nines)
Dorex2007: shows [3d Ad] (a flush, Ace high)
Dorex2007 collected $0.44 from pot
*** SUMMARY ***
Total pot $0.46 | Rake $0.02 
Board [Kh Kd 9d 9h 5d]
Seat 1: AznFlyBoi folded before Flop (didn't bet)
Seat 2: ffa2208 showed [8h Ac] and lost with two pair, Kings and Nines
Seat 3: alexan685 folded on the Turn
Seat 4: Dorex2007 (button) showed [3d Ad] and won ($0.44) with a flush, Ace high
Seat 5: K.Tyrrell (small blind) folded on the Turn
Seat 6: SlavikPuha (big blind) folded on the Turn
Seat 7: Litgame folded before Flop (didn't bet)
Seat 9: isbjrn67 folded before Flop (didn't bet)



PokerStars Hand #232527583265:  Hold'em No Limit ($0.01/$0.02 USD) - 2021/12/25 21:33:33 PT [2021/12/26 0:33:33 ET]
Table 'Gacrux IV' 9-max Seat #5 is the button
Seat 1: AznFlyBoi ($0.80 in chips) 
Seat 2: ffa2208 ($4.82 in chips) 
Seat 3: alexan685 ($2.06 in chips) 
Seat 4: Dorex2007 ($3.33 in chips) 
Seat 5: K.Tyrrell ($4.96 in chips) 
Seat 6: SlavikPuha ($2.93 in chips) 
Seat 7: Litgame ($1.43 in chips) 
Seat 9: isbjrn67 ($2 in chips) 
SlavikPuha: posts small blind $0.01
Litgame: posts big blind $0.02
*** HOLE CARDS ***
Dealt to Dorex2007 [Qh 7c]
isbjrn67: calls $0.02
AznFlyBoi: folds 
ffa2208: calls $0.02
alexan685: raises $0.04 to $0.06
Dorex2007: folds 
K.Tyrrell: folds 
SlavikPuha: calls $0.05
Litgame: folds 
isbjrn67: calls $0.04
ffa2208: calls $0.04
*** FLOP *** [Kc Qd 5s]
SlavikPuha: checks 
isbjrn67: checks 
ffa2208: checks 
alexan685: bets $0.10
SlavikPuha: raises $0.10 to $0.20
isbjrn67: folds 
ffa2208: folds 
alexan685: folds 
Uncalled bet ($0.10) returned to SlavikPuha
SlavikPuha collected $0.44 from pot
SlavikPuha: doesn't show hand 
*** SUMMARY ***
Total pot $0.46 | Rake $0.02 
Board [Kc Qd 5s]
Seat 1: AznFlyBoi folded before Flop (didn't bet)
Seat 2: ffa2208 folded on the Flop
Seat 3: alexan685 folded on the Flop
Seat 4: Dorex2007 folded before Flop (didn't bet)
Seat 5: K.Tyrrell (button) folded before Flop (didn't bet)
Seat 6: SlavikPuha (small blind) collected ($0.44)
Seat 7: Litgame (big blind) folded before Flop
Seat 9: isbjrn67 folded on the Flop



PokerStars Hand #232527592144:  Hold'em No Limit ($0.01/$0.02 USD) - 2021/12/25 21:34:31 PT [2021/12/26 0:34:31 ET]
Table 'Gacrux IV' 9-max Seat #6 is the button
Seat 1: AznFlyBoi ($0.80 in chips) 
Seat 2: ffa2208 ($4.76 in chips) 
Seat 3: alexan685 ($1.90 in chips) 
Seat 4: Dorex2007 ($3.33 in chips) 
Seat 5: K.Tyrrell ($4.96 in chips) 
Seat 6: SlavikPuha ($3.21 in chips) 
Seat 7: Litgame ($1.41 in chips) 
Seat 9: isbjrn67 ($1.94 in chips) 
Litgame: posts small blind $0.01
isbjrn67: posts big blind $0.02
*** HOLE CARDS ***
Dealt to Dorex2007 [7d 7s]
AznFlyBoi: folds 
ffa2208: raises $0.02 to $0.04
alexan685: calls $0.04
Dorex2007: calls $0.04
K.Tyrrell: calls $0.04
SlavikPuha: calls $0.04
Litgame: calls $0.03
isbjrn67: folds 
*** FLOP *** [Jd 2c Ac]
Litgame: checks 
ffa2208: bets $0.06
alexan685: calls $0.06
Dorex2007: folds 
K.Tyrrell: folds 
SlavikPuha: folds 
Litgame: calls $0.06
*** TURN *** [Jd 2c Ac] [Qh]
Litgame: checks 
ffa2208: bets $0.08
alexan685: calls $0.08
Litgame: calls $0.08
*** RIVER *** [Jd 2c Ac Qh] [Qc]
Litgame: checks 
ffa2208: checks 
alexan685: checks 
*** SHOW DOWN ***
Litgame: shows [As 8s] (two pair, Aces and Queens)
ffa2208: mucks hand 
alexan685: shows [Jh Ad] (two pair, Aces and Queens)
Litgame collected $0.33 from pot
alexan685 collected $0.33 from pot
Twisted369 leaves the table
*** SUMMARY ***
Total pot $0.68 | Rake $0.02 
Board [Jd 2c Ac Qh Qc]
Seat 1: AznFlyBoi folded before Flop (didn't bet)
Seat 2: ffa2208 mucked [Jc Kh]
Seat 3: alexan685 showed [Jh Ad] and won ($0.33) with two pair, Aces and Queens
Seat 4: Dorex2007 folded on the Flop
Seat 5: K.Tyrrell folded on the Flop
Seat 6: SlavikPuha (button) folded on the Flop
Seat 7: Litgame (small blind) showed [As 8s] and won ($0.33) with two pair, Aces and Queens
Seat 9: isbjrn67 (big blind) folded before Flop



PokerStars Hand #232527602251:  Hold'em No Limit ($0.01/$0.02 USD) - 2021/12/25 21:35:39 PT [2021/12/26 0:35:39 ET]
Table 'Gacrux IV' 9-max Seat #7 is the button
Seat 1: AznFlyBoi ($0.80 in chips) 
Seat 2: ffa2208 ($4.58 in chips) 
Seat 3: alexan685 ($2.05 in chips) 
Seat 4: Dorex2007 ($3.29 in chips) 
Seat 5: K.Tyrrell ($4.92 in chips) 
Seat 6: SlavikPuha ($3.17 in chips) 
Seat 7: Litgame ($1.56 in chips) 
Seat 9: isbjrn67 ($1.92 in chips) 
isbjrn67: posts small blind $0.01
AznFlyBoi: posts big blind $0.02
*** HOLE CARDS ***
Dealt to Dorex2007 [Qs 5s]
ffa2208: folds 
alexan685: calls $0.02
Dorex2007: folds 
K.Tyrrell: folds 
SlavikPuha: raises $0.04 to $0.06
Litgame: folds 
isbjrn67: folds 
AznFlyBoi: folds 
alexan685: calls $0.04
*** FLOP *** [9d 4s As]
alexan685: checks 
SlavikPuha: bets $0.07
alexan685: calls $0.07
*** TURN *** [9d 4s As] [Qd]
alexan685: checks 
SlavikPuha: checks 
*** RIVER *** [9d 4s As Qd] [3h]
alexan685: bets $0.04
SlavikPuha: calls $0.04
*** SHOW DOWN ***
alexan685: shows [9h 8s] (a pair of Nines)
SlavikPuha: shows [Ah 8c] (a pair of Aces)
SlavikPuha collected $0.36 from pot
Zuban442 joins the table at seat #8 
*** SUMMARY ***
Total pot $0.37 | Rake $0.01 
Board [9d 4s As Qd 3h]
Seat 1: AznFlyBoi (big blind) folded before Flop
Seat 2: ffa2208 folded before Flop (didn't bet)
Seat 3: alexan685 showed [9h 8s] and lost with a pair of Nines
Seat 4: Dorex2007 folded before Flop (didn't bet)
Seat 5: K.Tyrrell folded before Flop (didn't bet)
Seat 6: SlavikPuha showed [Ah 8c] and won ($0.36) with a pair of Aces
Seat 7: Litgame (button) folded before Flop (didn't bet)
Seat 9: isbjrn67 (small blind) folded before Flop



PokerStars Hand #232527606927:  Hold'em No Limit ($0.01/$0.02 USD) - 2021/12/25 21:36:11 PT [2021/12/26 0:36:11 ET]
Table 'Gacrux IV' 9-max Seat #9 is the button
Seat 1: AznFlyBoi ($0.78 in chips) 
Seat 2: ffa2208 ($4.58 in chips) 
Seat 3: alexan685 ($1.88 in chips) 
Seat 4: Dorex2007 ($3.29 in chips) 
Seat 5: K.Tyrrell ($4.92 in chips) 
Seat 6: SlavikPuha ($3.36 in chips) 
Seat 7: Litgame ($1.56 in chips) 
Seat 9: isbjrn67 ($1.91 in chips) 
AznFlyBoi: posts small blind $0.01
ffa2208: posts big blind $0.02
Zuban442: sits out 
*** HOLE CARDS ***
Dealt to Dorex2007 [9c Qd]
alexan685: calls $0.02
Dorex2007: folds 
K.Tyrrell: folds 
SlavikPuha: raises $0.04 to $0.06
Litgame: folds 
isbjrn67: folds 
AznFlyBoi: folds 
ffa2208: folds 
alexan685: calls $0.04
*** FLOP *** [Kc Ks 4d]
alexan685: checks 
SlavikPuha: checks 
*** TURN *** [Kc Ks 4d] [3h]
alexan685: bets $0.02
SlavikPuha: calls $0.02
*** RIVER *** [Kc Ks 4d 3h] [6c]
alexan685: bets $0.04
SlavikPuha: raises $0.26 to $0.30
alexan685: folds 
Uncalled bet ($0.26) returned to SlavikPuha
SlavikPuha collected $0.26 from pot
SlavikPuha: doesn't show hand 
*** SUMMARY ***
Total pot $0.27 | Rake $0.01 
Board [Kc Ks 4d 3h 6c]
Seat 1: AznFlyBoi (small blind) folded before Flop
Seat 2: ffa2208 (big blind) folded before Flop
Seat 3: alexan685 folded on the River
Seat 4: Dorex2007 folded before Flop (didn't bet)
Seat 5: K.Tyrrell folded before Flop (didn't bet)
Seat 6: SlavikPuha collected ($0.26)
Seat 7: Litgame folded before Flop (didn't bet)
Seat 9: isbjrn67 (button) folded before Flop (didn't bet)



PokerStars Hand #232527614967:  Hold'em No Limit ($0.01/$0.02 USD) - 2021/12/25 21:36:46 PT [2021/12/26 0:36:46 ET]
Table 'Gacrux IV' 9-max Seat #1 is the button
Seat 1: AznFlyBoi ($0.77 in chips) 
Seat 2: ffa2208 ($4.56 in chips) 
Seat 3: alexan685 ($1.76 in chips) 
Seat 4: Dorex2007 ($3.29 in chips) 
Seat 5: K.Tyrrell ($4.92 in chips) 
Seat 6: SlavikPuha ($3.50 in chips) 
Seat 7: Litgame ($1.56 in chips) 
Seat 8: Zuban442 ($1.01 in chips) 
Seat 9: isbjrn67 ($1.91 in chips) 
ffa2208: posts small blind $0.01
alexan685: posts big blind $0.02
Zuban442: posts big blind $0.02
*** HOLE CARDS ***
Dealt to Dorex2007 [Jc Qs]
Dorex2007: folds 
K.Tyrrell: raises $0.06 to $0.08
SlavikPuha: folds 
Litgame: folds 
Zuban442: folds 
isbjrn67: folds 
AznFlyBoi: folds 
ffa2208: folds 
alexan685: folds 
Uncalled bet ($0.06) returned to K.Tyrrell
K.Tyrrell collected $0.07 from pot
K.Tyrrell: doesn't show hand 
*** SUMMARY ***
Total pot $0.07 | Rake $0 
Seat 1: AznFlyBoi (button) folded before Flop (didn't bet)
Seat 2: ffa2208 (small blind) folded before Flop
Seat 3: alexan685 (big blind) folded before Flop
Seat 4: Dorex2007 folded before Flop (didn't bet)
Seat 5: K.Tyrrell collected ($0.07)
Seat 6: SlavikPuha folded before Flop (didn't bet)
Seat 7: Litgame folded before Flop (didn't bet)
Seat 8: Zuban442 folded before Flop (didn't bet)
Seat 9: isbjrn67 folded before Flop (didn't bet)



PokerStars Hand #232527617692:  Hold'em No Limit ($0.01/$0.02 USD) - 2021/12/25 21:37:05 PT [2021/12/26 0:37:05 ET]
Table 'Gacrux IV' 9-max Seat #2 is the button
Seat 1: AznFlyBoi ($0.77 in chips) 
Seat 2: ffa2208 ($4.55 in chips) 
Seat 3: alexan685 ($1.74 in chips) 
Seat 4: Dorex2007 ($3.29 in chips) 
Seat 5: K.Tyrrell ($4.97 in chips) 
Seat 6: SlavikPuha ($3.50 in chips) 
Seat 7: Litgame ($1.56 in chips) 
Seat 8: Zuban442 ($0.99 in chips) 
Seat 9: isbjrn67 ($1.91 in chips) 
alexan685: posts small blind $0.01
Dorex2007: posts big blind $0.02
*** HOLE CARDS ***
Dealt to Dorex2007 [9h 5h]
K.Tyrrell: folds 
SlavikPuha has timed out
SlavikPuha: folds 
Litgame: calls $0.02
Zuban442: folds 
isbjrn67: folds 
AznFlyBoi: folds 
ffa2208: raises $0.04 to $0.06
alexan685: calls $0.05
Dorex2007: folds 
Litgame: calls $0.04
*** FLOP *** [Kd Qh Qd]
alexan685: checks 
Litgame: checks 
ffa2208: bets $0.10
alexan685: folds 
Litgame: calls $0.10
*** TURN *** [Kd Qh Qd] [Ac]
Litgame: checks 
ffa2208: bets $0.14
Litgame: folds 
Uncalled bet ($0.14) returned to ffa2208
ffa2208 collected $0.39 from pot
ffa2208: doesn't show hand 
*** SUMMARY ***
Total pot $0.40 | Rake $0.01 
Board [Kd Qh Qd Ac]
Seat 1: AznFlyBoi folded before Flop (didn't bet)
Seat 2: ffa2208 (button) collected ($0.39)
Seat 3: alexan685 (small blind) folded on the Flop
Seat 4: Dorex2007 (big blind) folded before Flop
Seat 5: K.Tyrrell folded before Flop (didn't bet)
Seat 6: SlavikPuha folded before Flop (didn't bet)
Seat 7: Litgame folded on the Turn
Seat 8: Zuban442 folded before Flop (didn't bet)
Seat 9: isbjrn67 folded before Flop (didn't bet)



PokerStars Hand #232527636657:  Hold'em No Limit ($0.01/$0.02 USD) - 2021/12/25 21:38:09 PT [2021/12/26 0:38:09 ET]
Table 'Gacrux IV' 9-max Seat #3 is the button
Seat 1: AznFlyBoi ($0.77 in chips) 
Seat 2: ffa2208 ($4.78 in chips) 
Seat 3: alexan685 ($1.68 in chips) 
Seat 4: Dorex2007 ($3.27 in chips) 
Seat 5: K.Tyrrell ($4.97 in chips) 
Seat 7: Litgame ($1.40 in chips) 
Seat 8: Zuban442 ($0.99 in chips) 
Seat 9: isbjrn67 ($1.91 in chips) 
Dorex2007: posts small blind $0.01
K.Tyrrell: posts big blind $0.02
*** HOLE CARDS ***
Dealt to Dorex2007 [3d 8s]
Litgame: folds 
Zuban442: folds 
isbjrn67: folds 
AznFlyBoi: folds 
ffa2208: folds 
alexan685: folds 
Dorex2007: folds 
Uncalled bet ($0.01) returned to K.Tyrrell
K.Tyrrell collected $0.02 from pot
K.Tyrrell: doesn't show hand 
*** SUMMARY ***
Total pot $0.02 | Rake $0 
Seat 1: AznFlyBoi folded before Flop (didn't bet)
Seat 2: ffa2208 folded before Flop (didn't bet)
Seat 3: alexan685 (button) folded before Flop (didn't bet)
Seat 4: Dorex2007 (small blind) folded before Flop
Seat 5: K.Tyrrell (big blind) collected ($0.02)
Seat 7: Litgame folded before Flop (didn't bet)
Seat 8: Zuban442 folded before Flop (didn't bet)
Seat 9: isbjrn67 folded before Flop (didn't bet)



PokerStars Hand #232527638328:  Hold'em No Limit ($0.01/$0.02 USD) - 2021/12/25 21:38:21 PT [2021/12/26 0:38:21 ET]
Table 'Gacrux IV' 9-max Seat #4 is the button
Seat 1: AznFlyBoi ($0.77 in chips) 
Seat 2: ffa2208 ($4.78 in chips) 
Seat 3: alexan685 ($1.68 in chips) 
Seat 4: Dorex2007 ($3.26 in chips) 
Seat 5: K.Tyrrell ($4.98 in chips) 
Seat 7: Litgame ($1.40 in chips) 
Seat 8: Zuban442 ($0.99 in chips) 
Seat 9: isbjrn67 ($1.91 in chips) 
K.Tyrrell: posts small blind $0.01
Litgame: posts big blind $0.02
*** HOLE CARDS ***
Dealt to Dorex2007 [3h 8d]
Zuban442: folds 
isbjrn67: folds 
AznFlyBoi: folds 
ffa2208: folds 
alexan685: raises $0.02 to $0.04
Dorex2007: folds 
K.Tyrrell: folds 
Litgame: calls $0.02
*** FLOP *** [9h 6s 7h]
Litgame: checks 
alexan685: bets $0.04
Litgame: folds 
Uncalled bet ($0.04) returned to alexan685
alexan685 collected $0.09 from pot
*** SUMMARY ***
Total pot $0.09 | Rake $0 
Board [9h 6s 7h]
Seat 1: AznFlyBoi folded before Flop (didn't bet)
Seat 2: ffa2208 folded before Flop (didn't bet)
Seat 3: alexan685 collected ($0.09)
Seat 4: Dorex2007 (button) folded before Flop (didn't bet)
Seat 5: K.Tyrrell (small blind) folded before Flop
Seat 7: Litgame (big blind) folded on the Flop
Seat 8: Zuban442 folded before Flop (didn't bet)
Seat 9: isbjrn67 folded before Flop (didn't bet)



PokerStars Hand #232527643363:  Hold'em No Limit ($0.01/$0.02 USD) - 2021/12/25 21:38:55 PT [2021/12/26 0:38:55 ET]
Table 'Gacrux IV' 9-max Seat #5 is the button
Seat 1: AznFlyBoi ($0.77 in chips) 
Seat 2: ffa2208 ($4.78 in chips) 
Seat 3: alexan685 ($1.73 in chips) 
Seat 4: Dorex2007 ($3.26 in chips) 
Seat 5: K.Tyrrell ($4.97 in chips) 
Seat 7: Litgame ($1.36 in chips) 
Seat 8: Zuban442 ($0.99 in chips) 
Seat 9: isbjrn67 ($1.91 in chips) 
Litgame: posts small blind $0.01
Zuban442: posts big blind $0.02
*** HOLE CARDS ***
Dealt to Dorex2007 [Jh 9s]
isbjrn67: calls $0.02
AznFlyBoi: folds 
ffa2208: folds 
alexan685: calls $0.02
Dorex2007: folds 
K.Tyrrell: folds 
Litgame: folds 
Zuban442: checks 
*** FLOP *** [4s 8h 5c]
Zuban442: checks 
isbjrn67: checks 
alexan685: checks 
*** TURN *** [4s 8h 5c] [2d]
Zuban442: bets $0.07
isbjrn67: folds 
alexan685: folds 
Uncalled bet ($0.07) returned to Zuban442
Zuban442 collected $0.07 from pot
Zuban442: doesn't show hand 
*** SUMMARY ***
Total pot $0.07 | Rake $0 
Board [4s 8h 5c 2d]
Seat 1: AznFlyBoi folded before Flop (didn't bet)
Seat 2: ffa2208 folded before Flop (didn't bet)
Seat 3: alexan685 folded on the Turn
Seat 4: Dorex2007 folded before Flop (didn't bet)
Seat 5: K.Tyrrell (button) folded before Flop (didn't bet)
Seat 7: Litgame (small blind) folded before Flop
Seat 8: Zuban442 (big blind) collected ($0.07)
Seat 9: isbjrn67 folded on the Turn



PokerStars Hand #232527648566:  Hold'em No Limit ($0.01/$0.02 USD) - 2021/12/25 21:39:30 PT [2021/12/26 0:39:30 ET]
Table 'Gacrux IV' 9-max Seat #7 is the button
Seat 1: AznFlyBoi ($0.77 in chips) 
Seat 2: ffa2208 ($4.78 in chips) 
Seat 3: alexan685 ($1.71 in chips) 
Seat 4: Dorex2007 ($3.26 in chips) 
Seat 5: K.Tyrrell ($4.97 in chips) 
Seat 7: Litgame ($1.35 in chips) 
Seat 8: Zuban442 ($1.04 in chips) 
Seat 9: isbjrn67 ($1.89 in chips) 
Zuban442: posts small blind $0.01
isbjrn67: posts big blind $0.02
*** HOLE CARDS ***
Dealt to Dorex2007 [7s Js]
AznFlyBoi: calls $0.02
ffa2208: folds 
alexan685: folds 
Dorex2007: folds 
K.Tyrrell: folds 
Litgame: folds 
Zuban442: folds 
isbjrn67: checks 
*** FLOP *** [6h Kh 8s]
isbjrn67: checks 
AznFlyBoi: checks 
*** TURN *** [6h Kh 8s] [Ac]
isbjrn67: checks 
AznFlyBoi: checks 
*** RIVER *** [6h Kh 8s Ac] [8c]
isbjrn67: checks 
AznFlyBoi: checks 
*** SHOW DOWN ***
isbjrn67: shows [2s 4c] (a pair of Eights)
AznFlyBoi: shows [5h 5s] (two pair, Eights and Fives)
AznFlyBoi collected $0.05 from pot
*** SUMMARY ***
Total pot $0.05 | Rake $0 
Board [6h Kh 8s Ac 8c]
Seat 1: AznFlyBoi showed [5h 5s] and won ($0.05) with two pair, Eights and Fives
Seat 2: ffa2208 folded before Flop (didn't bet)
Seat 3: alexan685 folded before Flop (didn't bet)
Seat 4: Dorex2007 folded before Flop (didn't bet)
Seat 5: K.Tyrrell folded before Flop (didn't bet)
Seat 7: Litgame (button) folded before Flop (didn't bet)
Seat 8: Zuban442 (small blind) folded before Flop
Seat 9: isbjrn67 (big blind) showed [2s 4c] and lost with a pair of Eights



PokerStars Hand #232527653316:  Hold'em No Limit ($0.01/$0.02 USD) - 2021/12/25 21:40:02 PT [2021/12/26 0:40:02 ET]
Table 'Gacrux IV' 9-max Seat #8 is the button
Seat 1: AznFlyBoi ($0.80 in chips) 
Seat 2: ffa2208 ($4.78 in chips) 
Seat 3: alexan685 ($1.71 in chips) 
Seat 4: Dorex2007 ($3.26 in chips) 
Seat 5: K.Tyrrell ($4.97 in chips) 
Seat 7: Litgame ($1.35 in chips) 
Seat 8: Zuban442 ($1.03 in chips) 
Seat 9: isbjrn67 ($1.87 in chips) 
isbjrn67: posts small blind $0.01
AznFlyBoi: posts big blind $0.02
*** HOLE CARDS ***
Dealt to Dorex2007 [3h 8c]
ffa2208: folds 
alexan685: folds 
Dorex2007: folds 
K.Tyrrell: folds 
Litgame: folds 
Zuban442: folds 
isbjrn67: folds 
Uncalled bet ($0.01) returned to AznFlyBoi
AznFlyBoi collected $0.02 from pot
*** SUMMARY ***
Total pot $0.02 | Rake $0 
Seat 1: AznFlyBoi (big blind) collected ($0.02)
Seat 2: ffa2208 folded before Flop (didn't bet)
Seat 3: alexan685 folded before Flop (didn't bet)
Seat 4: Dorex2007 folded before Flop (didn't bet)
Seat 5: K.Tyrrell folded before Flop (didn't bet)
Seat 7: Litgame folded before Flop (didn't bet)
Seat 8: Zuban442 (button) folded before Flop (didn't bet)
Seat 9: isbjrn67 (small blind) folded before Flop



PokerStars Hand #232527655452:  Hold'em No Limit ($0.01/$0.02 USD) - 2021/12/25 21:40:17 PT [2021/12/26 0:40:17 ET]
Table 'Gacrux IV' 9-max Seat #9 is the button
Seat 1: AznFlyBoi ($0.81 in chips) 
Seat 2: ffa2208 ($4.78 in chips) 
Seat 3: alexan685 ($1.71 in chips) 
Seat 4: Dorex2007 ($3.26 in chips) 
Seat 5: K.Tyrrell ($4.97 in chips) 
Seat 7: Litgame ($1.35 in chips) 
Seat 8: Zuban442 ($1.03 in chips) 
Seat 9: isbjrn67 ($1.86 in chips) 
AznFlyBoi: posts small blind $0.01
ffa2208: posts big blind $0.02
*** HOLE CARDS ***
Dealt to Dorex2007 [6c 7c]
alexan685: raises $0.02 to $0.04
Dorex2007: folds 
K.Tyrrell: folds 
Litgame: folds 
Zuban442: calls $0.04
isbjrn67: calls $0.04
AznFlyBoi: calls $0.03
ffa2208: calls $0.02
*** FLOP *** [2c Ac Td]
AznFlyBoi: checks 
ffa2208: checks 
alexan685: checks 
Zuban442: bets $0.19
isbjrn67: folds 
AznFlyBoi: folds 
ffa2208: folds 
alexan685: folds 
Uncalled bet ($0.19) returned to Zuban442
Zuban442 collected $0.19 from pot
Zuban442: doesn't show hand 
*** SUMMARY ***
Total pot $0.20 | Rake $0.01 
Board [2c Ac Td]
Seat 1: AznFlyBoi (small blind) folded on the Flop
Seat 2: ffa2208 (big blind) folded on the Flop
Seat 3: alexan685 folded on the Flop
Seat 4: Dorex2007 folded before Flop (didn't bet)
Seat 5: K.Tyrrell folded before Flop (didn't bet)
Seat 7: Litgame folded before Flop (didn't bet)
Seat 8: Zuban442 collected ($0.19)
Seat 9: isbjrn67 (button) folded on the Flop



PokerStars Hand #232527662301:  Hold'em No Limit ($0.01/$0.02 USD) - 2021/12/25 21:41:02 PT [2021/12/26 0:41:02 ET]
Table 'Gacrux IV' 9-max Seat #1 is the button
Seat 1: AznFlyBoi ($0.77 in chips) 
Seat 2: ffa2208 ($4.74 in chips) 
Seat 3: alexan685 ($1.67 in chips) 
Seat 4: Dorex2007 ($3.26 in chips) 
Seat 5: K.Tyrrell ($4.97 in chips) 
Seat 7: Litgame ($1.35 in chips) 
Seat 8: Zuban442 ($1.18 in chips) 
Seat 9: isbjrn67 ($1.82 in chips) 
ffa2208: posts small blind $0.01
alexan685: posts big blind $0.02
*** HOLE CARDS ***
Dealt to Dorex2007 [4h 3s]
Dorex2007: folds 
K.Tyrrell: folds 
Litgame: folds 
Zuban442: folds 
isbjrn67: folds 
AznFlyBoi: folds 
ffa2208: calls $0.01
alexan685: checks 
*** FLOP *** [As 9d 7h]
ffa2208: bets $0.06
alexan685: calls $0.06
*** TURN *** [As 9d 7h] [8d]
ffa2208: checks 
alexan685: bets $0.08
ffa2208: calls $0.08
*** RIVER *** [As 9d 7h 8d] [9h]
ffa2208: checks 
alexan685: checks 
*** SHOW DOWN ***
ffa2208: shows [Js 7c] (two pair, Nines and Sevens)
alexan685: shows [Jc 8c] (two pair, Nines and Eights)
alexan685 collected $0.31 from pot
*** SUMMARY ***
Total pot $0.32 | Rake $0.01 
Board [As 9d 7h 8d 9h]
Seat 1: AznFlyBoi (button) folded before Flop (didn't bet)
Seat 2: ffa2208 (small blind) showed [Js 7c] and lost with two pair, Nines and Sevens
Seat 3: alexan685 (big blind) showed [Jc 8c] and won ($0.31) with two pair, Nines and Eights
Seat 4: Dorex2007 folded before Flop (didn't bet)
Seat 5: K.Tyrrell folded before Flop (didn't bet)
Seat 7: Litgame folded before Flop (didn't bet)
Seat 8: Zuban442 folded before Flop (didn't bet)
Seat 9: isbjrn67 folded before Flop (didn't bet)



PokerStars Hand #232527671426:  Hold'em No Limit ($0.01/$0.02 USD) - 2021/12/25 21:42:03 PT [2021/12/26 0:42:03 ET]
Table 'Gacrux IV' 9-max Seat #2 is the button
Seat 1: AznFlyBoi ($0.77 in chips) 
Seat 2: ffa2208 ($4.58 in chips) 
Seat 3: alexan685 ($1.82 in chips) 
Seat 4: Dorex2007 ($3.26 in chips) 
Seat 5: K.Tyrrell ($4.97 in chips) 
Seat 7: Litgame ($1.35 in chips) 
Seat 8: Zuban442 ($1.18 in chips) 
Seat 9: isbjrn67 ($1.82 in chips) 
alexan685: posts small blind $0.01
Dorex2007: posts big blind $0.02
*** HOLE CARDS ***
Dealt to Dorex2007 [Kh 3d]
K.Tyrrell: raises $0.04 to $0.06
Litgame: folds 
Zuban442: folds 
isbjrn67: folds 
AznFlyBoi: folds 
ffa2208: folds 
alexan685: folds 
Dorex2007: folds 
Uncalled bet ($0.04) returned to K.Tyrrell
K.Tyrrell collected $0.05 from pot
K.Tyrrell: doesn't show hand 
*** SUMMARY ***
Total pot $0.05 | Rake $0 
Seat 1: AznFlyBoi folded before Flop (didn't bet)
Seat 2: ffa2208 (button) folded before Flop (didn't bet)
Seat 3: alexan685 (small blind) folded before Flop
Seat 4: Dorex2007 (big blind) folded before Flop
Seat 5: K.Tyrrell collected ($0.05)
Seat 7: Litgame folded before Flop (didn't bet)
Seat 8: Zuban442 folded before Flop (didn't bet)
Seat 9: isbjrn67 folded before Flop (didn't bet)



PokerStars Hand #232527674189:  Hold'em No Limit ($0.01/$0.02 USD) - 2021/12/25 21:42:21 PT [2021/12/26 0:42:21 ET]
Table 'Gacrux IV' 9-max Seat #3 is the button
Seat 1: AznFlyBoi ($0.77 in chips) 
Seat 2: ffa2208 ($4.58 in chips) 
Seat 3: alexan685 ($1.81 in chips) 
Seat 4: Dorex2007 ($3.24 in chips) 
Seat 5: K.Tyrrell ($5 in chips) 
Seat 7: Litgame ($1.35 in chips) 
Seat 8: Zuban442 ($1.18 in chips) 
Seat 9: isbjrn67 ($1.82 in chips) 
Dorex2007: posts small blind $0.01
K.Tyrrell: posts big blind $0.02
*** HOLE CARDS ***
Dealt to Dorex2007 [9d 5h]
Litgame: folds 
Zuban442: folds 
isbjrn67: calls $0.02
AznFlyBoi: folds 
ffa2208: folds 
alexan685: calls $0.02
Dorex2007: folds 
K.Tyrrell: raises $0.08 to $0.10
isbjrn67: calls $0.08
alexan685: calls $0.08
*** FLOP *** [Tc 3d 8d]
K.Tyrrell: checks 
isbjrn67: checks 
alexan685: checks 
*** TURN *** [Tc 3d 8d] [8s]
K.Tyrrell: checks 
isbjrn67: checks 
alexan685: checks 
*** RIVER *** [Tc 3d 8d 8s] [Jd]
K.Tyrrell: checks 
isbjrn67: checks 
alexan685: bets $0.08
K.Tyrrell: folds 
isbjrn67: folds 
Uncalled bet ($0.08) returned to alexan685
alexan685 collected $0.30 from pot
*** SUMMARY ***
Total pot $0.31 | Rake $0.01 
Board [Tc 3d 8d 8s Jd]
Seat 1: AznFlyBoi folded before Flop (didn't bet)
Seat 2: ffa2208 folded before Flop (didn't bet)
Seat 3: alexan685 (button) collected ($0.30)
Seat 4: Dorex2007 (small blind) folded before Flop
Seat 5: K.Tyrrell (big blind) folded on the River
Seat 7: Litgame folded before Flop (didn't bet)
Seat 8: Zuban442 folded before Flop (didn't bet)
Seat 9: isbjrn67 folded on the River



PokerStars Hand #232527680544:  Hold'em No Limit ($0.01/$0.02 USD) - 2021/12/25 21:43:03 PT [2021/12/26 0:43:03 ET]
Table 'Gacrux IV' 9-max Seat #4 is the button
Seat 1: AznFlyBoi ($0.77 in chips) 
Seat 2: ffa2208 ($4.58 in chips) 
Seat 3: alexan685 ($2.01 in chips) 
Seat 4: Dorex2007 ($3.23 in chips) 
Seat 5: K.Tyrrell ($4.90 in chips) 
Seat 7: Litgame ($1.35 in chips) 
Seat 8: Zuban442 ($1.18 in chips) 
Seat 9: isbjrn67 ($1.72 in chips) 
K.Tyrrell: posts small blind $0.01
Litgame: posts big blind $0.02
*** HOLE CARDS ***
Dealt to Dorex2007 [Jh Ks]
Zuban442: folds 
isbjrn67: folds 
AznFlyBoi: calls $0.02
ffa2208: folds 
alexan685: calls $0.02
Dorex2007 has timed out
Dorex2007: folds 
K.Tyrrell: folds 
Litgame: checks 
*** FLOP *** [6h 6c 3h]
Litgame: checks 
AznFlyBoi: checks 
alexan685: checks 
*** TURN *** [6h 6c 3h] [3c]
Litgame: bets $0.07
AznFlyBoi: folds 
alexan685: folds 
Uncalled bet ($0.07) returned to Litgame
Litgame collected $0.07 from pot
Litgame: doesn't show hand 
*** SUMMARY ***
Total pot $0.07 | Rake $0 
Board [6h 6c 3h 3c]
Seat 1: AznFlyBoi folded on the Turn
Seat 2: ffa2208 folded before Flop (didn't bet)
Seat 3: alexan685 folded on the Turn
Seat 4: Dorex2007 (button) folded before Flop (didn't bet)
Seat 5: K.Tyrrell (small blind) folded before Flop
Seat 7: Litgame (big blind) collected ($0.07)
Seat 8: Zuban442 folded before Flop (didn't bet)
Seat 9: isbjrn67 folded before Flop (didn't bet)



PokerStars Hand #232527701862:  Hold'em No Limit ($0.01/$0.02 USD) - 2021/12/25 21:44:33 PT [2021/12/26 0:44:33 ET]
Table 'Gacrux IV' 9-max Seat #7 is the button
Seat 1: AznFlyBoi ($0.75 in chips) 
Seat 2: ffa2208 ($4.52 in chips) 
Seat 3: alexan685 ($2.13 in chips) 
Seat 4: Dorex2007 ($3.23 in chips) 
Seat 5: K.Tyrrell ($4.83 in chips) 
Seat 7: Litgame ($1.39 in chips) 
Seat 8: Zuban442 ($1.16 in chips) 
Seat 9: isbjrn67 ($1.72 in chips) 
Zuban442: posts small blind $0.01
isbjrn67: posts big blind $0.02
*** HOLE CARDS ***
Dealt to Dorex2007 [8d Kd]
AznFlyBoi: folds 
ffa2208: folds 
alexan685: calls $0.02
Dorex2007: folds 
K.Tyrrell: folds 
Litgame: folds 
Zuban442: folds 
isbjrn67: checks 
*** FLOP *** [Js 9s Kh]
isbjrn67: checks 
alexan685: checks 
*** TURN *** [Js 9s Kh] [3c]
isbjrn67: checks 
alexan685: checks 
*** RIVER *** [Js 9s Kh 3c] [7s]
isbjrn67: bets $0.08
alexan685: folds 
Uncalled bet ($0.08) returned to isbjrn67
isbjrn67 collected $0.05 from pot
isbjrn67: doesn't show hand 
*** SUMMARY ***
Total pot $0.05 | Rake $0 
Board [Js 9s Kh 3c 7s]
Seat 1: AznFlyBoi folded before Flop (didn't bet)
Seat 2: ffa2208 folded before Flop (didn't bet)
Seat 3: alexan685 folded on the River
Seat 4: Dorex2007 folded before Flop (didn't bet)
Seat 5: K.Tyrrell folded before Flop (didn't bet)
Seat 7: Litgame (button) folded before Flop (didn't bet)
Seat 8: Zuban442 (small blind) folded before Flop
Seat 9: isbjrn67 (big blind) collected ($0.05)



