PokerStars Hand #231361465509:  Hold'em No Limit ($0.01/$0.02 USD) - 2021/11/12 22:05:42 PT [2021/11/13 1:05:42 ET]
Table 'Morrison' 9-max Seat #5 is the button
Seat 1: bloody55hawk ($0.95 in chips) 
Seat 2: aslanturc ($3.03 in chips) 
Seat 3: v1nov1 ($0.88 in chips) 
Seat 4: Dorex2007 ($2 in chips) 
Seat 5: Pro100Tilt2018 ($3.62 in chips) 
Seat 6: kent330330 ($1.62 in chips) 
Seat 7: HeidyFrancoP ($2.02 in chips) 
Seat 8: WillomacIX ($3.38 in chips) 
Seat 9: rubin40380 ($1.77 in chips) 
kent330330: posts small blind $0.01
HeidyFrancoP: posts big blind $0.02
Dorex2007: posts big blind $0.02
*** HOLE CARDS ***
Dealt to Dorex2007 [Qh Js]
WillomacIX: calls $0.02
rubin40380: folds 
bloody55hawk: folds 
aslanturc: folds 
v1nov1: folds 
Dorex2007: checks 
Pro100Tilt2018: folds 
kent330330: folds 
HeidyFrancoP: checks 
*** FLOP *** [Jh 2c 7d]
HeidyFrancoP: checks 
WillomacIX: bets $0.02
Dorex2007: raises $0.11 to $0.13
HeidyFrancoP: folds 
WillomacIX: calls $0.11
*** TURN *** [Jh 2c 7d] [Ks]
WillomacIX: bets $0.02
Dorex2007: calls $0.02
*** RIVER *** [Jh 2c 7d Ks] [5s]
WillomacIX: bets $0.02
Dorex2007: calls $0.02
*** SHOW DOWN ***
WillomacIX: shows [Ac 2d] (a pair of Deuces)
Dorex2007: shows [Qh Js] (a pair of Jacks)
Dorex2007 collected $0.40 from pot
*** SUMMARY ***
Total pot $0.41 | Rake $0.01 
Board [Jh 2c 7d Ks 5s]
Seat 1: bloody55hawk folded before Flop (didn't bet)
Seat 2: aslanturc folded before Flop (didn't bet)
Seat 3: v1nov1 folded before Flop (didn't bet)
Seat 4: Dorex2007 showed [Qh Js] and won ($0.40) with a pair of Jacks
Seat 5: Pro100Tilt2018 (button) folded before Flop (didn't bet)
Seat 6: kent330330 (small blind) folded before Flop
Seat 7: HeidyFrancoP (big blind) folded on the Flop
Seat 8: WillomacIX showed [Ac 2d] and lost with a pair of Deuces
Seat 9: rubin40380 folded before Flop (didn't bet)



PokerStars Hand #231361475374:  Hold'em No Limit ($0.01/$0.02 USD) - 2021/11/12 22:06:45 PT [2021/11/13 1:06:45 ET]
Table 'Morrison' 9-max Seat #6 is the button
Seat 1: bloody55hawk ($0.95 in chips) 
Seat 3: v1nov1 ($0.88 in chips) 
Seat 4: Dorex2007 ($2.21 in chips) 
Seat 5: Pro100Tilt2018 ($3.62 in chips) 
Seat 6: kent330330 ($1.61 in chips) 
Seat 7: HeidyFrancoP ($2 in chips) 
Seat 8: WillomacIX ($3.19 in chips) 
Seat 9: rubin40380 ($1.77 in chips) 
HeidyFrancoP: posts small blind $0.01
WillomacIX: posts big blind $0.02
*** HOLE CARDS ***
Dealt to Dorex2007 [2s Kh]
rubin40380: folds 
bloody55hawk: raises $0.04 to $0.06
v1nov1: folds 
Dorex2007: folds 
Pro100Tilt2018: folds 
kent330330: folds 
HeidyFrancoP: calls $0.05
WillomacIX: calls $0.04
*** FLOP *** [Th 3d Ad]
HeidyFrancoP: checks 
WillomacIX: checks 
bloody55hawk: bets $0.10
HeidyFrancoP: folds 
WillomacIX: folds 
Uncalled bet ($0.10) returned to bloody55hawk
bloody55hawk collected $0.17 from pot
bloody55hawk: doesn't show hand 
*** SUMMARY ***
Total pot $0.18 | Rake $0.01 
Board [Th 3d Ad]
Seat 1: bloody55hawk collected ($0.17)
Seat 3: v1nov1 folded before Flop (didn't bet)
Seat 4: Dorex2007 folded before Flop (didn't bet)
Seat 5: Pro100Tilt2018 folded before Flop (didn't bet)
Seat 6: kent330330 (button) folded before Flop (didn't bet)
Seat 7: HeidyFrancoP (small blind) folded on the Flop
Seat 8: WillomacIX (big blind) folded on the Flop
Seat 9: rubin40380 folded before Flop (didn't bet)



PokerStars Hand #231361481358:  Hold'em No Limit ($0.01/$0.02 USD) - 2021/11/12 22:07:23 PT [2021/11/13 1:07:23 ET]
Table 'Morrison' 9-max Seat #7 is the button
Seat 1: bloody55hawk ($1.06 in chips) 
Seat 3: v1nov1 ($0.88 in chips) 
Seat 4: Dorex2007 ($2.21 in chips) 
Seat 5: Pro100Tilt2018 ($3.62 in chips) 
Seat 6: kent330330 ($1.61 in chips) 
Seat 7: HeidyFrancoP ($1.94 in chips) 
Seat 8: WillomacIX ($3.13 in chips) 
Seat 9: rubin40380 ($1.77 in chips) 
WillomacIX: posts small blind $0.01
rubin40380: posts big blind $0.02
*** HOLE CARDS ***
Dealt to Dorex2007 [Tc 5d]
bloody55hawk: raises $0.04 to $0.06
v1nov1: folds 
Dorex2007: folds 
Pro100Tilt2018: folds 
kent330330: folds 
HeidyFrancoP: folds 
WillomacIX: folds 
rubin40380: calls $0.04
*** FLOP *** [Js 9s Ad]
rubin40380: checks 
bloody55hawk: bets $0.08
rubin40380: calls $0.08
*** TURN *** [Js 9s Ad] [4c]
rubin40380: checks 
bloody55hawk: checks 
*** RIVER *** [Js 9s Ad 4c] [Ac]
rubin40380: checks 
bloody55hawk: checks 
*** SHOW DOWN ***
rubin40380: shows [8d Td] (a pair of Aces)
bloody55hawk: shows [Qh Kc] (a pair of Aces - King kicker)
bloody55hawk collected $0.28 from pot
*** SUMMARY ***
Total pot $0.29 | Rake $0.01 
Board [Js 9s Ad 4c Ac]
Seat 1: bloody55hawk showed [Qh Kc] and won ($0.28) with a pair of Aces
Seat 3: v1nov1 folded before Flop (didn't bet)
Seat 4: Dorex2007 folded before Flop (didn't bet)
Seat 5: Pro100Tilt2018 folded before Flop (didn't bet)
Seat 6: kent330330 folded before Flop (didn't bet)
Seat 7: HeidyFrancoP (button) folded before Flop (didn't bet)
Seat 8: WillomacIX (small blind) folded before Flop
Seat 9: rubin40380 (big blind) showed [8d Td] and lost with a pair of Aces



PokerStars Hand #231361488344:  Hold'em No Limit ($0.01/$0.02 USD) - 2021/11/12 22:08:07 PT [2021/11/13 1:08:07 ET]
Table 'Morrison' 9-max Seat #8 is the button
Seat 1: bloody55hawk ($1.20 in chips) 
Seat 3: v1nov1 ($0.88 in chips) 
Seat 4: Dorex2007 ($2.21 in chips) 
Seat 5: Pro100Tilt2018 ($3.62 in chips) 
Seat 6: kent330330 ($1.61 in chips) 
Seat 7: HeidyFrancoP ($1.94 in chips) 
Seat 8: WillomacIX ($3.12 in chips) 
Seat 9: rubin40380 ($1.63 in chips) 
rubin40380: posts small blind $0.01
bloody55hawk: posts big blind $0.02
*** HOLE CARDS ***
Dealt to Dorex2007 [Jc 7h]
v1nov1: folds 
Dorex2007: folds 
Pro100Tilt2018: folds 
kent330330: folds 
HeidyFrancoP: folds 
WillomacIX: folds 
rubin40380: folds 
Uncalled bet ($0.01) returned to bloody55hawk
bloody55hawk collected $0.02 from pot
bloody55hawk: doesn't show hand 
*** SUMMARY ***
Total pot $0.02 | Rake $0 
Seat 1: bloody55hawk (big blind) collected ($0.02)
Seat 3: v1nov1 folded before Flop (didn't bet)
Seat 4: Dorex2007 folded before Flop (didn't bet)
Seat 5: Pro100Tilt2018 folded before Flop (didn't bet)
Seat 6: kent330330 folded before Flop (didn't bet)
Seat 7: HeidyFrancoP folded before Flop (didn't bet)
Seat 8: WillomacIX (button) folded before Flop (didn't bet)
Seat 9: rubin40380 (small blind) folded before Flop



PokerStars Hand #231361490367:  Hold'em No Limit ($0.01/$0.02 USD) - 2021/11/12 22:08:20 PT [2021/11/13 1:08:20 ET]
Table 'Morrison' 9-max Seat #9 is the button
Seat 1: bloody55hawk ($1.21 in chips) 
Seat 3: v1nov1 ($0.88 in chips) 
Seat 4: Dorex2007 ($2.21 in chips) 
Seat 5: Pro100Tilt2018 ($3.62 in chips) 
Seat 6: kent330330 ($1.61 in chips) 
Seat 7: HeidyFrancoP ($1.94 in chips) 
Seat 8: WillomacIX ($3.12 in chips) 
Seat 9: rubin40380 ($1.62 in chips) 
bloody55hawk: posts small blind $0.01
v1nov1: posts big blind $0.02
*** HOLE CARDS ***
Dealt to Dorex2007 [9s 3c]
Dorex2007: folds 
Pro100Tilt2018: folds 
kent330330: folds 
HeidyFrancoP: raises $0.02 to $0.04
WillomacIX: calls $0.04
rubin40380: folds 
bloody55hawk: folds 
v1nov1: folds 
*** FLOP *** [8c Jd 6s]
HeidyFrancoP: bets $0.02
WillomacIX: calls $0.02
*** TURN *** [8c Jd 6s] [9d]
HeidyFrancoP: bets $0.02
WillomacIX: raises $0.02 to $0.04
HeidyFrancoP: calls $0.02
*** RIVER *** [8c Jd 6s 9d] [3h]
HeidyFrancoP: checks 
WillomacIX: bets $0.04
HeidyFrancoP: folds 
Uncalled bet ($0.04) returned to WillomacIX
WillomacIX collected $0.22 from pot
WillomacIX: doesn't show hand 
*** SUMMARY ***
Total pot $0.23 | Rake $0.01 
Board [8c Jd 6s 9d 3h]
Seat 1: bloody55hawk (small blind) folded before Flop
Seat 3: v1nov1 (big blind) folded before Flop
Seat 4: Dorex2007 folded before Flop (didn't bet)
Seat 5: Pro100Tilt2018 folded before Flop (didn't bet)
Seat 6: kent330330 folded before Flop (didn't bet)
Seat 7: HeidyFrancoP folded on the River
Seat 8: WillomacIX collected ($0.22)
Seat 9: rubin40380 (button) folded before Flop (didn't bet)



PokerStars Hand #231361504592:  Hold'em No Limit ($0.01/$0.02 USD) - 2021/11/12 22:09:07 PT [2021/11/13 1:09:07 ET]
Table 'Morrison' 9-max Seat #1 is the button
Seat 1: bloody55hawk ($1.20 in chips) 
Seat 3: v1nov1 ($0.86 in chips) 
Seat 4: Dorex2007 ($2.21 in chips) 
Seat 5: Pro100Tilt2018 ($3.62 in chips) 
Seat 6: kent330330 ($1.61 in chips) 
Seat 7: HeidyFrancoP ($1.84 in chips) 
Seat 8: WillomacIX ($3.24 in chips) 
Seat 9: rubin40380 ($1.62 in chips) 
v1nov1: posts small blind $0.01
Dorex2007: posts big blind $0.02
*** HOLE CARDS ***
Dealt to Dorex2007 [9h 5d]
Pro100Tilt2018: folds 
kent330330: folds 
HeidyFrancoP: folds 
WillomacIX: calls $0.02
rubin40380: calls $0.02
bloody55hawk: folds 
v1nov1: folds 
Dorex2007: checks 
*** FLOP *** [Ks Qh 2h]
Dorex2007: checks 
WillomacIX: bets $0.02
rubin40380: calls $0.02
Dorex2007: folds 
*** TURN *** [Ks Qh 2h] [8s]
WillomacIX: checks 
rubin40380: checks 
*** RIVER *** [Ks Qh 2h 8s] [7c]
WillomacIX: checks 
rubin40380: bets $0.06
WillomacIX: folds 
Uncalled bet ($0.06) returned to rubin40380
rubin40380 collected $0.11 from pot
rubin40380: doesn't show hand 
*** SUMMARY ***
Total pot $0.11 | Rake $0 
Board [Ks Qh 2h 8s 7c]
Seat 1: bloody55hawk (button) folded before Flop (didn't bet)
Seat 3: v1nov1 (small blind) folded before Flop
Seat 4: Dorex2007 (big blind) folded on the Flop
Seat 5: Pro100Tilt2018 folded before Flop (didn't bet)
Seat 6: kent330330 folded before Flop (didn't bet)
Seat 7: HeidyFrancoP folded before Flop (didn't bet)
Seat 8: WillomacIX folded on the River
Seat 9: rubin40380 collected ($0.11)



PokerStars Hand #231361512556:  Hold'em No Limit ($0.01/$0.02 USD) - 2021/11/12 22:09:58 PT [2021/11/13 1:09:58 ET]
Table 'Morrison' 9-max Seat #3 is the button
Seat 1: bloody55hawk ($1.20 in chips) 
Seat 3: v1nov1 ($0.85 in chips) 
Seat 4: Dorex2007 ($2.19 in chips) 
Seat 6: kent330330 ($1.61 in chips) 
Seat 7: HeidyFrancoP ($1.84 in chips) 
Seat 8: WillomacIX ($3.20 in chips) 
Seat 9: rubin40380 ($1.69 in chips) 
Dorex2007: posts small blind $0.01
kent330330: posts big blind $0.02
*** HOLE CARDS ***
Dealt to Dorex2007 [Td 6d]
HeidyFrancoP: folds 
WillomacIX: raises $0.02 to $0.04
rubin40380: folds 
bloody55hawk: folds 
v1nov1: raises $0.08 to $0.12
Dorex2007: folds 
kent330330: folds 
WillomacIX: calls $0.08
*** FLOP *** [Jd 7d 5s]
WillomacIX: bets $0.04
v1nov1: raises $0.16 to $0.20
WillomacIX: raises $0.84 to $1.04
v1nov1: calls $0.53 and is all-in
Uncalled bet ($0.31) returned to WillomacIX
*** TURN *** [Jd 7d 5s] [Ah]
*** RIVER *** [Jd 7d 5s Ah] [8c]
*** SHOW DOWN ***
WillomacIX: shows [Kc Kd] (a pair of Kings)
v1nov1: shows [Tc Th] (a pair of Tens)
WillomacIX collected $1.67 from pot
v1nov1 cashed out the hand for $0.15
*** SUMMARY ***
Total pot $1.73 | Rake $0.06 
Board [Jd 7d 5s Ah 8c]
Seat 1: bloody55hawk folded before Flop (didn't bet)
Seat 3: v1nov1 (button) showed [Tc Th] and lost with a pair of Tens (cashed out).
Seat 4: Dorex2007 (small blind) folded before Flop
Seat 6: kent330330 (big blind) folded before Flop
Seat 7: HeidyFrancoP folded before Flop (didn't bet)
Seat 8: WillomacIX showed [Kc Kd] and won ($1.67) with a pair of Kings
Seat 9: rubin40380 folded before Flop (didn't bet)



PokerStars Hand #231361519796:  Hold'em No Limit ($0.01/$0.02 USD) - 2021/11/12 22:10:45 PT [2021/11/13 1:10:45 ET]
Table 'Morrison' 9-max Seat #4 is the button
Seat 1: bloody55hawk ($1.20 in chips) 
Seat 3: v1nov1 ($0.15 in chips) 
Seat 4: Dorex2007 ($2.18 in chips) 
Seat 6: kent330330 ($1.59 in chips) 
Seat 7: HeidyFrancoP ($1.84 in chips) 
Seat 8: WillomacIX ($4.02 in chips) 
Seat 9: rubin40380 ($1.69 in chips) 
kent330330: posts small blind $0.01
HeidyFrancoP: posts big blind $0.02
*** HOLE CARDS ***
Dealt to Dorex2007 [Jc Jd]
WillomacIX: folds 
rubin40380: calls $0.02
bloody55hawk: folds 
v1nov1: calls $0.02
Dorex2007: raises $0.14 to $0.16
kent330330: folds 
HeidyFrancoP: folds 
rubin40380: folds 
v1nov1: folds 
Uncalled bet ($0.14) returned to Dorex2007
Dorex2007 collected $0.09 from pot
Dorex2007: doesn't show hand 
*** SUMMARY ***
Total pot $0.09 | Rake $0 
Seat 1: bloody55hawk folded before Flop (didn't bet)
Seat 3: v1nov1 folded before Flop
Seat 4: Dorex2007 (button) collected ($0.09)
Seat 6: kent330330 (small blind) folded before Flop
Seat 7: HeidyFrancoP (big blind) folded before Flop
Seat 8: WillomacIX folded before Flop (didn't bet)
Seat 9: rubin40380 folded before Flop



PokerStars Hand #231361524113:  Hold'em No Limit ($0.01/$0.02 USD) - 2021/11/12 22:11:13 PT [2021/11/13 1:11:13 ET]
Table 'Morrison' 9-max Seat #6 is the button
Seat 1: bloody55hawk ($1.20 in chips) 
Seat 3: v1nov1 ($0.13 in chips) 
Seat 4: Dorex2007 ($2.25 in chips) 
Seat 6: kent330330 ($1.58 in chips) 
Seat 7: HeidyFrancoP ($1.82 in chips) 
Seat 8: WillomacIX ($4.02 in chips) 
Seat 9: rubin40380 ($1.67 in chips) 
HeidyFrancoP: posts small blind $0.01
WillomacIX: posts big blind $0.02
*** HOLE CARDS ***
Dealt to Dorex2007 [Kc 2c]
rubin40380: raises $0.13 to $0.15
Pro100Tilt2018 leaves the table
bloody55hawk: folds 
v1nov1: folds 
Dorex2007: folds 
kent330330: folds 
HeidyFrancoP: calls $0.14
WillomacIX: folds 
*** FLOP *** [Ad 8c As]
HeidyFrancoP: checks 
Xabitpoker joins the table at seat #5 
rubin40380: bets $1.52 and is all-in
HeidyFrancoP: calls $1.52
*** TURN *** [Ad 8c As] [7d]
*** RIVER *** [Ad 8c As 7d] [4c]
*** SHOW DOWN ***
HeidyFrancoP: shows [Ac 6c] (three of a kind, Aces)
rubin40380: shows [Jc Js] (two pair, Aces and Jacks)
HeidyFrancoP cashed out the hand for $2.98 | Cash Out Fee $0.03
rubin40380 cashed out the hand for $0.23
*** SUMMARY ***
Total pot $3.36 | Rake $0.12 
Board [Ad 8c As 7d 4c]
Seat 1: bloody55hawk folded before Flop (didn't bet)
Seat 3: v1nov1 folded before Flop (didn't bet)
Seat 4: Dorex2007 folded before Flop (didn't bet)
Seat 6: kent330330 (button) folded before Flop (didn't bet)
Seat 7: HeidyFrancoP (small blind) showed [Ac 6c] and won ($3.24) with three of a kind, Aces (pot not awarded as player cashed out)
Seat 8: WillomacIX (big blind) folded before Flop
Seat 9: rubin40380 showed [Jc Js] and lost with two pair, Aces and Jacks (cashed out).



PokerStars Hand #231361533882:  Hold'em No Limit ($0.01/$0.02 USD) - 2021/11/12 22:12:15 PT [2021/11/13 1:12:15 ET]
Table 'Morrison' 9-max Seat #7 is the button
Seat 1: bloody55hawk ($1.20 in chips) 
Seat 3: v1nov1 ($0.80 in chips) 
Seat 4: Dorex2007 ($2.25 in chips) 
Seat 6: kent330330 ($1.58 in chips) 
Seat 7: HeidyFrancoP ($3.13 in chips) 
Seat 8: WillomacIX ($4 in chips) 
Seat 9: rubin40380 ($0.23 in chips) 
WillomacIX: posts small blind $0.01
rubin40380: posts big blind $0.02
Xabitpoker: sits out 
*** HOLE CARDS ***
Dealt to Dorex2007 [9c 3d]
bloody55hawk: raises $0.04 to $0.06
v1nov1: folds 
Dorex2007: folds 
kent330330: folds 
HeidyFrancoP: calls $0.06
WillomacIX: folds 
rubin40380: folds 
*** FLOP *** [Ac 3h 4c]
rubin40380 leaves the table
bloody55hawk: checks 
HeidyFrancoP: checks 
*** TURN *** [Ac 3h 4c] [4s]
bloody55hawk: checks 
HeidyFrancoP: checks 
*** RIVER *** [Ac 3h 4c 4s] [9h]
bloody55hawk: checks 
HeidyFrancoP: checks 
*** SHOW DOWN ***
bloody55hawk: shows [Ks Qs] (a pair of Fours)
HeidyFrancoP: mucks hand 
bloody55hawk collected $0.14 from pot
*** SUMMARY ***
Total pot $0.15 | Rake $0.01 
Board [Ac 3h 4c 4s 9h]
Seat 1: bloody55hawk showed [Ks Qs] and won ($0.14) with a pair of Fours
Seat 3: v1nov1 folded before Flop (didn't bet)
Seat 4: Dorex2007 folded before Flop (didn't bet)
Seat 6: kent330330 folded before Flop (didn't bet)
Seat 7: HeidyFrancoP (button) mucked [Jc Qd]
Seat 8: WillomacIX (small blind) folded before Flop
Seat 9: rubin40380 (big blind) folded before Flop



PokerStars Hand #231361538718:  Hold'em No Limit ($0.01/$0.02 USD) - 2021/11/12 22:12:47 PT [2021/11/13 1:12:47 ET]
Table 'Morrison' 9-max Seat #8 is the button
Seat 1: bloody55hawk ($1.28 in chips) 
Seat 3: v1nov1 ($0.80 in chips) 
Seat 4: Dorex2007 ($2.25 in chips) 
Seat 6: kent330330 ($1.58 in chips) 
Seat 7: HeidyFrancoP ($3.07 in chips) 
Seat 8: WillomacIX ($3.99 in chips) 
bloody55hawk: posts small blind $0.01
v1nov1: posts big blind $0.02
Xabitpoker: sits out 
*** HOLE CARDS ***
Dealt to Dorex2007 [Qh 4s]
415bigb joins the table at seat #9 
Dorex2007: folds 
kent330330: folds 
HeidyFrancoP: raises $0.02 to $0.04
WillomacIX: folds 
bloody55hawk: folds 
v1nov1: calls $0.02
*** FLOP *** [6c Jh 3d]
v1nov1: checks 
HeidyFrancoP: checks 
*** TURN *** [6c Jh 3d] [Qs]
v1nov1: checks 
HeidyFrancoP: checks 
*** RIVER *** [6c Jh 3d Qs] [6h]
v1nov1: bets $0.04
HeidyFrancoP: folds 
Uncalled bet ($0.04) returned to v1nov1
v1nov1 collected $0.09 from pot
v1nov1: doesn't show hand 
*** SUMMARY ***
Total pot $0.09 | Rake $0 
Board [6c Jh 3d Qs 6h]
Seat 1: bloody55hawk (small blind) folded before Flop
Seat 3: v1nov1 (big blind) collected ($0.09)
Seat 4: Dorex2007 folded before Flop (didn't bet)
Seat 6: kent330330 folded before Flop (didn't bet)
Seat 7: HeidyFrancoP folded on the River
Seat 8: WillomacIX (button) folded before Flop (didn't bet)



PokerStars Hand #231361544879:  Hold'em No Limit ($0.01/$0.02 USD) - 2021/11/12 22:13:26 PT [2021/11/13 1:13:26 ET]
Table 'Morrison' 9-max Seat #1 is the button
Seat 1: bloody55hawk ($1.27 in chips) 
Seat 3: v1nov1 ($0.85 in chips) 
Seat 4: Dorex2007 ($2.25 in chips) 
Seat 6: kent330330 ($1.58 in chips) 
Seat 7: HeidyFrancoP ($3.03 in chips) 
Seat 8: WillomacIX ($3.99 in chips) 
v1nov1: posts small blind $0.01
Dorex2007: posts big blind $0.02
Xabitpoker: sits out 
415bigb: sits out 
*** HOLE CARDS ***
Dealt to Dorex2007 [7d 6h]
kent330330: folds 
HeidyFrancoP: calls $0.02
WillomacIX: folds 
bloody55hawk: folds 
v1nov1: folds 
Dorex2007: checks 
*** FLOP *** [5h 8h 2s]
Dorex2007: checks 
HeidyFrancoP: bets $0.03
Dorex2007: calls $0.03
*** TURN *** [5h 8h 2s] [Js]
Dorex2007: checks 
HeidyFrancoP: bets $0.08
Dorex2007: calls $0.08
*** RIVER *** [5h 8h 2s Js] [Ac]
Dorex2007: bets $0.17
HeidyFrancoP: raises $0.17 to $0.34
Dorex2007: folds 
Uncalled bet ($0.17) returned to HeidyFrancoP
HeidyFrancoP collected $0.59 from pot
HeidyFrancoP: doesn't show hand 
*** SUMMARY ***
Total pot $0.61 | Rake $0.02 
Board [5h 8h 2s Js Ac]
Seat 1: bloody55hawk (button) folded before Flop (didn't bet)
Seat 3: v1nov1 (small blind) folded before Flop
Seat 4: Dorex2007 (big blind) folded on the River
Seat 6: kent330330 folded before Flop (didn't bet)
Seat 7: HeidyFrancoP collected ($0.59)
Seat 8: WillomacIX folded before Flop (didn't bet)



PokerStars Hand #231361554884:  Hold'em No Limit ($0.01/$0.02 USD) - 2021/11/12 22:14:30 PT [2021/11/13 1:14:30 ET]
Table 'Morrison' 9-max Seat #3 is the button
Seat 1: bloody55hawk ($1.27 in chips) 
Seat 3: v1nov1 ($0.84 in chips) 
Seat 4: Dorex2007 ($2 in chips) 
Seat 5: Xabitpoker ($2 in chips) 
Seat 6: kent330330 ($1.58 in chips) 
Seat 7: HeidyFrancoP ($3.32 in chips) 
Seat 8: WillomacIX ($3.99 in chips) 
Seat 9: 415bigb ($2 in chips) 
Dorex2007: posts small blind $0.01
Xabitpoker: posts big blind $0.02
415bigb: posts big blind $0.02
*** HOLE CARDS ***
Dealt to Dorex2007 [3s 2d]
kent330330: folds 
HeidyFrancoP: raises $0.02 to $0.04
WillomacIX: folds 
415bigb: raises $0.06 to $0.10
bloody55hawk: folds 
v1nov1: folds 
Dorex2007: folds 
Xabitpoker: folds 
HeidyFrancoP: calls $0.06
*** FLOP *** [Ah Kc 7h]
HeidyFrancoP: checks 
415bigb: checks 
*** TURN *** [Ah Kc 7h] [8c]
HeidyFrancoP: checks 
415bigb: bets $0.02
HeidyFrancoP: calls $0.02
*** RIVER *** [Ah Kc 7h 8c] [4c]
HeidyFrancoP: checks 
415bigb: bets $0.04
HeidyFrancoP: folds 
Uncalled bet ($0.04) returned to 415bigb
415bigb collected $0.26 from pot
*** SUMMARY ***
Total pot $0.27 | Rake $0.01 
Board [Ah Kc 7h 8c 4c]
Seat 1: bloody55hawk folded before Flop (didn't bet)
Seat 3: v1nov1 (button) folded before Flop (didn't bet)
Seat 4: Dorex2007 (small blind) folded before Flop
Seat 5: Xabitpoker (big blind) folded before Flop
Seat 6: kent330330 folded before Flop (didn't bet)
Seat 7: HeidyFrancoP folded on the River
Seat 8: WillomacIX folded before Flop (didn't bet)
Seat 9: 415bigb collected ($0.26)



PokerStars Hand #231361564453:  Hold'em No Limit ($0.01/$0.02 USD) - 2021/11/12 22:15:32 PT [2021/11/13 1:15:32 ET]
Table 'Morrison' 9-max Seat #4 is the button
Seat 1: bloody55hawk ($1.27 in chips) 
Seat 3: v1nov1 ($0.84 in chips) 
Seat 4: Dorex2007 ($2 in chips) 
Seat 5: Xabitpoker ($1.98 in chips) 
Seat 6: kent330330 ($1.58 in chips) 
Seat 7: HeidyFrancoP ($3.20 in chips) 
Seat 8: WillomacIX ($3.99 in chips) 
Seat 9: 415bigb ($2.14 in chips) 
Xabitpoker: posts small blind $0.01
kent330330: posts big blind $0.02
*** HOLE CARDS ***
Dealt to Dorex2007 [8s 2h]
HeidyFrancoP: calls $0.02
WillomacIX: folds 
415bigb: folds 
bloody55hawk: folds 
v1nov1: folds 
Dorex2007: folds 
Xabitpoker: folds 
kent330330: checks 
*** FLOP *** [4h 3d Kd]
kent330330: checks 
HeidyFrancoP: checks 
*** TURN *** [4h 3d Kd] [5s]
kent330330: checks 
HeidyFrancoP: checks 
*** RIVER *** [4h 3d Kd 5s] [3s]
kent330330: checks 
HeidyFrancoP: checks 
*** SHOW DOWN ***
kent330330: shows [2d 3c] (three of a kind, Threes)
HeidyFrancoP: mucks hand 
kent330330 collected $0.05 from pot
*** SUMMARY ***
Total pot $0.05 | Rake $0 
Board [4h 3d Kd 5s 3s]
Seat 1: bloody55hawk folded before Flop (didn't bet)
Seat 3: v1nov1 folded before Flop (didn't bet)
Seat 4: Dorex2007 (button) folded before Flop (didn't bet)
Seat 5: Xabitpoker (small blind) folded before Flop
Seat 6: kent330330 (big blind) showed [2d 3c] and won ($0.05) with three of a kind, Threes
Seat 7: HeidyFrancoP mucked [5h 9h]
Seat 8: WillomacIX folded before Flop (didn't bet)
Seat 9: 415bigb folded before Flop (didn't bet)



PokerStars Hand #231361576624:  Hold'em No Limit ($0.01/$0.02 USD) - 2021/11/12 22:16:50 PT [2021/11/13 1:16:50 ET]
Table 'Morrison' 9-max Seat #5 is the button
Seat 1: bloody55hawk ($1.27 in chips) 
Seat 3: v1nov1 ($0.84 in chips) 
Seat 4: Dorex2007 ($2 in chips) 
Seat 5: Xabitpoker ($1.97 in chips) 
Seat 6: kent330330 ($1.61 in chips) 
Seat 7: HeidyFrancoP ($3.18 in chips) 
Seat 8: WillomacIX ($3.99 in chips) 
Seat 9: 415bigb ($2.14 in chips) 
kent330330: posts small blind $0.01
HeidyFrancoP: posts big blind $0.02
*** HOLE CARDS ***
Dealt to Dorex2007 [6h 6c]
WillomacIX: folds 
415bigb: folds 
bloody55hawk: folds 
v1nov1: folds 
Dorex2007: raises $0.02 to $0.04
Xabitpoker: folds 
kent330330: folds 
HeidyFrancoP: raises $0.05 to $0.09
Dorex2007: calls $0.05
*** FLOP *** [9d 2s Ts]
HeidyFrancoP: bets $0.06
Dorex2007: calls $0.06
*** TURN *** [9d 2s Ts] [Qh]
HeidyFrancoP: bets $0.16
Dorex2007: folds 
Uncalled bet ($0.16) returned to HeidyFrancoP
HeidyFrancoP collected $0.30 from pot
HeidyFrancoP: doesn't show hand 
*** SUMMARY ***
Total pot $0.31 | Rake $0.01 
Board [9d 2s Ts Qh]
Seat 1: bloody55hawk folded before Flop (didn't bet)
Seat 3: v1nov1 folded before Flop (didn't bet)
Seat 4: Dorex2007 folded on the Turn
Seat 5: Xabitpoker (button) folded before Flop (didn't bet)
Seat 6: kent330330 (small blind) folded before Flop
Seat 7: HeidyFrancoP (big blind) collected ($0.30)
Seat 8: WillomacIX folded before Flop (didn't bet)
Seat 9: 415bigb folded before Flop (didn't bet)



PokerStars Hand #231361583628:  Hold'em No Limit ($0.01/$0.02 USD) - 2021/11/12 22:17:35 PT [2021/11/13 1:17:35 ET]
Table 'Morrison' 9-max Seat #6 is the button
Seat 1: bloody55hawk ($1.27 in chips) 
Seat 3: v1nov1 ($0.84 in chips) 
Seat 4: Dorex2007 ($2 in chips) 
Seat 5: Xabitpoker ($1.97 in chips) 
Seat 6: kent330330 ($1.60 in chips) 
Seat 7: HeidyFrancoP ($3.33 in chips) 
Seat 8: WillomacIX ($3.99 in chips) 
Seat 9: 415bigb ($2.14 in chips) 
HeidyFrancoP: posts small blind $0.01
WillomacIX: posts big blind $0.02
*** HOLE CARDS ***
Dealt to Dorex2007 [6d 9s]
415bigb: folds 
bloody55hawk: folds 
v1nov1: folds 
Dorex2007: folds 
Xabitpoker: raises $0.04 to $0.06
kent330330: folds 
HeidyFrancoP: calls $0.05
WillomacIX: calls $0.04
*** FLOP *** [Jc As 7h]
HeidyFrancoP: checks 
WillomacIX: checks 
Xabitpoker: bets $0.12
HeidyFrancoP: folds 
WillomacIX: calls $0.12
*** TURN *** [Jc As 7h] [4d]
WillomacIX: checks 
Xabitpoker: checks 
*** RIVER *** [Jc As 7h 4d] [4c]
WillomacIX: checks 
Xabitpoker: bets $0.28
WillomacIX: folds 
Uncalled bet ($0.28) returned to Xabitpoker
Xabitpoker collected $0.41 from pot
Xabitpoker: doesn't show hand 
*** SUMMARY ***
Total pot $0.42 | Rake $0.01 
Board [Jc As 7h 4d 4c]
Seat 1: bloody55hawk folded before Flop (didn't bet)
Seat 3: v1nov1 folded before Flop (didn't bet)
Seat 4: Dorex2007 folded before Flop (didn't bet)
Seat 5: Xabitpoker collected ($0.41)
Seat 6: kent330330 (button) folded before Flop (didn't bet)
Seat 7: HeidyFrancoP (small blind) folded on the Flop
Seat 8: WillomacIX (big blind) folded on the River
Seat 9: 415bigb folded before Flop (didn't bet)



PokerStars Hand #231361598728:  Hold'em No Limit ($0.01/$0.02 USD) - 2021/11/12 22:18:45 PT [2021/11/13 1:18:45 ET]
Table 'Morrison' 9-max Seat #7 is the button
Seat 1: bloody55hawk ($1.27 in chips) 
Seat 3: v1nov1 ($0.84 in chips) 
Seat 4: Dorex2007 ($2 in chips) 
Seat 5: Xabitpoker ($2.20 in chips) 
Seat 6: kent330330 ($1.60 in chips) 
Seat 7: HeidyFrancoP ($3.27 in chips) 
Seat 8: WillomacIX ($3.81 in chips) 
Seat 9: 415bigb ($2.14 in chips) 
WillomacIX: posts small blind $0.01
415bigb: posts big blind $0.02
*** HOLE CARDS ***
Dealt to Dorex2007 [Qd 8s]
bloody55hawk: folds 
v1nov1: folds 
Dorex2007: folds 
Xabitpoker: folds 
kent330330: folds 
HeidyFrancoP: raises $0.07 to $0.09
WillomacIX: folds 
415bigb: folds 
Uncalled bet ($0.07) returned to HeidyFrancoP
HeidyFrancoP collected $0.05 from pot
HeidyFrancoP: doesn't show hand 
*** SUMMARY ***
Total pot $0.05 | Rake $0 
Seat 1: bloody55hawk folded before Flop (didn't bet)
Seat 3: v1nov1 folded before Flop (didn't bet)
Seat 4: Dorex2007 folded before Flop (didn't bet)
Seat 5: Xabitpoker folded before Flop (didn't bet)
Seat 6: kent330330 folded before Flop (didn't bet)
Seat 7: HeidyFrancoP (button) collected ($0.05)
Seat 8: WillomacIX (small blind) folded before Flop
Seat 9: 415bigb (big blind) folded before Flop



PokerStars Hand #231361603011:  Hold'em No Limit ($0.01/$0.02 USD) - 2021/11/12 22:19:12 PT [2021/11/13 1:19:12 ET]
Table 'Morrison' 9-max Seat #8 is the button
Seat 2: aslanturc ($3.03 in chips) 
Seat 3: v1nov1 ($0.84 in chips) 
Seat 4: Dorex2007 ($2 in chips) 
Seat 5: Xabitpoker ($2.20 in chips) 
Seat 6: kent330330 ($1.60 in chips) 
Seat 7: HeidyFrancoP ($3.30 in chips) 
Seat 8: WillomacIX ($3.80 in chips) 
Seat 9: 415bigb ($2.12 in chips) 
415bigb: posts small blind $0.01
bloody55hawk: is sitting out 
aslanturc: posts big blind $0.02
*** HOLE CARDS ***
Dealt to Dorex2007 [9s 5c]
v1nov1: folds 
Dorex2007: folds 
Xabitpoker: folds 
kent330330: folds 
bloody55hawk leaves the table
HeidyFrancoP: folds 
WillomacIX: folds 
HeidyFrancoP leaves the table
415bigb: raises $0.02 to $0.04
aslanturc: calls $0.02
*** FLOP *** [Th 6c Qh]
Shahta-16 joins the table at seat #7 
415bigb: checks 
TAJJMAKKHAAL joins the table at seat #1 
aslanturc: checks 
*** TURN *** [Th 6c Qh] [4d]
415bigb: bets $0.04
aslanturc: calls $0.04
*** RIVER *** [Th 6c Qh 4d] [As]
415bigb: bets $0.04
aslanturc: calls $0.04
*** SHOW DOWN ***
415bigb: shows [7h 7c] (a pair of Sevens)
aslanturc: mucks hand 
415bigb collected $0.23 from pot
*** SUMMARY ***
Total pot $0.24 | Rake $0.01 
Board [Th 6c Qh 4d As]
Seat 2: aslanturc (big blind) mucked [5s 6s]
Seat 3: v1nov1 folded before Flop (didn't bet)
Seat 4: Dorex2007 folded before Flop (didn't bet)
Seat 5: Xabitpoker folded before Flop (didn't bet)
Seat 6: kent330330 folded before Flop (didn't bet)
Seat 7: HeidyFrancoP folded before Flop (didn't bet)
Seat 8: WillomacIX (button) folded before Flop (didn't bet)
Seat 9: 415bigb (small blind) showed [7h 7c] and won ($0.23) with a pair of Sevens



PokerStars Hand #231361615677:  Hold'em No Limit ($0.01/$0.02 USD) - 2021/11/12 22:20:34 PT [2021/11/13 1:20:34 ET]
Table 'Morrison' 9-max Seat #9 is the button
Seat 2: aslanturc ($2.91 in chips) 
Seat 3: v1nov1 ($0.84 in chips) 
Seat 4: Dorex2007 ($2 in chips) 
Seat 5: Xabitpoker ($2.20 in chips) 
Seat 6: kent330330 ($1.60 in chips) 
Seat 7: Shahta-16 ($2 in chips) 
Seat 8: WillomacIX ($3.80 in chips) 
Seat 9: 415bigb ($2.23 in chips) 
aslanturc: posts small blind $0.01
v1nov1: posts big blind $0.02
Shahta-16: posts big blind $0.02
*** HOLE CARDS ***
Dealt to Dorex2007 [5d 3h]
Dorex2007: folds 
Xabitpoker: raises $0.06 to $0.08
kent330330: folds 
Shahta-16: folds 
WillomacIX: folds 
415bigb: folds 
aslanturc: folds 
v1nov1: folds 
Uncalled bet ($0.06) returned to Xabitpoker
Xabitpoker collected $0.07 from pot
Xabitpoker: doesn't show hand 
*** SUMMARY ***
Total pot $0.07 | Rake $0 
Seat 2: aslanturc (small blind) folded before Flop
Seat 3: v1nov1 (big blind) folded before Flop
Seat 4: Dorex2007 folded before Flop (didn't bet)
Seat 5: Xabitpoker collected ($0.07)
Seat 6: kent330330 folded before Flop (didn't bet)
Seat 7: Shahta-16 folded before Flop (didn't bet)
Seat 8: WillomacIX folded before Flop (didn't bet)
Seat 9: 415bigb (button) folded before Flop (didn't bet)



PokerStars Hand #231361619446:  Hold'em No Limit ($0.01/$0.02 USD) - 2021/11/12 22:20:58 PT [2021/11/13 1:20:58 ET]
Table 'Morrison' 9-max Seat #3 is the button
Seat 1: TAJJMAKKHAAL ($0.80 in chips) 
Seat 3: v1nov1 ($0.82 in chips) 
Seat 4: Dorex2007 ($2 in chips) 
Seat 5: Xabitpoker ($2.25 in chips) 
Seat 6: kent330330 ($1.60 in chips) 
Seat 7: Shahta-16 ($2 in chips) 
Seat 8: WillomacIX ($3.80 in chips) 
Seat 9: 415bigb ($2.23 in chips) 
Dorex2007: posts small blind $0.01
Xabitpoker: posts big blind $0.02
TAJJMAKKHAAL: posts big blind $0.02
*** HOLE CARDS ***
Dealt to Dorex2007 [Th 3d]
kent330330: folds 
aslanturc leaves the table
Shahta-16: folds 
WillomacIX: folds 
415bigb: calls $0.02
TAJJMAKKHAAL: checks 
v1nov1: folds 
Dorex2007: folds 
Xabitpoker: raises $0.04 to $0.06
415bigb: calls $0.04
TAJJMAKKHAAL: calls $0.04
*** FLOP *** [8d Tc 5c]
Xabitpoker: checks 
415bigb: checks 
MsBennet95 joins the table at seat #2 
TAJJMAKKHAAL: bets $0.09
Xabitpoker: folds 
415bigb: folds 
Uncalled bet ($0.09) returned to TAJJMAKKHAAL
TAJJMAKKHAAL collected $0.18 from pot
TAJJMAKKHAAL: doesn't show hand 
*** SUMMARY ***
Total pot $0.19 | Rake $0.01 
Board [8d Tc 5c]
Seat 1: TAJJMAKKHAAL collected ($0.18)
Seat 3: v1nov1 (button) folded before Flop (didn't bet)
Seat 4: Dorex2007 (small blind) folded before Flop
Seat 5: Xabitpoker (big blind) folded on the Flop
Seat 6: kent330330 folded before Flop (didn't bet)
Seat 7: Shahta-16 folded before Flop (didn't bet)
Seat 8: WillomacIX folded before Flop (didn't bet)
Seat 9: 415bigb folded on the Flop



PokerStars Hand #231361628194:  Hold'em No Limit ($0.01/$0.02 USD) - 2021/11/12 22:21:53 PT [2021/11/13 1:21:53 ET]
Table 'Morrison' 9-max Seat #4 is the button
Seat 1: TAJJMAKKHAAL ($0.92 in chips) 
Seat 2: MsBennet95 ($1.60 in chips) 
Seat 3: v1nov1 ($0.82 in chips) 
Seat 4: Dorex2007 ($2 in chips) 
Seat 5: Xabitpoker ($2.19 in chips) 
Seat 7: Shahta-16 ($2 in chips) 
Seat 8: WillomacIX ($3.80 in chips) 
Seat 9: 415bigb ($2.17 in chips) 
Xabitpoker: posts small blind $0.01
kent330330: is sitting out 
Shahta-16: posts big blind $0.02
MsBennet95: posts big blind $0.02
*** HOLE CARDS ***
Dealt to Dorex2007 [Ts 4h]
WillomacIX: folds 
415bigb: raises $0.02 to $0.04
TAJJMAKKHAAL: folds 
MsBennet95: folds 
v1nov1: folds 
Dorex2007: folds 
Xabitpoker: folds 
Shahta-16: folds 
Uncalled bet ($0.02) returned to 415bigb
415bigb collected $0.07 from pot
*** SUMMARY ***
Total pot $0.07 | Rake $0 
Seat 1: TAJJMAKKHAAL folded before Flop (didn't bet)
Seat 2: MsBennet95 folded before Flop (didn't bet)
Seat 3: v1nov1 folded before Flop (didn't bet)
Seat 4: Dorex2007 (button) folded before Flop (didn't bet)
Seat 5: Xabitpoker (small blind) folded before Flop
Seat 7: Shahta-16 (big blind) folded before Flop
Seat 8: WillomacIX folded before Flop (didn't bet)
Seat 9: 415bigb collected ($0.07)



PokerStars Hand #231361631535:  Hold'em No Limit ($0.01/$0.02 USD) - 2021/11/12 22:22:14 PT [2021/11/13 1:22:14 ET]
Table 'Morrison' 9-max Seat #5 is the button
Seat 1: TAJJMAKKHAAL ($0.92 in chips) 
Seat 2: MsBennet95 ($1.58 in chips) 
Seat 3: v1nov1 ($0.82 in chips) 
Seat 4: Dorex2007 ($2 in chips) 
Seat 5: Xabitpoker ($2.18 in chips) 
Seat 7: Shahta-16 ($2 in chips) 
Seat 8: WillomacIX ($3.80 in chips) 
Seat 9: 415bigb ($2.22 in chips) 
Shahta-16: posts small blind $0.01
WillomacIX: posts big blind $0.02
*** HOLE CARDS ***
Dealt to Dorex2007 [Kc Qh]
415bigb: folds 
TAJJMAKKHAAL: folds 
MsBennet95: folds 
v1nov1: folds 
Dorex2007: calls $0.02
Xabitpoker: folds 
Shahta-16: folds 
WillomacIX: checks 
*** FLOP *** [Jh Qs Kd]
WillomacIX: checks 
Dorex2007: bets $0.05
WillomacIX: folds 
Uncalled bet ($0.05) returned to Dorex2007
Dorex2007 collected $0.05 from pot
Dorex2007: doesn't show hand 
*** SUMMARY ***
Total pot $0.05 | Rake $0 
Board [Jh Qs Kd]
Seat 1: TAJJMAKKHAAL folded before Flop (didn't bet)
Seat 2: MsBennet95 folded before Flop (didn't bet)
Seat 3: v1nov1 folded before Flop (didn't bet)
Seat 4: Dorex2007 collected ($0.05)
Seat 5: Xabitpoker (button) folded before Flop (didn't bet)
Seat 7: Shahta-16 (small blind) folded before Flop
Seat 8: WillomacIX (big blind) folded on the Flop
Seat 9: 415bigb folded before Flop (didn't bet)



PokerStars Hand #231361640870:  Hold'em No Limit ($0.01/$0.02 USD) - 2021/11/12 22:23:14 PT [2021/11/13 1:23:14 ET]
Table 'Morrison' 9-max Seat #7 is the button
Seat 1: TAJJMAKKHAAL ($0.92 in chips) 
Seat 2: MsBennet95 ($1.58 in chips) 
Seat 3: v1nov1 ($0.82 in chips) 
Seat 4: Dorex2007 ($2.03 in chips) 
Seat 5: Xabitpoker ($2.18 in chips) 
Seat 7: Shahta-16 ($2 in chips) 
Seat 8: WillomacIX ($3.78 in chips) 
Seat 9: 415bigb ($2.22 in chips) 
WillomacIX: posts small blind $0.01
415bigb: posts big blind $0.02
*** HOLE CARDS ***
Dealt to Dorex2007 [2c Jc]
TAJJMAKKHAAL: folds 
MsBennet95: calls $0.02
v1nov1: folds 
Dorex2007: folds 
Xabitpoker: folds 
Shahta-16: folds 
WillomacIX: calls $0.01
415bigb: checks 
*** FLOP *** [5d Qd Ks]
WillomacIX: checks 
415bigb: checks 
MsBennet95: checks 
*** TURN *** [5d Qd Ks] [7h]
WillomacIX: checks 
415bigb: checks 
MsBennet95: bets $0.04
WillomacIX: folds 
415bigb: calls $0.04
*** RIVER *** [5d Qd Ks 7h] [3d]
415bigb: checks 
MsBennet95: bets $0.04
415bigb: calls $0.04
*** SHOW DOWN ***
MsBennet95: shows [9d 6d] (a flush, Queen high)
415bigb: mucks hand 
MsBennet95 collected $0.21 from pot
*** SUMMARY ***
Total pot $0.22 | Rake $0.01 
Board [5d Qd Ks 7h 3d]
Seat 1: TAJJMAKKHAAL folded before Flop (didn't bet)
Seat 2: MsBennet95 showed [9d 6d] and won ($0.21) with a flush, Queen high
Seat 3: v1nov1 folded before Flop (didn't bet)
Seat 4: Dorex2007 folded before Flop (didn't bet)
Seat 5: Xabitpoker folded before Flop (didn't bet)
Seat 7: Shahta-16 (button) folded before Flop (didn't bet)
Seat 8: WillomacIX (small blind) folded on the Turn
Seat 9: 415bigb (big blind) mucked [6c 3c]



PokerStars Hand #231361656785:  Hold'em No Limit ($0.01/$0.02 USD) - 2021/11/12 22:24:57 PT [2021/11/13 1:24:57 ET]
Table 'Morrison' 9-max Seat #8 is the button
Seat 1: TAJJMAKKHAAL ($0.92 in chips) 
Seat 2: MsBennet95 ($1.69 in chips) 
Seat 3: v1nov1 ($0.82 in chips) 
Seat 4: Dorex2007 ($2.03 in chips) 
Seat 5: Xabitpoker ($2.18 in chips) 
Seat 7: Shahta-16 ($2 in chips) 
Seat 8: WillomacIX ($3.76 in chips) 
Seat 9: 415bigb ($2.12 in chips) 
415bigb: posts small blind $0.01
TAJJMAKKHAAL: posts big blind $0.02
*** HOLE CARDS ***
Dealt to Dorex2007 [7d 3s]
MsBennet95: folds 
v1nov1: folds 
Dorex2007: folds 
Xabitpoker: folds 
Shahta-16: folds 
WillomacIX: raises $0.02 to $0.04
415bigb: calls $0.03
TAJJMAKKHAAL: folds 
*** FLOP *** [Ad 8c Jd]
415bigb: checks 
WillomacIX: bets $0.02
415bigb: calls $0.02
*** TURN *** [Ad 8c Jd] [Qs]
415bigb: checks 
WillomacIX: bets $0.04
415bigb: calls $0.04
*** RIVER *** [Ad 8c Jd Qs] [9c]
415bigb: bets $0.06
WillomacIX: calls $0.06
*** SHOW DOWN ***
415bigb: shows [Ac Td] (a straight, Eight to Queen)
WillomacIX: mucks hand 
415bigb collected $0.33 from pot
*** SUMMARY ***
Total pot $0.34 | Rake $0.01 
Board [Ad 8c Jd Qs 9c]
Seat 1: TAJJMAKKHAAL (big blind) folded before Flop
Seat 2: MsBennet95 folded before Flop (didn't bet)
Seat 3: v1nov1 folded before Flop (didn't bet)
Seat 4: Dorex2007 folded before Flop (didn't bet)
Seat 5: Xabitpoker folded before Flop (didn't bet)
Seat 7: Shahta-16 folded before Flop (didn't bet)
Seat 8: WillomacIX (button) mucked [8h 8s]
Seat 9: 415bigb (small blind) showed [Ac Td] and won ($0.33) with a straight, Eight to Queen



PokerStars Hand #231361667544:  Hold'em No Limit ($0.01/$0.02 USD) - 2021/11/12 22:26:07 PT [2021/11/13 1:26:07 ET]
Table 'Morrison' 9-max Seat #9 is the button
Seat 1: TAJJMAKKHAAL ($0.90 in chips) 
Seat 2: MsBennet95 ($1.69 in chips) 
Seat 3: v1nov1 ($0.82 in chips) 
Seat 4: Dorex2007 ($2.03 in chips) 
Seat 5: Xabitpoker ($2.18 in chips) 
Seat 7: Shahta-16 ($2 in chips) 
Seat 8: WillomacIX ($3.60 in chips) 
Seat 9: 415bigb ($2.29 in chips) 
TAJJMAKKHAAL: posts small blind $0.01
MsBennet95: posts big blind $0.02
*** HOLE CARDS ***
Dealt to Dorex2007 [Qc 2d]
v1nov1: folds 
Dorex2007: folds 
Xabitpoker: folds 
Shahta-16: raises $0.04 to $0.06
WillomacIX: folds 
415bigb: calls $0.06
TAJJMAKKHAAL: folds 
MsBennet95: folds 
*** FLOP *** [7c 5s Kc]
Shahta-16: bets $0.09
415bigb: calls $0.09
*** TURN *** [7c 5s Kc] [9c]
Shahta-16: checks 
415bigb: bets $0.16
Xabitpoker leaves the table
Shahta-16: folds 
Uncalled bet ($0.16) returned to 415bigb
415bigb collected $0.32 from pot
415bigb: doesn't show hand 
*** SUMMARY ***
Total pot $0.33 | Rake $0.01 
Board [7c 5s Kc 9c]
Seat 1: TAJJMAKKHAAL (small blind) folded before Flop
Seat 2: MsBennet95 (big blind) folded before Flop
Seat 3: v1nov1 folded before Flop (didn't bet)
Seat 4: Dorex2007 folded before Flop (didn't bet)
Seat 5: Xabitpoker folded before Flop (didn't bet)
Seat 7: Shahta-16 folded on the Turn
Seat 8: WillomacIX folded before Flop (didn't bet)
Seat 9: 415bigb (button) collected ($0.32)



PokerStars Hand #231361679626:  Hold'em No Limit ($0.01/$0.02 USD) - 2021/11/12 22:27:25 PT [2021/11/13 1:27:25 ET]
Table 'Morrison' 9-max Seat #1 is the button
Seat 1: TAJJMAKKHAAL ($0.89 in chips) 
Seat 2: MsBennet95 ($1.67 in chips) 
Seat 3: v1nov1 ($0.82 in chips) 
Seat 4: Dorex2007 ($2.03 in chips) 
Seat 7: Shahta-16 ($2 in chips) 
Seat 8: WillomacIX ($3.60 in chips) 
Seat 9: 415bigb ($2.46 in chips) 
MsBennet95: posts small blind $0.01
v1nov1: posts big blind $0.02
*** HOLE CARDS ***
Dealt to Dorex2007 [2d 6c]
ARSENY2 joins the table at seat #5 
Dorex2007: folds 
Shahta-16: folds 
WillomacIX: calls $0.02
415bigb: raises $0.04 to $0.06
TAJJMAKKHAAL: folds 
MsBennet95: folds 
v1nov1: calls $0.04
WillomacIX: calls $0.04
*** FLOP *** [7h 2s 7c]
v1nov1: checks 
WillomacIX: checks 
415bigb: bets $0.08
v1nov1: folds 
WillomacIX: folds 
Uncalled bet ($0.08) returned to 415bigb
415bigb collected $0.18 from pot
415bigb: doesn't show hand 
*** SUMMARY ***
Total pot $0.19 | Rake $0.01 
Board [7h 2s 7c]
Seat 1: TAJJMAKKHAAL (button) folded before Flop (didn't bet)
Seat 2: MsBennet95 (small blind) folded before Flop
Seat 3: v1nov1 (big blind) folded on the Flop
Seat 4: Dorex2007 folded before Flop (didn't bet)
Seat 7: Shahta-16 folded before Flop (didn't bet)
Seat 8: WillomacIX folded on the Flop
Seat 9: 415bigb collected ($0.18)



PokerStars Hand #231361686851:  Hold'em No Limit ($0.01/$0.02 USD) - 2021/11/12 22:28:12 PT [2021/11/13 1:28:12 ET]
Table 'Morrison' 9-max Seat #2 is the button
Seat 1: TAJJMAKKHAAL ($0.89 in chips) 
Seat 2: MsBennet95 ($1.66 in chips) 
Seat 3: v1nov1 ($0.76 in chips) 
Seat 4: Dorex2007 ($2.03 in chips) 
Seat 7: Shahta-16 ($2 in chips) 
Seat 8: WillomacIX ($3.54 in chips) 
Seat 9: 415bigb ($2.58 in chips) 
v1nov1: posts small blind $0.01
Dorex2007: posts big blind $0.02
ARSENY2: sits out 
*** HOLE CARDS ***
Dealt to Dorex2007 [4d 3c]
Shahta-16: folds 
WillomacIX: folds 
415bigb: calls $0.02
TAJJMAKKHAAL: folds 
MsBennet95: folds 
v1nov1: raises $0.05 to $0.07
Dorex2007: folds 
415bigb: calls $0.05
*** FLOP *** [Qh Ah 2d]
v1nov1: checks 
415bigb: checks 
*** TURN *** [Qh Ah 2d] [9d]
v1nov1: bets $0.07
415bigb: folds 
Uncalled bet ($0.07) returned to v1nov1
v1nov1 collected $0.15 from pot
v1nov1: doesn't show hand 
*** SUMMARY ***
Total pot $0.16 | Rake $0.01 
Board [Qh Ah 2d 9d]
Seat 1: TAJJMAKKHAAL folded before Flop (didn't bet)
Seat 2: MsBennet95 (button) folded before Flop (didn't bet)
Seat 3: v1nov1 (small blind) collected ($0.15)
Seat 4: Dorex2007 (big blind) folded before Flop
Seat 7: Shahta-16 folded before Flop (didn't bet)
Seat 8: WillomacIX folded before Flop (didn't bet)
Seat 9: 415bigb folded on the Turn



PokerStars Hand #231361693809:  Hold'em No Limit ($0.01/$0.02 USD) - 2021/11/12 22:28:58 PT [2021/11/13 1:28:58 ET]
Table 'Morrison' 9-max Seat #3 is the button
Seat 1: TAJJMAKKHAAL ($0.89 in chips) 
Seat 2: MsBennet95 ($1.66 in chips) 
Seat 3: v1nov1 ($0.84 in chips) 
Seat 4: Dorex2007 ($2.01 in chips) 
Seat 5: ARSENY2 ($2 in chips) 
Seat 7: Shahta-16 ($2 in chips) 
Seat 8: WillomacIX ($3.54 in chips) 
Seat 9: 415bigb ($2.51 in chips) 
Dorex2007: posts small blind $0.01
ARSENY2: posts big blind $0.02
*** HOLE CARDS ***
Dealt to Dorex2007 [4s 6d]
Shahta-16: folds 
WillomacIX: calls $0.02
415bigb: folds 
TAJJMAKKHAAL: calls $0.02
MsBennet95 has timed out
MsBennet95: folds 
v1nov1: folds 
Dorex2007: folds 
ARSENY2: checks 
*** FLOP *** [Qs 8h 2d]
ARSENY2: checks 
WillomacIX: checks 
TAJJMAKKHAAL: bets $0.04
ARSENY2: folds 
WillomacIX: calls $0.04
*** TURN *** [Qs 8h 2d] [6c]
WillomacIX: checks 
TAJJMAKKHAAL: bets $0.08
WillomacIX: calls $0.08
*** RIVER *** [Qs 8h 2d 6c] [9d]
WillomacIX: checks 
TAJJMAKKHAAL: bets $0.20
WillomacIX: calls $0.20
*** SHOW DOWN ***
TAJJMAKKHAAL: shows [8c 8d] (three of a kind, Eights)
WillomacIX: mucks hand 
TAJJMAKKHAAL collected $0.69 from pot
*** SUMMARY ***
Total pot $0.71 | Rake $0.02 
Board [Qs 8h 2d 6c 9d]
Seat 1: TAJJMAKKHAAL showed [8c 8d] and won ($0.69) with three of a kind, Eights
Seat 2: MsBennet95 folded before Flop (didn't bet)
Seat 3: v1nov1 (button) folded before Flop (didn't bet)
Seat 4: Dorex2007 (small blind) folded before Flop
Seat 5: ARSENY2 (big blind) folded on the Flop
Seat 7: Shahta-16 folded before Flop (didn't bet)
Seat 8: WillomacIX mucked [Qc Ts]
Seat 9: 415bigb folded before Flop (didn't bet)



PokerStars Hand #231361705599:  Hold'em No Limit ($0.01/$0.02 USD) - 2021/11/12 22:30:13 PT [2021/11/13 1:30:13 ET]
Table 'Morrison' 9-max Seat #4 is the button
Seat 1: TAJJMAKKHAAL ($1.24 in chips) 
Seat 2: MsBennet95 ($1.66 in chips) 
Seat 3: v1nov1 ($0.84 in chips) 
Seat 4: Dorex2007 ($2 in chips) 
Seat 5: ARSENY2 ($2 in chips) 
Seat 7: Shahta-16 ($2 in chips) 
Seat 8: WillomacIX ($3.20 in chips) 
Seat 9: 415bigb ($2.51 in chips) 
ARSENY2: posts small blind $0.01
Shahta-16: posts big blind $0.02
*** HOLE CARDS ***
Dealt to Dorex2007 [Js Jh]
WillomacIX: calls $0.02
415bigb: folds 
TAJJMAKKHAAL: calls $0.02
MsBennet95: calls $0.02
v1nov1: raises $0.02 to $0.04
Dorex2007: raises $1.96 to $2 and is all-in
ARSENY2: folds 
Shahta-16: folds 
WillomacIX: folds 
TAJJMAKKHAAL: folds 
MsBennet95: folds 
v1nov1: folds 
Uncalled bet ($1.96) returned to Dorex2007
Dorex2007 collected $0.17 from pot
Dorex2007: doesn't show hand 
*** SUMMARY ***
Total pot $0.17 | Rake $0 
Seat 1: TAJJMAKKHAAL folded before Flop
Seat 2: MsBennet95 folded before Flop
Seat 3: v1nov1 folded before Flop
Seat 4: Dorex2007 (button) collected ($0.17)
Seat 5: ARSENY2 (small blind) folded before Flop
Seat 7: Shahta-16 (big blind) folded before Flop
Seat 8: WillomacIX folded before Flop
Seat 9: 415bigb folded before Flop (didn't bet)



PokerStars Hand #231361712403:  Hold'em No Limit ($0.01/$0.02 USD) - 2021/11/12 22:30:57 PT [2021/11/13 1:30:57 ET]
Table 'Morrison' 9-max Seat #5 is the button
Seat 1: TAJJMAKKHAAL ($1.22 in chips) 
Seat 2: MsBennet95 ($1.64 in chips) 
Seat 3: v1nov1 ($0.80 in chips) 
Seat 4: Dorex2007 ($2.13 in chips) 
Seat 5: ARSENY2 ($2 in chips) 
Seat 7: Shahta-16 ($2 in chips) 
Seat 8: WillomacIX ($3.18 in chips) 
Seat 9: 415bigb ($2.51 in chips) 
Shahta-16: posts small blind $0.01
WillomacIX: posts big blind $0.02
*** HOLE CARDS ***
Dealt to Dorex2007 [Ac Qc]
415bigb: folds 
TAJJMAKKHAAL: folds 
MsBennet95: folds 
v1nov1: folds 
Dorex2007: raises $0.02 to $0.04
ARSENY2: folds 
Shahta-16: calls $0.03
WillomacIX: calls $0.02
*** FLOP *** [4h Ks 5d]
Shahta-16: checks 
WillomacIX: checks 
Dorex2007: checks 
*** TURN *** [4h Ks 5d] [2c]
Shahta-16: checks 
WillomacIX: bets $0.04
Dorex2007: folds 
Shahta-16: folds 
Uncalled bet ($0.04) returned to WillomacIX
WillomacIX collected $0.12 from pot
WillomacIX: doesn't show hand 
*** SUMMARY ***
Total pot $0.12 | Rake $0 
Board [4h Ks 5d 2c]
Seat 1: TAJJMAKKHAAL folded before Flop (didn't bet)
Seat 2: MsBennet95 folded before Flop (didn't bet)
Seat 3: v1nov1 folded before Flop (didn't bet)
Seat 4: Dorex2007 folded on the Turn
Seat 5: ARSENY2 (button) folded before Flop (didn't bet)
Seat 7: Shahta-16 (small blind) folded on the Turn
Seat 8: WillomacIX (big blind) collected ($0.12)
Seat 9: 415bigb folded before Flop (didn't bet)



PokerStars Hand #231361718271:  Hold'em No Limit ($0.01/$0.02 USD) - 2021/11/12 22:31:35 PT [2021/11/13 1:31:35 ET]
Table 'Morrison' 9-max Seat #7 is the button
Seat 1: TAJJMAKKHAAL ($1.22 in chips) 
Seat 2: MsBennet95 ($1.64 in chips) 
Seat 3: v1nov1 ($0.80 in chips) 
Seat 4: Dorex2007 ($2.09 in chips) 
Seat 5: ARSENY2 ($2 in chips) 
Seat 7: Shahta-16 ($2 in chips) 
Seat 8: WillomacIX ($3.26 in chips) 
Seat 9: 415bigb ($2.51 in chips) 
WillomacIX: posts small blind $0.01
415bigb: posts big blind $0.02
*** HOLE CARDS ***
Dealt to Dorex2007 [7d 2d]
TAJJMAKKHAAL: folds 
MsBennet95: calls $0.02
v1nov1: folds 
Dorex2007: folds 
ARSENY2: folds 
Shahta-16: folds 
WillomacIX: calls $0.01
415bigb: checks 
*** FLOP *** [6h 5c 3d]
WillomacIX: checks 
415bigb: bets $0.04
MsBennet95: folds 
WillomacIX: calls $0.04
*** TURN *** [6h 5c 3d] [2s]
WillomacIX: checks 
415bigb: bets $0.06
WillomacIX: calls $0.06
*** RIVER *** [6h 5c 3d 2s] [Qh]
WillomacIX: bets $0.13
415bigb: calls $0.13
*** SHOW DOWN ***
WillomacIX: shows [9d 4h] (a straight, Deuce to Six)
415bigb: mucks hand 
WillomacIX collected $0.50 from pot
*** SUMMARY ***
Total pot $0.52 | Rake $0.02 
Board [6h 5c 3d 2s Qh]
Seat 1: TAJJMAKKHAAL folded before Flop (didn't bet)
Seat 2: MsBennet95 folded on the Flop
Seat 3: v1nov1 folded before Flop (didn't bet)
Seat 4: Dorex2007 folded before Flop (didn't bet)
Seat 5: ARSENY2 folded before Flop (didn't bet)
Seat 7: Shahta-16 (button) folded before Flop (didn't bet)
Seat 8: WillomacIX (small blind) showed [9d 4h] and won ($0.50) with a straight, Deuce to Six
Seat 9: 415bigb (big blind) mucked [Js 6c]



PokerStars Hand #231361731539:  Hold'em No Limit ($0.01/$0.02 USD) - 2021/11/12 22:33:01 PT [2021/11/13 1:33:01 ET]
Table 'Morrison' 9-max Seat #8 is the button
Seat 1: TAJJMAKKHAAL ($1.22 in chips) 
Seat 2: MsBennet95 ($1.62 in chips) 
Seat 3: v1nov1 ($0.80 in chips) 
Seat 4: Dorex2007 ($2.09 in chips) 
Seat 5: ARSENY2 ($2 in chips) 
Seat 7: Shahta-16 ($2 in chips) 
Seat 8: WillomacIX ($3.51 in chips) 
Seat 9: 415bigb ($2.26 in chips) 
415bigb: posts small blind $0.01
TAJJMAKKHAAL: posts big blind $0.02
*** HOLE CARDS ***
Dealt to Dorex2007 [Th 6h]
MsBennet95: calls $0.02
v1nov1: calls $0.02
Dorex2007: folds 
ARSENY2: folds 
Shahta-16: folds 
WillomacIX: folds 
415bigb: raises $0.06 to $0.08
TAJJMAKKHAAL: calls $0.06
MsBennet95: calls $0.06
v1nov1: raises $0.72 to $0.80 and is all-in
415bigb: folds 
TAJJMAKKHAAL: calls $0.72
MsBennet95: calls $0.72
*** FLOP *** [6s Kd 8s]
TAJJMAKKHAAL: checks 
MsBennet95: checks 
*** TURN *** [6s Kd 8s] [8d]
TAJJMAKKHAAL: checks 
MsBennet95: checks 
*** RIVER *** [6s Kd 8s 8d] [9s]
TAJJMAKKHAAL: bets $0.42 and is all-in
MsBennet95: calls $0.42
*** SHOW DOWN ***
TAJJMAKKHAAL: shows [Qh 9h] (two pair, Nines and Eights)
MsBennet95: shows [Js Jc] (two pair, Jacks and Eights)
MsBennet95 collected $0.81 from side pot
v1nov1: shows [9d 9c] (a full house, Nines full of Eights)
v1nov1 collected $2.39 from main pot
*** SUMMARY ***
Total pot $3.32 Main pot $2.39. Side pot $0.81. | Rake $0.12 
Board [6s Kd 8s 8d 9s]
Seat 1: TAJJMAKKHAAL (big blind) showed [Qh 9h] and lost with two pair, Nines and Eights
Seat 2: MsBennet95 showed [Js Jc] and won ($0.81) with two pair, Jacks and Eights
Seat 3: v1nov1 showed [9d 9c] and won ($2.39) with a full house, Nines full of Eights
Seat 4: Dorex2007 folded before Flop (didn't bet)
Seat 5: ARSENY2 folded before Flop (didn't bet)
Seat 7: Shahta-16 folded before Flop (didn't bet)
Seat 8: WillomacIX (button) folded before Flop (didn't bet)
Seat 9: 415bigb (small blind) folded before Flop



PokerStars Hand #231361742614:  Hold'em No Limit ($0.01/$0.02 USD) - 2021/11/12 22:34:14 PT [2021/11/13 1:34:14 ET]
Table 'Morrison' 9-max Seat #9 is the button
Seat 2: MsBennet95 ($1.21 in chips) 
Seat 3: v1nov1 ($2.39 in chips) 
Seat 4: Dorex2007 ($2.09 in chips) 
Seat 5: ARSENY2 ($2 in chips) 
Seat 7: Shahta-16 ($2 in chips) 
Seat 8: WillomacIX ($3.51 in chips) 
Seat 9: 415bigb ($2.18 in chips) 
MsBennet95: posts small blind $0.01
v1nov1: posts big blind $0.02
*** HOLE CARDS ***
Dealt to Dorex2007 [7d 8s]
Dorex2007: folds 
ARSENY2: folds 
Shahta-16: folds 
WillomacIX: calls $0.02
415bigb: calls $0.02
MsBennet95: folds 
v1nov1: checks 
*** FLOP *** [Qd 2d Tc]
v1nov1: checks 
WillomacIX: checks 
415bigb: bets $0.08
v1nov1: folds 
WillomacIX: folds 
Uncalled bet ($0.08) returned to 415bigb
415bigb collected $0.07 from pot
415bigb: doesn't show hand 
*** SUMMARY ***
Total pot $0.07 | Rake $0 
Board [Qd 2d Tc]
Seat 2: MsBennet95 (small blind) folded before Flop
Seat 3: v1nov1 (big blind) folded on the Flop
Seat 4: Dorex2007 folded before Flop (didn't bet)
Seat 5: ARSENY2 folded before Flop (didn't bet)
Seat 7: Shahta-16 folded before Flop (didn't bet)
Seat 8: WillomacIX folded on the Flop
Seat 9: 415bigb (button) collected ($0.07)



PokerStars Hand #231361748015:  Hold'em No Limit ($0.01/$0.02 USD) - 2021/11/12 22:34:49 PT [2021/11/13 1:34:49 ET]
Table 'Morrison' 9-max Seat #2 is the button
Seat 1: TAJJMAKKHAAL ($0.80 in chips) 
Seat 2: MsBennet95 ($1.20 in chips) 
Seat 3: v1nov1 ($2.37 in chips) 
Seat 4: Dorex2007 ($2.09 in chips) 
Seat 5: ARSENY2 ($2 in chips) 
Seat 7: Shahta-16 ($2 in chips) 
Seat 8: WillomacIX ($3.49 in chips) 
Seat 9: 415bigb ($2.23 in chips) 
v1nov1: posts small blind $0.01
Dorex2007: posts big blind $0.02
TAJJMAKKHAAL: posts small blind $0.01
*** HOLE CARDS ***
Dealt to Dorex2007 [4s Td]
ARSENY2: folds 
Shahta-16: raises $0.05 to $0.07
WillomacIX: folds 
415bigb: calls $0.07
TAJJMAKKHAAL: calls $0.07
MsBennet95: folds 
v1nov1: folds 
Dorex2007: folds 
*** FLOP *** [9s 3h 8c]
Shahta-16: bets $0.07
415bigb: calls $0.07
TAJJMAKKHAAL: raises $0.23 to $0.30
Shahta-16: folds 
415bigb: calls $0.23
*** TURN *** [9s 3h 8c] [8s]
415bigb: bets $0.44
TAJJMAKKHAAL: folds 
Uncalled bet ($0.44) returned to 415bigb
415bigb collected $0.89 from pot
415bigb: doesn't show hand 
*** SUMMARY ***
Total pot $0.92 | Rake $0.03 
Board [9s 3h 8c 8s]
Seat 1: TAJJMAKKHAAL folded on the Turn
Seat 2: MsBennet95 (button) folded before Flop (didn't bet)
Seat 3: v1nov1 (small blind) folded before Flop
Seat 4: Dorex2007 (big blind) folded before Flop
Seat 5: ARSENY2 folded before Flop (didn't bet)
Seat 7: Shahta-16 folded on the Flop
Seat 8: WillomacIX folded before Flop (didn't bet)
Seat 9: 415bigb collected ($0.89)



PokerStars Hand #231361757981:  Hold'em No Limit ($0.01/$0.02 USD) - 2021/11/12 22:35:54 PT [2021/11/13 1:35:54 ET]
Table 'Morrison' 9-max Seat #3 is the button
Seat 1: TAJJMAKKHAAL ($0.42 in chips) 
Seat 2: MsBennet95 ($1.20 in chips) 
Seat 3: v1nov1 ($2.36 in chips) 
Seat 4: Dorex2007 ($2.07 in chips) 
Seat 5: ARSENY2 ($2 in chips) 
Seat 7: Shahta-16 ($2 in chips) 
Seat 8: WillomacIX ($3.49 in chips) 
Seat 9: 415bigb ($2.75 in chips) 
Dorex2007: posts small blind $0.01
ARSENY2: posts big blind $0.02
*** HOLE CARDS ***
Dealt to Dorex2007 [Qc Ac]
Shahta-16: folds 
WillomacIX: raises $0.02 to $0.04
415bigb: folds 
TAJJMAKKHAAL: folds 
MsBennet95: folds 
v1nov1: folds 
Dorex2007: calls $0.03
ARSENY2: folds 
*** FLOP *** [8c 2s Th]
Dorex2007: checks 
WillomacIX: checks 
*** TURN *** [8c 2s Th] [Qh]
Dorex2007: checks 
WillomacIX: checks 
*** RIVER *** [8c 2s Th Qh] [2d]
Dorex2007: bets $0.10
WillomacIX: calls $0.10
*** SHOW DOWN ***
Dorex2007: shows [Qc Ac] (two pair, Queens and Deuces)
WillomacIX: mucks hand 
Dorex2007 collected $0.29 from pot
*** SUMMARY ***
Total pot $0.30 | Rake $0.01 
Board [8c 2s Th Qh 2d]
Seat 1: TAJJMAKKHAAL folded before Flop (didn't bet)
Seat 2: MsBennet95 folded before Flop (didn't bet)
Seat 3: v1nov1 (button) folded before Flop (didn't bet)
Seat 4: Dorex2007 (small blind) showed [Qc Ac] and won ($0.29) with two pair, Queens and Deuces
Seat 5: ARSENY2 (big blind) folded before Flop
Seat 7: Shahta-16 folded before Flop (didn't bet)
Seat 8: WillomacIX mucked [3d Qd]
Seat 9: 415bigb folded before Flop (didn't bet)



PokerStars Hand #231361765464:  Hold'em No Limit ($0.01/$0.02 USD) - 2021/11/12 22:36:43 PT [2021/11/13 1:36:43 ET]
Table 'Morrison' 9-max Seat #4 is the button
Seat 1: TAJJMAKKHAAL ($0.42 in chips) 
Seat 2: MsBennet95 ($1.20 in chips) 
Seat 3: v1nov1 ($2.36 in chips) 
Seat 4: Dorex2007 ($2.22 in chips) 
Seat 5: ARSENY2 ($2 in chips) 
Seat 7: Shahta-16 ($2 in chips) 
Seat 8: WillomacIX ($3.35 in chips) 
Seat 9: 415bigb ($2.75 in chips) 
ARSENY2: posts small blind $0.01
Shahta-16: posts big blind $0.02
*** HOLE CARDS ***
Dealt to Dorex2007 [Th 6s]
WillomacIX: raises $0.02 to $0.04
415bigb: folds 
TAJJMAKKHAAL: folds 
MsBennet95: folds 
v1nov1: folds 
Dorex2007: folds 
ARSENY2: folds 
Shahta-16: folds 
Uncalled bet ($0.02) returned to WillomacIX
WillomacIX collected $0.05 from pot
WillomacIX: doesn't show hand 
*** SUMMARY ***
Total pot $0.05 | Rake $0 
Seat 1: TAJJMAKKHAAL folded before Flop (didn't bet)
Seat 2: MsBennet95 folded before Flop (didn't bet)
Seat 3: v1nov1 folded before Flop (didn't bet)
Seat 4: Dorex2007 (button) folded before Flop (didn't bet)
Seat 5: ARSENY2 (small blind) folded before Flop
Seat 7: Shahta-16 (big blind) folded before Flop
Seat 8: WillomacIX collected ($0.05)
Seat 9: 415bigb folded before Flop (didn't bet)



PokerStars Hand #231361768449:  Hold'em No Limit ($0.01/$0.02 USD) - 2021/11/12 22:37:02 PT [2021/11/13 1:37:02 ET]
Table 'Morrison' 9-max Seat #5 is the button
Seat 1: TAJJMAKKHAAL ($0.42 in chips) 
Seat 2: MsBennet95 ($1.20 in chips) 
Seat 3: v1nov1 ($2.36 in chips) 
Seat 4: Dorex2007 ($2.22 in chips) 
Seat 5: ARSENY2 ($2 in chips) 
Seat 7: Shahta-16 ($2 in chips) 
Seat 8: WillomacIX ($3.38 in chips) 
Seat 9: 415bigb ($2.75 in chips) 
Shahta-16: posts small blind $0.01
WillomacIX: posts big blind $0.02
*** HOLE CARDS ***
Dealt to Dorex2007 [4s 4c]
415bigb: folds 
TAJJMAKKHAAL: folds 
MsBennet95: folds 
v1nov1: folds 
Dorex2007: calls $0.02
ARSENY2: raises $0.06 to $0.08
Shahta-16: folds 
WillomacIX: calls $0.06
Dorex2007: folds 
*** FLOP *** [7s 2h Ah]
WillomacIX: checks 
ARSENY2: bets $0.11
WillomacIX: folds 
Uncalled bet ($0.11) returned to ARSENY2
ARSENY2 collected $0.18 from pot
ARSENY2: doesn't show hand 
*** SUMMARY ***
Total pot $0.19 | Rake $0.01 
Board [7s 2h Ah]
Seat 1: TAJJMAKKHAAL folded before Flop (didn't bet)
Seat 2: MsBennet95 folded before Flop (didn't bet)
Seat 3: v1nov1 folded before Flop (didn't bet)
Seat 4: Dorex2007 folded before Flop
Seat 5: ARSENY2 (button) collected ($0.18)
Seat 7: Shahta-16 (small blind) folded before Flop
Seat 8: WillomacIX (big blind) folded on the Flop
Seat 9: 415bigb folded before Flop (didn't bet)



PokerStars Hand #231361773738:  Hold'em No Limit ($0.01/$0.02 USD) - 2021/11/12 22:37:36 PT [2021/11/13 1:37:36 ET]
Table 'Morrison' 9-max Seat #7 is the button
Seat 1: TAJJMAKKHAAL ($0.42 in chips) 
Seat 2: MsBennet95 ($1.20 in chips) 
Seat 3: v1nov1 ($2.36 in chips) 
Seat 4: Dorex2007 ($2.20 in chips) 
Seat 5: ARSENY2 ($2.10 in chips) 
Seat 7: Shahta-16 ($2 in chips) 
Seat 8: WillomacIX ($3.30 in chips) 
Seat 9: 415bigb ($2.75 in chips) 
WillomacIX: posts small blind $0.01
415bigb: posts big blind $0.02
*** HOLE CARDS ***
Dealt to Dorex2007 [Qc 7c]
TAJJMAKKHAAL: folds 
MsBennet95: folds 
v1nov1: folds 
Dorex2007: folds 
ARSENY2: folds 
Shahta-16: folds 
WillomacIX: raises $0.04 to $0.06
415bigb: folds 
Uncalled bet ($0.04) returned to WillomacIX
WillomacIX collected $0.04 from pot
WillomacIX: doesn't show hand 
*** SUMMARY ***
Total pot $0.04 | Rake $0 
Seat 1: TAJJMAKKHAAL folded before Flop (didn't bet)
Seat 2: MsBennet95 folded before Flop (didn't bet)
Seat 3: v1nov1 folded before Flop (didn't bet)
Seat 4: Dorex2007 folded before Flop (didn't bet)
Seat 5: ARSENY2 folded before Flop (didn't bet)
Seat 7: Shahta-16 (button) folded before Flop (didn't bet)
Seat 8: WillomacIX (small blind) collected ($0.04)
Seat 9: 415bigb (big blind) folded before Flop



PokerStars Hand #231361777075:  Hold'em No Limit ($0.01/$0.02 USD) - 2021/11/12 22:37:58 PT [2021/11/13 1:37:58 ET]
Table 'Morrison' 9-max Seat #8 is the button
Seat 1: TAJJMAKKHAAL ($0.42 in chips) 
Seat 2: MsBennet95 ($1.20 in chips) 
Seat 3: v1nov1 ($2.36 in chips) 
Seat 4: Dorex2007 ($2.20 in chips) 
Seat 5: ARSENY2 ($2.10 in chips) 
Seat 7: Shahta-16 ($2 in chips) 
Seat 8: WillomacIX ($3.32 in chips) 
Seat 9: 415bigb ($2.73 in chips) 
415bigb: posts small blind $0.01
TAJJMAKKHAAL: posts big blind $0.02
*** HOLE CARDS ***
Dealt to Dorex2007 [4d Kc]
MsBennet95: calls $0.02
v1nov1: calls $0.02
Dorex2007: folds 
ARSENY2: folds 
Shahta-16: folds 
WillomacIX: raises $0.02 to $0.04
415bigb: folds 
TAJJMAKKHAAL: calls $0.02
MsBennet95: calls $0.02
v1nov1: calls $0.02
*** FLOP *** [Ad 3d As]
TAJJMAKKHAAL: checks 
MsBennet95: checks 
v1nov1: checks 
WillomacIX: checks 
*** TURN *** [Ad 3d As] [Ks]
TAJJMAKKHAAL: checks 
MsBennet95: checks 
v1nov1: checks 
WillomacIX: checks 
*** RIVER *** [Ad 3d As Ks] [3c]
TAJJMAKKHAAL: checks 
MsBennet95: checks 
v1nov1: bets $2.32 and is all-in
WillomacIX: folds 
TAJJMAKKHAAL: folds 
MsBennet95: folds 
Uncalled bet ($2.32) returned to v1nov1
v1nov1 collected $0.16 from pot
v1nov1: doesn't show hand 
*** SUMMARY ***
Total pot $0.17 | Rake $0.01 
Board [Ad 3d As Ks 3c]
Seat 1: TAJJMAKKHAAL (big blind) folded on the River
Seat 2: MsBennet95 folded on the River
Seat 3: v1nov1 collected ($0.16)
Seat 4: Dorex2007 folded before Flop (didn't bet)
Seat 5: ARSENY2 folded before Flop (didn't bet)
Seat 7: Shahta-16 folded before Flop (didn't bet)
Seat 8: WillomacIX (button) folded on the River
Seat 9: 415bigb (small blind) folded before Flop



PokerStars Hand #231361791518:  Hold'em No Limit ($0.01/$0.02 USD) - 2021/11/12 22:39:32 PT [2021/11/13 1:39:32 ET]
Table 'Morrison' 9-max Seat #9 is the button
Seat 1: TAJJMAKKHAAL ($0.38 in chips) 
Seat 2: MsBennet95 ($1.16 in chips) 
Seat 3: v1nov1 ($2.48 in chips) 
Seat 4: Dorex2007 ($2.20 in chips) 
Seat 5: ARSENY2 ($2.10 in chips) 
Seat 7: Shahta-16 ($2 in chips) 
Seat 8: WillomacIX ($3.28 in chips) 
Seat 9: 415bigb ($2.72 in chips) 
TAJJMAKKHAAL: posts small blind $0.01
MsBennet95: posts big blind $0.02
*** HOLE CARDS ***
Dealt to Dorex2007 [7c 3d]
v1nov1: raises $0.02 to $0.04
Dorex2007: folds 
ARSENY2: folds 
Shahta-16: folds 
WillomacIX: calls $0.04
415bigb: calls $0.04
TAJJMAKKHAAL: folds 
MsBennet95 has timed out
MsBennet95: folds 
*** FLOP *** [2s Qh Qs]
v1nov1: checks 
WillomacIX: checks 
415bigb: checks 
*** TURN *** [2s Qh Qs] [Jd]
v1nov1: checks 
WillomacIX: checks 
415bigb: bets $0.04
v1nov1: calls $0.04
WillomacIX: folds 
*** RIVER *** [2s Qh Qs Jd] [8d]
v1nov1: bets $0.18
415bigb: calls $0.18
*** SHOW DOWN ***
v1nov1: shows [Ts 9s] (a straight, Eight to Queen)
415bigb: mucks hand 
v1nov1 collected $0.57 from pot
*** SUMMARY ***
Total pot $0.59 | Rake $0.02 
Board [2s Qh Qs Jd 8d]
Seat 1: TAJJMAKKHAAL (small blind) folded before Flop
Seat 2: MsBennet95 (big blind) folded before Flop
Seat 3: v1nov1 showed [Ts 9s] and won ($0.57) with a straight, Eight to Queen
Seat 4: Dorex2007 folded before Flop (didn't bet)
Seat 5: ARSENY2 folded before Flop (didn't bet)
Seat 7: Shahta-16 folded before Flop (didn't bet)
Seat 8: WillomacIX folded on the Turn
Seat 9: 415bigb (button) mucked [9c 9h]



PokerStars Hand #231361808184:  Hold'em No Limit ($0.01/$0.02 USD) - 2021/11/12 22:41:05 PT [2021/11/13 1:41:05 ET]
Table 'Morrison' 9-max Seat #1 is the button
Seat 1: TAJJMAKKHAAL ($0.37 in chips) 
Seat 3: v1nov1 ($2.79 in chips) 
Seat 4: Dorex2007 ($2.20 in chips) 
Seat 5: ARSENY2 ($2.10 in chips) 
Seat 7: Shahta-16 ($2 in chips) 
Seat 8: WillomacIX ($3.24 in chips) 
Seat 9: 415bigb ($2.46 in chips) 
v1nov1: posts small blind $0.01
Dorex2007: posts big blind $0.02
*** HOLE CARDS ***
Dealt to Dorex2007 [Jc 2c]
ARSENY2: folds 
Shahta-16: folds 
WillomacIX: folds 
415bigb: folds 
TAJJMAKKHAAL: raises $0.04 to $0.06
WillomacIX leaves the table
v1nov1: folds 
Dorex2007: folds 
Uncalled bet ($0.04) returned to TAJJMAKKHAAL
TAJJMAKKHAAL collected $0.05 from pot
TAJJMAKKHAAL: doesn't show hand 
*** SUMMARY ***
Total pot $0.05 | Rake $0 
Seat 1: TAJJMAKKHAAL (button) collected ($0.05)
Seat 3: v1nov1 (small blind) folded before Flop
Seat 4: Dorex2007 (big blind) folded before Flop
Seat 5: ARSENY2 folded before Flop (didn't bet)
Seat 7: Shahta-16 folded before Flop (didn't bet)
Seat 8: WillomacIX folded before Flop (didn't bet)
Seat 9: 415bigb folded before Flop (didn't bet)



PokerStars Hand #231361811013:  Hold'em No Limit ($0.01/$0.02 USD) - 2021/11/12 22:41:23 PT [2021/11/13 1:41:23 ET]
Table 'Morrison' 9-max Seat #3 is the button
Seat 1: TAJJMAKKHAAL ($0.40 in chips) 
Seat 3: v1nov1 ($2.78 in chips) 
Seat 4: Dorex2007 ($2.18 in chips) 
Seat 5: ARSENY2 ($2.10 in chips) 
Seat 7: Shahta-16 ($2 in chips) 
Seat 9: 415bigb ($2.46 in chips) 
Dorex2007: posts small blind $0.01
ARSENY2: posts big blind $0.02
*** HOLE CARDS ***
Dealt to Dorex2007 [7d 6d]
Shahta-16: folds 
415bigb: folds 
Gitec350 joins the table at seat #8 
TAJJMAKKHAAL: raises $0.02 to $0.04
v1nov1: folds 
Dorex2007: folds 
ARSENY2: folds 
Uncalled bet ($0.02) returned to TAJJMAKKHAAL
TAJJMAKKHAAL collected $0.05 from pot
TAJJMAKKHAAL: doesn't show hand 
*** SUMMARY ***
Total pot $0.05 | Rake $0 
Seat 1: TAJJMAKKHAAL collected ($0.05)
Seat 3: v1nov1 (button) folded before Flop (didn't bet)
Seat 4: Dorex2007 (small blind) folded before Flop
Seat 5: ARSENY2 (big blind) folded before Flop
Seat 7: Shahta-16 folded before Flop (didn't bet)
Seat 9: 415bigb folded before Flop (didn't bet)



PokerStars Hand #231361813347:  Hold'em No Limit ($0.01/$0.02 USD) - 2021/11/12 22:41:38 PT [2021/11/13 1:41:38 ET]
Table 'Morrison' 9-max Seat #4 is the button
Seat 1: TAJJMAKKHAAL ($0.43 in chips) 
Seat 3: v1nov1 ($2.78 in chips) 
Seat 4: Dorex2007 ($2.17 in chips) 
Seat 5: ARSENY2 ($2.08 in chips) 
Seat 7: Shahta-16 ($2 in chips) 
Seat 9: 415bigb ($2.46 in chips) 
ARSENY2: posts small blind $0.01
Shahta-16: posts big blind $0.02
Gitec350: sits out 
*** HOLE CARDS ***
Dealt to Dorex2007 [9s 4h]
415bigb: folds 
TAJJMAKKHAAL: folds 
v1nov1: folds 
Dorex2007: folds 
ARSENY2: folds 
Uncalled bet ($0.01) returned to Shahta-16
Shahta-16 collected $0.02 from pot
kent330330 leaves the table
*** SUMMARY ***
Total pot $0.02 | Rake $0 
Seat 1: TAJJMAKKHAAL folded before Flop (didn't bet)
Seat 3: v1nov1 folded before Flop (didn't bet)
Seat 4: Dorex2007 (button) folded before Flop (didn't bet)
Seat 5: ARSENY2 (small blind) folded before Flop
Seat 7: Shahta-16 (big blind) collected ($0.02)
Seat 9: 415bigb folded before Flop (didn't bet)



PokerStars Hand #231361816716:  Hold'em No Limit ($0.01/$0.02 USD) - 2021/11/12 22:42:00 PT [2021/11/13 1:42:00 ET]
Table 'Morrison' 9-max Seat #5 is the button
Seat 1: TAJJMAKKHAAL ($0.43 in chips) 
Seat 3: v1nov1 ($2.78 in chips) 
Seat 4: Dorex2007 ($2.17 in chips) 
Seat 5: ARSENY2 ($2.07 in chips) 
Seat 7: Shahta-16 ($2.01 in chips) 
Seat 8: Gitec350 ($2 in chips) 
Seat 9: 415bigb ($2.46 in chips) 
Shahta-16: posts small blind $0.01
Gitec350: posts big blind $0.02
*** HOLE CARDS ***
Dealt to Dorex2007 [6c 7c]
415bigb: raises $0.04 to $0.06
TAJJMAKKHAAL: folds 
v1nov1: folds 
Dorex2007: folds 
ARSENY2: folds 
Shahta-16: raises $0.14 to $0.20
Gitec350: folds 
415bigb: calls $0.14
*** FLOP *** [9s 6s Ts]
Shahta-16: bets $0.21
415bigb: raises $0.83 to $1.04
Shahta-16: folds 
Uncalled bet ($0.83) returned to 415bigb
415bigb collected $0.81 from pot
415bigb: doesn't show hand 
*** SUMMARY ***
Total pot $0.84 | Rake $0.03 
Board [9s 6s Ts]
Seat 1: TAJJMAKKHAAL folded before Flop (didn't bet)
Seat 3: v1nov1 folded before Flop (didn't bet)
Seat 4: Dorex2007 folded before Flop (didn't bet)
Seat 5: ARSENY2 (button) folded before Flop (didn't bet)
Seat 7: Shahta-16 (small blind) folded on the Flop
Seat 8: Gitec350 (big blind) folded before Flop
Seat 9: 415bigb collected ($0.81)



PokerStars Hand #231361825129:  Hold'em No Limit ($0.01/$0.02 USD) - 2021/11/12 22:42:54 PT [2021/11/13 1:42:54 ET]
Table 'Morrison' 9-max Seat #7 is the button
Seat 1: TAJJMAKKHAAL ($0.43 in chips) 
Seat 2: MsBennet95 ($1.14 in chips) 
Seat 3: v1nov1 ($2.78 in chips) 
Seat 4: Dorex2007 ($2.17 in chips) 
Seat 5: ARSENY2 ($2.07 in chips) 
Seat 7: Shahta-16 ($2 in chips) 
Seat 8: Gitec350 ($1.98 in chips) 
Seat 9: 415bigb ($2.86 in chips) 
Gitec350: posts small blind $0.01
415bigb: posts big blind $0.02
MsBennet95: posts small blind $0.01
*** HOLE CARDS ***
Dealt to Dorex2007 [As Js]
TAJJMAKKHAAL: folds 
MsBennet95: calls $0.02
v1nov1: folds 
Dorex2007: raises $0.04 to $0.06
ARSENY2: folds 
Shahta-16: folds 
Gitec350: folds 
415bigb: folds 
MsBennet95: calls $0.04
*** FLOP *** [5s 9d 7s]
MsBennet95: checks 
Dorex2007: bets $0.15
MsBennet95: folds 
Uncalled bet ($0.15) returned to Dorex2007
Dorex2007 collected $0.15 from pot
Dorex2007: doesn't show hand 
*** SUMMARY ***
Total pot $0.16 | Rake $0.01 
Board [5s 9d 7s]
Seat 1: TAJJMAKKHAAL folded before Flop (didn't bet)
Seat 2: MsBennet95 folded on the Flop
Seat 3: v1nov1 folded before Flop (didn't bet)
Seat 4: Dorex2007 collected ($0.15)
Seat 5: ARSENY2 folded before Flop (didn't bet)
Seat 7: Shahta-16 (button) folded before Flop (didn't bet)
Seat 8: Gitec350 (small blind) folded before Flop
Seat 9: 415bigb (big blind) folded before Flop



PokerStars Hand #231361830430:  Hold'em No Limit ($0.01/$0.02 USD) - 2021/11/12 22:43:28 PT [2021/11/13 1:43:28 ET]
Table 'Morrison' 9-max Seat #8 is the button
Seat 1: TAJJMAKKHAAL ($0.43 in chips) 
Seat 2: MsBennet95 ($1.07 in chips) 
Seat 3: v1nov1 ($2.78 in chips) 
Seat 4: Dorex2007 ($2.26 in chips) 
Seat 5: ARSENY2 ($2.07 in chips) 
Seat 8: Gitec350 ($1.97 in chips) 
Seat 9: 415bigb ($2.84 in chips) 
415bigb: posts small blind $0.01
TAJJMAKKHAAL: posts big blind $0.02
*** HOLE CARDS ***
Dealt to Dorex2007 [Qd 8c]
MsBennet95: calls $0.02
v1nov1: folds 
Dorex2007: folds 
Shahta-16 leaves the table
ARSENY2: folds 
Gitec350: folds 
415bigb: calls $0.01
TAJJMAKKHAAL: checks 
*** FLOP *** [Js 3h Jd]
415bigb: checks 
TAJJMAKKHAAL: checks 
MsBennet95: checks 
*** TURN *** [Js 3h Jd] [Qc]
415bigb: checks 
TAJJMAKKHAAL: bets $0.02
MsBennet95: folds 
415bigb: calls $0.02
*** RIVER *** [Js 3h Jd Qc] [5s]
415bigb: bets $0.06
TAJJMAKKHAAL: raises $0.33 to $0.39 and is all-in
415bigb: folds 
Uncalled bet ($0.33) returned to TAJJMAKKHAAL
TAJJMAKKHAAL collected $0.21 from pot
TAJJMAKKHAAL: doesn't show hand 
*** SUMMARY ***
Total pot $0.22 | Rake $0.01 
Board [Js 3h Jd Qc 5s]
Seat 1: TAJJMAKKHAAL (big blind) collected ($0.21)
Seat 2: MsBennet95 folded on the Turn
Seat 3: v1nov1 folded before Flop (didn't bet)
Seat 4: Dorex2007 folded before Flop (didn't bet)
Seat 5: ARSENY2 folded before Flop (didn't bet)
Seat 8: Gitec350 (button) folded before Flop (didn't bet)
Seat 9: 415bigb (small blind) folded on the River



PokerStars Hand #231361844708:  Hold'em No Limit ($0.01/$0.02 USD) - 2021/11/12 22:44:59 PT [2021/11/13 1:44:59 ET]
Table 'Morrison' 9-max Seat #9 is the button
Seat 1: TAJJMAKKHAAL ($0.54 in chips) 
Seat 2: MsBennet95 ($1.05 in chips) 
Seat 3: v1nov1 ($2.78 in chips) 
Seat 4: Dorex2007 ($2.26 in chips) 
Seat 5: ARSENY2 ($2.07 in chips) 
Seat 8: Gitec350 ($1.97 in chips) 
Seat 9: 415bigb ($2.74 in chips) 
TAJJMAKKHAAL: posts small blind $0.01
MsBennet95: posts big blind $0.02
*** HOLE CARDS ***
Dealt to Dorex2007 [8s 5s]
v1nov1: folds 
Dorex2007: folds 
ARSENY2: folds 
Gitec350: folds 
415bigb: folds 
TAJJMAKKHAAL: calls $0.01
MsBennet95: checks 
*** FLOP *** [Tc 4d 4s]
TAJJMAKKHAAL: bets $0.04
MsBennet95: folds 
Uncalled bet ($0.04) returned to TAJJMAKKHAAL
TAJJMAKKHAAL collected $0.04 from pot
TAJJMAKKHAAL: doesn't show hand 
*** SUMMARY ***
Total pot $0.04 | Rake $0 
Board [Tc 4d 4s]
Seat 1: TAJJMAKKHAAL (small blind) collected ($0.04)
Seat 2: MsBennet95 (big blind) folded on the Flop
Seat 3: v1nov1 folded before Flop (didn't bet)
Seat 4: Dorex2007 folded before Flop (didn't bet)
Seat 5: ARSENY2 folded before Flop (didn't bet)
Seat 8: Gitec350 folded before Flop (didn't bet)
Seat 9: 415bigb (button) folded before Flop (didn't bet)



PokerStars Hand #231361849764:  Hold'em No Limit ($0.01/$0.02 USD) - 2021/11/12 22:45:31 PT [2021/11/13 1:45:31 ET]
Table 'Morrison' 9-max Seat #1 is the button
Seat 1: TAJJMAKKHAAL ($0.56 in chips) 
Seat 2: MsBennet95 ($1.03 in chips) 
Seat 3: v1nov1 ($2.78 in chips) 
Seat 4: Dorex2007 ($2.26 in chips) 
Seat 5: ARSENY2 ($2.07 in chips) 
Seat 8: Gitec350 ($1.97 in chips) 
Seat 9: 415bigb ($2.74 in chips) 
MsBennet95: posts small blind $0.01
v1nov1: posts big blind $0.02
*** HOLE CARDS ***
Dealt to Dorex2007 [Ac 2h]
Dorex2007: folds 
ARSENY2: raises $0.06 to $0.08
Gitec350: folds 
415bigb: folds 
TAJJMAKKHAAL: folds 
MsBennet95: calls $0.07
v1nov1: folds 
*** FLOP *** [9s Kh 5s]
MsBennet95: checks 
ARSENY2: bets $0.10
MsBennet95: folds 
Uncalled bet ($0.10) returned to ARSENY2
ARSENY2 collected $0.17 from pot
ARSENY2: doesn't show hand 
*** SUMMARY ***
Total pot $0.18 | Rake $0.01 
Board [9s Kh 5s]
Seat 1: TAJJMAKKHAAL (button) folded before Flop (didn't bet)
Seat 2: MsBennet95 (small blind) folded on the Flop
Seat 3: v1nov1 (big blind) folded before Flop
Seat 4: Dorex2007 folded before Flop (didn't bet)
Seat 5: ARSENY2 collected ($0.17)
Seat 8: Gitec350 folded before Flop (didn't bet)
Seat 9: 415bigb folded before Flop (didn't bet)



PokerStars Hand #231361856072:  Hold'em No Limit ($0.01/$0.02 USD) - 2021/11/12 22:46:12 PT [2021/11/13 1:46:12 ET]
Table 'Morrison' 9-max Seat #2 is the button
Seat 1: TAJJMAKKHAAL ($0.56 in chips) 
Seat 2: MsBennet95 ($0.95 in chips) 
Seat 3: v1nov1 ($2.76 in chips) 
Seat 4: Dorex2007 ($2.26 in chips) 
Seat 5: ARSENY2 ($2.16 in chips) 
Seat 8: Gitec350 ($1.97 in chips) 
Seat 9: 415bigb ($2.74 in chips) 
v1nov1: posts small blind $0.01
Dorex2007: posts big blind $0.02
*** HOLE CARDS ***
Dealt to Dorex2007 [4c 9s]
ARSENY2: folds 
Gitec350: folds 
415bigb: folds 
TAJJMAKKHAAL: raises $0.04 to $0.06
MsBennet95: folds 
v1nov1: raises $0.12 to $0.18
Dorex2007: folds 
TAJJMAKKHAAL: calls $0.12
*** FLOP *** [Kh 7h Kc]
v1nov1: checks 
TAJJMAKKHAAL: bets $0.38 and is all-in
v1nov1: calls $0.38
*** TURN *** [Kh 7h Kc] [3h]
*** RIVER *** [Kh 7h Kc 3h] [Th]
*** SHOW DOWN ***
v1nov1: shows [Qc Qd] (two pair, Kings and Queens)
TAJJMAKKHAAL: shows [4h 5h] (a flush, King high)
TAJJMAKKHAAL collected $1.10 from pot
*** SUMMARY ***
Total pot $1.14 | Rake $0.04 
Board [Kh 7h Kc 3h Th]
Seat 1: TAJJMAKKHAAL showed [4h 5h] and won ($1.10) with a flush, King high
Seat 2: MsBennet95 (button) folded before Flop (didn't bet)
Seat 3: v1nov1 (small blind) showed [Qc Qd] and lost with two pair, Kings and Queens
Seat 4: Dorex2007 (big blind) folded before Flop
Seat 5: ARSENY2 folded before Flop (didn't bet)
Seat 8: Gitec350 folded before Flop (didn't bet)
Seat 9: 415bigb folded before Flop (didn't bet)



PokerStars Hand #231361863573:  Hold'em No Limit ($0.01/$0.02 USD) - 2021/11/12 22:47:00 PT [2021/11/13 1:47:00 ET]
Table 'Morrison' 9-max Seat #3 is the button
Seat 1: TAJJMAKKHAAL ($1.10 in chips) 
Seat 2: MsBennet95 ($0.95 in chips) 
Seat 3: v1nov1 ($2.20 in chips) 
Seat 4: Dorex2007 ($2.24 in chips) 
Seat 5: ARSENY2 ($2.16 in chips) 
Seat 8: Gitec350 ($1.97 in chips) 
Seat 9: 415bigb ($2.74 in chips) 
Dorex2007: posts small blind $0.01
ARSENY2: posts big blind $0.02
*** HOLE CARDS ***
Dealt to Dorex2007 [7h 3h]
Gitec350: folds 
415bigb: calls $0.02
TAJJMAKKHAAL: folds 
MsBennet95: calls $0.02
v1nov1: folds 
Dorex2007: folds 
ARSENY2: checks 
*** FLOP *** [2h Td 7s]
ARSENY2: checks 
415bigb: checks 
MsBennet95: checks 
*** TURN *** [2h Td 7s] [9c]
ARSENY2: bets $0.07
415bigb: folds 
MsBennet95: calls $0.07
*** RIVER *** [2h Td 7s 9c] [4h]
ARSENY2: bets $0.20
MsBennet95: raises $0.20 to $0.40
ARSENY2: raises $1.67 to $2.07 and is all-in
MsBennet95: calls $0.46 and is all-in
Uncalled bet ($1.21) returned to ARSENY2
*** SHOW DOWN ***
ARSENY2: shows [8s Js] (a straight, Seven to Jack)
MsBennet95: shows [Th Ts] (three of a kind, Tens)
ARSENY2 collected $1.86 from pot
*** SUMMARY ***
Total pot $1.93 | Rake $0.07 
Board [2h Td 7s 9c 4h]
Seat 1: TAJJMAKKHAAL folded before Flop (didn't bet)
Seat 2: MsBennet95 showed [Th Ts] and lost with three of a kind, Tens
Seat 3: v1nov1 (button) folded before Flop (didn't bet)
Seat 4: Dorex2007 (small blind) folded before Flop
Seat 5: ARSENY2 (big blind) showed [8s Js] and won ($1.86) with a straight, Seven to Jack
Seat 8: Gitec350 folded before Flop (didn't bet)
Seat 9: 415bigb folded on the Turn



PokerStars Hand #231361873536:  Hold'em No Limit ($0.01/$0.02 USD) - 2021/11/12 22:48:04 PT [2021/11/13 1:48:04 ET]
Table 'Morrison' 9-max Seat #4 is the button
Seat 1: TAJJMAKKHAAL ($1.10 in chips) 
Seat 3: v1nov1 ($2.20 in chips) 
Seat 4: Dorex2007 ($2.23 in chips) 
Seat 5: ARSENY2 ($3.07 in chips) 
Seat 8: Gitec350 ($1.97 in chips) 
Seat 9: 415bigb ($2.72 in chips) 
ARSENY2: posts small blind $0.01
Gitec350: posts big blind $0.02
*** HOLE CARDS ***
Dealt to Dorex2007 [7h 7s]
415bigb: folds 
TAJJMAKKHAAL: calls $0.02
MsBennet95 leaves the table
v1nov1: raises $0.05 to $0.07
Dorex2007: raises $2.16 to $2.23 and is all-in
ARSENY2: folds 
Gitec350: folds 
TAJJMAKKHAAL: calls $1.08 and is all-in
v1nov1: folds 
Uncalled bet ($1.13) returned to Dorex2007
*** FLOP *** [9s 8d 7c]
*** TURN *** [9s 8d 7c] [8s]
*** RIVER *** [9s 8d 7c 8s] [2c]
*** SHOW DOWN ***
TAJJMAKKHAAL: shows [Ac 8c] (three of a kind, Eights)
Dorex2007: shows [7h 7s] (a full house, Sevens full of Eights)
Dorex2007 cashed out the hand for $1.17 | Cash Out Fee $0.01
*** SUMMARY ***
Total pot $2.30 | Rake $0.08 
Board [9s 8d 7c 8s 2c]
Seat 1: TAJJMAKKHAAL showed [Ac 8c] and lost with three of a kind, Eights
Seat 3: v1nov1 folded before Flop
Seat 4: Dorex2007 (button) showed [7h 7s] and won ($2.22) with a full house, Sevens full of Eights (pot not awarded as player cashed out)
Seat 5: ARSENY2 (small blind) folded before Flop
Seat 8: Gitec350 (big blind) folded before Flop
Seat 9: 415bigb folded before Flop (didn't bet)



PokerStars Hand #231361879206:  Hold'em No Limit ($0.01/$0.02 USD) - 2021/11/12 22:48:41 PT [2021/11/13 1:48:41 ET]
Table 'Morrison' 9-max Seat #5 is the button
Seat 3: v1nov1 ($2.13 in chips) 
Seat 4: Dorex2007 ($2.30 in chips) 
Seat 5: ARSENY2 ($3.06 in chips) 
Seat 8: Gitec350 ($1.95 in chips) 
Seat 9: 415bigb ($2.72 in chips) 
Gitec350: posts small blind $0.01
415bigb: posts big blind $0.02
*** HOLE CARDS ***
Dealt to Dorex2007 [Jc 3s]
v1nov1: folds 
Dorex2007: folds 
TAJJMAKKHAAL leaves the table
Camezzz joins the table at seat #6 
ARSENY2: folds 
Gitec350: folds 
Uncalled bet ($0.01) returned to 415bigb
415bigb collected $0.02 from pot
*** SUMMARY ***
Total pot $0.02 | Rake $0 
Seat 3: v1nov1 folded before Flop (didn't bet)
Seat 4: Dorex2007 folded before Flop (didn't bet)
Seat 5: ARSENY2 (button) folded before Flop (didn't bet)
Seat 8: Gitec350 (small blind) folded before Flop
Seat 9: 415bigb (big blind) collected ($0.02)



PokerStars Hand #231361881164:  Hold'em No Limit ($0.01/$0.02 USD) - 2021/11/12 22:48:54 PT [2021/11/13 1:48:54 ET]
Table 'Morrison' 9-max Seat #8 is the button
Seat 4: Dorex2007 ($2.30 in chips) 
Seat 5: ARSENY2 ($3.06 in chips) 
Seat 8: Gitec350 ($1.94 in chips) 
Seat 9: 415bigb ($2.73 in chips) 
415bigb: posts small blind $0.01
v1nov1: is sitting out 
v1nov1 leaves the table
Dorex2007: posts big blind $0.02
Camezzz: sits out 
*** HOLE CARDS ***
Dealt to Dorex2007 [2d Kc]
ARSENY2: folds 
Gitec350: folds 
ARSENY2 leaves the table
Gitec350 leaves the table
415bigb: calls $0.01
Dorex2007: checks 
*** FLOP *** [3c Ad 8h]
415bigb: checks 
Dorex2007: checks 
*** TURN *** [3c Ad 8h] [3d]
415bigb: checks 
Dorex2007: checks 
*** RIVER *** [3c Ad 8h 3d] [4c]
415bigb: bets $0.04
Dorex2007: folds 
Uncalled bet ($0.04) returned to 415bigb
415bigb collected $0.04 from pot
415bigb: doesn't show hand 
*** SUMMARY ***
Total pot $0.04 | Rake $0 
Board [3c Ad 8h 3d 4c]
Seat 4: Dorex2007 (big blind) folded on the River
Seat 5: ARSENY2 folded before Flop (didn't bet)
Seat 8: Gitec350 (button) folded before Flop (didn't bet)
Seat 9: 415bigb (small blind) collected ($0.04)



