PokerStars Hand #230042059054:  Hold'em No Limit ($0.01/$0.02 USD) - 2021/09/21 21:00:32 PT [2021/09/22 0:00:32 ET]
Table 'Maasym IV' 9-max Seat #1 is the button
Seat 1: erlis82 ($0.60 in chips) 
Seat 2: AlexisPynzar ($1.47 in chips) 
Seat 4: cberto09 ($2.03 in chips) 
Seat 5: SeregaM888 ($6.38 in chips) 
Seat 6: Dorex2007 ($2.42 in chips) 
Seat 7: 421*124 ($4.82 in chips) 
Seat 8: Twisted369 ($2.03 in chips) 
Seat 9: djkimera ($2 in chips) 
AlexisPynzar: posts small blind $0.01
cberto09: posts big blind $0.02
*** HOLE CARDS ***
Dealt to Dorex2007 [2s 3s]
SeregaM888: folds 
TY3840 joins the table at seat #3 
Dorex2007: folds 
421*124: calls $0.02
Twisted369: folds 
djkimera: folds 
erlis82: folds 
AlexisPynzar: raises $0.06 to $0.08
cberto09: folds 
421*124: folds 
Uncalled bet ($0.06) returned to AlexisPynzar
AlexisPynzar collected $0.06 from pot
AlexisPynzar: doesn't show hand 
*** SUMMARY ***
Total pot $0.06 | Rake $0 
Seat 1: erlis82 (button) folded before Flop (didn't bet)
Seat 2: AlexisPynzar (small blind) collected ($0.06)
Seat 4: cberto09 (big blind) folded before Flop
Seat 5: SeregaM888 folded before Flop (didn't bet)
Seat 6: Dorex2007 folded before Flop (didn't bet)
Seat 7: 421*124 folded before Flop
Seat 8: Twisted369 folded before Flop (didn't bet)
Seat 9: djkimera folded before Flop (didn't bet)



PokerStars Hand #230042064490:  Hold'em No Limit ($0.01/$0.02 USD) - 2021/09/21 21:01:10 PT [2021/09/22 0:01:10 ET]
Table 'Maasym IV' 9-max Seat #2 is the button
Seat 1: erlis82 ($0.60 in chips) 
Seat 2: AlexisPynzar ($1.51 in chips) 
Seat 4: cberto09 ($2.01 in chips) 
Seat 5: SeregaM888 ($6.38 in chips) 
Seat 6: Dorex2007 ($2.42 in chips) 
Seat 7: 421*124 ($4.80 in chips) 
Seat 8: Twisted369 ($2.03 in chips) 
Seat 9: djkimera ($2 in chips) 
cberto09: posts small blind $0.01
SeregaM888: posts big blind $0.02
*** HOLE CARDS ***
Dealt to Dorex2007 [9d 4s]
Dorex2007: folds 
421*124: folds 
Twisted369: folds 
djkimera: raises $0.03 to $0.05
erlis82: folds 
AlexisPynzar: raises $0.13 to $0.18
cberto09: folds 
SeregaM888: folds 
djkimera: calls $0.13
*** FLOP *** [8h 5c 4h]
djkimera: checks 
AlexisPynzar: bets $0.38
djkimera: raises $1.44 to $1.82 and is all-in
AlexisPynzar: calls $0.95 and is all-in
Uncalled bet ($0.49) returned to djkimera
*** TURN *** [8h 5c 4h] [Qc]
*** RIVER *** [8h 5c 4h Qc] [Kh]
*** SHOW DOWN ***
djkimera: shows [9h 9s] (a pair of Nines)
AlexisPynzar: shows [Th 2h] (a flush, King high)
AlexisPynzar collected $2.94 from pot
djkimera cashed out the hand for $1.62 | Cash Out Fee $0.02
*** SUMMARY ***
Total pot $3.05 | Rake $0.11 
Board [8h 5c 4h Qc Kh]
Seat 1: erlis82 folded before Flop (didn't bet)
Seat 2: AlexisPynzar (button) showed [Th 2h] and won ($2.94) with a flush, King high
Seat 4: cberto09 (small blind) folded before Flop
Seat 5: SeregaM888 (big blind) folded before Flop
Seat 6: Dorex2007 folded before Flop (didn't bet)
Seat 7: 421*124 folded before Flop (didn't bet)
Seat 8: Twisted369 folded before Flop (didn't bet)
Seat 9: djkimera showed [9h 9s] and lost with a pair of Nines (cashed out).



PokerStars Hand #230042072187:  Hold'em No Limit ($0.01/$0.02 USD) - 2021/09/21 21:02:01 PT [2021/09/22 0:02:01 ET]
Table 'Maasym IV' 9-max Seat #4 is the button
Seat 1: erlis82 ($0.60 in chips) 
Seat 2: AlexisPynzar ($2.94 in chips) 
Seat 4: cberto09 ($2 in chips) 
Seat 5: SeregaM888 ($6.36 in chips) 
Seat 6: Dorex2007 ($2.42 in chips) 
Seat 7: 421*124 ($4.80 in chips) 
Seat 8: Twisted369 ($2.03 in chips) 
Seat 9: djkimera ($2.11 in chips) 
SeregaM888: posts small blind $0.01
Dorex2007: posts big blind $0.02
TY3840: sits out 
*** HOLE CARDS ***
Dealt to Dorex2007 [Kc 3s]
421*124: folds 
Twisted369: folds 
djkimera: folds 
erlis82: folds 
AlexisPynzar: folds 
cberto09: folds 
SeregaM888: folds 
Uncalled bet ($0.01) returned to Dorex2007
Dorex2007 collected $0.02 from pot
Dorex2007: doesn't show hand 
*** SUMMARY ***
Total pot $0.02 | Rake $0 
Seat 1: erlis82 folded before Flop (didn't bet)
Seat 2: AlexisPynzar folded before Flop (didn't bet)
Seat 4: cberto09 (button) folded before Flop (didn't bet)
Seat 5: SeregaM888 (small blind) folded before Flop
Seat 6: Dorex2007 (big blind) collected ($0.02)
Seat 7: 421*124 folded before Flop (didn't bet)
Seat 8: Twisted369 folded before Flop (didn't bet)
Seat 9: djkimera folded before Flop (didn't bet)



PokerStars Hand #230042075507:  Hold'em No Limit ($0.01/$0.02 USD) - 2021/09/21 21:02:22 PT [2021/09/22 0:02:22 ET]
Table 'Maasym IV' 9-max Seat #5 is the button
Seat 1: erlis82 ($0.60 in chips) 
Seat 2: AlexisPynzar ($2.94 in chips) 
Seat 4: cberto09 ($2 in chips) 
Seat 5: SeregaM888 ($6.35 in chips) 
Seat 6: Dorex2007 ($2.43 in chips) 
Seat 7: 421*124 ($4.80 in chips) 
Seat 8: Twisted369 ($2.03 in chips) 
Seat 9: djkimera ($2.11 in chips) 
Dorex2007: posts small blind $0.01
421*124: posts big blind $0.02
TY3840: sits out 
*** HOLE CARDS ***
Dealt to Dorex2007 [8c 8s]
Twisted369: folds 
djkimera: folds 
erlis82: folds 
AlexisPynzar: raises $0.04 to $0.06
cberto09: folds 
SeregaM888: folds 
Dorex2007: calls $0.05
421*124: calls $0.04
*** FLOP *** [3d 9h Qc]
Dorex2007: checks 
421*124: bets $0.08
AlexisPynzar: folds 
Dorex2007: folds 
Uncalled bet ($0.08) returned to 421*124
421*124 collected $0.17 from pot
421*124: doesn't show hand 
*** SUMMARY ***
Total pot $0.18 | Rake $0.01 
Board [3d 9h Qc]
Seat 1: erlis82 folded before Flop (didn't bet)
Seat 2: AlexisPynzar folded on the Flop
Seat 4: cberto09 folded before Flop (didn't bet)
Seat 5: SeregaM888 (button) folded before Flop (didn't bet)
Seat 6: Dorex2007 (small blind) folded on the Flop
Seat 7: 421*124 (big blind) collected ($0.17)
Seat 8: Twisted369 folded before Flop (didn't bet)
Seat 9: djkimera folded before Flop (didn't bet)



PokerStars Hand #230042083552:  Hold'em No Limit ($0.01/$0.02 USD) - 2021/09/21 21:03:15 PT [2021/09/22 0:03:15 ET]
Table 'Maasym IV' 9-max Seat #6 is the button
Seat 1: erlis82 ($0.60 in chips) 
Seat 2: AlexisPynzar ($2.88 in chips) 
Seat 4: cberto09 ($2 in chips) 
Seat 5: SeregaM888 ($6.35 in chips) 
Seat 6: Dorex2007 ($2.37 in chips) 
Seat 7: 421*124 ($4.91 in chips) 
Seat 8: Twisted369 ($2.03 in chips) 
Seat 9: djkimera ($2.11 in chips) 
421*124: posts small blind $0.01
Twisted369: posts big blind $0.02
TY3840: sits out 
*** HOLE CARDS ***
Dealt to Dorex2007 [3d Jh]
djkimera: folds 
erlis82: calls $0.02
AlexisPynzar: folds 
cberto09: folds 
SeregaM888: folds 
Dorex2007: folds 
421*124: folds 
Twisted369: checks 
*** FLOP *** [Qs 2h 6h]
AlexisPynzar leaves the table
Twisted369: checks 
erlis82: bets $0.02
El_Michaud joins the table at seat #2 
Twisted369: folds 
Uncalled bet ($0.02) returned to erlis82
erlis82 collected $0.05 from pot
erlis82: doesn't show hand 
*** SUMMARY ***
Total pot $0.05 | Rake $0 
Board [Qs 2h 6h]
Seat 1: erlis82 collected ($0.05)
Seat 2: AlexisPynzar folded before Flop (didn't bet)
Seat 4: cberto09 folded before Flop (didn't bet)
Seat 5: SeregaM888 folded before Flop (didn't bet)
Seat 6: Dorex2007 (button) folded before Flop (didn't bet)
Seat 7: 421*124 (small blind) folded before Flop
Seat 8: Twisted369 (big blind) folded on the Flop
Seat 9: djkimera folded before Flop (didn't bet)



PokerStars Hand #230042103429:  Hold'em No Limit ($0.01/$0.02 USD) - 2021/09/21 21:04:39 PT [2021/09/22 0:04:39 ET]
Table 'Maasym IV' 9-max Seat #7 is the button
Seat 1: erlis82 ($0.63 in chips) 
Seat 4: cberto09 ($2 in chips) 
Seat 5: SeregaM888 ($6.35 in chips) 
Seat 6: Dorex2007 ($2.37 in chips) 
Seat 7: 421*124 ($4.90 in chips) 
Seat 8: Twisted369 ($2.01 in chips) 
Seat 9: djkimera ($2.11 in chips) 
Twisted369: posts small blind $0.01
djkimera: posts big blind $0.02
El_Michaud: sits out 
TY3840: sits out 
*** HOLE CARDS ***
Dealt to Dorex2007 [7h Kd]
erlis82: folds 
cberto09: folds 
SeregaM888: folds 
Dorex2007: folds 
421*124: raises $0.02 to $0.04
Twisted369: calls $0.03
djkimera: raises $2.07 to $2.11 and is all-in
421*124: folds 
Twisted369: folds 
Uncalled bet ($2.07) returned to djkimera
djkimera collected $0.12 from pot
djkimera: doesn't show hand 
*** SUMMARY ***
Total pot $0.12 | Rake $0 
Seat 1: erlis82 folded before Flop (didn't bet)
Seat 4: cberto09 folded before Flop (didn't bet)
Seat 5: SeregaM888 folded before Flop (didn't bet)
Seat 6: Dorex2007 folded before Flop (didn't bet)
Seat 7: 421*124 (button) folded before Flop
Seat 8: Twisted369 (small blind) folded before Flop
Seat 9: djkimera (big blind) collected ($0.12)



PokerStars Hand #230042108375:  Hold'em No Limit ($0.01/$0.02 USD) - 2021/09/21 21:05:11 PT [2021/09/22 0:05:11 ET]
Table 'Maasym IV' 9-max Seat #8 is the button
Seat 1: erlis82 ($0.63 in chips) 
Seat 4: cberto09 ($2 in chips) 
Seat 5: SeregaM888 ($6.35 in chips) 
Seat 6: Dorex2007 ($2.37 in chips) 
Seat 7: 421*124 ($4.86 in chips) 
Seat 8: Twisted369 ($1.97 in chips) 
Seat 9: djkimera ($2.19 in chips) 
djkimera: posts small blind $0.01
erlis82: posts big blind $0.02
El_Michaud: sits out 
TY3840: sits out 
*** HOLE CARDS ***
Dealt to Dorex2007 [Kd Ad]
cberto09: raises $0.04 to $0.06
SeregaM888: folds 
Dorex2007: raises $0.06 to $0.12
421*124: folds 
Twisted369: folds 
djkimera: folds 
erlis82: folds 
cberto09: folds 
Uncalled bet ($0.06) returned to Dorex2007
Dorex2007 collected $0.15 from pot
Dorex2007: doesn't show hand 
*** SUMMARY ***
Total pot $0.15 | Rake $0 
Seat 1: erlis82 (big blind) folded before Flop
Seat 4: cberto09 folded before Flop
Seat 5: SeregaM888 folded before Flop (didn't bet)
Seat 6: Dorex2007 collected ($0.15)
Seat 7: 421*124 folded before Flop (didn't bet)
Seat 8: Twisted369 (button) folded before Flop (didn't bet)
Seat 9: djkimera (small blind) folded before Flop



PokerStars Hand #230042112050:  Hold'em No Limit ($0.01/$0.02 USD) - 2021/09/21 21:05:35 PT [2021/09/22 0:05:35 ET]
Table 'Maasym IV' 9-max Seat #9 is the button
Seat 1: erlis82 ($0.61 in chips) 
Seat 2: El_Michaud ($2 in chips) 
Seat 4: cberto09 ($2 in chips) 
Seat 5: SeregaM888 ($6.35 in chips) 
Seat 6: Dorex2007 ($2.46 in chips) 
Seat 7: 421*124 ($4.86 in chips) 
Seat 8: Twisted369 ($1.97 in chips) 
Seat 9: djkimera ($2.18 in chips) 
erlis82: posts small blind $0.01
El_Michaud: posts big blind $0.02
TY3840: sits out 
*** HOLE CARDS ***
Dealt to Dorex2007 [Qc 6s]
cberto09: folds 
SeregaM888: folds 
Dorex2007: folds 
421*124: raises $0.02 to $0.04
Twisted369: calls $0.04
djkimera: folds 
erlis82: folds 
El_Michaud: calls $0.02
*** FLOP *** [Qs 2d 4s]
El_Michaud: checks 
421*124: checks 
Twisted369: checks 
*** TURN *** [Qs 2d 4s] [Kh]
El_Michaud: bets $0.08
421*124: calls $0.08
Twisted369: folds 
*** RIVER *** [Qs 2d 4s Kh] [8h]
El_Michaud: bets $0.28
421*124: calls $0.28
*** SHOW DOWN ***
El_Michaud: shows [2s Kd] (two pair, Kings and Deuces)
421*124: mucks hand 
El_Michaud collected $0.82 from pot
*** SUMMARY ***
Total pot $0.85 | Rake $0.03 
Board [Qs 2d 4s Kh 8h]
Seat 1: erlis82 (small blind) folded before Flop
Seat 2: El_Michaud (big blind) showed [2s Kd] and won ($0.82) with two pair, Kings and Deuces
Seat 4: cberto09 folded before Flop (didn't bet)
Seat 5: SeregaM888 folded before Flop (didn't bet)
Seat 6: Dorex2007 folded before Flop (didn't bet)
Seat 7: 421*124 mucked [Ks 9s]
Seat 8: Twisted369 folded on the Turn
Seat 9: djkimera (button) folded before Flop (didn't bet)



PokerStars Hand #230042125747:  Hold'em No Limit ($0.01/$0.02 USD) - 2021/09/21 21:07:03 PT [2021/09/22 0:07:03 ET]
Table 'Maasym IV' 9-max Seat #1 is the button
Seat 1: erlis82 ($0.60 in chips) 
Seat 2: El_Michaud ($2.42 in chips) 
Seat 3: TY3840 ($0.80 in chips) 
Seat 4: cberto09 ($2 in chips) 
Seat 5: SeregaM888 ($6.35 in chips) 
Seat 6: Dorex2007 ($2.46 in chips) 
Seat 7: 421*124 ($4.46 in chips) 
Seat 8: Twisted369 ($1.93 in chips) 
Seat 9: djkimera ($2.18 in chips) 
El_Michaud: posts small blind $0.01
TY3840: posts big blind $0.02
*** HOLE CARDS ***
Dealt to Dorex2007 [Ah Jc]
cberto09: raises $0.04 to $0.06
SeregaM888: folds 
Dorex2007: calls $0.06
421*124: calls $0.06
Twisted369: calls $0.06
djkimera: folds 
erlis82: calls $0.06
El_Michaud: folds 
TY3840: folds 
*** FLOP *** [6d 8c Qh]
El_Michaud leaves the table
cberto09: checks 
Dorex2007: checks 
421*124: checks 
Twisted369: bets $0.16
erlis82: folds 
cberto09: folds 
Dorex2007: folds 
421*124: folds 
Uncalled bet ($0.16) returned to Twisted369
Twisted369 collected $0.32 from pot
*** SUMMARY ***
Total pot $0.33 | Rake $0.01 
Board [6d 8c Qh]
Seat 1: erlis82 (button) folded on the Flop
Seat 2: El_Michaud (small blind) folded before Flop
Seat 3: TY3840 (big blind) folded before Flop
Seat 4: cberto09 folded on the Flop
Seat 5: SeregaM888 folded before Flop (didn't bet)
Seat 6: Dorex2007 folded on the Flop
Seat 7: 421*124 folded on the Flop
Seat 8: Twisted369 collected ($0.32)
Seat 9: djkimera folded before Flop (didn't bet)



PokerStars Hand #230042136664:  Hold'em No Limit ($0.01/$0.02 USD) - 2021/09/21 21:08:15 PT [2021/09/22 0:08:15 ET]
Table 'Maasym IV' 9-max Seat #3 is the button
Seat 1: erlis82 ($0.54 in chips) 
Seat 3: TY3840 ($0.78 in chips) 
Seat 4: cberto09 ($2 in chips) 
Seat 5: SeregaM888 ($6.35 in chips) 
Seat 6: Dorex2007 ($2.40 in chips) 
Seat 7: 421*124 ($4.40 in chips) 
Seat 8: Twisted369 ($2.19 in chips) 
Seat 9: djkimera ($2.18 in chips) 
cberto09: posts small blind $0.01
SeregaM888: posts big blind $0.02
*** HOLE CARDS ***
Dealt to Dorex2007 [7d 8d]
Dorex2007: folds 
421*124: folds 
Twisted369: folds 
djkimera: folds 
ryuto0880 joins the table at seat #2 
erlis82: calls $0.02
TY3840: raises $0.07 to $0.09
cberto09: folds 
SeregaM888: folds 
erlis82: calls $0.07
*** FLOP *** [Kc 2h 6d]
erlis82: bets $0.06
TY3840: raises $0.16 to $0.22
erlis82: calls $0.16
*** TURN *** [Kc 2h 6d] [3d]
erlis82: bets $0.23 and is all-in
TY3840: folds 
Uncalled bet ($0.23) returned to erlis82
erlis82 collected $0.63 from pot
erlis82: doesn't show hand 
*** SUMMARY ***
Total pot $0.65 | Rake $0.02 
Board [Kc 2h 6d 3d]
Seat 1: erlis82 collected ($0.63)
Seat 3: TY3840 (button) folded on the Turn
Seat 4: cberto09 (small blind) folded before Flop
Seat 5: SeregaM888 (big blind) folded before Flop
Seat 6: Dorex2007 folded before Flop (didn't bet)
Seat 7: 421*124 folded before Flop (didn't bet)
Seat 8: Twisted369 folded before Flop (didn't bet)
Seat 9: djkimera folded before Flop (didn't bet)



PokerStars Hand #230042150059:  Hold'em No Limit ($0.01/$0.02 USD) - 2021/09/21 21:09:44 PT [2021/09/22 0:09:44 ET]
Table 'Maasym IV' 9-max Seat #4 is the button
Seat 1: erlis82 ($0.86 in chips) 
Seat 3: TY3840 ($0.47 in chips) 
Seat 4: cberto09 ($2 in chips) 
Seat 5: SeregaM888 ($6.33 in chips) 
Seat 6: Dorex2007 ($2.40 in chips) 
Seat 7: 421*124 ($4.40 in chips) 
Seat 8: Twisted369 ($2.19 in chips) 
Seat 9: djkimera ($2.18 in chips) 
SeregaM888: posts small blind $0.01
Dorex2007: posts big blind $0.02
ryuto0880: sits out 
*** HOLE CARDS ***
Dealt to Dorex2007 [5h 6d]
421*124: folds 
ryuto0880 leaves the table
421*124 leaves the table
Twisted369: folds 
djkimera: folds 
erlis82: calls $0.02
TY3840: calls $0.02
cberto09: folds 
SeregaM888: folds 
Dorex2007: checks 
*** FLOP *** [4s Js Kc]
Dorex2007: checks 
erlis82: bets $0.04
TY3840: calls $0.04
Dorex2007: folds 
*** TURN *** [4s Js Kc] [Ac]
erlis82: bets $0.04
TY3840: raises $0.11 to $0.15
erlis82: folds 
Uncalled bet ($0.11) returned to TY3840
TY3840 collected $0.22 from pot
TY3840: doesn't show hand 
*** SUMMARY ***
Total pot $0.23 | Rake $0.01 
Board [4s Js Kc Ac]
Seat 1: erlis82 folded on the Turn
Seat 3: TY3840 collected ($0.22)
Seat 4: cberto09 (button) folded before Flop (didn't bet)
Seat 5: SeregaM888 (small blind) folded before Flop
Seat 6: Dorex2007 (big blind) folded on the Flop
Seat 7: 421*124 folded before Flop (didn't bet)
Seat 8: Twisted369 folded before Flop (didn't bet)
Seat 9: djkimera folded before Flop (didn't bet)



PokerStars Hand #230042161648:  Hold'em No Limit ($0.01/$0.02 USD) - 2021/09/21 21:11:00 PT [2021/09/22 0:11:00 ET]
Table 'Maasym IV' 9-max Seat #5 is the button
Seat 1: erlis82 ($0.76 in chips) 
Seat 3: TY3840 ($0.59 in chips) 
Seat 4: cberto09 ($2 in chips) 
Seat 5: SeregaM888 ($6.32 in chips) 
Seat 6: Dorex2007 ($2.38 in chips) 
Seat 8: Twisted369 ($2.19 in chips) 
Seat 9: djkimera ($2.18 in chips) 
Dorex2007: posts small blind $0.01
Twisted369: posts big blind $0.02
*** HOLE CARDS ***
Dealt to Dorex2007 [6d 4h]
djkimera: raises $0.03 to $0.05
erlis82: folds 
TY3840: calls $0.05
cberto09: folds 
kira4358 joins the table at seat #2 
SeregaM888: folds 
Dorex2007: folds 
wstway joins the table at seat #7 
Twisted369: calls $0.03
*** FLOP *** [7h Ah 5c]
Twisted369: bets $0.10
djkimera: folds 
TY3840: raises $0.18 to $0.28
Twisted369: calls $0.18
*** TURN *** [7h Ah 5c] [9c]
Twisted369: checks 
TY3840: bets $0.26 and is all-in
Twisted369: calls $0.26
*** RIVER *** [7h Ah 5c 9c] [2c]
*** SHOW DOWN ***
Twisted369: shows [Ac Qd] (a pair of Aces)
TY3840: shows [Ad Jh] (a pair of Aces - lower kicker)
Twisted369 collected $1.20 from pot
*** SUMMARY ***
Total pot $1.24 | Rake $0.04 
Board [7h Ah 5c 9c 2c]
Seat 1: erlis82 folded before Flop (didn't bet)
Seat 3: TY3840 showed [Ad Jh] and lost with a pair of Aces
Seat 4: cberto09 folded before Flop (didn't bet)
Seat 5: SeregaM888 (button) folded before Flop (didn't bet)
Seat 6: Dorex2007 (small blind) folded before Flop
Seat 8: Twisted369 (big blind) showed [Ac Qd] and won ($1.20) with a pair of Aces
Seat 9: djkimera folded on the Flop



PokerStars Hand #230042171758:  Hold'em No Limit ($0.01/$0.02 USD) - 2021/09/21 21:12:06 PT [2021/09/22 0:12:06 ET]
Table 'Maasym IV' 9-max Seat #6 is the button
Seat 1: erlis82 ($0.76 in chips) 
Seat 2: kira4358 ($1.60 in chips) 
Seat 4: cberto09 ($2 in chips) 
Seat 5: SeregaM888 ($6.32 in chips) 
Seat 6: Dorex2007 ($2.37 in chips) 
Seat 8: Twisted369 ($2.80 in chips) 
Twisted369: posts small blind $0.01
djkimera: is sitting out 
erlis82: posts big blind $0.02
kira4358: posts big blind $0.02
*** HOLE CARDS ***
Dealt to Dorex2007 [3h 5h]
djkimera leaves the table
kira4358: raises $0.04 to $0.06
TY3840 leaves the table
cberto09: folds 
SeregaM888: calls $0.06
Dorex2007: folds 
Twisted369: calls $0.05
erlis82: calls $0.04
*** FLOP *** [9d Ts 3c]
Twisted369: checks 
erlis82: checks 
kira4358: checks 
SeregaM888: checks 
*** TURN *** [9d Ts 3c] [5c]
Twisted369: checks 
erlis82: checks 
kira4358: checks 
SeregaM888: checks 
*** RIVER *** [9d Ts 3c 5c] [8s]
Twisted369 has timed out
Twisted369: checks 
valera_9696@ joins the table at seat #9 
erlis82: checks 
kira4358: checks 
SeregaM888: checks 
*** SHOW DOWN ***
Twisted369: shows [8d 6d] (a pair of Eights)
erlis82: mucks hand 
kira4358: mucks hand 
SeregaM888: mucks hand 
Twisted369 collected $0.23 from pot
*** SUMMARY ***
Total pot $0.24 | Rake $0.01 
Board [9d Ts 3c 5c 8s]
Seat 1: erlis82 (big blind) mucked [Kd 7c]
Seat 2: kira4358 mucked [6h 6c]
Seat 4: cberto09 folded before Flop (didn't bet)
Seat 5: SeregaM888 mucked [Qd Kc]
Seat 6: Dorex2007 (button) folded before Flop (didn't bet)
Seat 8: Twisted369 (small blind) showed [8d 6d] and won ($0.23) with a pair of Eights



PokerStars Hand #230042192191:  Hold'em No Limit ($0.01/$0.02 USD) - 2021/09/21 21:13:55 PT [2021/09/22 0:13:55 ET]
Table 'Maasym IV' 9-max Seat #8 is the button
Seat 1: erlis82 ($0.70 in chips) 
Seat 2: kira4358 ($1.54 in chips) 
Seat 4: cberto09 ($2 in chips) 
Seat 5: SeregaM888 ($6.26 in chips) 
Seat 6: Dorex2007 ($2.37 in chips) 
Seat 7: wstway ($2 in chips) 
Seat 8: Twisted369 ($2.97 in chips) 
erlis82: posts small blind $0.01
kira4358: posts big blind $0.02
wstway: posts big blind $0.02
*** HOLE CARDS ***
Dealt to Dorex2007 [2s 7s]
cberto09: folds 
SeregaM888: folds 
Dorex2007: folds 
wstway: checks 
Twisted369 has timed out
Twisted369: folds 
erlis82: folds 
kira4358: checks 
*** FLOP *** [5d 6h 9d]
erlis82 leaves the table
kira4358: bets $0.05
wstway: calls $0.05
*** TURN *** [5d 6h 9d] [Ad]
kira4358: bets $0.14
wstway: folds 
Uncalled bet ($0.14) returned to kira4358
kira4358 collected $0.14 from pot
kira4358: doesn't show hand 
*** SUMMARY ***
Total pot $0.15 | Rake $0.01 
Board [5d 6h 9d Ad]
Seat 1: erlis82 (small blind) folded before Flop
Seat 2: kira4358 (big blind) collected ($0.14)
Seat 4: cberto09 folded before Flop (didn't bet)
Seat 5: SeregaM888 folded before Flop (didn't bet)
Seat 6: Dorex2007 folded before Flop (didn't bet)
Seat 7: wstway folded on the Turn
Seat 8: Twisted369 (button) folded before Flop (didn't bet)



PokerStars Hand #230042198232:  Hold'em No Limit ($0.01/$0.02 USD) - 2021/09/21 21:14:35 PT [2021/09/22 0:14:35 ET]
Table 'Maasym IV' 9-max Seat #2 is the button
Seat 2: kira4358 ($1.61 in chips) 
Seat 4: cberto09 ($2 in chips) 
Seat 5: SeregaM888 ($6.26 in chips) 
Seat 6: Dorex2007 ($2.37 in chips) 
Seat 7: wstway ($1.93 in chips) 
cberto09: posts small blind $0.01
SeregaM888: posts big blind $0.02
valera_9696@: sits out 
*** HOLE CARDS ***
Dealt to Dorex2007 [7c 6d]
Dorex2007: folds 
PeruvianQL joins the table at seat #1 
wstway: folds 
kira4358: raises $0.02 to $0.04
cberto09: folds 
SeregaM888: folds 
Uncalled bet ($0.02) returned to kira4358
kira4358 collected $0.05 from pot
kira4358: doesn't show hand 
*** SUMMARY ***
Total pot $0.05 | Rake $0 
Seat 2: kira4358 (button) collected ($0.05)
Seat 4: cberto09 (small blind) folded before Flop
Seat 5: SeregaM888 (big blind) folded before Flop
Seat 6: Dorex2007 folded before Flop (didn't bet)
Seat 7: wstway folded before Flop (didn't bet)



PokerStars Hand #230042202944:  Hold'em No Limit ($0.01/$0.02 USD) - 2021/09/21 21:14:57 PT [2021/09/22 0:14:57 ET]
Table 'Maasym IV' 9-max Seat #4 is the button
Seat 1: PeruvianQL ($2 in chips) 
Seat 2: kira4358 ($1.64 in chips) 
Seat 4: cberto09 ($2 in chips) 
Seat 5: SeregaM888 ($6.24 in chips) 
Seat 6: Dorex2007 ($2.37 in chips) 
Seat 7: wstway ($1.93 in chips) 
SeregaM888: posts small blind $0.01
Dorex2007: posts big blind $0.02
valera_9696@: sits out 
PeruvianQL: posts big blind $0.02
*** HOLE CARDS ***
Dealt to Dorex2007 [3d 9d]
santila joins the table at seat #3 
wstway has timed out
wstway: folds 
PeruvianQL: checks 
kira4358: folds 
cberto09: raises $0.07 to $0.09
SeregaM888: folds 
Dorex2007: folds 
PeruvianQL: folds 
Uncalled bet ($0.07) returned to cberto09
cberto09 collected $0.07 from pot
cberto09: doesn't show hand 
*** SUMMARY ***
Total pot $0.07 | Rake $0 
Seat 1: PeruvianQL folded before Flop (didn't bet)
Seat 2: kira4358 folded before Flop (didn't bet)
Seat 4: cberto09 (button) collected ($0.07)
Seat 5: SeregaM888 (small blind) folded before Flop
Seat 6: Dorex2007 (big blind) folded before Flop
Seat 7: wstway folded before Flop (didn't bet)



PokerStars Hand #230042207219:  Hold'em No Limit ($0.01/$0.02 USD) - 2021/09/21 21:15:25 PT [2021/09/22 0:15:25 ET]
Table 'Maasym IV' 9-max Seat #5 is the button
Seat 1: PeruvianQL ($1.98 in chips) 
Seat 2: kira4358 ($1.64 in chips) 
Seat 4: cberto09 ($2.05 in chips) 
Seat 5: SeregaM888 ($6.23 in chips) 
Seat 6: Dorex2007 ($2.35 in chips) 
Seat 7: wstway ($1.93 in chips) 
Dorex2007: posts small blind $0.01
wstway: posts big blind $0.02
valera_9696@: sits out 
santila: sits out 
*** HOLE CARDS ***
Dealt to Dorex2007 [3s Qd]
PeruvianQL: folds 
kira4358: raises $0.04 to $0.06
cberto09: folds 
SeregaM888: folds 
Dorex2007: folds 
wstway: folds 
Uncalled bet ($0.04) returned to kira4358
kira4358 collected $0.05 from pot
kira4358: doesn't show hand 
*** SUMMARY ***
Total pot $0.05 | Rake $0 
Seat 1: PeruvianQL folded before Flop (didn't bet)
Seat 2: kira4358 collected ($0.05)
Seat 4: cberto09 folded before Flop (didn't bet)
Seat 5: SeregaM888 (button) folded before Flop (didn't bet)
Seat 6: Dorex2007 (small blind) folded before Flop
Seat 7: wstway (big blind) folded before Flop



