PokerStars Hand #224540672756:  Hold'em No Limit ($0.01/$0.02 USD) - 2021/03/06 17:56:15 PT [2021/03/06 20:56:15 ET]
Table 'Phaedra II' 9-max Seat #6 is the button
Seat 2: Dorex2007 ($1.50 in chips) 
Seat 3: larry.c420 ($5.58 in chips) 
Seat 4: Cosmo Cesar ($1.76 in chips) 
Seat 5: Emercom1963 ($2.06 in chips) 
Seat 6: mosquera888 ($4.10 in chips) 
Seat 7: airdestiny ($4.29 in chips) 
Seat 8: highrolling420 ($2.13 in chips) 
Seat 9: shiroba89 ($1.26 in chips) 
airdestiny: posts small blind $0.01
highrolling420: posts big blind $0.02
causavera: sits out 
Dorex2007: posts big blind $0.02
*** HOLE CARDS ***
Dealt to Dorex2007 [Jc 7s]
shiroba89: folds 
Dorex2007: checks 
larry.c420: folds 
Cosmo Cesar: folds 
Emercom1963: folds 
mosquera888: folds 
airdestiny: raises $0.08 to $0.10
highrolling420: folds 
Dorex2007: folds 
Uncalled bet ($0.08) returned to airdestiny
airdestiny collected $0.06 from pot
airdestiny: doesn't show hand 
*** SUMMARY ***
Total pot $0.06 | Rake $0 
Seat 2: Dorex2007 folded before Flop (didn't bet)
Seat 3: larry.c420 folded before Flop (didn't bet)
Seat 4: Cosmo Cesar folded before Flop (didn't bet)
Seat 5: Emercom1963 folded before Flop (didn't bet)
Seat 6: mosquera888 (button) folded before Flop (didn't bet)
Seat 7: airdestiny (small blind) collected ($0.06)
Seat 8: highrolling420 (big blind) folded before Flop
Seat 9: shiroba89 folded before Flop (didn't bet)



PokerStars Hand #224540684280:  Hold'em No Limit ($0.01/$0.02 USD) - 2021/03/06 17:56:55 PT [2021/03/06 20:56:55 ET]
Table 'Phaedra II' 9-max Seat #7 is the button
Seat 2: Dorex2007 ($1.48 in chips) 
Seat 3: larry.c420 ($5.58 in chips) 
Seat 4: Cosmo Cesar ($1.76 in chips) 
Seat 5: Emercom1963 ($2.06 in chips) 
Seat 6: mosquera888 ($4.10 in chips) 
Seat 7: airdestiny ($4.33 in chips) 
Seat 8: highrolling420 ($2.11 in chips) 
Seat 9: shiroba89 ($1.26 in chips) 
highrolling420: posts small blind $0.01
shiroba89: posts big blind $0.02
causavera: sits out 
*** HOLE CARDS ***
Dealt to Dorex2007 [9h 8h]
Dorex2007: folds 
larry.c420: calls $0.02
Cosmo Cesar: folds 
Emercom1963: raises $0.02 to $0.04
mosquera888: folds 
airdestiny: folds 
highrolling420: folds 
shiroba89: folds 
larry.c420: calls $0.02
*** FLOP *** [5c 7h Qd]
larry.c420: checks 
Emercom1963: checks 
*** TURN *** [5c 7h Qd] [Qh]
larry.c420: checks 
Emercom1963: checks 
*** RIVER *** [5c 7h Qd Qh] [Qs]
larry.c420: checks 
Emercom1963: checks 
*** SHOW DOWN ***
larry.c420: shows [Ts 9s] (three of a kind, Queens)
Emercom1963: shows [Ac Js] (three of a kind, Queens - Ace kicker)
Emercom1963 collected $0.11 from pot
*** SUMMARY ***
Total pot $0.11 | Rake $0 
Board [5c 7h Qd Qh Qs]
Seat 2: Dorex2007 folded before Flop (didn't bet)
Seat 3: larry.c420 showed [Ts 9s] and lost with three of a kind, Queens
Seat 4: Cosmo Cesar folded before Flop (didn't bet)
Seat 5: Emercom1963 showed [Ac Js] and won ($0.11) with three of a kind, Queens
Seat 6: mosquera888 folded before Flop (didn't bet)
Seat 7: airdestiny (button) folded before Flop (didn't bet)
Seat 8: highrolling420 (small blind) folded before Flop
Seat 9: shiroba89 (big blind) folded before Flop



PokerStars Hand #224540701418:  Hold'em No Limit ($0.01/$0.02 USD) - 2021/03/06 17:57:55 PT [2021/03/06 20:57:55 ET]
Table 'Phaedra II' 9-max Seat #8 is the button
Seat 1: causavera ($1 in chips) 
Seat 2: Dorex2007 ($1.48 in chips) 
Seat 3: larry.c420 ($5.54 in chips) 
Seat 4: Cosmo Cesar ($1.76 in chips) 
Seat 5: Emercom1963 ($2.13 in chips) 
Seat 6: mosquera888 ($4.10 in chips) 
Seat 7: airdestiny ($4.33 in chips) 
Seat 8: highrolling420 ($2.10 in chips) 
Seat 9: shiroba89 ($1.24 in chips) 
shiroba89: posts small blind $0.01
causavera: posts big blind $0.02
*** HOLE CARDS ***
Dealt to Dorex2007 [2s Kd]
Dorex2007: folds 
larry.c420: calls $0.02
Cosmo Cesar: folds 
Emercom1963: folds 
mosquera888: folds 
airdestiny: folds 
highrolling420: folds 
shiroba89: calls $0.01
causavera: checks 
*** FLOP *** [3c 6s 5c]
shiroba89: checks 
causavera: checks 
larry.c420: bets $0.06
shiroba89: folds 
causavera: calls $0.06
*** TURN *** [3c 6s 5c] [Ah]
causavera: checks 
larry.c420: bets $0.06
causavera: calls $0.06
*** RIVER *** [3c 6s 5c Ah] [9s]
causavera: checks 
larry.c420: bets $0.20
causavera: folds 
Uncalled bet ($0.20) returned to larry.c420
larry.c420 collected $0.29 from pot
larry.c420: doesn't show hand 
*** SUMMARY ***
Total pot $0.30 | Rake $0.01 
Board [3c 6s 5c Ah 9s]
Seat 1: causavera (big blind) folded on the River
Seat 2: Dorex2007 folded before Flop (didn't bet)
Seat 3: larry.c420 collected ($0.29)
Seat 4: Cosmo Cesar folded before Flop (didn't bet)
Seat 5: Emercom1963 folded before Flop (didn't bet)
Seat 6: mosquera888 folded before Flop (didn't bet)
Seat 7: airdestiny folded before Flop (didn't bet)
Seat 8: highrolling420 (button) folded before Flop (didn't bet)
Seat 9: shiroba89 (small blind) folded on the Flop



PokerStars Hand #224540723174:  Hold'em No Limit ($0.01/$0.02 USD) - 2021/03/06 17:59:12 PT [2021/03/06 20:59:12 ET]
Table 'Phaedra II' 9-max Seat #9 is the button
Seat 1: causavera ($0.86 in chips) 
Seat 2: Dorex2007 ($1.48 in chips) 
Seat 3: larry.c420 ($5.69 in chips) 
Seat 4: Cosmo Cesar ($1.76 in chips) 
Seat 5: Emercom1963 ($2.13 in chips) 
Seat 6: mosquera888 ($4.10 in chips) 
Seat 7: airdestiny ($4.33 in chips) 
Seat 8: highrolling420 ($2.10 in chips) 
Seat 9: shiroba89 ($1.22 in chips) 
causavera: posts small blind $0.01
Dorex2007: posts big blind $0.02
*** HOLE CARDS ***
Dealt to Dorex2007 [6h 9h]
larry.c420: calls $0.02
Cosmo Cesar: raises $0.04 to $0.06
Emercom1963: folds 
mosquera888: folds 
airdestiny: folds 
highrolling420: raises $0.12 to $0.18
shiroba89: folds 
causavera: folds 
Dorex2007: folds 
larry.c420: calls $0.16
Cosmo Cesar: raises $1.58 to $1.76 and is all-in
highrolling420: folds 
larry.c420: calls $1.58
*** FLOP *** [2s 7d 7c]
*** TURN *** [2s 7d 7c] [3c]
*** RIVER *** [2s 7d 7c 3c] [4s]
*** SHOW DOWN ***
larry.c420: shows [Jd 6d] (a pair of Sevens)
Cosmo Cesar: shows [Qd Qh] (two pair, Queens and Sevens)
Cosmo Cesar cashed out the hand for $3 | Cash Out Fee $0.03
*** SUMMARY ***
Total pot $3.73 | Rake $0.13 
Board [2s 7d 7c 3c 4s]
Seat 1: causavera (small blind) folded before Flop
Seat 2: Dorex2007 (big blind) folded before Flop
Seat 3: larry.c420 showed [Jd 6d] and lost with a pair of Sevens
Seat 4: Cosmo Cesar showed [Qd Qh] and won ($3.60) with two pair, Queens and Sevens (pot not awarded as player cashed out)
Seat 5: Emercom1963 folded before Flop (didn't bet)
Seat 6: mosquera888 folded before Flop (didn't bet)
Seat 7: airdestiny folded before Flop (didn't bet)
Seat 8: highrolling420 folded before Flop
Seat 9: shiroba89 (button) folded before Flop (didn't bet)



PokerStars Hand #224540752329:  Hold'em No Limit ($0.01/$0.02 USD) - 2021/03/06 18:00:49 PT [2021/03/06 21:00:49 ET]
Table 'Phaedra II' 9-max Seat #1 is the button
Seat 1: causavera ($0.85 in chips) 
Seat 2: Dorex2007 ($1.46 in chips) 
Seat 3: larry.c420 ($3.93 in chips) 
Seat 4: Cosmo Cesar ($3 in chips) 
Seat 5: Emercom1963 ($2.13 in chips) 
Seat 6: mosquera888 ($4.10 in chips) 
Seat 7: airdestiny ($4.33 in chips) 
Seat 8: highrolling420 ($2 in chips) 
Seat 9: shiroba89 ($1.22 in chips) 
Dorex2007: posts small blind $0.01
larry.c420: posts big blind $0.02
*** HOLE CARDS ***
Dealt to Dorex2007 [9c Td]
Cosmo Cesar: folds 
Emercom1963: folds 
mosquera888: folds 
airdestiny: raises $0.10 to $0.12
highrolling420: raises $1.88 to $2 and is all-in
Cosmo Cesar leaves the table
shiroba89: folds 
causavera: folds 
Dorex2007: folds 
larry.c420: folds 
airdestiny: folds 
Uncalled bet ($1.88) returned to highrolling420
highrolling420 collected $0.27 from pot
highrolling420: doesn't show hand 
*** SUMMARY ***
Total pot $0.27 | Rake $0 
Seat 1: causavera (button) folded before Flop (didn't bet)
Seat 2: Dorex2007 (small blind) folded before Flop
Seat 3: larry.c420 (big blind) folded before Flop
Seat 4: Cosmo Cesar folded before Flop (didn't bet)
Seat 5: Emercom1963 folded before Flop (didn't bet)
Seat 6: mosquera888 folded before Flop (didn't bet)
Seat 7: airdestiny folded before Flop
Seat 8: highrolling420 collected ($0.27)
Seat 9: shiroba89 folded before Flop (didn't bet)



PokerStars Hand #224540770056:  Hold'em No Limit ($0.01/$0.02 USD) - 2021/03/06 18:01:31 PT [2021/03/06 21:01:31 ET]
Table 'Phaedra II' 9-max Seat #2 is the button
Seat 1: causavera ($0.85 in chips) 
Seat 2: Dorex2007 ($1.45 in chips) 
Seat 3: larry.c420 ($3.91 in chips) 
Seat 6: mosquera888 ($4.10 in chips) 
Seat 7: airdestiny ($4.21 in chips) 
Seat 8: highrolling420 ($2.15 in chips) 
Seat 9: shiroba89 ($1.22 in chips) 
larry.c420: posts small blind $0.01
Emercom1963: is sitting out 
Emercom1963 leaves the table
mosquera888: posts big blind $0.02
*** HOLE CARDS ***
Dealt to Dorex2007 [4d 2d]
airdestiny: raises $0.08 to $0.10
highrolling420: folds 
shiroba89: calls $0.10
causavera: folds 
Dorex2007: folds 
larry.c420: calls $0.09
mosquera888: calls $0.08
*** FLOP *** [Ts 8h 2s]
larry.c420: checks 
mosquera888: bets $0.16
airdestiny: calls $0.16
shiroba89: folds 
larry.c420: folds 
*** TURN *** [Ts 8h 2s] [Kd]
Igor49570 joins the table at seat #4 
mosquera888: checks 
airdestiny: bets $0.42
mosquera888: raises $0.56 to $0.98
airdestiny: folds 
Uncalled bet ($0.56) returned to mosquera888
mosquera888 collected $1.51 from pot
mosquera888: doesn't show hand 
*** SUMMARY ***
Total pot $1.56 | Rake $0.05 
Board [Ts 8h 2s Kd]
Seat 1: causavera folded before Flop (didn't bet)
Seat 2: Dorex2007 (button) folded before Flop (didn't bet)
Seat 3: larry.c420 (small blind) folded on the Flop
Seat 6: mosquera888 (big blind) collected ($1.51)
Seat 7: airdestiny folded on the Turn
Seat 8: highrolling420 folded before Flop (didn't bet)
Seat 9: shiroba89 folded on the Flop



PokerStars Hand #224540795592:  Hold'em No Limit ($0.01/$0.02 USD) - 2021/03/06 18:02:38 PT [2021/03/06 21:02:38 ET]
Table 'Phaedra II' 9-max Seat #3 is the button
Seat 1: causavera ($0.85 in chips) 
Seat 2: Dorex2007 ($1.45 in chips) 
Seat 3: larry.c420 ($3.81 in chips) 
Seat 6: mosquera888 ($4.93 in chips) 
Seat 7: airdestiny ($3.53 in chips) 
Seat 8: highrolling420 ($2.15 in chips) 
Seat 9: shiroba89 ($1.12 in chips) 
mosquera888: posts small blind $0.01
airdestiny: posts big blind $0.02
*** HOLE CARDS ***
Dealt to Dorex2007 [9c 4s]
highrolling420: folds 
shiroba89: folds 
causavera: folds 
Dorex2007: folds 
larry.c420: calls $0.02
Professor Bean joins the table at seat #5 
mosquera888: folds 
airdestiny: checks 
*** FLOP *** [Tc 3c Qc]
airdestiny: checks 
larry.c420: bets $0.08
airdestiny: folds 
Uncalled bet ($0.08) returned to larry.c420
larry.c420 collected $0.05 from pot
larry.c420: doesn't show hand 
*** SUMMARY ***
Total pot $0.05 | Rake $0 
Board [Tc 3c Qc]
Seat 1: causavera folded before Flop (didn't bet)
Seat 2: Dorex2007 folded before Flop (didn't bet)
Seat 3: larry.c420 (button) collected ($0.05)
Seat 6: mosquera888 (small blind) folded before Flop
Seat 7: airdestiny (big blind) folded on the Flop
Seat 8: highrolling420 folded before Flop (didn't bet)
Seat 9: shiroba89 folded before Flop (didn't bet)



PokerStars Hand #224540805426:  Hold'em No Limit ($0.01/$0.02 USD) - 2021/03/06 18:03:04 PT [2021/03/06 21:03:04 ET]
Table 'Phaedra II' 9-max Seat #6 is the button
Seat 1: causavera ($0.85 in chips) 
Seat 2: Dorex2007 ($1.45 in chips) 
Seat 3: larry.c420 ($3.84 in chips) 
Seat 6: mosquera888 ($4.92 in chips) 
Seat 7: airdestiny ($3.51 in chips) 
Seat 8: highrolling420 ($2.15 in chips) 
Seat 9: shiroba89 ($1.12 in chips) 
airdestiny: posts small blind $0.01
highrolling420: posts big blind $0.02
Igor49570: sits out 
Professor Bean: sits out 
*** HOLE CARDS ***
Dealt to Dorex2007 [Jh Ks]
shiroba89: folds 
shiroba89 leaves the table
causavera: raises $0.06 to $0.08
Dorex2007: folds 
larry.c420: calls $0.08
nagaElf joins the table at seat #9 
mosquera888: folds 
airdestiny: folds 
highrolling420: folds 
*** FLOP *** [9s Tc 3s]
causavera: checks 
larry.c420: checks 
*** TURN *** [9s Tc 3s] [6h]
causavera: checks 
larry.c420: checks 
*** RIVER *** [9s Tc 3s 6h] [Qh]
causavera: checks 
larry.c420: bets $0.04
causavera: folds 
Uncalled bet ($0.04) returned to larry.c420
larry.c420 collected $0.18 from pot
larry.c420: doesn't show hand 
*** SUMMARY ***
Total pot $0.19 | Rake $0.01 
Board [9s Tc 3s 6h Qh]
Seat 1: causavera folded on the River
Seat 2: Dorex2007 folded before Flop (didn't bet)
Seat 3: larry.c420 collected ($0.18)
Seat 6: mosquera888 (button) folded before Flop (didn't bet)
Seat 7: airdestiny (small blind) folded before Flop
Seat 8: highrolling420 (big blind) folded before Flop
Seat 9: shiroba89 folded before Flop (didn't bet)



PokerStars Hand #224540827436:  Hold'em No Limit ($0.01/$0.02 USD) - 2021/03/06 18:04:03 PT [2021/03/06 21:04:03 ET]
Table 'Phaedra II' 9-max Seat #7 is the button
Seat 1: causavera ($0.77 in chips) 
Seat 2: Dorex2007 ($1.45 in chips) 
Seat 3: larry.c420 ($3.94 in chips) 
Seat 5: Professor Bean ($2 in chips) 
Seat 6: mosquera888 ($4.92 in chips) 
Seat 7: airdestiny ($3.50 in chips) 
Seat 8: highrolling420 ($2.13 in chips) 
Seat 9: nagaElf ($5.13 in chips) 
highrolling420: posts small blind $0.01
nagaElf: posts big blind $0.02
Igor49570: sits out 
Professor Bean: posts big blind $0.02
*** HOLE CARDS ***
Dealt to Dorex2007 [5s 7h]
causavera: raises $0.06 to $0.08
Dorex2007: folds 
larry.c420: folds 
Professor Bean: calls $0.06
mosquera888: folds 
airdestiny: folds 
highrolling420: folds 
nagaElf: folds 
*** FLOP *** [7c 3c 6s]
causavera: checks 
Professor Bean: checks 
*** TURN *** [7c 3c 6s] [6d]
causavera: checks 
Professor Bean: checks 
*** RIVER *** [7c 3c 6s 6d] [4c]
causavera: bets $0.10
Professor Bean: folds 
Uncalled bet ($0.10) returned to causavera
causavera collected $0.18 from pot
causavera: doesn't show hand 
*** SUMMARY ***
Total pot $0.19 | Rake $0.01 
Board [7c 3c 6s 6d 4c]
Seat 1: causavera collected ($0.18)
Seat 2: Dorex2007 folded before Flop (didn't bet)
Seat 3: larry.c420 folded before Flop (didn't bet)
Seat 5: Professor Bean folded on the River
Seat 6: mosquera888 folded before Flop (didn't bet)
Seat 7: airdestiny (button) folded before Flop (didn't bet)
Seat 8: highrolling420 (small blind) folded before Flop
Seat 9: nagaElf (big blind) folded before Flop



PokerStars Hand #224540861791:  Hold'em No Limit ($0.01/$0.02 USD) - 2021/03/06 18:04:58 PT [2021/03/06 21:04:58 ET]
Table 'Phaedra II' 9-max Seat #8 is the button
Seat 1: causavera ($0.87 in chips) 
Seat 2: Dorex2007 ($1.45 in chips) 
Seat 3: larry.c420 ($3.94 in chips) 
Seat 5: Professor Bean ($1.92 in chips) 
Seat 6: mosquera888 ($4.92 in chips) 
Seat 7: airdestiny ($3.50 in chips) 
Seat 8: highrolling420 ($2.12 in chips) 
Seat 9: nagaElf ($5.11 in chips) 
nagaElf: posts small blind $0.01
causavera: posts big blind $0.02
Igor49570: sits out 
*** HOLE CARDS ***
Dealt to Dorex2007 [4s Jh]
Dorex2007: folds 
larry.c420: calls $0.02
Professor Bean: folds 
mosquera888: folds 
airdestiny: folds 
highrolling420: folds 
nagaElf: folds 
causavera: checks 
*** FLOP *** [Kd Th Qd]
causavera: checks 
larry.c420: checks 
*** TURN *** [Kd Th Qd] [Ts]
causavera: bets $0.04
larry.c420: folds 
Uncalled bet ($0.04) returned to causavera
causavera collected $0.05 from pot
causavera: doesn't show hand 
*** SUMMARY ***
Total pot $0.05 | Rake $0 
Board [Kd Th Qd Ts]
Seat 1: causavera (big blind) collected ($0.05)
Seat 2: Dorex2007 folded before Flop (didn't bet)
Seat 3: larry.c420 folded on the Turn
Seat 5: Professor Bean folded before Flop (didn't bet)
Seat 6: mosquera888 folded before Flop (didn't bet)
Seat 7: airdestiny folded before Flop (didn't bet)
Seat 8: highrolling420 (button) folded before Flop (didn't bet)
Seat 9: nagaElf (small blind) folded before Flop



PokerStars Hand #224540876823:  Hold'em No Limit ($0.01/$0.02 USD) - 2021/03/06 18:05:39 PT [2021/03/06 21:05:39 ET]
Table 'Phaedra II' 9-max Seat #9 is the button
Seat 1: causavera ($0.90 in chips) 
Seat 2: Dorex2007 ($1.45 in chips) 
Seat 3: larry.c420 ($3.92 in chips) 
Seat 5: Professor Bean ($1.92 in chips) 
Seat 6: mosquera888 ($4.92 in chips) 
Seat 7: airdestiny ($3.50 in chips) 
Seat 8: highrolling420 ($2.12 in chips) 
Seat 9: nagaElf ($5.10 in chips) 
causavera: posts small blind $0.01
Dorex2007: posts big blind $0.02
Igor49570: sits out 
*** HOLE CARDS ***
Dealt to Dorex2007 [3c Qh]
larry.c420: calls $0.02
Professor Bean: raises $0.04 to $0.06
mosquera888: folds 
airdestiny: folds 
highrolling420: folds 
nagaElf: folds 
causavera: folds 
Dorex2007: folds 
larry.c420: calls $0.04
*** FLOP *** [6h 2s 9h]
larry.c420: checks 
Professor Bean: bets $0.07
larry.c420: folds 
Uncalled bet ($0.07) returned to Professor Bean
Professor Bean collected $0.14 from pot
Professor Bean: doesn't show hand 
*** SUMMARY ***
Total pot $0.15 | Rake $0.01 
Board [6h 2s 9h]
Seat 1: causavera (small blind) folded before Flop
Seat 2: Dorex2007 (big blind) folded before Flop
Seat 3: larry.c420 folded on the Flop
Seat 5: Professor Bean collected ($0.14)
Seat 6: mosquera888 folded before Flop (didn't bet)
Seat 7: airdestiny folded before Flop (didn't bet)
Seat 8: highrolling420 folded before Flop (didn't bet)
Seat 9: nagaElf (button) folded before Flop (didn't bet)



PokerStars Hand #224540888955:  Hold'em No Limit ($0.01/$0.02 USD) - 2021/03/06 18:06:12 PT [2021/03/06 21:06:12 ET]
Table 'Phaedra II' 9-max Seat #1 is the button
Seat 1: causavera ($0.89 in chips) 
Seat 2: Dorex2007 ($1.98 in chips) 
Seat 3: larry.c420 ($3.86 in chips) 
Seat 5: Professor Bean ($2 in chips) 
Seat 6: mosquera888 ($4.92 in chips) 
Seat 7: airdestiny ($3.50 in chips) 
Seat 8: highrolling420 ($2.12 in chips) 
Seat 9: nagaElf ($5.10 in chips) 
Dorex2007: posts small blind $0.01
larry.c420: posts big blind $0.02
*** HOLE CARDS ***
Dealt to Dorex2007 [Qd 9h]
Professor Bean: folds 
mosquera888: folds 
airdestiny: folds 
highrolling420: folds 
nagaElf: folds 
causavera: folds 
Dorex2007: calls $0.01
larry.c420: checks 
*** FLOP *** [4h 3s 2s]
Dorex2007: checks 
larry.c420: checks 
*** TURN *** [4h 3s 2s] [8c]
Dorex2007: checks 
larry.c420: checks 
*** RIVER *** [4h 3s 2s 8c] [Jd]
Dorex2007: checks 
larry.c420: bets $0.04
Dorex2007: folds 
Uncalled bet ($0.04) returned to larry.c420
larry.c420 collected $0.04 from pot
larry.c420: doesn't show hand 
*** SUMMARY ***
Total pot $0.04 | Rake $0 
Board [4h 3s 2s 8c Jd]
Seat 1: causavera (button) folded before Flop (didn't bet)
Seat 2: Dorex2007 (small blind) folded on the River
Seat 3: larry.c420 (big blind) collected ($0.04)
Seat 5: Professor Bean folded before Flop (didn't bet)
Seat 6: mosquera888 folded before Flop (didn't bet)
Seat 7: airdestiny folded before Flop (didn't bet)
Seat 8: highrolling420 folded before Flop (didn't bet)
Seat 9: nagaElf folded before Flop (didn't bet)



PokerStars Hand #224540903885:  Hold'em No Limit ($0.01/$0.02 USD) - 2021/03/06 18:06:54 PT [2021/03/06 21:06:54 ET]
Table 'Phaedra II' 9-max Seat #2 is the button
Seat 1: causavera ($0.89 in chips) 
Seat 2: Dorex2007 ($1.96 in chips) 
Seat 3: larry.c420 ($3.88 in chips) 
Seat 5: Professor Bean ($2 in chips) 
Seat 6: mosquera888 ($4.92 in chips) 
Seat 7: airdestiny ($3.50 in chips) 
Seat 8: highrolling420 ($2.12 in chips) 
Seat 9: nagaElf ($5.10 in chips) 
larry.c420: posts small blind $0.01
Professor Bean: posts big blind $0.02
*** HOLE CARDS ***
Dealt to Dorex2007 [Tc Jd]
mosquera888: folds 
airdestiny: folds 
highrolling420: folds 
nagaElf: folds 
causavera: raises $0.04 to $0.06
Dorex2007: calls $0.06
larry.c420: folds 
Professor Bean: calls $0.04
*** FLOP *** [7d 2d 9s]
Professor Bean: checks 
causavera: checks 
Dorex2007: checks 
*** TURN *** [7d 2d 9s] [6d]
Professor Bean: bets $0.09
causavera: folds 
Dorex2007: folds 
Uncalled bet ($0.09) returned to Professor Bean
Professor Bean collected $0.18 from pot
Professor Bean: doesn't show hand 
*** SUMMARY ***
Total pot $0.19 | Rake $0.01 
Board [7d 2d 9s 6d]
Seat 1: causavera folded on the Turn
Seat 2: Dorex2007 (button) folded on the Turn
Seat 3: larry.c420 (small blind) folded before Flop
Seat 5: Professor Bean (big blind) collected ($0.18)
Seat 6: mosquera888 folded before Flop (didn't bet)
Seat 7: airdestiny folded before Flop (didn't bet)
Seat 8: highrolling420 folded before Flop (didn't bet)
Seat 9: nagaElf folded before Flop (didn't bet)



PokerStars Hand #224540930007:  Hold'em No Limit ($0.01/$0.02 USD) - 2021/03/06 18:08:05 PT [2021/03/06 21:08:05 ET]
Table 'Phaedra II' 9-max Seat #3 is the button
Seat 1: causavera ($0.83 in chips) 
Seat 2: Dorex2007 ($1.90 in chips) 
Seat 3: larry.c420 ($3.87 in chips) 
Seat 5: Professor Bean ($2.12 in chips) 
Seat 6: mosquera888 ($4.92 in chips) 
Seat 7: airdestiny ($3.50 in chips) 
Seat 8: highrolling420 ($2.12 in chips) 
Seat 9: nagaElf ($5.10 in chips) 
Professor Bean: posts small blind $0.01
mosquera888: posts big blind $0.02
*** HOLE CARDS ***
Dealt to Dorex2007 [7h 8s]
airdestiny: folds 
highrolling420: folds 
nagaElf: raises $0.06 to $0.08
causavera: folds 
Dorex2007: folds 
larry.c420: calls $0.08
Professor Bean: folds 
mosquera888: folds 
*** FLOP *** [3s Jc 3h]
nagaElf: checks 
larry.c420: checks 
*** TURN *** [3s Jc 3h] [Ac]
nagaElf: bets $0.10
larry.c420: folds 
Uncalled bet ($0.10) returned to nagaElf
nagaElf collected $0.18 from pot
nagaElf: doesn't show hand 
*** SUMMARY ***
Total pot $0.19 | Rake $0.01 
Board [3s Jc 3h Ac]
Seat 1: causavera folded before Flop (didn't bet)
Seat 2: Dorex2007 folded before Flop (didn't bet)
Seat 3: larry.c420 (button) folded on the Turn
Seat 5: Professor Bean (small blind) folded before Flop
Seat 6: mosquera888 (big blind) folded before Flop
Seat 7: airdestiny folded before Flop (didn't bet)
Seat 8: highrolling420 folded before Flop (didn't bet)
Seat 9: nagaElf collected ($0.18)



PokerStars Hand #224540948313:  Hold'em No Limit ($0.01/$0.02 USD) - 2021/03/06 18:08:56 PT [2021/03/06 21:08:56 ET]
Table 'Phaedra II' 9-max Seat #5 is the button
Seat 1: causavera ($0.83 in chips) 
Seat 2: Dorex2007 ($1.90 in chips) 
Seat 3: larry.c420 ($3.79 in chips) 
Seat 5: Professor Bean ($2.11 in chips) 
Seat 6: mosquera888 ($4.90 in chips) 
Seat 7: airdestiny ($3.50 in chips) 
Seat 8: highrolling420 ($2.12 in chips) 
Seat 9: nagaElf ($5.20 in chips) 
mosquera888: posts small blind $0.01
airdestiny: posts big blind $0.02
*** HOLE CARDS ***
Dealt to Dorex2007 [4h Kc]
highrolling420: folds 
nagaElf: raises $0.04 to $0.06
causavera: folds 
Dorex2007: folds 
larry.c420: calls $0.06
Professor Bean: folds 
mosquera888: folds 
airdestiny: folds 
*** FLOP *** [6h 6s Jh]
nagaElf: bets $0.08
larry.c420: folds 
Uncalled bet ($0.08) returned to nagaElf
nagaElf collected $0.14 from pot
nagaElf: doesn't show hand 
*** SUMMARY ***
Total pot $0.15 | Rake $0.01 
Board [6h 6s Jh]
Seat 1: causavera folded before Flop (didn't bet)
Seat 2: Dorex2007 folded before Flop (didn't bet)
Seat 3: larry.c420 folded on the Flop
Seat 5: Professor Bean (button) folded before Flop (didn't bet)
Seat 6: mosquera888 (small blind) folded before Flop
Seat 7: airdestiny (big blind) folded before Flop
Seat 8: highrolling420 folded before Flop (didn't bet)
Seat 9: nagaElf collected ($0.14)



PokerStars Hand #224540963720:  Hold'em No Limit ($0.01/$0.02 USD) - 2021/03/06 18:09:30 PT [2021/03/06 21:09:30 ET]
Table 'Phaedra II' 9-max Seat #6 is the button
Seat 1: causavera ($0.83 in chips) 
Seat 2: Dorex2007 ($1.90 in chips) 
Seat 3: larry.c420 ($3.73 in chips) 
Seat 5: Professor Bean ($2.11 in chips) 
Seat 6: mosquera888 ($4.89 in chips) 
Seat 7: airdestiny ($3.48 in chips) 
Seat 8: highrolling420 ($2.12 in chips) 
Seat 9: nagaElf ($5.28 in chips) 
airdestiny: posts small blind $0.01
highrolling420: posts big blind $0.02
Igor49570: sits out 
*** HOLE CARDS ***
Dealt to Dorex2007 [Th 3h]
nagaElf: folds 
causavera: calls $0.02
Dorex2007: folds 
larry.c420: calls $0.02
Professor Bean: folds 
mosquera888: folds 
airdestiny: folds 
highrolling420: checks 
*** FLOP *** [Tc Kh Js]
highrolling420: checks 
causavera: checks 
larry.c420: folds 
*** TURN *** [Tc Kh Js] [Ah]
larry.c420 leaves the table
highrolling420: checks 
causavera: checks 
*** RIVER *** [Tc Kh Js Ah] [2c]
highrolling420: checks 
causavera: bets $0.04
highrolling420: folds 
Uncalled bet ($0.04) returned to causavera
causavera collected $0.07 from pot
causavera: doesn't show hand 
*** SUMMARY ***
Total pot $0.07 | Rake $0 
Board [Tc Kh Js Ah 2c]
Seat 1: causavera collected ($0.07)
Seat 2: Dorex2007 folded before Flop (didn't bet)
Seat 3: larry.c420 folded on the Flop
Seat 5: Professor Bean folded before Flop (didn't bet)
Seat 6: mosquera888 (button) folded before Flop (didn't bet)
Seat 7: airdestiny (small blind) folded before Flop
Seat 8: highrolling420 (big blind) folded on the River
Seat 9: nagaElf folded before Flop (didn't bet)



PokerStars Hand #224540991361:  Hold'em No Limit ($0.01/$0.02 USD) - 2021/03/06 18:10:47 PT [2021/03/06 21:10:47 ET]
Table 'Phaedra II' 9-max Seat #7 is the button
Seat 1: causavera ($0.88 in chips) 
Seat 2: Dorex2007 ($1.90 in chips) 
Seat 5: Professor Bean ($2.11 in chips) 
Seat 6: mosquera888 ($4.89 in chips) 
Seat 7: airdestiny ($3.47 in chips) 
Seat 8: highrolling420 ($2.10 in chips) 
Seat 9: nagaElf ($5.28 in chips) 
highrolling420: posts small blind $0.01
nagaElf: posts big blind $0.02
Igor49570: sits out 
*** HOLE CARDS ***
Dealt to Dorex2007 [6h 3c]
causavera: folds 
Dorex2007 has timed out
Dorex2007: folds 
Professor Bean: folds 
mosquera888: folds 
airdestiny: raises $0.06 to $0.08
highrolling420: folds 
nagaElf: folds 
Uncalled bet ($0.06) returned to airdestiny
airdestiny collected $0.05 from pot
airdestiny: doesn't show hand 
*** SUMMARY ***
Total pot $0.05 | Rake $0 
Seat 1: causavera folded before Flop (didn't bet)
Seat 2: Dorex2007 folded before Flop (didn't bet)
Seat 5: Professor Bean folded before Flop (didn't bet)
Seat 6: mosquera888 folded before Flop (didn't bet)
Seat 7: airdestiny (button) collected ($0.05)
Seat 8: highrolling420 (small blind) folded before Flop
Seat 9: nagaElf (big blind) folded before Flop



PokerStars Hand #224541005062:  Hold'em No Limit ($0.01/$0.02 USD) - 2021/03/06 18:11:25 PT [2021/03/06 21:11:25 ET]
Table 'Phaedra II' 9-max Seat #8 is the button
Seat 1: causavera ($0.88 in chips) 
Seat 2: Dorex2007 ($1.90 in chips) 
Seat 5: Professor Bean ($2.11 in chips) 
Seat 6: mosquera888 ($4.89 in chips) 
Seat 7: airdestiny ($3.50 in chips) 
Seat 8: highrolling420 ($2.09 in chips) 
Seat 9: nagaElf ($5.26 in chips) 
nagaElf: posts small blind $0.01
causavera: posts big blind $0.02
Igor49570: sits out 
*** HOLE CARDS ***
Dealt to Dorex2007 [4s 8s]
Lars137 joins the table at seat #3 
Dorex2007: folds 
Professor Bean: folds 
mosquera888: folds 
airdestiny: folds 
highrolling420: raises $0.03 to $0.05
nagaElf: folds 
causavera: folds 
Uncalled bet ($0.03) returned to highrolling420
highrolling420 collected $0.05 from pot
highrolling420: doesn't show hand 
*** SUMMARY ***
Total pot $0.05 | Rake $0 
Seat 1: causavera (big blind) folded before Flop
Seat 2: Dorex2007 folded before Flop (didn't bet)
Seat 5: Professor Bean folded before Flop (didn't bet)
Seat 6: mosquera888 folded before Flop (didn't bet)
Seat 7: airdestiny folded before Flop (didn't bet)
Seat 8: highrolling420 (button) collected ($0.05)
Seat 9: nagaElf (small blind) folded before Flop



PokerStars Hand #224541013413:  Hold'em No Limit ($0.01/$0.02 USD) - 2021/03/06 18:11:48 PT [2021/03/06 21:11:48 ET]
Table 'Phaedra II' 9-max Seat #9 is the button
Seat 1: causavera ($0.86 in chips) 
Seat 2: Dorex2007 ($1.90 in chips) 
Seat 3: Lars137 ($1.95 in chips) 
Seat 5: Professor Bean ($2.11 in chips) 
Seat 6: mosquera888 ($4.89 in chips) 
Seat 7: airdestiny ($3.50 in chips) 
Seat 8: highrolling420 ($2.12 in chips) 
Seat 9: nagaElf ($5.25 in chips) 
causavera: posts small blind $0.01
Dorex2007: posts big blind $0.02
Lars137: posts big blind $0.02
Igor49570: sits out 
*** HOLE CARDS ***
Dealt to Dorex2007 [Jh 7c]
Lars137: checks 
Professor Bean: folds 
mosquera888: folds 
airdestiny: raises $0.08 to $0.10
highrolling420: folds 
nagaElf: folds 
causavera: raises $0.08 to $0.18
Dorex2007: folds 
Lars137: folds 
airdestiny: folds 
Uncalled bet ($0.08) returned to causavera
causavera collected $0.24 from pot
causavera: doesn't show hand 
*** SUMMARY ***
Total pot $0.24 | Rake $0 
Seat 1: causavera (small blind) collected ($0.24)
Seat 2: Dorex2007 (big blind) folded before Flop
Seat 3: Lars137 folded before Flop (didn't bet)
Seat 5: Professor Bean folded before Flop (didn't bet)
Seat 6: mosquera888 folded before Flop (didn't bet)
Seat 7: airdestiny folded before Flop
Seat 8: highrolling420 folded before Flop (didn't bet)
Seat 9: nagaElf (button) folded before Flop (didn't bet)



PokerStars Hand #224541023661:  Hold'em No Limit ($0.01/$0.02 USD) - 2021/03/06 18:12:17 PT [2021/03/06 21:12:17 ET]
Table 'Phaedra II' 9-max Seat #1 is the button
Seat 1: causavera ($1 in chips) 
Seat 2: Dorex2007 ($1.88 in chips) 
Seat 3: Lars137 ($1.93 in chips) 
Seat 5: Professor Bean ($2.11 in chips) 
Seat 6: mosquera888 ($4.89 in chips) 
Seat 7: airdestiny ($3.40 in chips) 
Seat 8: highrolling420 ($2.12 in chips) 
Seat 9: nagaElf ($5.25 in chips) 
Dorex2007: posts small blind $0.01
Lars137: posts big blind $0.02
Igor49570: sits out 
*** HOLE CARDS ***
Dealt to Dorex2007 [6c 9s]
Professor Bean: folds 
mosquera888: folds 
airdestiny: raises $0.06 to $0.08
highrolling420: folds 
nagaElf: folds 
causavera: calls $0.08
Dorex2007: folds 
Lars137: calls $0.06
*** FLOP *** [Ts 2d 5d]
Lars137: checks 
airdestiny: bets $0.18
causavera: folds 
Lars137: folds 
Uncalled bet ($0.18) returned to airdestiny
airdestiny collected $0.24 from pot
airdestiny: doesn't show hand 
*** SUMMARY ***
Total pot $0.25 | Rake $0.01 
Board [Ts 2d 5d]
Seat 1: causavera (button) folded on the Flop
Seat 2: Dorex2007 (small blind) folded before Flop
Seat 3: Lars137 (big blind) folded on the Flop
Seat 5: Professor Bean folded before Flop (didn't bet)
Seat 6: mosquera888 folded before Flop (didn't bet)
Seat 7: airdestiny collected ($0.24)
Seat 8: highrolling420 folded before Flop (didn't bet)
Seat 9: nagaElf folded before Flop (didn't bet)



PokerStars Hand #224541045336:  Hold'em No Limit ($0.01/$0.02 USD) - 2021/03/06 18:13:17 PT [2021/03/06 21:13:17 ET]
Table 'Phaedra II' 9-max Seat #2 is the button
Seat 1: causavera ($0.92 in chips) 
Seat 2: Dorex2007 ($1.87 in chips) 
Seat 3: Lars137 ($1.85 in chips) 
Seat 4: Igor49570 ($1.60 in chips) 
Seat 5: Professor Bean ($2.11 in chips) 
Seat 6: mosquera888 ($4.89 in chips) 
Seat 7: airdestiny ($3.56 in chips) 
Seat 8: highrolling420 ($2.12 in chips) 
Seat 9: nagaElf ($5.25 in chips) 
Lars137: posts small blind $0.01
Igor49570: posts big blind $0.02
*** HOLE CARDS ***
Dealt to Dorex2007 [Td 5s]
Professor Bean: folds 
mosquera888: folds 
airdestiny: folds 
highrolling420: folds 
nagaElf: folds 
causavera: raises $0.06 to $0.08
Dorex2007: folds 
Lars137: folds 
Igor49570: folds 
Uncalled bet ($0.06) returned to causavera
causavera collected $0.05 from pot
causavera: doesn't show hand 
*** SUMMARY ***
Total pot $0.05 | Rake $0 
Seat 1: causavera collected ($0.05)
Seat 2: Dorex2007 (button) folded before Flop (didn't bet)
Seat 3: Lars137 (small blind) folded before Flop
Seat 4: Igor49570 (big blind) folded before Flop
Seat 5: Professor Bean folded before Flop (didn't bet)
Seat 6: mosquera888 folded before Flop (didn't bet)
Seat 7: airdestiny folded before Flop (didn't bet)
Seat 8: highrolling420 folded before Flop (didn't bet)
Seat 9: nagaElf folded before Flop (didn't bet)



PokerStars Hand #224541057259:  Hold'em No Limit ($0.01/$0.02 USD) - 2021/03/06 18:13:50 PT [2021/03/06 21:13:50 ET]
Table 'Phaedra II' 9-max Seat #3 is the button
Seat 1: causavera ($0.95 in chips) 
Seat 2: Dorex2007 ($1.87 in chips) 
Seat 3: Lars137 ($1.84 in chips) 
Seat 4: Igor49570 ($1.58 in chips) 
Seat 5: Professor Bean ($2.11 in chips) 
Seat 6: mosquera888 ($4.89 in chips) 
Seat 7: airdestiny ($3.56 in chips) 
Seat 8: highrolling420 ($2.12 in chips) 
Seat 9: nagaElf ($5.25 in chips) 
Igor49570: posts small blind $0.01
Professor Bean: posts big blind $0.02
*** HOLE CARDS ***
Dealt to Dorex2007 [Th 6h]
mosquera888 has timed out
mosquera888: folds 
airdestiny: folds 
highrolling420: folds 
nagaElf: folds 
causavera: folds 
Dorex2007: folds 
Lars137: folds 
Igor49570: raises $0.04 to $0.06
Professor Bean: calls $0.04
*** FLOP *** [3c 3h 9h]
Igor49570: checks 
Professor Bean: bets $0.10
Igor49570: calls $0.10
*** TURN *** [3c 3h 9h] [7d]
Igor49570: checks 
Professor Bean: bets $0.16
Igor49570: folds 
Uncalled bet ($0.16) returned to Professor Bean
Professor Bean collected $0.31 from pot
Professor Bean: doesn't show hand 
*** SUMMARY ***
Total pot $0.32 | Rake $0.01 
Board [3c 3h 9h 7d]
Seat 1: causavera folded before Flop (didn't bet)
Seat 2: Dorex2007 folded before Flop (didn't bet)
Seat 3: Lars137 (button) folded before Flop (didn't bet)
Seat 4: Igor49570 (small blind) folded on the Turn
Seat 5: Professor Bean (big blind) collected ($0.31)
Seat 6: mosquera888 folded before Flop (didn't bet)
Seat 7: airdestiny folded before Flop (didn't bet)
Seat 8: highrolling420 folded before Flop (didn't bet)
Seat 9: nagaElf folded before Flop (didn't bet)



PokerStars Hand #224541083162:  Hold'em No Limit ($0.01/$0.02 USD) - 2021/03/06 18:14:51 PT [2021/03/06 21:14:51 ET]
Table 'Phaedra II' 9-max Seat #4 is the button
Seat 1: causavera ($0.95 in chips) 
Seat 2: Dorex2007 ($1.87 in chips) 
Seat 3: Lars137 ($1.84 in chips) 
Seat 4: Igor49570 ($1.42 in chips) 
Seat 5: Professor Bean ($2.26 in chips) 
Seat 6: mosquera888 ($4.89 in chips) 
Seat 7: airdestiny ($3.56 in chips) 
Seat 8: highrolling420 ($2.12 in chips) 
Seat 9: nagaElf ($5.25 in chips) 
Professor Bean: posts small blind $0.01
mosquera888: posts big blind $0.02
*** HOLE CARDS ***
Dealt to Dorex2007 [9s 4c]
airdestiny has timed out
airdestiny: folds 
highrolling420: raises $0.04 to $0.06
nagaElf: folds 
causavera: folds 
Dorex2007: folds 
Lars137: folds 
Igor49570: folds 
Professor Bean: calls $0.05
mosquera888: folds 
*** FLOP *** [Kd 7s 6h]
Professor Bean: checks 
highrolling420: bets $0.05
Professor Bean: folds 
Uncalled bet ($0.05) returned to highrolling420
highrolling420 collected $0.14 from pot
highrolling420: doesn't show hand 
*** SUMMARY ***
Total pot $0.14 | Rake $0 
Board [Kd 7s 6h]
Seat 1: causavera folded before Flop (didn't bet)
Seat 2: Dorex2007 folded before Flop (didn't bet)
Seat 3: Lars137 folded before Flop (didn't bet)
Seat 4: Igor49570 (button) folded before Flop (didn't bet)
Seat 5: Professor Bean (small blind) folded on the Flop
Seat 6: mosquera888 (big blind) folded before Flop
Seat 7: airdestiny folded before Flop (didn't bet)
Seat 8: highrolling420 collected ($0.14)
Seat 9: nagaElf folded before Flop (didn't bet)



PokerStars Hand #224541100136:  Hold'em No Limit ($0.01/$0.02 USD) - 2021/03/06 18:15:38 PT [2021/03/06 21:15:38 ET]
Table 'Phaedra II' 9-max Seat #5 is the button
Seat 1: causavera ($0.95 in chips) 
Seat 2: Dorex2007 ($1.87 in chips) 
Seat 3: Lars137 ($1.84 in chips) 
Seat 4: Igor49570 ($1.42 in chips) 
Seat 5: Professor Bean ($2.20 in chips) 
Seat 6: mosquera888 ($4.87 in chips) 
Seat 7: airdestiny ($3.56 in chips) 
Seat 8: highrolling420 ($2.20 in chips) 
Seat 9: nagaElf ($5.25 in chips) 
mosquera888: posts small blind $0.01
airdestiny: posts big blind $0.02
*** HOLE CARDS ***
Dealt to Dorex2007 [4s Ac]
highrolling420: folds 
nagaElf: raises $0.06 to $0.08
causavera: folds 
Dorex2007: folds 
Lars137: folds 
Igor49570: folds 
Professor Bean: folds 
mosquera888: folds 
airdestiny: folds 
Uncalled bet ($0.06) returned to nagaElf
nagaElf collected $0.05 from pot
nagaElf: doesn't show hand 
*** SUMMARY ***
Total pot $0.05 | Rake $0 
Seat 1: causavera folded before Flop (didn't bet)
Seat 2: Dorex2007 folded before Flop (didn't bet)
Seat 3: Lars137 folded before Flop (didn't bet)
Seat 4: Igor49570 folded before Flop (didn't bet)
Seat 5: Professor Bean (button) folded before Flop (didn't bet)
Seat 6: mosquera888 (small blind) folded before Flop
Seat 7: airdestiny (big blind) folded before Flop
Seat 8: highrolling420 folded before Flop (didn't bet)
Seat 9: nagaElf collected ($0.05)



PokerStars Hand #224541110266:  Hold'em No Limit ($0.01/$0.02 USD) - 2021/03/06 18:16:06 PT [2021/03/06 21:16:06 ET]
Table 'Phaedra II' 9-max Seat #6 is the button
Seat 1: causavera ($0.95 in chips) 
Seat 2: Dorex2007 ($1.87 in chips) 
Seat 3: Lars137 ($1.84 in chips) 
Seat 4: Igor49570 ($1.42 in chips) 
Seat 5: Professor Bean ($2.20 in chips) 
Seat 6: mosquera888 ($4.86 in chips) 
Seat 7: airdestiny ($3.54 in chips) 
Seat 8: highrolling420 ($2.20 in chips) 
Seat 9: nagaElf ($5.28 in chips) 
airdestiny: posts small blind $0.01
highrolling420: posts big blind $0.02
*** HOLE CARDS ***
Dealt to Dorex2007 [Kc 6h]
nagaElf: folds 
causavera: raises $0.08 to $0.10
Dorex2007: folds 
Lars137: folds 
Igor49570: folds 
Professor Bean has timed out
Professor Bean: folds 
mosquera888: folds 
airdestiny: folds 
highrolling420: folds 
Uncalled bet ($0.08) returned to causavera
causavera collected $0.05 from pot
causavera: doesn't show hand 
*** SUMMARY ***
Total pot $0.05 | Rake $0 
Seat 1: causavera collected ($0.05)
Seat 2: Dorex2007 folded before Flop (didn't bet)
Seat 3: Lars137 folded before Flop (didn't bet)
Seat 4: Igor49570 folded before Flop (didn't bet)
Seat 5: Professor Bean folded before Flop (didn't bet)
Seat 6: mosquera888 (button) folded before Flop (didn't bet)
Seat 7: airdestiny (small blind) folded before Flop
Seat 8: highrolling420 (big blind) folded before Flop
Seat 9: nagaElf folded before Flop (didn't bet)



PokerStars Hand #224541134031:  Hold'em No Limit ($0.01/$0.02 USD) - 2021/03/06 18:16:54 PT [2021/03/06 21:16:54 ET]
Table 'Phaedra II' 9-max Seat #7 is the button
Seat 1: causavera ($0.98 in chips) 
Seat 2: Dorex2007 ($1.87 in chips) 
Seat 3: Lars137 ($1.84 in chips) 
Seat 4: Igor49570 ($1.42 in chips) 
Seat 6: mosquera888 ($4.86 in chips) 
Seat 7: airdestiny ($3.53 in chips) 
Seat 8: highrolling420 ($2.18 in chips) 
Seat 9: nagaElf ($5.28 in chips) 
highrolling420: posts small blind $0.01
nagaElf: posts big blind $0.02
*** HOLE CARDS ***
Dealt to Dorex2007 [2c Qc]
causavera: folds 
Dorex2007: folds 
Lars137: raises $0.04 to $0.06
Igor49570: folds 
mosquera888: folds 
airdestiny: folds 
highrolling420: folds 
nagaElf: folds 
Uncalled bet ($0.04) returned to Lars137
Lars137 collected $0.05 from pot
Lars137: doesn't show hand 
*** SUMMARY ***
Total pot $0.05 | Rake $0 
Seat 1: causavera folded before Flop (didn't bet)
Seat 2: Dorex2007 folded before Flop (didn't bet)
Seat 3: Lars137 collected ($0.05)
Seat 4: Igor49570 folded before Flop (didn't bet)
Seat 6: mosquera888 folded before Flop (didn't bet)
Seat 7: airdestiny (button) folded before Flop (didn't bet)
Seat 8: highrolling420 (small blind) folded before Flop
Seat 9: nagaElf (big blind) folded before Flop



PokerStars Hand #224541142289:  Hold'em No Limit ($0.01/$0.02 USD) - 2021/03/06 18:17:17 PT [2021/03/06 21:17:17 ET]
Table 'Phaedra II' 9-max Seat #8 is the button
Seat 1: causavera ($0.98 in chips) 
Seat 2: Dorex2007 ($1.87 in chips) 
Seat 3: Lars137 ($1.87 in chips) 
Seat 4: Igor49570 ($1.42 in chips) 
Seat 6: mosquera888 ($4.86 in chips) 
Seat 7: airdestiny ($3.53 in chips) 
Seat 8: highrolling420 ($2.17 in chips) 
Seat 9: nagaElf ($5.26 in chips) 
nagaElf: posts small blind $0.01
causavera: posts big blind $0.02
*** HOLE CARDS ***
Dealt to Dorex2007 [4s 6c]
Dorex2007: folds 
Lars137: folds 
Igor49570: folds 
mosquera888: folds 
airdestiny: folds 
highrolling420: raises $0.03 to $0.05
nagaElf: folds 
causavera: folds 
Uncalled bet ($0.03) returned to highrolling420
highrolling420 collected $0.05 from pot
highrolling420: doesn't show hand 
*** SUMMARY ***
Total pot $0.05 | Rake $0 
Seat 1: causavera (big blind) folded before Flop
Seat 2: Dorex2007 folded before Flop (didn't bet)
Seat 3: Lars137 folded before Flop (didn't bet)
Seat 4: Igor49570 folded before Flop (didn't bet)
Seat 6: mosquera888 folded before Flop (didn't bet)
Seat 7: airdestiny folded before Flop (didn't bet)
Seat 8: highrolling420 (button) collected ($0.05)
Seat 9: nagaElf (small blind) folded before Flop



PokerStars Hand #224541152903:  Hold'em No Limit ($0.01/$0.02 USD) - 2021/03/06 18:17:46 PT [2021/03/06 21:17:46 ET]
Table 'Phaedra II' 9-max Seat #9 is the button
Seat 1: causavera ($0.96 in chips) 
Seat 2: Dorex2007 ($1.87 in chips) 
Seat 3: Lars137 ($1.87 in chips) 
Seat 4: Igor49570 ($1.42 in chips) 
Seat 6: mosquera888 ($4.86 in chips) 
Seat 7: airdestiny ($3.53 in chips) 
Seat 8: highrolling420 ($2.20 in chips) 
Seat 9: nagaElf ($5.25 in chips) 
causavera: posts small blind $0.01
Dorex2007: posts big blind $0.02
*** HOLE CARDS ***
Dealt to Dorex2007 [Jd 3d]
Lars137: calls $0.02
Igor49570: folds 
mosquera888: folds 
airdestiny: folds 
highrolling420: raises $0.08 to $0.10
nagaElf: folds 
causavera: calls $0.09
Dorex2007: folds 
Lars137: calls $0.08
*** FLOP *** [9s Ah 5s]
causavera: bets $0.22
Lars137: folds 
highrolling420: folds 
Uncalled bet ($0.22) returned to causavera
causavera collected $0.31 from pot
causavera: doesn't show hand 
*** SUMMARY ***
Total pot $0.32 | Rake $0.01 
Board [9s Ah 5s]
Seat 1: causavera (small blind) collected ($0.31)
Seat 2: Dorex2007 (big blind) folded before Flop
Seat 3: Lars137 folded on the Flop
Seat 4: Igor49570 folded before Flop (didn't bet)
Seat 6: mosquera888 folded before Flop (didn't bet)
Seat 7: airdestiny folded before Flop (didn't bet)
Seat 8: highrolling420 folded on the Flop
Seat 9: nagaElf (button) folded before Flop (didn't bet)



PokerStars Hand #224541167331:  Hold'em No Limit ($0.01/$0.02 USD) - 2021/03/06 18:18:27 PT [2021/03/06 21:18:27 ET]
Table 'Phaedra II' 9-max Seat #1 is the button
Seat 1: causavera ($1.17 in chips) 
Seat 2: Dorex2007 ($1.85 in chips) 
Seat 3: Lars137 ($1.77 in chips) 
Seat 4: Igor49570 ($1.42 in chips) 
Seat 6: mosquera888 ($4.86 in chips) 
Seat 7: airdestiny ($3.53 in chips) 
Seat 8: highrolling420 ($2.10 in chips) 
Seat 9: nagaElf ($5.25 in chips) 
Dorex2007: posts small blind $0.01
Lars137: posts big blind $0.02
*** HOLE CARDS ***
Dealt to Dorex2007 [Kc 6h]
Igor49570: folds 
mosquera888: folds 
airdestiny: folds 
highrolling420: folds 
nagaElf: folds 
causavera: folds 
Dorex2007: calls $0.01
Lars137: checks 
*** FLOP *** [Th 6s 8h]
Dorex2007: bets $0.04
Lars137: raises $0.10 to $0.14
Dorex2007: folds 
Uncalled bet ($0.10) returned to Lars137
Lars137 collected $0.12 from pot
Lars137: doesn't show hand 
*** SUMMARY ***
Total pot $0.12 | Rake $0 
Board [Th 6s 8h]
Seat 1: causavera (button) folded before Flop (didn't bet)
Seat 2: Dorex2007 (small blind) folded on the Flop
Seat 3: Lars137 (big blind) collected ($0.12)
Seat 4: Igor49570 folded before Flop (didn't bet)
Seat 6: mosquera888 folded before Flop (didn't bet)
Seat 7: airdestiny folded before Flop (didn't bet)
Seat 8: highrolling420 folded before Flop (didn't bet)
Seat 9: nagaElf folded before Flop (didn't bet)



PokerStars Hand #224541185995:  Hold'em No Limit ($0.01/$0.02 USD) - 2021/03/06 18:19:19 PT [2021/03/06 21:19:19 ET]
Table 'Phaedra II' 9-max Seat #2 is the button
Seat 1: causavera ($1.17 in chips) 
Seat 2: Dorex2007 ($1.79 in chips) 
Seat 3: Lars137 ($1.83 in chips) 
Seat 4: Igor49570 ($1.42 in chips) 
Seat 5: Professor Bean ($2.20 in chips) 
Seat 6: mosquera888 ($4.86 in chips) 
Seat 7: airdestiny ($3.53 in chips) 
Seat 8: highrolling420 ($2.10 in chips) 
Seat 9: nagaElf ($5.25 in chips) 
Lars137: posts small blind $0.01
Igor49570: posts big blind $0.02
*** HOLE CARDS ***
Dealt to Dorex2007 [Jh 3d]
Professor Bean: folds 
mosquera888: folds 
airdestiny: folds 
highrolling420: folds 
nagaElf: folds 
causavera: calls $0.02
Dorex2007: folds 
Lars137: calls $0.01
Igor49570: checks 
*** FLOP *** [4c Ad 8s]
Lars137: checks 
Igor49570: checks 
causavera: checks 
*** TURN *** [4c Ad 8s] [9c]
Lars137: checks 
Igor49570: checks 
causavera: checks 
*** RIVER *** [4c Ad 8s 9c] [3c]
Lars137: checks 
Igor49570: checks 
causavera: bets $0.08
Lars137: folds 
Igor49570: folds 
Uncalled bet ($0.08) returned to causavera
causavera collected $0.06 from pot
causavera: doesn't show hand 
*** SUMMARY ***
Total pot $0.06 | Rake $0 
Board [4c Ad 8s 9c 3c]
Seat 1: causavera collected ($0.06)
Seat 2: Dorex2007 (button) folded before Flop (didn't bet)
Seat 3: Lars137 (small blind) folded on the River
Seat 4: Igor49570 (big blind) folded on the River
Seat 5: Professor Bean folded before Flop (didn't bet)
Seat 6: mosquera888 folded before Flop (didn't bet)
Seat 7: airdestiny folded before Flop (didn't bet)
Seat 8: highrolling420 folded before Flop (didn't bet)
Seat 9: nagaElf folded before Flop (didn't bet)



PokerStars Hand #224541203947:  Hold'em No Limit ($0.01/$0.02 USD) - 2021/03/06 18:20:09 PT [2021/03/06 21:20:09 ET]
Table 'Phaedra II' 9-max Seat #3 is the button
Seat 1: causavera ($1.21 in chips) 
Seat 2: Dorex2007 ($1.79 in chips) 
Seat 3: Lars137 ($1.81 in chips) 
Seat 4: Igor49570 ($1.40 in chips) 
Seat 5: Professor Bean ($2.20 in chips) 
Seat 6: mosquera888 ($4.86 in chips) 
Seat 7: airdestiny ($3.53 in chips) 
Seat 8: highrolling420 ($2.10 in chips) 
Seat 9: nagaElf ($5.25 in chips) 
Igor49570: posts small blind $0.01
Professor Bean: posts big blind $0.02
*** HOLE CARDS ***
Dealt to Dorex2007 [8c 6h]
mosquera888: folds 
airdestiny: folds 
highrolling420: raises $0.04 to $0.06
nagaElf: calls $0.06
causavera: folds 
Dorex2007: folds 
Lars137: calls $0.06
Igor49570: folds 
Professor Bean: calls $0.04
*** FLOP *** [6s 7h 5s]
Professor Bean: checks 
highrolling420: checks 
nagaElf: checks 
Lars137: checks 
*** TURN *** [6s 7h 5s] [9h]
Professor Bean: bets $0.12
highrolling420: folds 
nagaElf: folds 
Lars137: calls $0.12
*** RIVER *** [6s 7h 5s 9h] [4c]
Professor Bean: bets $0.24
Lars137: calls $0.24
*** SHOW DOWN ***
Professor Bean: shows [Qd Th] (high card Queen)
Lars137: shows [8s Ks] (a straight, Five to Nine)
Lars137 collected $0.94 from pot
*** SUMMARY ***
Total pot $0.97 | Rake $0.03 
Board [6s 7h 5s 9h 4c]
Seat 1: causavera folded before Flop (didn't bet)
Seat 2: Dorex2007 folded before Flop (didn't bet)
Seat 3: Lars137 (button) showed [8s Ks] and won ($0.94) with a straight, Five to Nine
Seat 4: Igor49570 (small blind) folded before Flop
Seat 5: Professor Bean (big blind) showed [Qd Th] and lost with high card Queen
Seat 6: mosquera888 folded before Flop (didn't bet)
Seat 7: airdestiny folded before Flop (didn't bet)
Seat 8: highrolling420 folded on the Turn
Seat 9: nagaElf folded on the Turn



PokerStars Hand #224541233492:  Hold'em No Limit ($0.01/$0.02 USD) - 2021/03/06 18:21:32 PT [2021/03/06 21:21:32 ET]
Table 'Phaedra II' 9-max Seat #4 is the button
Seat 1: causavera ($1.21 in chips) 
Seat 2: Dorex2007 ($1.79 in chips) 
Seat 3: Lars137 ($2.33 in chips) 
Seat 4: Igor49570 ($1.39 in chips) 
Seat 5: Professor Bean ($1.78 in chips) 
Seat 6: mosquera888 ($4.86 in chips) 
Seat 7: airdestiny ($3.53 in chips) 
Seat 8: highrolling420 ($2.04 in chips) 
Seat 9: nagaElf ($5.19 in chips) 
Professor Bean: posts small blind $0.01
mosquera888: posts big blind $0.02
*** HOLE CARDS ***
Dealt to Dorex2007 [Ts 6h]
airdestiny: folds 
highrolling420: folds 
nagaElf: folds 
causavera: calls $0.02
Dorex2007: folds 
Lars137: folds 
Igor49570: folds 
Professor Bean: raises $0.04 to $0.06
mosquera888: raises $0.12 to $0.18
causavera: calls $0.16
Professor Bean: calls $0.12
*** FLOP *** [4d 9c 6s]
Professor Bean: checks 
mosquera888: bets $0.21
causavera: folds 
Professor Bean: raises $1.39 to $1.60 and is all-in
mosquera888: calls $1.39
*** TURN *** [4d 9c 6s] [Js]
*** RIVER *** [4d 9c 6s Js] [9h]
*** SHOW DOWN ***
Professor Bean: shows [9d Ad] (three of a kind, Nines)
mosquera888: shows [8c 8d] (two pair, Nines and Eights)
Professor Bean collected $3.61 from pot
*** SUMMARY ***
Total pot $3.74 | Rake $0.13 
Board [4d 9c 6s Js 9h]
Seat 1: causavera folded on the Flop
Seat 2: Dorex2007 folded before Flop (didn't bet)
Seat 3: Lars137 folded before Flop (didn't bet)
Seat 4: Igor49570 (button) folded before Flop (didn't bet)
Seat 5: Professor Bean (small blind) showed [9d Ad] and won ($3.61) with three of a kind, Nines
Seat 6: mosquera888 (big blind) showed [8c 8d] and lost with two pair, Nines and Eights
Seat 7: airdestiny folded before Flop (didn't bet)
Seat 8: highrolling420 folded before Flop (didn't bet)
Seat 9: nagaElf folded before Flop (didn't bet)



PokerStars Hand #224541273182:  Hold'em No Limit ($0.01/$0.02 USD) - 2021/03/06 18:23:13 PT [2021/03/06 21:23:13 ET]
Table 'Phaedra II' 9-max Seat #5 is the button
Seat 1: causavera ($1.03 in chips) 
Seat 2: Dorex2007 ($1.79 in chips) 
Seat 3: Lars137 ($2.33 in chips) 
Seat 4: Igor49570 ($1.39 in chips) 
Seat 5: Professor Bean ($3.61 in chips) 
Seat 6: mosquera888 ($3.08 in chips) 
Seat 7: airdestiny ($3.53 in chips) 
Seat 8: highrolling420 ($2.04 in chips) 
Seat 9: nagaElf ($5.19 in chips) 
mosquera888: posts small blind $0.01
airdestiny: posts big blind $0.02
*** HOLE CARDS ***
Dealt to Dorex2007 [3c Ac]
highrolling420: folds 
nagaElf: folds 
causavera: folds 
Dorex2007: raises $0.06 to $0.08
Lars137: folds 
Igor49570: folds 
Professor Bean: calls $0.08
mosquera888: folds 
airdestiny: folds 
*** FLOP *** [8h Td 9c]
Dorex2007: bets $0.18
Professor Bean: calls $0.18
*** TURN *** [8h Td 9c] [9h]
Dorex2007: bets $0.53
Professor Bean: raises $2.82 to $3.35 and is all-in
Dorex2007: folds 
Uncalled bet ($2.82) returned to Professor Bean
Professor Bean collected $1.55 from pot
Professor Bean: doesn't show hand 
*** SUMMARY ***
Total pot $1.61 | Rake $0.06 
Board [8h Td 9c 9h]
Seat 1: causavera folded before Flop (didn't bet)
Seat 2: Dorex2007 folded on the Turn
Seat 3: Lars137 folded before Flop (didn't bet)
Seat 4: Igor49570 folded before Flop (didn't bet)
Seat 5: Professor Bean (button) collected ($1.55)
Seat 6: mosquera888 (small blind) folded before Flop
Seat 7: airdestiny (big blind) folded before Flop
Seat 8: highrolling420 folded before Flop (didn't bet)
Seat 9: nagaElf folded before Flop (didn't bet)



PokerStars Hand #224541307697:  Hold'em No Limit ($0.01/$0.02 USD) - 2021/03/06 18:24:32 PT [2021/03/06 21:24:32 ET]
Table 'Phaedra II' 9-max Seat #6 is the button
Seat 1: causavera ($1.03 in chips) 
Seat 2: Dorex2007 ($1.21 in chips) 
Seat 3: Lars137 ($2.33 in chips) 
Seat 4: Igor49570 ($1.39 in chips) 
Seat 5: Professor Bean ($4.37 in chips) 
Seat 6: mosquera888 ($3.07 in chips) 
Seat 7: airdestiny ($3.51 in chips) 
Seat 8: highrolling420 ($2.04 in chips) 
Seat 9: nagaElf ($5.19 in chips) 
airdestiny: posts small blind $0.01
highrolling420: posts big blind $0.02
*** HOLE CARDS ***
Dealt to Dorex2007 [Qc Qd]
nagaElf: raises $0.06 to $0.08
causavera: folds 
Dorex2007: raises $0.08 to $0.16
Lars137: folds 
Igor49570: folds 
Professor Bean: folds 
mosquera888: folds 
airdestiny: folds 
highrolling420: folds 
nagaElf: calls $0.08
*** FLOP *** [4h Kc 3s]
nagaElf: checks 
Dorex2007: bets $0.26
nagaElf: folds 
Uncalled bet ($0.26) returned to Dorex2007
Dorex2007 collected $0.34 from pot
Dorex2007: doesn't show hand 
*** SUMMARY ***
Total pot $0.35 | Rake $0.01 
Board [4h Kc 3s]
Seat 1: causavera folded before Flop (didn't bet)
Seat 2: Dorex2007 collected ($0.34)
Seat 3: Lars137 folded before Flop (didn't bet)
Seat 4: Igor49570 folded before Flop (didn't bet)
Seat 5: Professor Bean folded before Flop (didn't bet)
Seat 6: mosquera888 (button) folded before Flop (didn't bet)
Seat 7: airdestiny (small blind) folded before Flop
Seat 8: highrolling420 (big blind) folded before Flop
Seat 9: nagaElf folded on the Flop



PokerStars Hand #224541337967:  Hold'em No Limit ($0.01/$0.02 USD) - 2021/03/06 18:25:31 PT [2021/03/06 21:25:31 ET]
Table 'Phaedra II' 9-max Seat #7 is the button
Seat 1: causavera ($1.03 in chips) 
Seat 2: Dorex2007 ($1.39 in chips) 
Seat 3: Lars137 ($2.33 in chips) 
Seat 4: Igor49570 ($1.39 in chips) 
Seat 5: Professor Bean ($4.37 in chips) 
Seat 6: mosquera888 ($3.07 in chips) 
Seat 7: airdestiny ($3.50 in chips) 
Seat 8: highrolling420 ($2.02 in chips) 
Seat 9: nagaElf ($5.03 in chips) 
highrolling420: posts small blind $0.01
nagaElf: posts big blind $0.02
*** HOLE CARDS ***
Dealt to Dorex2007 [4d Th]
causavera: folds 
Dorex2007: folds 
Lars137: folds 
Igor49570: folds 
Professor Bean: folds 
mosquera888: raises $0.06 to $0.08
airdestiny: folds 
highrolling420: folds 
nagaElf: folds 
Uncalled bet ($0.06) returned to mosquera888
mosquera888 collected $0.05 from pot
mosquera888: doesn't show hand 
*** SUMMARY ***
Total pot $0.05 | Rake $0 
Seat 1: causavera folded before Flop (didn't bet)
Seat 2: Dorex2007 folded before Flop (didn't bet)
Seat 3: Lars137 folded before Flop (didn't bet)
Seat 4: Igor49570 folded before Flop (didn't bet)
Seat 5: Professor Bean folded before Flop (didn't bet)
Seat 6: mosquera888 collected ($0.05)
Seat 7: airdestiny (button) folded before Flop (didn't bet)
Seat 8: highrolling420 (small blind) folded before Flop
Seat 9: nagaElf (big blind) folded before Flop



PokerStars Hand #224541346224:  Hold'em No Limit ($0.01/$0.02 USD) - 2021/03/06 18:25:54 PT [2021/03/06 21:25:54 ET]
Table 'Phaedra II' 9-max Seat #8 is the button
Seat 1: causavera ($1.03 in chips) 
Seat 2: Dorex2007 ($1.39 in chips) 
Seat 3: Lars137 ($2.33 in chips) 
Seat 4: Igor49570 ($1.39 in chips) 
Seat 5: Professor Bean ($4.37 in chips) 
Seat 6: mosquera888 ($3.10 in chips) 
Seat 7: airdestiny ($3.50 in chips) 
Seat 8: highrolling420 ($2.01 in chips) 
Seat 9: nagaElf ($5.01 in chips) 
nagaElf: posts small blind $0.01
causavera: posts big blind $0.02
*** HOLE CARDS ***
Dealt to Dorex2007 [7s 3d]
Dorex2007: folds 
Lars137: folds 
Igor49570: raises $0.04 to $0.06
Professor Bean: folds 
mosquera888: folds 
airdestiny: folds 
highrolling420: folds 
nagaElf: folds 
causavera: folds 
Uncalled bet ($0.04) returned to Igor49570
Igor49570 collected $0.05 from pot
Igor49570: doesn't show hand 
*** SUMMARY ***
Total pot $0.05 | Rake $0 
Seat 1: causavera (big blind) folded before Flop
Seat 2: Dorex2007 folded before Flop (didn't bet)
Seat 3: Lars137 folded before Flop (didn't bet)
Seat 4: Igor49570 collected ($0.05)
Seat 5: Professor Bean folded before Flop (didn't bet)
Seat 6: mosquera888 folded before Flop (didn't bet)
Seat 7: airdestiny folded before Flop (didn't bet)
Seat 8: highrolling420 (button) folded before Flop (didn't bet)
Seat 9: nagaElf (small blind) folded before Flop



PokerStars Hand #224541363194:  Hold'em No Limit ($0.01/$0.02 USD) - 2021/03/06 18:26:41 PT [2021/03/06 21:26:41 ET]
Table 'Phaedra II' 9-max Seat #9 is the button
Seat 1: causavera ($1.01 in chips) 
Seat 2: Dorex2007 ($2 in chips) 
Seat 3: Lars137 ($2.33 in chips) 
Seat 4: Igor49570 ($1.42 in chips) 
Seat 5: Professor Bean ($4.37 in chips) 
Seat 6: mosquera888 ($3.10 in chips) 
Seat 7: airdestiny ($3.50 in chips) 
Seat 8: highrolling420 ($2.01 in chips) 
Seat 9: nagaElf ($5 in chips) 
causavera: posts small blind $0.01
Dorex2007: posts big blind $0.02
*** HOLE CARDS ***
Dealt to Dorex2007 [2s Qs]
Lars137: folds 
Igor49570: folds 
Professor Bean: raises $0.04 to $0.06
mosquera888: folds 
airdestiny: folds 
highrolling420: raises $0.12 to $0.18
nagaElf: folds 
causavera: folds 
Dorex2007: folds 
Professor Bean: calls $0.12
*** FLOP *** [Jc Jd 3d]
Professor Bean: checks 
highrolling420: bets $0.23
Professor Bean: folds 
Uncalled bet ($0.23) returned to highrolling420
highrolling420 collected $0.38 from pot
highrolling420: doesn't show hand 
*** SUMMARY ***
Total pot $0.39 | Rake $0.01 
Board [Jc Jd 3d]
Seat 1: causavera (small blind) folded before Flop
Seat 2: Dorex2007 (big blind) folded before Flop
Seat 3: Lars137 folded before Flop (didn't bet)
Seat 4: Igor49570 folded before Flop (didn't bet)
Seat 5: Professor Bean folded on the Flop
Seat 6: mosquera888 folded before Flop (didn't bet)
Seat 7: airdestiny folded before Flop (didn't bet)
Seat 8: highrolling420 collected ($0.38)
Seat 9: nagaElf (button) folded before Flop (didn't bet)



PokerStars Hand #224541379327:  Hold'em No Limit ($0.01/$0.02 USD) - 2021/03/06 18:27:27 PT [2021/03/06 21:27:27 ET]
Table 'Phaedra II' 9-max Seat #1 is the button
Seat 1: causavera ($1 in chips) 
Seat 2: Dorex2007 ($1.98 in chips) 
Seat 3: Lars137 ($2.33 in chips) 
Seat 4: Igor49570 ($1.42 in chips) 
Seat 5: Professor Bean ($4.19 in chips) 
Seat 6: mosquera888 ($3.10 in chips) 
Seat 7: airdestiny ($3.50 in chips) 
Seat 8: highrolling420 ($2.21 in chips) 
Seat 9: nagaElf ($5 in chips) 
Dorex2007: posts small blind $0.01
Lars137: posts big blind $0.02
*** HOLE CARDS ***
Dealt to Dorex2007 [Kd 6s]
Igor49570: folds 
Professor Bean: calls $0.02
mosquera888: folds 
airdestiny: folds 
highrolling420: folds 
nagaElf: folds 
causavera: calls $0.02
Dorex2007: calls $0.01
Lars137: checks 
*** FLOP *** [Qs Tc Kh]
Dorex2007: bets $0.08
Lars137: folds 
Professor Bean: calls $0.08
causavera: folds 
*** TURN *** [Qs Tc Kh] [5d]
Dorex2007: checks 
Professor Bean: bets $0.12
Dorex2007: calls $0.12
*** RIVER *** [Qs Tc Kh 5d] [9s]
Dorex2007: checks 
Professor Bean: bets $0.40
Dorex2007: calls $0.40
*** SHOW DOWN ***
Professor Bean: shows [As 2d] (high card Ace)
Dorex2007: shows [Kd 6s] (a pair of Kings)
Dorex2007 collected $1.24 from pot
*** SUMMARY ***
Total pot $1.28 | Rake $0.04 
Board [Qs Tc Kh 5d 9s]
Seat 1: causavera (button) folded on the Flop
Seat 2: Dorex2007 (small blind) showed [Kd 6s] and won ($1.24) with a pair of Kings
Seat 3: Lars137 (big blind) folded on the Flop
Seat 4: Igor49570 folded before Flop (didn't bet)
Seat 5: Professor Bean showed [As 2d] and lost with high card Ace
Seat 6: mosquera888 folded before Flop (didn't bet)
Seat 7: airdestiny folded before Flop (didn't bet)
Seat 8: highrolling420 folded before Flop (didn't bet)
Seat 9: nagaElf folded before Flop (didn't bet)



PokerStars Hand #224541406916:  Hold'em No Limit ($0.01/$0.02 USD) - 2021/03/06 18:28:42 PT [2021/03/06 21:28:42 ET]
Table 'Phaedra II' 9-max Seat #2 is the button
Seat 1: causavera ($0.98 in chips) 
Seat 2: Dorex2007 ($2.60 in chips) 
Seat 3: Lars137 ($2.31 in chips) 
Seat 4: Igor49570 ($1.42 in chips) 
Seat 5: Professor Bean ($3.57 in chips) 
Seat 6: mosquera888 ($3.10 in chips) 
Seat 7: airdestiny ($3.50 in chips) 
Seat 8: highrolling420 ($2.21 in chips) 
Seat 9: nagaElf ($5 in chips) 
Lars137: posts small blind $0.01
Igor49570: posts big blind $0.02
*** HOLE CARDS ***
Dealt to Dorex2007 [Ac 2d]
Professor Bean: folds 
mosquera888: folds 
airdestiny: raises $0.08 to $0.10
highrolling420: folds 
nagaElf: folds 
causavera: calls $0.10
Dorex2007: folds 
Lars137: folds 
Igor49570: folds 
*** FLOP *** [7s Td 4d]
airdestiny: checks 
causavera: bets $0.12
airdestiny: folds 
Uncalled bet ($0.12) returned to causavera
causavera collected $0.22 from pot
causavera: doesn't show hand 
*** SUMMARY ***
Total pot $0.23 | Rake $0.01 
Board [7s Td 4d]
Seat 1: causavera collected ($0.22)
Seat 2: Dorex2007 (button) folded before Flop (didn't bet)
Seat 3: Lars137 (small blind) folded before Flop
Seat 4: Igor49570 (big blind) folded before Flop
Seat 5: Professor Bean folded before Flop (didn't bet)
Seat 6: mosquera888 folded before Flop (didn't bet)
Seat 7: airdestiny folded on the Flop
Seat 8: highrolling420 folded before Flop (didn't bet)
Seat 9: nagaElf folded before Flop (didn't bet)



PokerStars Hand #224541424694:  Hold'em No Limit ($0.01/$0.02 USD) - 2021/03/06 18:29:33 PT [2021/03/06 21:29:33 ET]
Table 'Phaedra II' 9-max Seat #3 is the button
Seat 1: causavera ($1.10 in chips) 
Seat 2: Dorex2007 ($2.60 in chips) 
Seat 3: Lars137 ($2.30 in chips) 
Seat 4: Igor49570 ($1.40 in chips) 
Seat 5: Professor Bean ($3.57 in chips) 
Seat 6: mosquera888 ($3.10 in chips) 
Seat 7: airdestiny ($3.40 in chips) 
Seat 8: highrolling420 ($2.21 in chips) 
Seat 9: nagaElf ($5 in chips) 
Igor49570: posts small blind $0.01
Professor Bean: posts big blind $0.02
*** HOLE CARDS ***
Dealt to Dorex2007 [5d Kh]
mosquera888: folds 
airdestiny: raises $0.08 to $0.10
highrolling420: folds 
nagaElf: folds 
causavera: folds 
Dorex2007: folds 
Lars137: folds 
Igor49570: folds 
Professor Bean: folds 
Uncalled bet ($0.08) returned to airdestiny
airdestiny collected $0.05 from pot
airdestiny: doesn't show hand 
*** SUMMARY ***
Total pot $0.05 | Rake $0 
Seat 1: causavera folded before Flop (didn't bet)
Seat 2: Dorex2007 folded before Flop (didn't bet)
Seat 3: Lars137 (button) folded before Flop (didn't bet)
Seat 4: Igor49570 (small blind) folded before Flop
Seat 5: Professor Bean (big blind) folded before Flop
Seat 6: mosquera888 folded before Flop (didn't bet)
Seat 7: airdestiny collected ($0.05)
Seat 8: highrolling420 folded before Flop (didn't bet)
Seat 9: nagaElf folded before Flop (didn't bet)



PokerStars Hand #224541438190:  Hold'em No Limit ($0.01/$0.02 USD) - 2021/03/06 18:30:11 PT [2021/03/06 21:30:11 ET]
Table 'Phaedra II' 9-max Seat #4 is the button
Seat 1: causavera ($1.10 in chips) 
Seat 2: Dorex2007 ($2.60 in chips) 
Seat 3: Lars137 ($2.30 in chips) 
Seat 4: Igor49570 ($1.39 in chips) 
Seat 5: Professor Bean ($3.55 in chips) 
Seat 6: mosquera888 ($3.10 in chips) 
Seat 7: airdestiny ($3.43 in chips) 
Seat 8: highrolling420 ($2.21 in chips) 
Seat 9: nagaElf ($5 in chips) 
Professor Bean: posts small blind $0.01
mosquera888: posts big blind $0.02
*** HOLE CARDS ***
Dealt to Dorex2007 [8d Ks]
airdestiny: folds 
highrolling420: raises $0.04 to $0.06
nagaElf: folds 
causavera: calls $0.06
Dorex2007: folds 
Lars137: folds 
Igor49570: folds 
Professor Bean: folds 
mosquera888: folds 
*** FLOP *** [Ad Td 7s]
highrolling420: bets $0.05
causavera: calls $0.05
*** TURN *** [Ad Td 7s] [Ac]
highrolling420: checks 
causavera: bets $0.16
highrolling420: raises $0.16 to $0.32
causavera: raises $0.62 to $0.94
highrolling420: raises $1.16 to $2.10 and is all-in
causavera: calls $0.05 and is all-in
Uncalled bet ($1.11) returned to highrolling420
*** RIVER *** [Ad Td 7s Ac] [4s]
*** SHOW DOWN ***
highrolling420: shows [Ah Tc] (a full house, Aces full of Tens)
causavera: shows [Qc 8c] (a pair of Aces)
highrolling420 collected $2.15 from pot
*** SUMMARY ***
Total pot $2.23 | Rake $0.08 
Board [Ad Td 7s Ac 4s]
Seat 1: causavera showed [Qc 8c] and lost with a pair of Aces
Seat 2: Dorex2007 folded before Flop (didn't bet)
Seat 3: Lars137 folded before Flop (didn't bet)
Seat 4: Igor49570 (button) folded before Flop (didn't bet)
Seat 5: Professor Bean (small blind) folded before Flop
Seat 6: mosquera888 (big blind) folded before Flop
Seat 7: airdestiny folded before Flop (didn't bet)
Seat 8: highrolling420 showed [Ah Tc] and won ($2.15) with a full house, Aces full of Tens
Seat 9: nagaElf folded before Flop (didn't bet)



PokerStars Hand #224541471533:  Hold'em No Limit ($0.01/$0.02 USD) - 2021/03/06 18:31:27 PT [2021/03/06 21:31:27 ET]
Table 'Phaedra II' 9-max Seat #5 is the button
Seat 2: Dorex2007 ($2.60 in chips) 
Seat 3: Lars137 ($2.30 in chips) 
Seat 4: Igor49570 ($1.39 in chips) 
Seat 5: Professor Bean ($3.54 in chips) 
Seat 6: mosquera888 ($3.08 in chips) 
Seat 7: airdestiny ($3.43 in chips) 
Seat 8: highrolling420 ($3.26 in chips) 
Seat 9: nagaElf ($5 in chips) 
mosquera888: posts small blind $0.01
airdestiny: posts big blind $0.02
*** HOLE CARDS ***
Dealt to Dorex2007 [4h Kd]
highrolling420: folds 
nagaElf: raises $0.02 to $0.04
Dorex2007: folds 
P0kerstar92 joins the table at seat #1 
Lars137: calls $0.04
Igor49570: raises $0.11 to $0.15
Professor Bean: folds 
mosquera888: folds 
airdestiny: folds 
nagaElf: folds 
Lars137: calls $0.11
*** FLOP *** [Tc Jc Jh]
Lars137: checks 
Igor49570: bets $0.27
Lars137: calls $0.27
*** TURN *** [Tc Jc Jh] [9s]
Lars137: checks 
Igor49570: bets $0.66
Lars137: folds 
Uncalled bet ($0.66) returned to Igor49570
Igor49570 collected $0.88 from pot
Igor49570: doesn't show hand 
*** SUMMARY ***
Total pot $0.91 | Rake $0.03 
Board [Tc Jc Jh 9s]
Seat 2: Dorex2007 folded before Flop (didn't bet)
Seat 3: Lars137 folded on the Turn
Seat 4: Igor49570 collected ($0.88)
Seat 5: Professor Bean (button) folded before Flop (didn't bet)
Seat 6: mosquera888 (small blind) folded before Flop
Seat 7: airdestiny (big blind) folded before Flop
Seat 8: highrolling420 folded before Flop (didn't bet)
Seat 9: nagaElf folded before Flop



PokerStars Hand #224541498279:  Hold'em No Limit ($0.01/$0.02 USD) - 2021/03/06 18:32:43 PT [2021/03/06 21:32:43 ET]
Table 'Phaedra II' 9-max Seat #6 is the button
Seat 1: P0kerstar92 ($0.93 in chips) 
Seat 2: Dorex2007 ($2.60 in chips) 
Seat 3: Lars137 ($1.88 in chips) 
Seat 4: Igor49570 ($1.85 in chips) 
Seat 5: Professor Bean ($3.54 in chips) 
Seat 6: mosquera888 ($3.07 in chips) 
Seat 7: airdestiny ($3.41 in chips) 
Seat 8: highrolling420 ($3.26 in chips) 
Seat 9: nagaElf ($4.96 in chips) 
airdestiny: posts small blind $0.01
highrolling420: posts big blind $0.02
P0kerstar92: posts big blind $0.02
*** HOLE CARDS ***
Dealt to Dorex2007 [Qh 7s]
nagaElf: folds 
P0kerstar92: checks 
Dorex2007: folds 
Lars137: folds 
Igor49570: raises $0.05 to $0.07
Professor Bean: folds 
mosquera888: folds 
airdestiny: folds 
highrolling420: folds 
P0kerstar92: folds 
Uncalled bet ($0.05) returned to Igor49570
Igor49570 collected $0.07 from pot
Igor49570: doesn't show hand 
*** SUMMARY ***
Total pot $0.07 | Rake $0 
Seat 1: P0kerstar92 folded before Flop (didn't bet)
Seat 2: Dorex2007 folded before Flop (didn't bet)
Seat 3: Lars137 folded before Flop (didn't bet)
Seat 4: Igor49570 collected ($0.07)
Seat 5: Professor Bean folded before Flop (didn't bet)
Seat 6: mosquera888 (button) folded before Flop (didn't bet)
Seat 7: airdestiny (small blind) folded before Flop
Seat 8: highrolling420 (big blind) folded before Flop
Seat 9: nagaElf folded before Flop (didn't bet)



PokerStars Hand #224541511026:  Hold'em No Limit ($0.01/$0.02 USD) - 2021/03/06 18:33:20 PT [2021/03/06 21:33:20 ET]
Table 'Phaedra II' 9-max Seat #7 is the button
Seat 1: P0kerstar92 ($0.91 in chips) 
Seat 2: Dorex2007 ($2.60 in chips) 
Seat 3: Lars137 ($1.88 in chips) 
Seat 4: Igor49570 ($1.90 in chips) 
Seat 5: Professor Bean ($3.54 in chips) 
Seat 6: mosquera888 ($3.07 in chips) 
Seat 7: airdestiny ($3.40 in chips) 
Seat 8: highrolling420 ($3.24 in chips) 
Seat 9: nagaElf ($4.96 in chips) 
highrolling420: posts small blind $0.01
nagaElf: posts big blind $0.02
*** HOLE CARDS ***
Dealt to Dorex2007 [2s 8h]
P0kerstar92: folds 
Dorex2007: folds 
Lars137: folds 
Igor49570: folds 
Professor Bean: folds 
mosquera888: folds 
airdestiny: raises $0.08 to $0.10
highrolling420: folds 
nagaElf: folds 
Uncalled bet ($0.08) returned to airdestiny
airdestiny collected $0.05 from pot
airdestiny: doesn't show hand 
*** SUMMARY ***
Total pot $0.05 | Rake $0 
Seat 1: P0kerstar92 folded before Flop (didn't bet)
Seat 2: Dorex2007 folded before Flop (didn't bet)
Seat 3: Lars137 folded before Flop (didn't bet)
Seat 4: Igor49570 folded before Flop (didn't bet)
Seat 5: Professor Bean folded before Flop (didn't bet)
Seat 6: mosquera888 folded before Flop (didn't bet)
Seat 7: airdestiny (button) collected ($0.05)
Seat 8: highrolling420 (small blind) folded before Flop
Seat 9: nagaElf (big blind) folded before Flop



PokerStars Hand #224541521835:  Hold'em No Limit ($0.01/$0.02 USD) - 2021/03/06 18:33:51 PT [2021/03/06 21:33:51 ET]
Table 'Phaedra II' 9-max Seat #8 is the button
Seat 1: P0kerstar92 ($0.91 in chips) 
Seat 2: Dorex2007 ($2.60 in chips) 
Seat 3: Lars137 ($1.88 in chips) 
Seat 4: Igor49570 ($1.90 in chips) 
Seat 5: Professor Bean ($3.54 in chips) 
Seat 6: mosquera888 ($3.07 in chips) 
Seat 7: airdestiny ($3.43 in chips) 
Seat 8: highrolling420 ($3.23 in chips) 
Seat 9: nagaElf ($4.94 in chips) 
nagaElf: posts small blind $0.01
P0kerstar92: posts big blind $0.02
*** HOLE CARDS ***
Dealt to Dorex2007 [5c 6c]
Dorex2007: folds 
Lars137 has timed out
Lars137: folds 
Igor49570: folds 
Professor Bean: raises $0.04 to $0.06
mosquera888: folds 
airdestiny: folds 
highrolling420: folds 
nagaElf: folds 
P0kerstar92: calls $0.04
*** FLOP *** [2d 6h Qs]
P0kerstar92: checks 
Professor Bean: bets $0.07
P0kerstar92: calls $0.07
*** TURN *** [2d 6h Qs] [3d]
P0kerstar92: checks 
Professor Bean: checks 
*** RIVER *** [2d 6h Qs 3d] [9h]
P0kerstar92: checks 
Professor Bean: checks 
*** SHOW DOWN ***
P0kerstar92: shows [Tc Js] (high card Queen)
Professor Bean: shows [Jh Ks] (high card King)
Professor Bean collected $0.26 from pot
*** SUMMARY ***
Total pot $0.27 | Rake $0.01 
Board [2d 6h Qs 3d 9h]
Seat 1: P0kerstar92 (big blind) showed [Tc Js] and lost with high card Queen
Seat 2: Dorex2007 folded before Flop (didn't bet)
Seat 3: Lars137 folded before Flop (didn't bet)
Seat 4: Igor49570 folded before Flop (didn't bet)
Seat 5: Professor Bean showed [Jh Ks] and won ($0.26) with high card King
Seat 6: mosquera888 folded before Flop (didn't bet)
Seat 7: airdestiny folded before Flop (didn't bet)
Seat 8: highrolling420 (button) folded before Flop (didn't bet)
Seat 9: nagaElf (small blind) folded before Flop



PokerStars Hand #224541540937:  Hold'em No Limit ($0.01/$0.02 USD) - 2021/03/06 18:34:45 PT [2021/03/06 21:34:45 ET]
Table 'Phaedra II' 9-max Seat #9 is the button
Seat 1: P0kerstar92 ($0.78 in chips) 
Seat 2: Dorex2007 ($2.60 in chips) 
Seat 3: Lars137 ($1.88 in chips) 
Seat 4: Igor49570 ($1.90 in chips) 
Seat 5: Professor Bean ($3.67 in chips) 
Seat 6: mosquera888 ($3.07 in chips) 
Seat 7: airdestiny ($3.43 in chips) 
Seat 8: highrolling420 ($3.23 in chips) 
Seat 9: nagaElf ($4.93 in chips) 
P0kerstar92: posts small blind $0.01
Dorex2007: posts big blind $0.02
*** HOLE CARDS ***
Dealt to Dorex2007 [Kd 2c]
Lars137: raises $0.02 to $0.04
Igor49570: folds 
Professor Bean: raises $0.10 to $0.14
mosquera888: folds 
airdestiny: folds 
highrolling420: folds 
nagaElf: folds 
P0kerstar92: folds 
Dorex2007: folds 
Lars137 is disconnected 
Lars137 is connected 
Lars137: calls $0.10
*** FLOP *** [3h Ks Ah]
Lars137: checks 
Professor Bean: bets $0.12
Lars137: calls $0.12
*** TURN *** [3h Ks Ah] [2s]
Lars137: checks 
Professor Bean: bets $3.41 and is all-in
Lars137: calls $1.62 and is all-in
Uncalled bet ($1.79) returned to Professor Bean
*** RIVER *** [3h Ks Ah 2s] [Js]
*** SHOW DOWN ***
Lars137: shows [3s 3c] (three of a kind, Threes)
Professor Bean: shows [Ad Kh] (two pair, Aces and Kings)
Lars137 collected $3.66 from pot
Professor Bean cashed out the hand for $0.33
*** SUMMARY ***
Total pot $3.79 | Rake $0.13 
Board [3h Ks Ah 2s Js]
Seat 1: P0kerstar92 (small blind) folded before Flop
Seat 2: Dorex2007 (big blind) folded before Flop
Seat 3: Lars137 showed [3s 3c] and won ($3.66) with three of a kind, Threes
Seat 4: Igor49570 folded before Flop (didn't bet)
Seat 5: Professor Bean showed [Ad Kh] and lost with two pair, Aces and Kings (cashed out).
Seat 6: mosquera888 folded before Flop (didn't bet)
Seat 7: airdestiny folded before Flop (didn't bet)
Seat 8: highrolling420 folded before Flop (didn't bet)
Seat 9: nagaElf (button) folded before Flop (didn't bet)



PokerStars Hand #224541582108:  Hold'em No Limit ($0.01/$0.02 USD) - 2021/03/06 18:36:42 PT [2021/03/06 21:36:42 ET]
Table 'Phaedra II' 9-max Seat #1 is the button
Seat 1: P0kerstar92 ($0.77 in chips) 
Seat 2: Dorex2007 ($2.58 in chips) 
Seat 3: Lars137 ($3.66 in chips) 
Seat 4: Igor49570 ($1.90 in chips) 
Seat 5: Professor Bean ($2.12 in chips) 
Seat 6: mosquera888 ($3.07 in chips) 
Seat 7: airdestiny ($3.43 in chips) 
Seat 8: highrolling420 ($3.23 in chips) 
Seat 9: nagaElf ($4.93 in chips) 
Dorex2007: posts small blind $0.01
Lars137: posts big blind $0.02
*** HOLE CARDS ***
Dealt to Dorex2007 [6d 9d]
Igor49570: folds 
Professor Bean: raises $0.04 to $0.06
mosquera888: folds 
airdestiny: folds 
highrolling420: raises $0.12 to $0.18
nagaElf: folds 
P0kerstar92: calls $0.18
Dorex2007: folds 
Lars137: folds 
Professor Bean: calls $0.12
*** FLOP *** [Jc Qd 9c]
Professor Bean: checks 
highrolling420: checks 
P0kerstar92: bets $0.28
Professor Bean: folds 
highrolling420: folds 
Uncalled bet ($0.28) returned to P0kerstar92
P0kerstar92 collected $0.55 from pot
P0kerstar92: doesn't show hand 
*** SUMMARY ***
Total pot $0.57 | Rake $0.02 
Board [Jc Qd 9c]
Seat 1: P0kerstar92 (button) collected ($0.55)
Seat 2: Dorex2007 (small blind) folded before Flop
Seat 3: Lars137 (big blind) folded before Flop
Seat 4: Igor49570 folded before Flop (didn't bet)
Seat 5: Professor Bean folded on the Flop
Seat 6: mosquera888 folded before Flop (didn't bet)
Seat 7: airdestiny folded before Flop (didn't bet)
Seat 8: highrolling420 folded on the Flop
Seat 9: nagaElf folded before Flop (didn't bet)



PokerStars Hand #224541605551:  Hold'em No Limit ($0.01/$0.02 USD) - 2021/03/06 18:37:49 PT [2021/03/06 21:37:49 ET]
Table 'Phaedra II' 9-max Seat #2 is the button
Seat 1: P0kerstar92 ($1.14 in chips) 
Seat 2: Dorex2007 ($2.57 in chips) 
Seat 3: Lars137 ($3.64 in chips) 
Seat 5: Professor Bean ($1.94 in chips) 
Seat 6: mosquera888 ($3.07 in chips) 
Seat 7: airdestiny ($3.43 in chips) 
Seat 8: highrolling420 ($3.05 in chips) 
Seat 9: nagaElf ($4.93 in chips) 
Lars137: posts small blind $0.01
Professor Bean: posts big blind $0.02
*** HOLE CARDS ***
Dealt to Dorex2007 [Kh Qh]
mosquera888: raises $0.06 to $0.08
airdestiny: folds 
highrolling420: folds 
nagaElf: calls $0.08
P0kerstar92: folds 
Dorex2007: calls $0.08
Lars137: folds 
Professor Bean: calls $0.06
*** FLOP *** [6d 2d Ad]
Professor Bean: checks 
mosquera888: checks 
nagaElf: checks 
Dorex2007: bets $0.16
Professor Bean: calls $0.16
mosquera888: folds 
nagaElf: folds 
*** TURN *** [6d 2d Ad] [7h]
Professor Bean: checks 
Dorex2007: checks 
*** RIVER *** [6d 2d Ad 7h] [7d]
Professor Bean: checks 
Dorex2007: bets $0.47
Professor Bean: folds 
Uncalled bet ($0.47) returned to Dorex2007
Dorex2007 collected $0.63 from pot
Dorex2007: doesn't show hand 
*** SUMMARY ***
Total pot $0.65 | Rake $0.02 
Board [6d 2d Ad 7h 7d]
Seat 1: P0kerstar92 folded before Flop (didn't bet)
Seat 2: Dorex2007 (button) collected ($0.63)
Seat 3: Lars137 (small blind) folded before Flop
Seat 5: Professor Bean (big blind) folded on the River
Seat 6: mosquera888 folded on the Flop
Seat 7: airdestiny folded before Flop (didn't bet)
Seat 8: highrolling420 folded before Flop (didn't bet)
Seat 9: nagaElf folded on the Flop



PokerStars Hand #224541653301:  Hold'em No Limit ($0.01/$0.02 USD) - 2021/03/06 18:39:44 PT [2021/03/06 21:39:44 ET]
Table 'Phaedra II' 9-max Seat #3 is the button
Seat 1: P0kerstar92 ($1.14 in chips) 
Seat 2: Dorex2007 ($2.96 in chips) 
Seat 3: Lars137 ($3.63 in chips) 
Seat 5: Professor Bean ($1.70 in chips) 
Seat 6: mosquera888 ($2.99 in chips) 
Seat 7: airdestiny ($3.43 in chips) 
Seat 8: highrolling420 ($3.05 in chips) 
Seat 9: nagaElf ($4.85 in chips) 
Professor Bean: posts small blind $0.01
mosquera888: posts big blind $0.02
*** HOLE CARDS ***
Dealt to Dorex2007 [Ks Tc]
airdestiny: folds 
highrolling420: folds 
nagaElf: folds 
P0kerstar92: raises $0.02 to $0.04
Dorex2007: folds 
Lars137: calls $0.04
Professor Bean: folds 
mosquera888: folds 
*** FLOP *** [Ac 2h Td]
P0kerstar92: checks 
Lars137: bets $0.08
P0kerstar92: folds 
Uncalled bet ($0.08) returned to Lars137
Lars137 collected $0.11 from pot
Lars137: doesn't show hand 
*** SUMMARY ***
Total pot $0.11 | Rake $0 
Board [Ac 2h Td]
Seat 1: P0kerstar92 folded on the Flop
Seat 2: Dorex2007 folded before Flop (didn't bet)
Seat 3: Lars137 (button) collected ($0.11)
Seat 5: Professor Bean (small blind) folded before Flop
Seat 6: mosquera888 (big blind) folded before Flop
Seat 7: airdestiny folded before Flop (didn't bet)
Seat 8: highrolling420 folded before Flop (didn't bet)
Seat 9: nagaElf folded before Flop (didn't bet)



PokerStars Hand #224541669730:  Hold'em No Limit ($0.01/$0.02 USD) - 2021/03/06 18:40:31 PT [2021/03/06 21:40:31 ET]
Table 'Phaedra II' 9-max Seat #5 is the button
Seat 1: P0kerstar92 ($1.10 in chips) 
Seat 2: Dorex2007 ($2.96 in chips) 
Seat 3: Lars137 ($3.70 in chips) 
Seat 5: Professor Bean ($1.99 in chips) 
Seat 6: mosquera888 ($2.97 in chips) 
Seat 7: airdestiny ($3.43 in chips) 
Seat 8: highrolling420 ($3.05 in chips) 
Seat 9: nagaElf ($4.85 in chips) 
mosquera888: posts small blind $0.01
airdestiny: posts big blind $0.02
*** HOLE CARDS ***
Dealt to Dorex2007 [Ad 8h]
highrolling420: folds 
nagaElf: folds 
P0kerstar92: raises $0.02 to $0.04
Dorex2007: folds 
Lars137: folds 
Professor Bean: raises $0.09 to $0.13
mosquera888: folds 
airdestiny: folds 
P0kerstar92: calls $0.09
*** FLOP *** [Kd Tc Ks]
P0kerstar92: checks 
Professor Bean: bets $0.18
P0kerstar92: calls $0.18
*** TURN *** [Kd Tc Ks] [2c]
P0kerstar92: checks 
Professor Bean: checks 
*** RIVER *** [Kd Tc Ks 2c] [Qh]
P0kerstar92: bets $0.63
Professor Bean: folds 
Uncalled bet ($0.63) returned to P0kerstar92
P0kerstar92 collected $0.63 from pot
P0kerstar92: doesn't show hand 
*** SUMMARY ***
Total pot $0.65 | Rake $0.02 
Board [Kd Tc Ks 2c Qh]
Seat 1: P0kerstar92 collected ($0.63)
Seat 2: Dorex2007 folded before Flop (didn't bet)
Seat 3: Lars137 folded before Flop (didn't bet)
Seat 5: Professor Bean (button) folded on the River
Seat 6: mosquera888 (small blind) folded before Flop
Seat 7: airdestiny (big blind) folded before Flop
Seat 8: highrolling420 folded before Flop (didn't bet)
Seat 9: nagaElf folded before Flop (didn't bet)



PokerStars Hand #224541691346:  Hold'em No Limit ($0.01/$0.02 USD) - 2021/03/06 18:41:32 PT [2021/03/06 21:41:32 ET]
Table 'Phaedra II' 9-max Seat #6 is the button
Seat 1: P0kerstar92 ($1.42 in chips) 
Seat 2: Dorex2007 ($2.96 in chips) 
Seat 3: Lars137 ($3.70 in chips) 
Seat 5: Professor Bean ($1.68 in chips) 
Seat 6: mosquera888 ($2.96 in chips) 
Seat 7: airdestiny ($3.41 in chips) 
Seat 8: highrolling420 ($3.05 in chips) 
Seat 9: nagaElf ($4.85 in chips) 
airdestiny: posts small blind $0.01
highrolling420: posts big blind $0.02
*** HOLE CARDS ***
Dealt to Dorex2007 [5s Ts]
nagaElf: folds 
P0kerstar92: folds 
Dorex2007: folds 
Lars137: folds 
Professor Bean: calls $0.02
mosquera888: folds 
airdestiny: folds 
highrolling420: checks 
*** FLOP *** [Tc 9c Kd]
highrolling420: checks 
Professor Bean: bets $0.05
highrolling420: folds 
Uncalled bet ($0.05) returned to Professor Bean
Professor Bean collected $0.05 from pot
Professor Bean: doesn't show hand 
*** SUMMARY ***
Total pot $0.05 | Rake $0 
Board [Tc 9c Kd]
Seat 1: P0kerstar92 folded before Flop (didn't bet)
Seat 2: Dorex2007 folded before Flop (didn't bet)
Seat 3: Lars137 folded before Flop (didn't bet)
Seat 5: Professor Bean collected ($0.05)
Seat 6: mosquera888 (button) folded before Flop (didn't bet)
Seat 7: airdestiny (small blind) folded before Flop
Seat 8: highrolling420 (big blind) folded on the Flop
Seat 9: nagaElf folded before Flop (didn't bet)



PokerStars Hand #224541700780:  Hold'em No Limit ($0.01/$0.02 USD) - 2021/03/06 18:41:59 PT [2021/03/06 21:41:59 ET]
Table 'Phaedra II' 9-max Seat #7 is the button
Seat 1: P0kerstar92 ($1.42 in chips) 
Seat 2: Dorex2007 ($2.96 in chips) 
Seat 3: Lars137 ($3.70 in chips) 
Seat 5: Professor Bean ($2 in chips) 
Seat 6: mosquera888 ($2.96 in chips) 
Seat 7: airdestiny ($3.40 in chips) 
Seat 8: highrolling420 ($3.03 in chips) 
Seat 9: nagaElf ($4.85 in chips) 
highrolling420: posts small blind $0.01
nagaElf: posts big blind $0.02
*** HOLE CARDS ***
Dealt to Dorex2007 [9s Ah]
P0kerstar92: folds 
Dorex2007: folds 
Lars137: folds 
Professor Bean: calls $0.02
mosquera888: folds 
airdestiny has timed out
airdestiny: folds 
highrolling420: folds 
nagaElf: checks 
*** FLOP *** [Kd Jh 9c]
nagaElf: checks 
Professor Bean: bets $0.03
nagaElf: folds 
Uncalled bet ($0.03) returned to Professor Bean
Professor Bean collected $0.05 from pot
Professor Bean: doesn't show hand 
*** SUMMARY ***
Total pot $0.05 | Rake $0 
Board [Kd Jh 9c]
Seat 1: P0kerstar92 folded before Flop (didn't bet)
Seat 2: Dorex2007 folded before Flop (didn't bet)
Seat 3: Lars137 folded before Flop (didn't bet)
Seat 5: Professor Bean collected ($0.05)
Seat 6: mosquera888 folded before Flop (didn't bet)
Seat 7: airdestiny (button) folded before Flop (didn't bet)
Seat 8: highrolling420 (small blind) folded before Flop
Seat 9: nagaElf (big blind) folded on the Flop



PokerStars Hand #224541724735:  Hold'em No Limit ($0.01/$0.02 USD) - 2021/03/06 18:42:41 PT [2021/03/06 21:42:41 ET]
Table 'Phaedra II' 9-max Seat #8 is the button
Seat 1: P0kerstar92 ($1.42 in chips) 
Seat 2: Dorex2007 ($2.96 in chips) 
Seat 3: Lars137 ($3.70 in chips) 
Seat 5: Professor Bean ($2.03 in chips) 
Seat 6: mosquera888 ($2.96 in chips) 
Seat 8: highrolling420 ($3.02 in chips) 
Seat 9: nagaElf ($4.83 in chips) 
nagaElf: posts small blind $0.01
P0kerstar92: posts big blind $0.02
*** HOLE CARDS ***
Dealt to Dorex2007 [Js 4d]
Dorex2007: folds 
Lars137: folds 
Professor Bean: folds 
mosquera888: folds 
highrolling420: folds 
nagaElf: calls $0.01
P0kerstar92: checks 
*** FLOP *** [Th Jh 2h]
nagaElf: bets $0.04
P0kerstar92: folds 
Uncalled bet ($0.04) returned to nagaElf
nagaElf collected $0.04 from pot
nagaElf: doesn't show hand 
*** SUMMARY ***
Total pot $0.04 | Rake $0 
Board [Th Jh 2h]
Seat 1: P0kerstar92 (big blind) folded on the Flop
Seat 2: Dorex2007 folded before Flop (didn't bet)
Seat 3: Lars137 folded before Flop (didn't bet)
Seat 5: Professor Bean folded before Flop (didn't bet)
Seat 6: mosquera888 folded before Flop (didn't bet)
Seat 8: highrolling420 (button) folded before Flop (didn't bet)
Seat 9: nagaElf (small blind) collected ($0.04)



PokerStars Hand #224541733033:  Hold'em No Limit ($0.01/$0.02 USD) - 2021/03/06 18:43:05 PT [2021/03/06 21:43:05 ET]
Table 'Phaedra II' 9-max Seat #9 is the button
Seat 1: P0kerstar92 ($1.40 in chips) 
Seat 2: Dorex2007 ($2.96 in chips) 
Seat 3: Lars137 ($3.70 in chips) 
Seat 5: Professor Bean ($2.03 in chips) 
Seat 6: mosquera888 ($2.96 in chips) 
Seat 8: highrolling420 ($3.02 in chips) 
Seat 9: nagaElf ($4.85 in chips) 
P0kerstar92: posts small blind $0.01
Dorex2007: posts big blind $0.02
*** HOLE CARDS ***
Dealt to Dorex2007 [Ac 9h]
Lars137: folds 
Professor Bean: folds 
mosquera888: raises $0.06 to $0.08
highrolling420: folds 
nagaElf: folds 
P0kerstar92: folds 
Dorex2007: folds 
Uncalled bet ($0.06) returned to mosquera888
mosquera888 collected $0.05 from pot
mosquera888: doesn't show hand 
*** SUMMARY ***
Total pot $0.05 | Rake $0 
Seat 1: P0kerstar92 (small blind) folded before Flop
Seat 2: Dorex2007 (big blind) folded before Flop
Seat 3: Lars137 folded before Flop (didn't bet)
Seat 5: Professor Bean folded before Flop (didn't bet)
Seat 6: mosquera888 collected ($0.05)
Seat 8: highrolling420 folded before Flop (didn't bet)
Seat 9: nagaElf (button) folded before Flop (didn't bet)



PokerStars Hand #224541739253:  Hold'em No Limit ($0.01/$0.02 USD) - 2021/03/06 18:43:23 PT [2021/03/06 21:43:23 ET]
Table 'Phaedra II' 9-max Seat #1 is the button
Seat 1: P0kerstar92 ($1.39 in chips) 
Seat 2: Dorex2007 ($2.94 in chips) 
Seat 3: Lars137 ($3.70 in chips) 
Seat 5: Professor Bean ($2.03 in chips) 
Seat 6: mosquera888 ($2.99 in chips) 
Seat 7: airdestiny ($3.40 in chips) 
Seat 8: highrolling420 ($3.02 in chips) 
Seat 9: nagaElf ($4.85 in chips) 
Dorex2007: posts small blind $0.01
Lars137: posts big blind $0.02
*** HOLE CARDS ***
Dealt to Dorex2007 [Qh 2d]
Professor Bean: folds 
mosquera888: folds 
airdestiny: raises $0.08 to $0.10
highrolling420: folds 
nagaElf: calls $0.10
P0kerstar92: folds 
Dorex2007: folds 
Lars137: calls $0.08
*** FLOP *** [9h Jc Qd]
Lars137: checks 
airdestiny: checks 
nagaElf: bets $0.18
Lars137: folds 
airdestiny: folds 
Uncalled bet ($0.18) returned to nagaElf
nagaElf collected $0.30 from pot
nagaElf: doesn't show hand 
*** SUMMARY ***
Total pot $0.31 | Rake $0.01 
Board [9h Jc Qd]
Seat 1: P0kerstar92 (button) folded before Flop (didn't bet)
Seat 2: Dorex2007 (small blind) folded before Flop
Seat 3: Lars137 (big blind) folded on the Flop
Seat 5: Professor Bean folded before Flop (didn't bet)
Seat 6: mosquera888 folded before Flop (didn't bet)
Seat 7: airdestiny folded on the Flop
Seat 8: highrolling420 folded before Flop (didn't bet)
Seat 9: nagaElf collected ($0.30)



PokerStars Hand #224541758005:  Hold'em No Limit ($0.01/$0.02 USD) - 2021/03/06 18:44:18 PT [2021/03/06 21:44:18 ET]
Table 'Phaedra II' 9-max Seat #2 is the button
Seat 1: P0kerstar92 ($1.39 in chips) 
Seat 2: Dorex2007 ($2.93 in chips) 
Seat 3: Lars137 ($3.60 in chips) 
Seat 5: Professor Bean ($2.03 in chips) 
Seat 6: mosquera888 ($2.99 in chips) 
Seat 7: airdestiny ($3.30 in chips) 
Seat 8: highrolling420 ($3.02 in chips) 
Seat 9: nagaElf ($5.05 in chips) 
Lars137: posts small blind $0.01
Professor Bean: posts big blind $0.02
*** HOLE CARDS ***
Dealt to Dorex2007 [6d 7c]
mosquera888: folds 
airdestiny: folds 
highrolling420: folds 
nagaElf: folds 
P0kerstar92: folds 
Dorex2007: folds 
Lars137: folds 
Uncalled bet ($0.01) returned to Professor Bean
Professor Bean collected $0.02 from pot
Professor Bean: doesn't show hand 
*** SUMMARY ***
Total pot $0.02 | Rake $0 
Seat 1: P0kerstar92 folded before Flop (didn't bet)
Seat 2: Dorex2007 (button) folded before Flop (didn't bet)
Seat 3: Lars137 (small blind) folded before Flop
Seat 5: Professor Bean (big blind) collected ($0.02)
Seat 6: mosquera888 folded before Flop (didn't bet)
Seat 7: airdestiny folded before Flop (didn't bet)
Seat 8: highrolling420 folded before Flop (didn't bet)
Seat 9: nagaElf folded before Flop (didn't bet)



PokerStars Hand #224541763564:  Hold'em No Limit ($0.01/$0.02 USD) - 2021/03/06 18:44:34 PT [2021/03/06 21:44:34 ET]
Table 'Phaedra II' 9-max Seat #3 is the button
Seat 1: P0kerstar92 ($1.39 in chips) 
Seat 2: Dorex2007 ($2.93 in chips) 
Seat 3: Lars137 ($3.59 in chips) 
Seat 5: Professor Bean ($2.04 in chips) 
Seat 6: mosquera888 ($2.99 in chips) 
Seat 7: airdestiny ($3.30 in chips) 
Seat 8: highrolling420 ($3.02 in chips) 
Seat 9: nagaElf ($5.05 in chips) 
Professor Bean: posts small blind $0.01
mosquera888: posts big blind $0.02
*** HOLE CARDS ***
Dealt to Dorex2007 [6s Ad]
airdestiny: folds 
highrolling420: folds 
nagaElf: folds 
P0kerstar92: raises $0.04 to $0.06
Dorex2007: folds 
Lars137: calls $0.06
Professor Bean: folds 
mosquera888: folds 
*** FLOP *** [2c 4s 4h]
P0kerstar92: checks 
Lars137: checks 
*** TURN *** [2c 4s 4h] [8s]
P0kerstar92: bets $0.14
Lars137: folds 
Uncalled bet ($0.14) returned to P0kerstar92
P0kerstar92 collected $0.14 from pot
P0kerstar92: doesn't show hand 
*** SUMMARY ***
Total pot $0.15 | Rake $0.01 
Board [2c 4s 4h 8s]
Seat 1: P0kerstar92 collected ($0.14)
Seat 2: Dorex2007 folded before Flop (didn't bet)
Seat 3: Lars137 (button) folded on the Turn
Seat 5: Professor Bean (small blind) folded before Flop
Seat 6: mosquera888 (big blind) folded before Flop
Seat 7: airdestiny folded before Flop (didn't bet)
Seat 8: highrolling420 folded before Flop (didn't bet)
Seat 9: nagaElf folded before Flop (didn't bet)



PokerStars Hand #224541774962:  Hold'em No Limit ($0.01/$0.02 USD) - 2021/03/06 18:45:07 PT [2021/03/06 21:45:07 ET]
Table 'Phaedra II' 9-max Seat #5 is the button
Seat 1: P0kerstar92 ($1.47 in chips) 
Seat 2: Dorex2007 ($2.93 in chips) 
Seat 3: Lars137 ($3.53 in chips) 
Seat 5: Professor Bean ($2.03 in chips) 
Seat 6: mosquera888 ($2.97 in chips) 
Seat 7: airdestiny ($3.30 in chips) 
Seat 8: highrolling420 ($3.02 in chips) 
Seat 9: nagaElf ($5.05 in chips) 
mosquera888: posts small blind $0.01
airdestiny: posts big blind $0.02
*** HOLE CARDS ***
Dealt to Dorex2007 [3s 7s]
highrolling420 has timed out
highrolling420: folds 
nagaElf: folds 
P0kerstar92: folds 
Dorex2007: folds 
Lars137: raises $0.04 to $0.06
Professor Bean: raises $0.12 to $0.18
mosquera888: folds 
nagaElf leaves the table
airdestiny: folds 
Lars137: folds 
Uncalled bet ($0.12) returned to Professor Bean
Professor Bean collected $0.15 from pot
Professor Bean: doesn't show hand 
*** SUMMARY ***
Total pot $0.15 | Rake $0 
Seat 1: P0kerstar92 folded before Flop (didn't bet)
Seat 2: Dorex2007 folded before Flop (didn't bet)
Seat 3: Lars137 folded before Flop
Seat 5: Professor Bean (button) collected ($0.15)
Seat 6: mosquera888 (small blind) folded before Flop
Seat 7: airdestiny (big blind) folded before Flop
Seat 8: highrolling420 folded before Flop (didn't bet)
Seat 9: nagaElf folded before Flop (didn't bet)



PokerStars Hand #224541788428:  Hold'em No Limit ($0.01/$0.02 USD) - 2021/03/06 18:45:46 PT [2021/03/06 21:45:46 ET]
Table 'Phaedra II' 9-max Seat #6 is the button
Seat 1: P0kerstar92 ($1.47 in chips) 
Seat 2: Dorex2007 ($2.93 in chips) 
Seat 3: Lars137 ($3.47 in chips) 
Seat 5: Professor Bean ($2.12 in chips) 
Seat 6: mosquera888 ($2.96 in chips) 
Seat 7: airdestiny ($3.28 in chips) 
airdestiny: posts small blind $0.01
P0kerstar92: posts big blind $0.02
*** HOLE CARDS ***
Dealt to Dorex2007 [Jc 4c]
Dorex2007: folds 
Lars137: folds 
Professor Bean: folds 
mosquera888: folds 
highrolling420 leaves the table
airdestiny: folds 
Uncalled bet ($0.01) returned to P0kerstar92
P0kerstar92 collected $0.02 from pot
P0kerstar92: doesn't show hand 
*** SUMMARY ***
Total pot $0.02 | Rake $0 
Seat 1: P0kerstar92 (big blind) collected ($0.02)
Seat 2: Dorex2007 folded before Flop (didn't bet)
Seat 3: Lars137 folded before Flop (didn't bet)
Seat 5: Professor Bean folded before Flop (didn't bet)
Seat 6: mosquera888 (button) folded before Flop (didn't bet)
Seat 7: airdestiny (small blind) folded before Flop



PokerStars Hand #224541793263:  Hold'em No Limit ($0.01/$0.02 USD) - 2021/03/06 18:46:00 PT [2021/03/06 21:46:00 ET]
Table 'Phaedra II' 9-max Seat #7 is the button
Seat 1: P0kerstar92 ($1.48 in chips) 
Seat 2: Dorex2007 ($2.93 in chips) 
Seat 3: Lars137 ($3.47 in chips) 
Seat 5: Professor Bean ($2.12 in chips) 
Seat 6: mosquera888 ($2.96 in chips) 
Seat 7: airdestiny ($3.27 in chips) 
P0kerstar92: posts small blind $0.01
Dorex2007: posts big blind $0.02
*** HOLE CARDS ***
Dealt to Dorex2007 [9c Jd]
Lars137: folds 
Professor Bean: calls $0.02
mosquera888: folds 
airdestiny: folds 
airdestiny leaves the table
P0kerstar92: folds 
Dorex2007: checks 
*** FLOP *** [Th Kd 3s]
Lars137 leaves the table
Dorex2007: checks 
Professor Bean: bets $0.03
Dorex2007: calls $0.03
*** TURN *** [Th Kd 3s] [Kh]
Dorex2007: checks 
Professor Bean: bets $0.11
Dorex2007: folds 
Uncalled bet ($0.11) returned to Professor Bean
Professor Bean collected $0.11 from pot
Professor Bean: doesn't show hand 
*** SUMMARY ***
Total pot $0.11 | Rake $0 
Board [Th Kd 3s Kh]
Seat 1: P0kerstar92 (small blind) folded before Flop
Seat 2: Dorex2007 (big blind) folded on the Turn
Seat 3: Lars137 folded before Flop (didn't bet)
Seat 5: Professor Bean collected ($0.11)
Seat 6: mosquera888 folded before Flop (didn't bet)
Seat 7: airdestiny (button) folded before Flop (didn't bet)



PokerStars Hand #224541806018:  Hold'em No Limit ($0.01/$0.02 USD) - 2021/03/06 18:46:37 PT [2021/03/06 21:46:37 ET]
Table 'Phaedra II' 9-max Seat #1 is the button
Seat 1: P0kerstar92 ($1.47 in chips) 
Seat 2: Dorex2007 ($2.88 in chips) 
Seat 5: Professor Bean ($2.18 in chips) 
Seat 6: mosquera888 ($2.96 in chips) 
Dorex2007: posts small blind $0.01
Professor Bean: posts big blind $0.02
*** HOLE CARDS ***
Dealt to Dorex2007 [Qd Ad]
mosquera888: folds 
P0kerstar92: folds 
P0kerstar92 leaves the table
Dorex2007: raises $0.04 to $0.06
Professor Bean: calls $0.04
*** FLOP *** [7d 5d 4d]
Dorex2007: checks 
Professor Bean: bets $0.06
Dorex2007: calls $0.06
*** TURN *** [7d 5d 4d] [8d]
Dorex2007: checks 
Professor Bean: checks 
*** RIVER *** [7d 5d 4d 8d] [Jd]
Dorex2007: bets $0.10
Professor Bean: calls $0.10
*** SHOW DOWN ***
Dorex2007: shows [Qd Ad] (a flush, Ace high)
Professor Bean: mucks hand 
Dorex2007 collected $0.42 from pot
*** SUMMARY ***
Total pot $0.44 | Rake $0.02 
Board [7d 5d 4d 8d Jd]
Seat 1: P0kerstar92 (button) folded before Flop (didn't bet)
Seat 2: Dorex2007 (small blind) showed [Qd Ad] and won ($0.42) with a flush, Ace high
Seat 5: Professor Bean (big blind) mucked [6h 2c]
Seat 6: mosquera888 folded before Flop (didn't bet)



