PokerStars Hand #230282057187:  Hold'em No Limit ($0.01/$0.02 USD) - 2021/10/01 15:48:59 PT [2021/10/01 18:48:59 ET]
Table 'Unukalhai II' 9-max Seat #1 is the button
Seat 1: wstway ($2.35 in chips) 
Seat 3: Vituz09 ($2.10 in chips) 
Seat 4: IgnasKuc ($3.30 in chips) 
Seat 5: Aglan89 ($1.75 in chips) 
Seat 6: SohKKAA ($2 in chips) 
Seat 7: ValmiJunior ($1.86 in chips) 
Seat 8: 1Asthma1 ($2 in chips) 
Seat 9: Dorex2007 ($2 in chips) 
Vituz09: posts small blind $0.01
IgnasKuc: posts big blind $0.02
Dorex2007: posts big blind $0.02
*** HOLE CARDS ***
Dealt to Dorex2007 [5d 4h]
Aglan89: folds 
SohKKAA: folds 
ValmiJunior: folds 
1Asthma1: raises $0.06 to $0.08
Dorex2007: folds 
wstway: folds 
Vituz09: folds 
IgnasKuc: folds 
Uncalled bet ($0.06) returned to 1Asthma1
1Asthma1 collected $0.07 from pot
*** SUMMARY ***
Total pot $0.07 | Rake $0 
Seat 1: wstway (button) folded before Flop (didn't bet)
Seat 3: Vituz09 (small blind) folded before Flop
Seat 4: IgnasKuc (big blind) folded before Flop
Seat 5: Aglan89 folded before Flop (didn't bet)
Seat 6: SohKKAA folded before Flop (didn't bet)
Seat 7: ValmiJunior folded before Flop (didn't bet)
Seat 8: 1Asthma1 collected ($0.07)
Seat 9: Dorex2007 folded before Flop (didn't bet)



PokerStars Hand #230282066489:  Hold'em No Limit ($0.01/$0.02 USD) - 2021/10/01 15:49:24 PT [2021/10/01 18:49:24 ET]
Table 'Unukalhai II' 9-max Seat #3 is the button
Seat 1: wstway ($2.35 in chips) 
Seat 2: Ik Ham igen ($2 in chips) 
Seat 3: Vituz09 ($2.09 in chips) 
Seat 4: IgnasKuc ($3.28 in chips) 
Seat 5: Aglan89 ($1.75 in chips) 
Seat 6: SohKKAA ($2 in chips) 
Seat 7: ValmiJunior ($1.86 in chips) 
Seat 8: 1Asthma1 ($2.05 in chips) 
Seat 9: Dorex2007 ($1.98 in chips) 
IgnasKuc: posts small blind $0.01
Aglan89: posts big blind $0.02
Ik Ham igen: posts big blind $0.02
*** HOLE CARDS ***
Dealt to Dorex2007 [6d Ks]
SohKKAA: calls $0.02
ValmiJunior: calls $0.02
1Asthma1: folds 
Dorex2007: folds 
wstway: folds 
Ik Ham igen: checks 
Vituz09: raises $0.08 to $0.10
IgnasKuc: folds 
Aglan89: folds 
SohKKAA: calls $0.08
ValmiJunior: calls $0.08
Ik Ham igen: calls $0.08
*** FLOP *** [8s Qc 9h]
SohKKAA: checks 
ValmiJunior: checks 
Ik Ham igen: bets $1.90 and is all-in
Vituz09: folds 
SohKKAA: calls $1.90 and is all-in
ValmiJunior: folds 
*** TURN *** [8s Qc 9h] [4s]
*** RIVER *** [8s Qc 9h 4s] [4h]
*** SHOW DOWN ***
SohKKAA: shows [8d 8c] (a full house, Eights full of Fours)
Ik Ham igen: shows [Ah 6c] (a pair of Fours)
SohKKAA collected $4.08 from pot
*** SUMMARY ***
Total pot $4.23 | Rake $0.15 
Board [8s Qc 9h 4s 4h]
Seat 1: wstway folded before Flop (didn't bet)
Seat 2: Ik Ham igen showed [Ah 6c] and lost with a pair of Fours
Seat 3: Vituz09 (button) folded on the Flop
Seat 4: IgnasKuc (small blind) folded before Flop
Seat 5: Aglan89 (big blind) folded before Flop
Seat 6: SohKKAA showed [8d 8c] and won ($4.08) with a full house, Eights full of Fours
Seat 7: ValmiJunior folded on the Flop
Seat 8: 1Asthma1 folded before Flop (didn't bet)
Seat 9: Dorex2007 folded before Flop (didn't bet)



PokerStars Hand #230282097898:  Hold'em No Limit ($0.01/$0.02 USD) - 2021/10/01 15:50:51 PT [2021/10/01 18:50:51 ET]
Table 'Unukalhai II' 9-max Seat #4 is the button
Seat 1: wstway ($2.35 in chips) 
Seat 3: Vituz09 ($1.99 in chips) 
Seat 4: IgnasKuc ($3.27 in chips) 
Seat 5: Aglan89 ($1.73 in chips) 
Seat 6: SohKKAA ($4.08 in chips) 
Seat 7: ValmiJunior ($1.76 in chips) 
Seat 8: 1Asthma1 ($2.05 in chips) 
Seat 9: Dorex2007 ($1.98 in chips) 
Aglan89: posts small blind $0.01
SohKKAA: posts big blind $0.02
*** HOLE CARDS ***
Dealt to Dorex2007 [Kc Jh]
ValmiJunior has timed out
ValmiJunior: folds 
1Asthma1: folds 
Dorex2007: raises $0.04 to $0.06
wstway: folds 
Vituz09: calls $0.06
IgnasKuc: folds 
Aglan89: folds 
SohKKAA: folds 
*** FLOP *** [4c 7h 3h]
Dorex2007: checks 
Vituz09: checks 
*** TURN *** [4c 7h 3h] [4s]
Dorex2007: checks 
Vituz09: checks 
*** RIVER *** [4c 7h 3h 4s] [Td]
Dorex2007: bets $0.14
Vituz09: folds 
Uncalled bet ($0.14) returned to Dorex2007
Dorex2007 collected $0.14 from pot
Dorex2007: doesn't show hand 
*** SUMMARY ***
Total pot $0.15 | Rake $0.01 
Board [4c 7h 3h 4s Td]
Seat 1: wstway folded before Flop (didn't bet)
Seat 3: Vituz09 folded on the River
Seat 4: IgnasKuc (button) folded before Flop (didn't bet)
Seat 5: Aglan89 (small blind) folded before Flop
Seat 6: SohKKAA (big blind) folded before Flop
Seat 7: ValmiJunior folded before Flop (didn't bet)
Seat 8: 1Asthma1 folded before Flop (didn't bet)
Seat 9: Dorex2007 collected ($0.14)



PokerStars Hand #230282118979:  Hold'em No Limit ($0.01/$0.02 USD) - 2021/10/01 15:51:50 PT [2021/10/01 18:51:50 ET]
Table 'Unukalhai II' 9-max Seat #5 is the button
Seat 1: wstway ($2.35 in chips) 
Seat 2: Ik Ham igen ($2 in chips) 
Seat 3: Vituz09 ($1.93 in chips) 
Seat 4: IgnasKuc ($3.27 in chips) 
Seat 5: Aglan89 ($1.72 in chips) 
Seat 6: SohKKAA ($4.06 in chips) 
Seat 7: ValmiJunior ($1.76 in chips) 
Seat 8: 1Asthma1 ($2.05 in chips) 
Seat 9: Dorex2007 ($2.06 in chips) 
SohKKAA: posts small blind $0.01
ValmiJunior: posts big blind $0.02
*** HOLE CARDS ***
Dealt to Dorex2007 [Kh 8s]
1Asthma1: folds 
Dorex2007: folds 
wstway: folds 
Ik Ham igen: folds 
Vituz09: raises $0.04 to $0.06
IgnasKuc: folds 
Aglan89: folds 
SohKKAA: folds 
ValmiJunior: folds 
Uncalled bet ($0.04) returned to Vituz09
Vituz09 collected $0.05 from pot
*** SUMMARY ***
Total pot $0.05 | Rake $0 
Seat 1: wstway folded before Flop (didn't bet)
Seat 2: Ik Ham igen folded before Flop (didn't bet)
Seat 3: Vituz09 collected ($0.05)
Seat 4: IgnasKuc folded before Flop (didn't bet)
Seat 5: Aglan89 (button) folded before Flop (didn't bet)
Seat 6: SohKKAA (small blind) folded before Flop
Seat 7: ValmiJunior (big blind) folded before Flop
Seat 8: 1Asthma1 folded before Flop (didn't bet)
Seat 9: Dorex2007 folded before Flop (didn't bet)



PokerStars Hand #230282133562:  Hold'em No Limit ($0.01/$0.02 USD) - 2021/10/01 15:52:27 PT [2021/10/01 18:52:27 ET]
Table 'Unukalhai II' 9-max Seat #6 is the button
Seat 1: wstway ($2.35 in chips) 
Seat 2: Ik Ham igen ($2 in chips) 
Seat 3: Vituz09 ($1.96 in chips) 
Seat 4: IgnasKuc ($3.27 in chips) 
Seat 6: SohKKAA ($4.05 in chips) 
Seat 7: ValmiJunior ($1.74 in chips) 
Seat 8: 1Asthma1 ($2.05 in chips) 
Seat 9: Dorex2007 ($2.06 in chips) 
ValmiJunior: posts small blind $0.01
1Asthma1: posts big blind $0.02
*** HOLE CARDS ***
Dealt to Dorex2007 [3d 4d]
Aglan89 leaves the table
Dorex2007 has timed out
Dorex2007: folds 
wstway: folds 
Ik Ham igen: calls $0.02
Vituz09: calls $0.02
Boralicious joins the table at seat #5 
IgnasKuc: raises $0.08 to $0.10
SohKKAA: folds 
ValmiJunior: folds 
1Asthma1: folds 
Ik Ham igen: calls $0.08
Vituz09: folds 
*** FLOP *** [Ad Qd As]
Ik Ham igen: bets $0.50
IgnasKuc: calls $0.50
*** TURN *** [Ad Qd As] [9h]
Ik Ham igen: checks 
IgnasKuc: bets $0.40
Ik Ham igen: folds 
Uncalled bet ($0.40) returned to IgnasKuc
IgnasKuc collected $1.21 from pot
IgnasKuc: doesn't show hand 
*** SUMMARY ***
Total pot $1.25 | Rake $0.04 
Board [Ad Qd As 9h]
Seat 1: wstway folded before Flop (didn't bet)
Seat 2: Ik Ham igen folded on the Turn
Seat 3: Vituz09 folded before Flop
Seat 4: IgnasKuc collected ($1.21)
Seat 6: SohKKAA (button) folded before Flop (didn't bet)
Seat 7: ValmiJunior (small blind) folded before Flop
Seat 8: 1Asthma1 (big blind) folded before Flop
Seat 9: Dorex2007 folded before Flop (didn't bet)



PokerStars Hand #230282162594:  Hold'em No Limit ($0.01/$0.02 USD) - 2021/10/01 15:53:48 PT [2021/10/01 18:53:48 ET]
Table 'Unukalhai II' 9-max Seat #7 is the button
Seat 1: wstway ($2.35 in chips) 
Seat 2: Ik Ham igen ($1.40 in chips) 
Seat 3: Vituz09 ($1.94 in chips) 
Seat 4: IgnasKuc ($3.88 in chips) 
Seat 6: SohKKAA ($4.05 in chips) 
Seat 7: ValmiJunior ($1.73 in chips) 
Seat 8: 1Asthma1 ($2.03 in chips) 
Seat 9: Dorex2007 ($2.06 in chips) 
1Asthma1: posts small blind $0.01
Dorex2007: posts big blind $0.02
Boralicious: sits out 
*** HOLE CARDS ***
Dealt to Dorex2007 [9c Qd]
wstway: calls $0.02
Ik Ham igen: calls $0.02
Vituz09: calls $0.02
IgnasKuc: folds 
SohKKAA: folds 
ValmiJunior: calls $0.02
1Asthma1: folds 
Dorex2007: checks 
*** FLOP *** [Ks Qs 4d]
Dorex2007: checks 
wstway: checks 
Ik Ham igen: checks 
Vituz09: checks 
ValmiJunior: checks 
*** TURN *** [Ks Qs 4d] [Ad]
Dorex2007: checks 
wstway: bets $0.06
Ik Ham igen: calls $0.06
Vituz09: folds 
ValmiJunior: folds 
Dorex2007: folds 
*** RIVER *** [Ks Qs 4d Ad] [7d]
wstway: bets $0.10
Ik Ham igen: folds 
Uncalled bet ($0.10) returned to wstway
wstway collected $0.22 from pot
*** SUMMARY ***
Total pot $0.23 | Rake $0.01 
Board [Ks Qs 4d Ad 7d]
Seat 1: wstway collected ($0.22)
Seat 2: Ik Ham igen folded on the River
Seat 3: Vituz09 folded on the Turn
Seat 4: IgnasKuc folded before Flop (didn't bet)
Seat 6: SohKKAA folded before Flop (didn't bet)
Seat 7: ValmiJunior (button) folded on the Turn
Seat 8: 1Asthma1 (small blind) folded before Flop
Seat 9: Dorex2007 (big blind) folded on the Turn



PokerStars Hand #230282185262:  Hold'em No Limit ($0.01/$0.02 USD) - 2021/10/01 15:54:53 PT [2021/10/01 18:54:53 ET]
Table 'Unukalhai II' 9-max Seat #8 is the button
Seat 1: wstway ($2.49 in chips) 
Seat 2: Ik Ham igen ($1.32 in chips) 
Seat 3: Vituz09 ($1.92 in chips) 
Seat 4: IgnasKuc ($3.88 in chips) 
Seat 6: SohKKAA ($4.05 in chips) 
Seat 7: ValmiJunior ($1.71 in chips) 
Seat 8: 1Asthma1 ($2.02 in chips) 
Seat 9: Dorex2007 ($2.04 in chips) 
Dorex2007: posts small blind $0.01
wstway: posts big blind $0.02
Boralicious: sits out 
*** HOLE CARDS ***
Dealt to Dorex2007 [Td 9c]
Ik Ham igen: calls $0.02
Vituz09: folds 
IgnasKuc: folds 
SohKKAA: folds 
ValmiJunior: folds 
1Asthma1: folds 
Dorex2007: calls $0.01
wstway: checks 
*** FLOP *** [Kc 8s 4d]
Dorex2007: checks 
wstway: checks 
Ik Ham igen: checks 
*** TURN *** [Kc 8s 4d] [As]
Dorex2007: checks 
wstway: checks 
Ik Ham igen: checks 
*** RIVER *** [Kc 8s 4d As] [2s]
Dorex2007: checks 
wstway: checks 
Ik Ham igen: checks 
*** SHOW DOWN ***
Dorex2007: shows [Td 9c] (high card Ace)
wstway: shows [5d 4s] (a pair of Fours)
Ik Ham igen: mucks hand 
wstway collected $0.06 from pot
*** SUMMARY ***
Total pot $0.06 | Rake $0 
Board [Kc 8s 4d As 2s]
Seat 1: wstway (big blind) showed [5d 4s] and won ($0.06) with a pair of Fours
Seat 2: Ik Ham igen mucked [2h Jc]
Seat 3: Vituz09 folded before Flop (didn't bet)
Seat 4: IgnasKuc folded before Flop (didn't bet)
Seat 6: SohKKAA folded before Flop (didn't bet)
Seat 7: ValmiJunior folded before Flop (didn't bet)
Seat 8: 1Asthma1 (button) folded before Flop (didn't bet)
Seat 9: Dorex2007 (small blind) showed [Td 9c] and lost with high card Ace



PokerStars Hand #230282196944:  Hold'em No Limit ($0.01/$0.02 USD) - 2021/10/01 15:55:32 PT [2021/10/01 18:55:32 ET]
Table 'Unukalhai II' 9-max Seat #9 is the button
Seat 1: wstway ($2.53 in chips) 
Seat 2: Ik Ham igen ($1.30 in chips) 
Seat 3: Vituz09 ($1.92 in chips) 
Seat 4: IgnasKuc ($3.88 in chips) 
Seat 5: Boralicious ($1.51 in chips) 
Seat 6: SohKKAA ($4.05 in chips) 
Seat 7: ValmiJunior ($1.71 in chips) 
Seat 8: 1Asthma1 ($2.02 in chips) 
Seat 9: Dorex2007 ($2.02 in chips) 
wstway: posts small blind $0.01
Ik Ham igen: posts big blind $0.02
Boralicious: posts big blind $0.02
*** HOLE CARDS ***
Dealt to Dorex2007 [3s 9h]
Vituz09: folds 
IgnasKuc: folds 
Boralicious: checks 
SohKKAA: folds 
ValmiJunior has timed out
ValmiJunior: folds 
1Asthma1: folds 
Dorex2007: folds 
wstway: calls $0.01
Ik Ham igen: checks 
*** FLOP *** [5s Ac 6h]
wstway: checks 
Ik Ham igen: checks 
Boralicious: checks 
*** TURN *** [5s Ac 6h] [Td]
wstway: checks 
Ik Ham igen: checks 
Boralicious: checks 
*** RIVER *** [5s Ac 6h Td] [Kc]
wstway: checks 
Ik Ham igen: checks 
Boralicious: checks 
*** SHOW DOWN ***
wstway: shows [8c 9s] (high card Ace)
Ik Ham igen: mucks hand 
Boralicious: mucks hand 
wstway collected $0.06 from pot
*** SUMMARY ***
Total pot $0.06 | Rake $0 
Board [5s Ac 6h Td Kc]
Seat 1: wstway (small blind) showed [8c 9s] and won ($0.06) with high card Ace
Seat 2: Ik Ham igen (big blind) mucked [3c 9c]
Seat 3: Vituz09 folded before Flop (didn't bet)
Seat 4: IgnasKuc folded before Flop (didn't bet)
Seat 5: Boralicious mucked [4d 2c]
Seat 6: SohKKAA folded before Flop (didn't bet)
Seat 7: ValmiJunior folded before Flop (didn't bet)
Seat 8: 1Asthma1 folded before Flop (didn't bet)
Seat 9: Dorex2007 (button) folded before Flop (didn't bet)



PokerStars Hand #230282213882:  Hold'em No Limit ($0.01/$0.02 USD) - 2021/10/01 15:56:32 PT [2021/10/01 18:56:32 ET]
Table 'Unukalhai II' 9-max Seat #1 is the button
Seat 1: wstway ($2.57 in chips) 
Seat 2: Ik Ham igen ($1.28 in chips) 
Seat 3: Vituz09 ($1.92 in chips) 
Seat 4: IgnasKuc ($3.88 in chips) 
Seat 5: Boralicious ($1.49 in chips) 
Seat 6: SohKKAA ($4.05 in chips) 
Seat 7: ValmiJunior ($1.71 in chips) 
Seat 8: 1Asthma1 ($2.02 in chips) 
Seat 9: Dorex2007 ($2.02 in chips) 
Ik Ham igen: posts small blind $0.01
Vituz09: posts big blind $0.02
*** HOLE CARDS ***
Dealt to Dorex2007 [6h 2d]
IgnasKuc: folds 
Boralicious: calls $0.02
SohKKAA: folds 
ValmiJunior has timed out
ValmiJunior: folds 
1Asthma1: calls $0.02
Dorex2007: folds 
wstway: calls $0.02
Ik Ham igen: calls $0.01
Vituz09: checks 
*** FLOP *** [5s 7s 5h]
Ik Ham igen: checks 
Vituz09: bets $0.05
Boralicious: calls $0.05
1Asthma1 is disconnected 
1Asthma1 has timed out while disconnected
1Asthma1: folds 
wstway: folds 
Ik Ham igen: calls $0.05
*** TURN *** [5s 7s 5h] [Td]
Ik Ham igen: bets $0.10
Vituz09: folds 
Boralicious: calls $0.10
*** RIVER *** [5s 7s 5h Td] [4d]
Ik Ham igen: checks 
Boralicious: bets $0.18
Ik Ham igen: calls $0.18
*** SHOW DOWN ***
Boralicious: shows [9d 6d] (a pair of Fives)
Ik Ham igen: shows [Jd Ts] (two pair, Tens and Fives)
Ik Ham igen collected $0.78 from pot
*** SUMMARY ***
Total pot $0.81 | Rake $0.03 
Board [5s 7s 5h Td 4d]
Seat 1: wstway (button) folded on the Flop
Seat 2: Ik Ham igen (small blind) showed [Jd Ts] and won ($0.78) with two pair, Tens and Fives
Seat 3: Vituz09 (big blind) folded on the Turn
Seat 4: IgnasKuc folded before Flop (didn't bet)
Seat 5: Boralicious showed [9d 6d] and lost with a pair of Fives
Seat 6: SohKKAA folded before Flop (didn't bet)
Seat 7: ValmiJunior folded before Flop (didn't bet)
Seat 8: 1Asthma1 folded on the Flop
Seat 9: Dorex2007 folded before Flop (didn't bet)



PokerStars Hand #230282251402:  Hold'em No Limit ($0.01/$0.02 USD) - 2021/10/01 15:58:29 PT [2021/10/01 18:58:29 ET]
Table 'Unukalhai II' 9-max Seat #2 is the button
Seat 1: wstway ($2.55 in chips) 
Seat 2: Ik Ham igen ($1.71 in chips) 
Seat 3: Vituz09 ($1.85 in chips) 
Seat 4: IgnasKuc ($3.88 in chips) 
Seat 5: Boralicious ($1.14 in chips) 
Seat 6: SohKKAA ($4.05 in chips) 
Seat 7: ValmiJunior ($1.71 in chips) 
Seat 9: Dorex2007 ($2.02 in chips) 
Vituz09: posts small blind $0.01
IgnasKuc: posts big blind $0.02
*** HOLE CARDS ***
Dealt to Dorex2007 [Kc 3h]
Boralicious: raises $0.02 to $0.04
SohKKAA: folds 
ValmiJunior: folds 
Dorex2007: folds 
wstway: calls $0.04
Ik Ham igen: folds 
Vituz09: raises $0.16 to $0.20
IgnasKuc: folds 
Boralicious: calls $0.16
wstway: folds 
*** FLOP *** [7c Ts Ah]
Vituz09: bets $0.20
Boralicious: calls $0.20
*** TURN *** [7c Ts Ah] [Jh]
Vituz09: checks 
Boralicious: bets $0.24
Vituz09: folds 
Uncalled bet ($0.24) returned to Boralicious
Boralicious collected $0.82 from pot
*** SUMMARY ***
Total pot $0.86 | Rake $0.04 
Board [7c Ts Ah Jh]
Seat 1: wstway folded before Flop
Seat 2: Ik Ham igen (button) folded before Flop (didn't bet)
Seat 3: Vituz09 (small blind) folded on the Turn
Seat 4: IgnasKuc (big blind) folded before Flop
Seat 5: Boralicious collected ($0.82)
Seat 6: SohKKAA folded before Flop (didn't bet)
Seat 7: ValmiJunior folded before Flop (didn't bet)
Seat 9: Dorex2007 folded before Flop (didn't bet)



PokerStars Hand #230282275757:  Hold'em No Limit ($0.01/$0.02 USD) - 2021/10/01 15:59:57 PT [2021/10/01 18:59:57 ET]
Table 'Unukalhai II' 9-max Seat #3 is the button
Seat 1: wstway ($2.51 in chips) 
Seat 2: Ik Ham igen ($1.71 in chips) 
Seat 3: Vituz09 ($1.45 in chips) 
Seat 4: IgnasKuc ($3.86 in chips) 
Seat 5: Boralicious ($1.56 in chips) 
Seat 6: SohKKAA ($4.05 in chips) 
Seat 7: ValmiJunior ($1.71 in chips) 
Seat 9: Dorex2007 ($2.02 in chips) 
IgnasKuc: posts small blind $0.01
Boralicious: posts big blind $0.02
*** HOLE CARDS ***
Dealt to Dorex2007 [Ks 9c]
SohKKAA: folds 
ValmiJunior: folds 
ValmiJunior leaves the table
Dorex2007: folds 
wstway: calls $0.02
Ik Ham igen: calls $0.02
Vituz09: folds 
IgnasKuc: folds 
Boralicious: checks 
*** FLOP *** [7h 4s Qs]
vortso joins the table at seat #7 
Boralicious: checks 
wstway: checks 
Ik Ham igen: checks 
*** TURN *** [7h 4s Qs] [2d]
Boralicious: checks 
wstway: checks 
Ik Ham igen: checks 
*** RIVER *** [7h 4s Qs 2d] [3d]
Boralicious: checks 
wstway: checks 
Ik Ham igen: checks 
*** SHOW DOWN ***
Boralicious: shows [7s Tc] (a pair of Sevens)
wstway: mucks hand 
Ik Ham igen: mucks hand 
Boralicious collected $0.07 from pot
*** SUMMARY ***
Total pot $0.07 | Rake $0 
Board [7h 4s Qs 2d 3d]
Seat 1: wstway mucked [5d Kc]
Seat 2: Ik Ham igen mucked [6h 6d]
Seat 3: Vituz09 (button) folded before Flop (didn't bet)
Seat 4: IgnasKuc (small blind) folded before Flop
Seat 5: Boralicious (big blind) showed [7s Tc] and won ($0.07) with a pair of Sevens
Seat 6: SohKKAA folded before Flop (didn't bet)
Seat 7: ValmiJunior folded before Flop (didn't bet)
Seat 9: Dorex2007 folded before Flop (didn't bet)



PokerStars Hand #230282303617:  Hold'em No Limit ($0.01/$0.02 USD) - 2021/10/01 16:01:26 PT [2021/10/01 19:01:26 ET]
Table 'Unukalhai II' 9-max Seat #4 is the button
Seat 1: wstway ($2.49 in chips) 
Seat 2: Ik Ham igen ($1.69 in chips) 
Seat 3: Vituz09 ($2 in chips) 
Seat 4: IgnasKuc ($3.85 in chips) 
Seat 5: Boralicious ($1.61 in chips) 
Seat 6: SohKKAA ($4.05 in chips) 
Seat 8: 1Asthma1 ($2 in chips) 
Seat 9: Dorex2007 ($2.02 in chips) 
Boralicious: posts small blind $0.01
SohKKAA: posts big blind $0.02
vortso: sits out 
*** HOLE CARDS ***
Dealt to Dorex2007 [5s 9h]
1Asthma1: folds 
Dorex2007: folds 
wstway: folds 
Ik Ham igen: calls $0.02
Vituz09: calls $0.02
IgnasKuc: folds 
Boralicious: calls $0.01
SohKKAA: checks 
*** FLOP *** [3c Ks 4h]
Boralicious: checks 
SohKKAA: checks 
Ik Ham igen: checks 
Vituz09: checks 
*** TURN *** [3c Ks 4h] [7h]
Boralicious: checks 
SohKKAA: checks 
Ik Ham igen: bets $0.02
Vituz09: folds 
Boralicious: calls $0.02
SohKKAA: folds 
*** RIVER *** [3c Ks 4h 7h] [Qh]
Boralicious: bets $0.06
Ik Ham igen: calls $0.06
*** SHOW DOWN ***
Boralicious: shows [3s 6d] (a pair of Threes)
Ik Ham igen: shows [2h 7d] (a pair of Sevens)
Ik Ham igen collected $0.23 from pot
*** SUMMARY ***
Total pot $0.24 | Rake $0.01 
Board [3c Ks 4h 7h Qh]
Seat 1: wstway folded before Flop (didn't bet)
Seat 2: Ik Ham igen showed [2h 7d] and won ($0.23) with a pair of Sevens
Seat 3: Vituz09 folded on the Turn
Seat 4: IgnasKuc (button) folded before Flop (didn't bet)
Seat 5: Boralicious (small blind) showed [3s 6d] and lost with a pair of Threes
Seat 6: SohKKAA (big blind) folded on the Turn
Seat 8: 1Asthma1 folded before Flop (didn't bet)
Seat 9: Dorex2007 folded before Flop (didn't bet)



PokerStars Hand #230282339928:  Hold'em No Limit ($0.01/$0.02 USD) - 2021/10/01 16:02:46 PT [2021/10/01 19:02:46 ET]
Table 'Unukalhai II' 9-max Seat #5 is the button
Seat 1: wstway ($2.49 in chips) 
Seat 2: Ik Ham igen ($1.82 in chips) 
Seat 3: Vituz09 ($1.98 in chips) 
Seat 4: IgnasKuc ($3.85 in chips) 
Seat 5: Boralicious ($1.51 in chips) 
Seat 6: SohKKAA ($4.03 in chips) 
Seat 7: vortso ($0.80 in chips) 
Seat 8: 1Asthma1 ($2 in chips) 
Seat 9: Dorex2007 ($2.02 in chips) 
SohKKAA: posts small blind $0.01
vortso: posts big blind $0.02
*** HOLE CARDS ***
Dealt to Dorex2007 [5d 8h]
1Asthma1: folds 
Dorex2007: folds 
wstway: folds 
Ik Ham igen: calls $0.02
Vituz09: raises $0.07 to $0.09
IgnasKuc: folds 
Boralicious has timed out
Boralicious: folds 
SohKKAA: folds 
vortso: folds 
Ik Ham igen: calls $0.07
*** FLOP *** [2d 6h 7c]
Ik Ham igen: bets $0.30
Vituz09: folds 
Uncalled bet ($0.30) returned to Ik Ham igen
Ik Ham igen collected $0.20 from pot
*** SUMMARY ***
Total pot $0.21 | Rake $0.01 
Board [2d 6h 7c]
Seat 1: wstway folded before Flop (didn't bet)
Seat 2: Ik Ham igen collected ($0.20)
Seat 3: Vituz09 folded on the Flop
Seat 4: IgnasKuc folded before Flop (didn't bet)
Seat 5: Boralicious (button) folded before Flop (didn't bet)
Seat 6: SohKKAA (small blind) folded before Flop
Seat 7: vortso (big blind) folded before Flop
Seat 8: 1Asthma1 folded before Flop (didn't bet)
Seat 9: Dorex2007 folded before Flop (didn't bet)



PokerStars Hand #230282364994:  Hold'em No Limit ($0.01/$0.02 USD) - 2021/10/01 16:03:58 PT [2021/10/01 19:03:58 ET]
Table 'Unukalhai II' 9-max Seat #6 is the button
Seat 1: wstway ($2.49 in chips) 
Seat 2: Ik Ham igen ($1.93 in chips) 
Seat 3: Vituz09 ($1.89 in chips) 
Seat 4: IgnasKuc ($3.85 in chips) 
Seat 5: Boralicious ($1.51 in chips) 
Seat 6: SohKKAA ($4.02 in chips) 
Seat 7: vortso ($0.80 in chips) 
Seat 8: 1Asthma1 ($2 in chips) 
Seat 9: Dorex2007 ($2.02 in chips) 
vortso: posts small blind $0.01
1Asthma1: posts big blind $0.02
*** HOLE CARDS ***
Dealt to Dorex2007 [Kc Qc]
Dorex2007: raises $0.04 to $0.06
wstway: folds 
Ik Ham igen: folds 
Vituz09: folds 
IgnasKuc: folds 
Boralicious: calls $0.06
SohKKAA: raises $0.14 to $0.20
vortso: folds 
1Asthma1: folds 
Dorex2007: folds 
Boralicious: calls $0.14
*** FLOP *** [3d Tc Ks]
Boralicious: checks 
SohKKAA: checks 
*** TURN *** [3d Tc Ks] [Qd]
Boralicious: bets $0.18
SohKKAA: calls $0.18
*** RIVER *** [3d Tc Ks Qd] [6d]
Boralicious: checks 
SohKKAA: checks 
*** SHOW DOWN ***
Boralicious: shows [Kh 9c] (a pair of Kings)
SohKKAA: mucks hand 
Boralicious collected $0.81 from pot
*** SUMMARY ***
Total pot $0.85 | Rake $0.04 
Board [3d Tc Ks Qd 6d]
Seat 1: wstway folded before Flop (didn't bet)
Seat 2: Ik Ham igen folded before Flop (didn't bet)
Seat 3: Vituz09 folded before Flop (didn't bet)
Seat 4: IgnasKuc folded before Flop (didn't bet)
Seat 5: Boralicious showed [Kh 9c] and won ($0.81) with a pair of Kings
Seat 6: SohKKAA (button) mucked [Jc Js]
Seat 7: vortso (small blind) folded before Flop
Seat 8: 1Asthma1 (big blind) folded before Flop
Seat 9: Dorex2007 folded before Flop



PokerStars Hand #230282392402:  Hold'em No Limit ($0.01/$0.02 USD) - 2021/10/01 16:05:18 PT [2021/10/01 19:05:18 ET]
Table 'Unukalhai II' 9-max Seat #7 is the button
Seat 1: wstway ($2.49 in chips) 
Seat 2: Ik Ham igen ($1.93 in chips) 
Seat 3: Vituz09 ($2 in chips) 
Seat 4: IgnasKuc ($3.85 in chips) 
Seat 5: Boralicious ($1.94 in chips) 
Seat 6: SohKKAA ($3.64 in chips) 
Seat 7: vortso ($0.80 in chips) 
Seat 8: 1Asthma1 ($2 in chips) 
Seat 9: Dorex2007 ($1.96 in chips) 
1Asthma1: posts small blind $0.01
Dorex2007: posts big blind $0.02
*** HOLE CARDS ***
Dealt to Dorex2007 [4s 9s]
wstway: folds 
Ik Ham igen: calls $0.02
Vituz09: folds 
IgnasKuc: folds 
Boralicious: folds 
SohKKAA: folds 
vortso: folds 
1Asthma1: folds 
Dorex2007: checks 
*** FLOP *** [Js 4d 2h]
Dorex2007: checks 
Ik Ham igen: checks 
*** TURN *** [Js 4d 2h] [Jc]
Dorex2007: bets $0.05
Ik Ham igen: calls $0.05
*** RIVER *** [Js 4d 2h Jc] [Qd]
Dorex2007: checks 
Ik Ham igen: checks 
*** SHOW DOWN ***
Dorex2007: shows [4s 9s] (two pair, Jacks and Fours)
Ik Ham igen: shows [9c 4h] (two pair, Jacks and Fours)
Dorex2007 collected $0.07 from pot
Ik Ham igen collected $0.07 from pot
*** SUMMARY ***
Total pot $0.15 | Rake $0.01 
Board [Js 4d 2h Jc Qd]
Seat 1: wstway folded before Flop (didn't bet)
Seat 2: Ik Ham igen showed [9c 4h] and won ($0.07) with two pair, Jacks and Fours
Seat 3: Vituz09 folded before Flop (didn't bet)
Seat 4: IgnasKuc folded before Flop (didn't bet)
Seat 5: Boralicious folded before Flop (didn't bet)
Seat 6: SohKKAA folded before Flop (didn't bet)
Seat 7: vortso (button) folded before Flop (didn't bet)
Seat 8: 1Asthma1 (small blind) folded before Flop
Seat 9: Dorex2007 (big blind) showed [4s 9s] and won ($0.07) with two pair, Jacks and Fours



PokerStars Hand #230282406624:  Hold'em No Limit ($0.01/$0.02 USD) - 2021/10/01 16:06:00 PT [2021/10/01 19:06:00 ET]
Table 'Unukalhai II' 9-max Seat #8 is the button
Seat 1: wstway ($2.49 in chips) 
Seat 2: Ik Ham igen ($1.93 in chips) 
Seat 3: Vituz09 ($2 in chips) 
Seat 4: IgnasKuc ($3.85 in chips) 
Seat 5: Boralicious ($1.94 in chips) 
Seat 6: SohKKAA ($3.64 in chips) 
Seat 7: vortso ($0.80 in chips) 
Seat 8: 1Asthma1 ($2 in chips) 
Seat 9: Dorex2007 ($1.96 in chips) 
Dorex2007: posts small blind $0.01
wstway: posts big blind $0.02
*** HOLE CARDS ***
Dealt to Dorex2007 [8s Ks]
Ik Ham igen: raises $0.02 to $0.04
Vituz09: folds 
IgnasKuc: folds 
Boralicious: calls $0.04
SohKKAA: folds 
vortso: folds 
1Asthma1: folds 
Dorex2007: calls $0.03
wstway: folds 
*** FLOP *** [7s 6h 9s]
Dorex2007: checks 
Ik Ham igen: bets $0.06
Boralicious: calls $0.06
Dorex2007: calls $0.06
*** TURN *** [7s 6h 9s] [5d]
Dorex2007: checks 
Ik Ham igen: bets $0.24
Boralicious: calls $0.24
Dorex2007: raises $0.52 to $0.76
Ik Ham igen: calls $0.52
Boralicious: calls $0.52
*** RIVER *** [7s 6h 9s 5d] [6c]
Dorex2007: bets $1.10 and is all-in
Ik Ham igen: calls $1.07 and is all-in
Boralicious: folds 
Uncalled bet ($0.03) returned to Dorex2007
*** SHOW DOWN ***
Dorex2007: shows [8s Ks] (a straight, Five to Nine)
Ik Ham igen: shows [Ad Ah] (two pair, Aces and Sixes)
Dorex2007 collected $4.57 from pot
*** SUMMARY ***
Total pot $4.74 | Rake $0.17 
Board [7s 6h 9s 5d 6c]
Seat 1: wstway (big blind) folded before Flop
Seat 2: Ik Ham igen showed [Ad Ah] and lost with two pair, Aces and Sixes
Seat 3: Vituz09 folded before Flop (didn't bet)
Seat 4: IgnasKuc folded before Flop (didn't bet)
Seat 5: Boralicious folded on the River
Seat 6: SohKKAA folded before Flop (didn't bet)
Seat 7: vortso folded before Flop (didn't bet)
Seat 8: 1Asthma1 (button) folded before Flop (didn't bet)
Seat 9: Dorex2007 (small blind) showed [8s Ks] and won ($4.57) with a straight, Five to Nine



PokerStars Hand #230282433373:  Hold'em No Limit ($0.01/$0.02 USD) - 2021/10/01 16:07:19 PT [2021/10/01 19:07:19 ET]
Table 'Unukalhai II' 9-max Seat #9 is the button
Seat 1: wstway ($2.47 in chips) 
Seat 4: IgnasKuc ($3.85 in chips) 
Seat 5: Boralicious ($1.08 in chips) 
Seat 6: SohKKAA ($3.64 in chips) 
Seat 7: vortso ($0.80 in chips) 
Seat 8: 1Asthma1 ($2 in chips) 
Seat 9: Dorex2007 ($4.60 in chips) 
wstway: posts small blind $0.01
Vituz09: is sitting out 
IgnasKuc: posts big blind $0.02
*** HOLE CARDS ***
Dealt to Dorex2007 [3s As]
Boralicious: calls $0.02
SohKKAA: folds 
vortso: folds 
1Asthma1: raises $0.06 to $0.08
Dorex2007: folds 
wstway: folds 
IgnasKuc: folds 
Ik Ham igen leaves the table
palmrobert60 joins the table at seat #2 
Boralicious: calls $0.06
*** FLOP *** [4h Jh 5d]
Boralicious: checks 
1Asthma1: bets $0.12
Boralicious: calls $0.12
*** TURN *** [4h Jh 5d] [Tc]
Boralicious: bets $0.02
1Asthma1: calls $0.02
*** RIVER *** [4h Jh 5d Tc] [6d]
Boralicious: bets $0.12
1Asthma1: calls $0.12
*** SHOW DOWN ***
Boralicious: shows [Th 3h] (a pair of Tens)
1Asthma1: shows [Kh Ts] (a pair of Tens - King kicker)
1Asthma1 collected $0.69 from pot
*** SUMMARY ***
Total pot $0.71 | Rake $0.02 
Board [4h Jh 5d Tc 6d]
Seat 1: wstway (small blind) folded before Flop
Seat 4: IgnasKuc (big blind) folded before Flop
Seat 5: Boralicious showed [Th 3h] and lost with a pair of Tens
Seat 6: SohKKAA folded before Flop (didn't bet)
Seat 7: vortso folded before Flop (didn't bet)
Seat 8: 1Asthma1 showed [Kh Ts] and won ($0.69) with a pair of Tens
Seat 9: Dorex2007 (button) folded before Flop (didn't bet)



PokerStars Hand #230282448390:  Hold'em No Limit ($0.01/$0.02 USD) - 2021/10/01 16:08:03 PT [2021/10/01 19:08:03 ET]
Table 'Unukalhai II' 9-max Seat #1 is the button
Seat 1: wstway ($2.46 in chips) 
Seat 4: IgnasKuc ($3.83 in chips) 
Seat 5: Boralicious ($0.74 in chips) 
Seat 6: SohKKAA ($3.64 in chips) 
Seat 7: vortso ($0.80 in chips) 
Seat 8: 1Asthma1 ($2.35 in chips) 
Seat 9: Dorex2007 ($4.60 in chips) 
IgnasKuc: posts small blind $0.01
Boralicious: posts big blind $0.02
*** HOLE CARDS ***
Dealt to Dorex2007 [Jc 8c]
SohKKAA: folds 
vortso: folds 
1Asthma1: folds 
Dorex2007: folds 
wstway: calls $0.02
IgnasKuc: calls $0.01
Boralicious: checks 
*** FLOP *** [8s 6h 2d]
IgnasKuc: bets $0.05
Boralicious: calls $0.05
wstway: calls $0.05
*** TURN *** [8s 6h 2d] [7d]
IgnasKuc: checks 
Boralicious: checks 
wstway: checks 
*** RIVER *** [8s 6h 2d 7d] [Ac]
IgnasKuc: checks 
Boralicious: bets $0.12
wstway: folds 
IgnasKuc: folds 
Uncalled bet ($0.12) returned to Boralicious
Boralicious collected $0.20 from pot
*** SUMMARY ***
Total pot $0.21 | Rake $0.01 
Board [8s 6h 2d 7d Ac]
Seat 1: wstway (button) folded on the River
Seat 4: IgnasKuc (small blind) folded on the River
Seat 5: Boralicious (big blind) collected ($0.20)
Seat 6: SohKKAA folded before Flop (didn't bet)
Seat 7: vortso folded before Flop (didn't bet)
Seat 8: 1Asthma1 folded before Flop (didn't bet)
Seat 9: Dorex2007 folded before Flop (didn't bet)



PokerStars Hand #230282466284:  Hold'em No Limit ($0.01/$0.02 USD) - 2021/10/01 16:08:56 PT [2021/10/01 19:08:56 ET]
Table 'Unukalhai II' 9-max Seat #4 is the button
Seat 1: wstway ($2.39 in chips) 
Seat 2: palmrobert60 ($2 in chips) 
Seat 4: IgnasKuc ($3.76 in chips) 
Seat 5: Boralicious ($0.87 in chips) 
Seat 6: SohKKAA ($3.64 in chips) 
Seat 7: vortso ($0.80 in chips) 
Seat 8: 1Asthma1 ($2.35 in chips) 
Seat 9: Dorex2007 ($4.60 in chips) 
Boralicious: posts small blind $0.01
SohKKAA: posts big blind $0.02
palmrobert60: posts big blind $0.02
*** HOLE CARDS ***
Dealt to Dorex2007 [Tc 6s]
vortso: folds 
vortso leaves the table
1Asthma1: calls $0.02
Dorex2007: folds 
wstway: calls $0.02
palmrobert60: checks 
IgnasKuc: folds 
Nasuliini joins the table at seat #7 
Boralicious: calls $0.01
SohKKAA: checks 
*** FLOP *** [Qs 8h 4d]
Boralicious: checks 
SohKKAA: checks 
1Asthma1: checks 
wstway: checks 
Vituz09 leaves the table
palmrobert60: checks 
*** TURN *** [Qs 8h 4d] [7d]
Boralicious: checks 
SohKKAA: checks 
1Asthma1: checks 
wstway: checks 
Kahyo16 joins the table at seat #3 
palmrobert60: checks 
*** RIVER *** [Qs 8h 4d 7d] [9d]
Boralicious: checks 
SohKKAA: checks 
1Asthma1: checks 
wstway: checks 
palmrobert60: checks 
*** SHOW DOWN ***
Boralicious: shows [Ts 7c] (a pair of Sevens)
SohKKAA: shows [Qc Ks] (a pair of Queens)
1Asthma1: mucks hand 
wstway: mucks hand 
palmrobert60: mucks hand 
SohKKAA collected $0.10 from pot
*** SUMMARY ***
Total pot $0.10 | Rake $0 
Board [Qs 8h 4d 7d 9d]
Seat 1: wstway mucked [Kc Jh]
Seat 2: palmrobert60 mucked [2s Ac]
Seat 4: IgnasKuc (button) folded before Flop (didn't bet)
Seat 5: Boralicious (small blind) showed [Ts 7c] and lost with a pair of Sevens
Seat 6: SohKKAA (big blind) showed [Qc Ks] and won ($0.10) with a pair of Queens
Seat 7: vortso folded before Flop (didn't bet)
Seat 8: 1Asthma1 mucked [3d 3c]
Seat 9: Dorex2007 folded before Flop (didn't bet)



PokerStars Hand #230282500519:  Hold'em No Limit ($0.01/$0.02 USD) - 2021/10/01 16:10:37 PT [2021/10/01 19:10:37 ET]
Table 'Unukalhai II' 9-max Seat #5 is the button
Seat 1: wstway ($2.37 in chips) 
Seat 2: palmrobert60 ($1.98 in chips) 
Seat 3: Kahyo16 ($2 in chips) 
Seat 4: IgnasKuc ($3.76 in chips) 
Seat 5: Boralicious ($0.85 in chips) 
Seat 6: SohKKAA ($3.72 in chips) 
Seat 7: Nasuliini ($0.80 in chips) 
Seat 8: 1Asthma1 ($2.33 in chips) 
Seat 9: Dorex2007 ($4.60 in chips) 
SohKKAA: posts small blind $0.01
Nasuliini: posts big blind $0.02
Kahyo16: posts big blind $0.02
*** HOLE CARDS ***
Dealt to Dorex2007 [9h 9d]
1Asthma1: folds 
Dorex2007: raises $0.02 to $0.04
wstway: calls $0.04
palmrobert60: folds 
Kahyo16: folds 
IgnasKuc: folds 
Boralicious: folds 
Boralicious leaves the table
SohKKAA: folds 
Nasuliini: raises $0.15 to $0.19
Dorex2007: folds 
wstway: folds 
Uncalled bet ($0.15) returned to Nasuliini
Nasuliini collected $0.15 from pot
Nasuliini: doesn't show hand 
*** SUMMARY ***
Total pot $0.15 | Rake $0 
Seat 1: wstway folded before Flop
Seat 2: palmrobert60 folded before Flop (didn't bet)
Seat 3: Kahyo16 folded before Flop (didn't bet)
Seat 4: IgnasKuc folded before Flop (didn't bet)
Seat 5: Boralicious (button) folded before Flop (didn't bet)
Seat 6: SohKKAA (small blind) folded before Flop
Seat 7: Nasuliini (big blind) collected ($0.15)
Seat 8: 1Asthma1 folded before Flop (didn't bet)
Seat 9: Dorex2007 folded before Flop



PokerStars Hand #230282509420:  Hold'em No Limit ($0.01/$0.02 USD) - 2021/10/01 16:11:04 PT [2021/10/01 19:11:04 ET]
Table 'Unukalhai II' 9-max Seat #6 is the button
Seat 1: wstway ($2.33 in chips) 
Seat 2: palmrobert60 ($1.98 in chips) 
Seat 3: Kahyo16 ($1.98 in chips) 
Seat 4: IgnasKuc ($3.76 in chips) 
Seat 6: SohKKAA ($3.71 in chips) 
Seat 7: Nasuliini ($0.91 in chips) 
Seat 8: 1Asthma1 ($2.33 in chips) 
Seat 9: Dorex2007 ($4.56 in chips) 
Nasuliini: posts small blind $0.01
1Asthma1: posts big blind $0.02
*** HOLE CARDS ***
Dealt to Dorex2007 [5s Kd]
Dorex2007: folds 
wstway: calls $0.02
palmrobert60: folds 
Kahyo16: folds 
IgnasKuc: folds 
SohKKAA: folds 
Nasuliini: folds 
1Asthma1: checks 
*** FLOP *** [7c 7d 8h]
1Asthma1: checks 
wstway: checks 
*** TURN *** [7c 7d 8h] [Kh]
1Asthma1: checks 
wstway: checks 
*** RIVER *** [7c 7d 8h Kh] [Qc]
1Asthma1: checks 
wstway: checks 
*** SHOW DOWN ***
1Asthma1: shows [2c Jd] (a pair of Sevens)
wstway: shows [8s Qs] (two pair, Queens and Eights)
wstway collected $0.05 from pot
*** SUMMARY ***
Total pot $0.05 | Rake $0 
Board [7c 7d 8h Kh Qc]
Seat 1: wstway showed [8s Qs] and won ($0.05) with two pair, Queens and Eights
Seat 2: palmrobert60 folded before Flop (didn't bet)
Seat 3: Kahyo16 folded before Flop (didn't bet)
Seat 4: IgnasKuc folded before Flop (didn't bet)
Seat 6: SohKKAA (button) folded before Flop (didn't bet)
Seat 7: Nasuliini (small blind) folded before Flop
Seat 8: 1Asthma1 (big blind) showed [2c Jd] and lost with a pair of Sevens
Seat 9: Dorex2007 folded before Flop (didn't bet)



PokerStars Hand #230282520219:  Hold'em No Limit ($0.01/$0.02 USD) - 2021/10/01 16:11:36 PT [2021/10/01 19:11:36 ET]
Table 'Unukalhai II' 9-max Seat #7 is the button
Seat 1: wstway ($2.36 in chips) 
Seat 2: palmrobert60 ($1.98 in chips) 
Seat 3: Kahyo16 ($1.98 in chips) 
Seat 4: IgnasKuc ($3.76 in chips) 
Seat 6: SohKKAA ($3.71 in chips) 
Seat 7: Nasuliini ($0.90 in chips) 
Seat 8: 1Asthma1 ($2.31 in chips) 
Seat 9: Dorex2007 ($4.56 in chips) 
1Asthma1: posts small blind $0.01
Dorex2007: posts big blind $0.02
*** HOLE CARDS ***
Dealt to Dorex2007 [8d Qh]
wstway: calls $0.02
palmrobert60: folds 
Kahyo16: folds 
IgnasKuc: folds 
SohKKAA: folds 
Nasuliini: folds 
1Asthma1: calls $0.01
Dorex2007: checks 
*** FLOP *** [Jh 3c 4d]
1Asthma1: checks 
Dorex2007: checks 
wstway: bets $0.06
1Asthma1: calls $0.06
Dorex2007: folds 
*** TURN *** [Jh 3c 4d] [Qs]
1Asthma1: checks 
MsBennet95 joins the table at seat #5 
wstway: checks 
*** RIVER *** [Jh 3c 4d Qs] [5s]
1Asthma1: bets $0.10
wstway: folds 
Uncalled bet ($0.10) returned to 1Asthma1
1Asthma1 collected $0.17 from pot
*** SUMMARY ***
Total pot $0.18 | Rake $0.01 
Board [Jh 3c 4d Qs 5s]
Seat 1: wstway folded on the River
Seat 2: palmrobert60 folded before Flop (didn't bet)
Seat 3: Kahyo16 folded before Flop (didn't bet)
Seat 4: IgnasKuc folded before Flop (didn't bet)
Seat 6: SohKKAA folded before Flop (didn't bet)
Seat 7: Nasuliini (button) folded before Flop (didn't bet)
Seat 8: 1Asthma1 (small blind) collected ($0.17)
Seat 9: Dorex2007 (big blind) folded on the Flop



PokerStars Hand #230282541547:  Hold'em No Limit ($0.01/$0.02 USD) - 2021/10/01 16:12:21 PT [2021/10/01 19:12:21 ET]
Table 'Unukalhai II' 9-max Seat #8 is the button
Seat 1: wstway ($2.28 in chips) 
Seat 2: palmrobert60 ($1.98 in chips) 
Seat 3: Kahyo16 ($1.98 in chips) 
Seat 4: IgnasKuc ($3.76 in chips) 
Seat 5: MsBennet95 ($1.20 in chips) 
Seat 6: SohKKAA ($3.71 in chips) 
Seat 7: Nasuliini ($0.90 in chips) 
Seat 8: 1Asthma1 ($2.40 in chips) 
Seat 9: Dorex2007 ($4.54 in chips) 
Dorex2007: posts small blind $0.01
wstway: posts big blind $0.02
MsBennet95: posts big blind $0.02
*** HOLE CARDS ***
Dealt to Dorex2007 [Tc 5d]
palmrobert60: folds 
Kahyo16: folds 
IgnasKuc: folds 
MsBennet95: raises $0.02 to $0.04
SohKKAA: folds 
Nasuliini: folds 
1Asthma1: folds 
Dorex2007: folds 
wstway: calls $0.02
*** FLOP *** [3d Th Kc]
wstway: checks 
MsBennet95: checks 
*** TURN *** [3d Th Kc] [9d]
wstway: checks 
MsBennet95: checks 
*** RIVER *** [3d Th Kc 9d] [Ah]
wstway: checks 
MsBennet95: checks 
*** SHOW DOWN ***
wstway: shows [As 4s] (a pair of Aces)
MsBennet95: mucks hand 
wstway collected $0.09 from pot
*** SUMMARY ***
Total pot $0.09 | Rake $0 
Board [3d Th Kc 9d Ah]
Seat 1: wstway (big blind) showed [As 4s] and won ($0.09) with a pair of Aces
Seat 2: palmrobert60 folded before Flop (didn't bet)
Seat 3: Kahyo16 folded before Flop (didn't bet)
Seat 4: IgnasKuc folded before Flop (didn't bet)
Seat 5: MsBennet95 mucked [5h Jh]
Seat 6: SohKKAA folded before Flop (didn't bet)
Seat 7: Nasuliini folded before Flop (didn't bet)
Seat 8: 1Asthma1 (button) folded before Flop (didn't bet)
Seat 9: Dorex2007 (small blind) folded before Flop



PokerStars Hand #230282554827:  Hold'em No Limit ($0.01/$0.02 USD) - 2021/10/01 16:13:01 PT [2021/10/01 19:13:01 ET]
Table 'Unukalhai II' 9-max Seat #9 is the button
Seat 1: wstway ($2.33 in chips) 
Seat 2: palmrobert60 ($1.98 in chips) 
Seat 3: Kahyo16 ($1.98 in chips) 
Seat 4: IgnasKuc ($3.76 in chips) 
Seat 5: MsBennet95 ($1.16 in chips) 
Seat 6: SohKKAA ($3.71 in chips) 
Seat 7: Nasuliini ($0.90 in chips) 
Seat 8: 1Asthma1 ($2.40 in chips) 
Seat 9: Dorex2007 ($4.53 in chips) 
wstway: posts small blind $0.01
palmrobert60: posts big blind $0.02
*** HOLE CARDS ***
Dealt to Dorex2007 [2h Jh]
Kahyo16: folds 
IgnasKuc: folds 
MsBennet95: folds 
SohKKAA: folds 
Nasuliini: folds 
1Asthma1: folds 
Dorex2007: folds 
wstway: folds 
Uncalled bet ($0.01) returned to palmrobert60
palmrobert60 collected $0.02 from pot
palmrobert60: doesn't show hand 
*** SUMMARY ***
Total pot $0.02 | Rake $0 
Seat 1: wstway (small blind) folded before Flop
Seat 2: palmrobert60 (big blind) collected ($0.02)
Seat 3: Kahyo16 folded before Flop (didn't bet)
Seat 4: IgnasKuc folded before Flop (didn't bet)
Seat 5: MsBennet95 folded before Flop (didn't bet)
Seat 6: SohKKAA folded before Flop (didn't bet)
Seat 7: Nasuliini folded before Flop (didn't bet)
Seat 8: 1Asthma1 folded before Flop (didn't bet)
Seat 9: Dorex2007 (button) folded before Flop (didn't bet)



PokerStars Hand #230282562568:  Hold'em No Limit ($0.01/$0.02 USD) - 2021/10/01 16:13:24 PT [2021/10/01 19:13:24 ET]
Table 'Unukalhai II' 9-max Seat #1 is the button
Seat 1: wstway ($2.32 in chips) 
Seat 2: palmrobert60 ($1.99 in chips) 
Seat 3: Kahyo16 ($1.98 in chips) 
Seat 4: IgnasKuc ($3.76 in chips) 
Seat 5: MsBennet95 ($1.16 in chips) 
Seat 6: SohKKAA ($3.71 in chips) 
Seat 7: Nasuliini ($0.90 in chips) 
Seat 8: 1Asthma1 ($2.40 in chips) 
Seat 9: Dorex2007 ($4.53 in chips) 
palmrobert60: posts small blind $0.01
Kahyo16: posts big blind $0.02
*** HOLE CARDS ***
Dealt to Dorex2007 [Ac 5c]
IgnasKuc: folds 
MsBennet95: raises $0.02 to $0.04
SohKKAA: folds 
Nasuliini: folds 
1Asthma1: folds 
Dorex2007: calls $0.04
wstway: calls $0.04
palmrobert60: calls $0.03
Kahyo16: folds 
*** FLOP *** [3c Qc 8d]
palmrobert60: checks 
MsBennet95: checks 
Dorex2007: bets $0.11
wstway: folds 
palmrobert60: folds 
MsBennet95: folds 
Uncalled bet ($0.11) returned to Dorex2007
Dorex2007 collected $0.17 from pot
Dorex2007: doesn't show hand 
*** SUMMARY ***
Total pot $0.18 | Rake $0.01 
Board [3c Qc 8d]
Seat 1: wstway (button) folded on the Flop
Seat 2: palmrobert60 (small blind) folded on the Flop
Seat 3: Kahyo16 (big blind) folded before Flop
Seat 4: IgnasKuc folded before Flop (didn't bet)
Seat 5: MsBennet95 folded on the Flop
Seat 6: SohKKAA folded before Flop (didn't bet)
Seat 7: Nasuliini folded before Flop (didn't bet)
Seat 8: 1Asthma1 folded before Flop (didn't bet)
Seat 9: Dorex2007 collected ($0.17)



PokerStars Hand #230282580542:  Hold'em No Limit ($0.01/$0.02 USD) - 2021/10/01 16:14:08 PT [2021/10/01 19:14:08 ET]
Table 'Unukalhai II' 9-max Seat #2 is the button
Seat 1: wstway ($2.28 in chips) 
Seat 2: palmrobert60 ($1.95 in chips) 
Seat 3: Kahyo16 ($1.96 in chips) 
Seat 4: IgnasKuc ($3.76 in chips) 
Seat 5: MsBennet95 ($1.12 in chips) 
Seat 6: SohKKAA ($3.71 in chips) 
Seat 7: Nasuliini ($0.90 in chips) 
Seat 8: 1Asthma1 ($2.40 in chips) 
Seat 9: Dorex2007 ($4.66 in chips) 
Kahyo16: posts small blind $0.01
IgnasKuc: posts big blind $0.02
*** HOLE CARDS ***
Dealt to Dorex2007 [Qc 2c]
MsBennet95: calls $0.02
SohKKAA: folds 
Nasuliini: folds 
1Asthma1: folds 
Dorex2007: folds 
wstway: folds 
palmrobert60: calls $0.02
Kahyo16: folds 
IgnasKuc: checks 
*** FLOP *** [Jd 6c Td]
IgnasKuc: checks 
MsBennet95: checks 
palmrobert60: checks 
*** TURN *** [Jd 6c Td] [As]
IgnasKuc: checks 
MsBennet95: checks 
palmrobert60: bets $0.07
IgnasKuc: folds 
MsBennet95: calls $0.07
*** RIVER *** [Jd 6c Td As] [7s]
MsBennet95: checks 
palmrobert60: checks 
*** SHOW DOWN ***
MsBennet95: shows [4d Ah] (a pair of Aces)
palmrobert60: shows [8d Ad] (a pair of Aces - Jack+Ten+Eight kicker)
palmrobert60 collected $0.20 from pot
*** SUMMARY ***
Total pot $0.21 | Rake $0.01 
Board [Jd 6c Td As 7s]
Seat 1: wstway folded before Flop (didn't bet)
Seat 2: palmrobert60 (button) showed [8d Ad] and won ($0.20) with a pair of Aces
Seat 3: Kahyo16 (small blind) folded before Flop
Seat 4: IgnasKuc (big blind) folded on the Turn
Seat 5: MsBennet95 showed [4d Ah] and lost with a pair of Aces
Seat 6: SohKKAA folded before Flop (didn't bet)
Seat 7: Nasuliini folded before Flop (didn't bet)
Seat 8: 1Asthma1 folded before Flop (didn't bet)
Seat 9: Dorex2007 folded before Flop (didn't bet)



PokerStars Hand #230282598614:  Hold'em No Limit ($0.01/$0.02 USD) - 2021/10/01 16:15:02 PT [2021/10/01 19:15:02 ET]
Table 'Unukalhai II' 9-max Seat #3 is the button
Seat 1: wstway ($2.28 in chips) 
Seat 2: palmrobert60 ($2.06 in chips) 
Seat 3: Kahyo16 ($1.95 in chips) 
Seat 4: IgnasKuc ($3.74 in chips) 
Seat 5: MsBennet95 ($1.03 in chips) 
Seat 6: SohKKAA ($3.71 in chips) 
Seat 7: Nasuliini ($0.90 in chips) 
Seat 8: 1Asthma1 ($2.40 in chips) 
Seat 9: Dorex2007 ($4.66 in chips) 
IgnasKuc: posts small blind $0.01
MsBennet95: posts big blind $0.02
*** HOLE CARDS ***
Dealt to Dorex2007 [4h As]
SohKKAA: folds 
Nasuliini: folds 
1Asthma1: folds 
Dorex2007: folds 
wstway: folds 
palmrobert60: calls $0.02
Kahyo16: folds 
IgnasKuc: folds 
MsBennet95: checks 
*** FLOP *** [Qh 6h Jh]
MsBennet95: checks 
palmrobert60: checks 
*** TURN *** [Qh 6h Jh] [7h]
MsBennet95: checks 
palmrobert60: checks 
*** RIVER *** [Qh 6h Jh 7h] [7s]
MsBennet95: checks 
palmrobert60: checks 
*** SHOW DOWN ***
MsBennet95: shows [8h Ac] (a flush, Queen high)
palmrobert60: mucks hand 
MsBennet95 collected $0.05 from pot
*** SUMMARY ***
Total pot $0.05 | Rake $0 
Board [Qh 6h Jh 7h 7s]
Seat 1: wstway folded before Flop (didn't bet)
Seat 2: palmrobert60 mucked [Ts 9s]
Seat 3: Kahyo16 (button) folded before Flop (didn't bet)
Seat 4: IgnasKuc (small blind) folded before Flop
Seat 5: MsBennet95 (big blind) showed [8h Ac] and won ($0.05) with a flush, Queen high
Seat 6: SohKKAA folded before Flop (didn't bet)
Seat 7: Nasuliini folded before Flop (didn't bet)
Seat 8: 1Asthma1 folded before Flop (didn't bet)
Seat 9: Dorex2007 folded before Flop (didn't bet)



PokerStars Hand #230282615480:  Hold'em No Limit ($0.01/$0.02 USD) - 2021/10/01 16:15:52 PT [2021/10/01 19:15:52 ET]
Table 'Unukalhai II' 9-max Seat #4 is the button
Seat 1: wstway ($2.28 in chips) 
Seat 2: palmrobert60 ($2.04 in chips) 
Seat 3: Kahyo16 ($1.95 in chips) 
Seat 4: IgnasKuc ($3.73 in chips) 
Seat 5: MsBennet95 ($1.06 in chips) 
Seat 6: SohKKAA ($3.71 in chips) 
Seat 7: Nasuliini ($0.90 in chips) 
Seat 8: 1Asthma1 ($2.40 in chips) 
Seat 9: Dorex2007 ($4.66 in chips) 
MsBennet95: posts small blind $0.01
SohKKAA: posts big blind $0.02
*** HOLE CARDS ***
Dealt to Dorex2007 [Jh 2h]
Nasuliini: folds 
1Asthma1: folds 
Dorex2007: folds 
wstway: calls $0.02
palmrobert60: folds 
Kahyo16: folds 
IgnasKuc: folds 
MsBennet95: calls $0.01
SohKKAA: checks 
*** FLOP *** [3c 9d 5d]
MsBennet95: checks 
SohKKAA: checks 
wstway: checks 
*** TURN *** [3c 9d 5d] [Qh]
MsBennet95: checks 
SohKKAA: checks 
wstway: checks 
*** RIVER *** [3c 9d 5d Qh] [6s]
MsBennet95: checks 
SohKKAA: checks 
wstway: checks 
*** SHOW DOWN ***
MsBennet95: shows [Ac 6h] (a pair of Sixes)
SohKKAA: mucks hand 
wstway: mucks hand 
MsBennet95 collected $0.06 from pot
*** SUMMARY ***
Total pot $0.06 | Rake $0 
Board [3c 9d 5d Qh 6s]
Seat 1: wstway mucked [7d 5s]
Seat 2: palmrobert60 folded before Flop (didn't bet)
Seat 3: Kahyo16 folded before Flop (didn't bet)
Seat 4: IgnasKuc (button) folded before Flop (didn't bet)
Seat 5: MsBennet95 (small blind) showed [Ac 6h] and won ($0.06) with a pair of Sixes
Seat 6: SohKKAA (big blind) mucked [Js Kd]
Seat 7: Nasuliini folded before Flop (didn't bet)
Seat 8: 1Asthma1 folded before Flop (didn't bet)
Seat 9: Dorex2007 folded before Flop (didn't bet)



PokerStars Hand #230282635981:  Hold'em No Limit ($0.01/$0.02 USD) - 2021/10/01 16:16:54 PT [2021/10/01 19:16:54 ET]
Table 'Unukalhai II' 9-max Seat #5 is the button
Seat 1: wstway ($2.26 in chips) 
Seat 2: palmrobert60 ($2.04 in chips) 
Seat 3: Kahyo16 ($1.95 in chips) 
Seat 4: IgnasKuc ($3.73 in chips) 
Seat 5: MsBennet95 ($1.10 in chips) 
Seat 6: SohKKAA ($3.69 in chips) 
Seat 7: Nasuliini ($0.90 in chips) 
Seat 8: 1Asthma1 ($2.40 in chips) 
Seat 9: Dorex2007 ($4.66 in chips) 
SohKKAA: posts small blind $0.01
Nasuliini: posts big blind $0.02
*** HOLE CARDS ***
Dealt to Dorex2007 [8s Ah]
1Asthma1: folds 
Dorex2007: folds 
wstway: calls $0.02
palmrobert60: folds 
Kahyo16: folds 
IgnasKuc: raises $0.06 to $0.08
MsBennet95: folds 
SohKKAA: folds 
Nasuliini: folds 
wstway: calls $0.06
*** FLOP *** [5d Ts 3c]
wstway: checks 
IgnasKuc: bets $0.14
wstway: calls $0.14
*** TURN *** [5d Ts 3c] [6d]
wstway: checks 
IgnasKuc: bets $0.24
wstway: calls $0.24
*** RIVER *** [5d Ts 3c 6d] [Ks]
wstway: bets $0.46
IgnasKuc: raises $1.09 to $1.55
wstway: folds 
Uncalled bet ($1.09) returned to IgnasKuc
IgnasKuc collected $1.80 from pot
IgnasKuc: doesn't show hand 
*** SUMMARY ***
Total pot $1.87 | Rake $0.07 
Board [5d Ts 3c 6d Ks]
Seat 1: wstway folded on the River
Seat 2: palmrobert60 folded before Flop (didn't bet)
Seat 3: Kahyo16 folded before Flop (didn't bet)
Seat 4: IgnasKuc collected ($1.80)
Seat 5: MsBennet95 (button) folded before Flop (didn't bet)
Seat 6: SohKKAA (small blind) folded before Flop
Seat 7: Nasuliini (big blind) folded before Flop
Seat 8: 1Asthma1 folded before Flop (didn't bet)
Seat 9: Dorex2007 folded before Flop (didn't bet)



PokerStars Hand #230282669056:  Hold'em No Limit ($0.01/$0.02 USD) - 2021/10/01 16:18:33 PT [2021/10/01 19:18:33 ET]
Table 'Unukalhai II' 9-max Seat #6 is the button
Seat 1: wstway ($1.34 in chips) 
Seat 2: palmrobert60 ($2.04 in chips) 
Seat 3: Kahyo16 ($1.95 in chips) 
Seat 4: IgnasKuc ($4.61 in chips) 
Seat 5: MsBennet95 ($1.10 in chips) 
Seat 6: SohKKAA ($3.68 in chips) 
Seat 7: Nasuliini ($0.88 in chips) 
Seat 8: 1Asthma1 ($2.40 in chips) 
Seat 9: Dorex2007 ($4.66 in chips) 
Nasuliini: posts small blind $0.01
1Asthma1: posts big blind $0.02
*** HOLE CARDS ***
Dealt to Dorex2007 [Jh 5s]
Dorex2007: folds 
wstway: calls $0.02
palmrobert60: folds 
Kahyo16: folds 
IgnasKuc: folds 
MsBennet95 has timed out
MsBennet95: folds 
SohKKAA: folds 
Nasuliini: calls $0.01
1Asthma1: checks 
*** FLOP *** [2h 7h Qh]
Nasuliini: bets $0.02
1Asthma1: folds 
wstway: calls $0.02
*** TURN *** [2h 7h Qh] [Qc]
Nasuliini: bets $0.05
wstway: calls $0.05
*** RIVER *** [2h 7h Qh Qc] [3s]
Nasuliini: bets $0.19
wstway: folds 
Uncalled bet ($0.19) returned to Nasuliini
Nasuliini collected $0.19 from pot
Nasuliini: doesn't show hand 
*** SUMMARY ***
Total pot $0.20 | Rake $0.01 
Board [2h 7h Qh Qc 3s]
Seat 1: wstway folded on the River
Seat 2: palmrobert60 folded before Flop (didn't bet)
Seat 3: Kahyo16 folded before Flop (didn't bet)
Seat 4: IgnasKuc folded before Flop (didn't bet)
Seat 5: MsBennet95 folded before Flop (didn't bet)
Seat 6: SohKKAA (button) folded before Flop (didn't bet)
Seat 7: Nasuliini (small blind) collected ($0.19)
Seat 8: 1Asthma1 (big blind) folded on the Flop
Seat 9: Dorex2007 folded before Flop (didn't bet)



PokerStars Hand #230282686442:  Hold'em No Limit ($0.01/$0.02 USD) - 2021/10/01 16:19:25 PT [2021/10/01 19:19:25 ET]
Table 'Unukalhai II' 9-max Seat #7 is the button
Seat 1: wstway ($1.25 in chips) 
Seat 2: palmrobert60 ($2.04 in chips) 
Seat 3: Kahyo16 ($1.95 in chips) 
Seat 4: IgnasKuc ($4.61 in chips) 
Seat 5: MsBennet95 ($1.10 in chips) 
Seat 6: SohKKAA ($3.68 in chips) 
Seat 7: Nasuliini ($0.98 in chips) 
Seat 8: 1Asthma1 ($2.38 in chips) 
Seat 9: Dorex2007 ($4.66 in chips) 
1Asthma1: posts small blind $0.01
Dorex2007: posts big blind $0.02
*** HOLE CARDS ***
Dealt to Dorex2007 [Qh 3h]
wstway: folds 
palmrobert60: folds 
Kahyo16: folds 
IgnasKuc: folds 
MsBennet95: calls $0.02
SohKKAA: calls $0.02
Nasuliini: folds 
1Asthma1: folds 
Dorex2007: checks 
*** FLOP *** [9c 6h Td]
Dorex2007: checks 
MsBennet95: checks 
SohKKAA: checks 
*** TURN *** [9c 6h Td] [6d]
Dorex2007: checks 
MsBennet95: checks 
SohKKAA: checks 
*** RIVER *** [9c 6h Td 6d] [Qs]
Dorex2007: bets $0.07
MsBennet95: folds 
SohKKAA: folds 
Uncalled bet ($0.07) returned to Dorex2007
Dorex2007 collected $0.07 from pot
Dorex2007: doesn't show hand 
*** SUMMARY ***
Total pot $0.07 | Rake $0 
Board [9c 6h Td 6d Qs]
Seat 1: wstway folded before Flop (didn't bet)
Seat 2: palmrobert60 folded before Flop (didn't bet)
Seat 3: Kahyo16 folded before Flop (didn't bet)
Seat 4: IgnasKuc folded before Flop (didn't bet)
Seat 5: MsBennet95 folded on the River
Seat 6: SohKKAA folded on the River
Seat 7: Nasuliini (button) folded before Flop (didn't bet)
Seat 8: 1Asthma1 (small blind) folded before Flop
Seat 9: Dorex2007 (big blind) collected ($0.07)



PokerStars Hand #230282709483:  Hold'em No Limit ($0.01/$0.02 USD) - 2021/10/01 16:20:36 PT [2021/10/01 19:20:36 ET]
Table 'Unukalhai II' 9-max Seat #8 is the button
Seat 1: wstway ($1.25 in chips) 
Seat 2: palmrobert60 ($2.04 in chips) 
Seat 3: Kahyo16 ($1.95 in chips) 
Seat 4: IgnasKuc ($4.61 in chips) 
Seat 5: MsBennet95 ($1.08 in chips) 
Seat 6: SohKKAA ($3.66 in chips) 
Seat 7: Nasuliini ($0.98 in chips) 
Seat 8: 1Asthma1 ($2.37 in chips) 
Seat 9: Dorex2007 ($4.71 in chips) 
Dorex2007: posts small blind $0.01
wstway: posts big blind $0.02
*** HOLE CARDS ***
Dealt to Dorex2007 [4d 7c]
palmrobert60: calls $0.02
Kahyo16: folds 
IgnasKuc: folds 
MsBennet95: calls $0.02
SohKKAA: folds 
Nasuliini: folds 
1Asthma1: folds 
Dorex2007: folds 
wstway: checks 
*** FLOP *** [3d 4s 6c]
wstway: checks 
palmrobert60: checks 
MsBennet95: checks 
*** TURN *** [3d 4s 6c] [8s]
wstway: checks 
palmrobert60: bets $0.07
MsBennet95: folds 
wstway: folds 
Uncalled bet ($0.07) returned to palmrobert60
palmrobert60 collected $0.07 from pot
palmrobert60: doesn't show hand 
*** SUMMARY ***
Total pot $0.07 | Rake $0 
Board [3d 4s 6c 8s]
Seat 1: wstway (big blind) folded on the Turn
Seat 2: palmrobert60 collected ($0.07)
Seat 3: Kahyo16 folded before Flop (didn't bet)
Seat 4: IgnasKuc folded before Flop (didn't bet)
Seat 5: MsBennet95 folded on the Turn
Seat 6: SohKKAA folded before Flop (didn't bet)
Seat 7: Nasuliini folded before Flop (didn't bet)
Seat 8: 1Asthma1 (button) folded before Flop (didn't bet)
Seat 9: Dorex2007 (small blind) folded before Flop



PokerStars Hand #230282722989:  Hold'em No Limit ($0.01/$0.02 USD) - 2021/10/01 16:21:17 PT [2021/10/01 19:21:17 ET]
Table 'Unukalhai II' 9-max Seat #9 is the button
Seat 1: wstway ($1.23 in chips) 
Seat 2: palmrobert60 ($2.09 in chips) 
Seat 3: Kahyo16 ($1.95 in chips) 
Seat 4: IgnasKuc ($4.61 in chips) 
Seat 5: MsBennet95 ($1.06 in chips) 
Seat 6: SohKKAA ($3.66 in chips) 
Seat 7: Nasuliini ($0.98 in chips) 
Seat 8: 1Asthma1 ($2.37 in chips) 
Seat 9: Dorex2007 ($4.70 in chips) 
wstway: posts small blind $0.01
palmrobert60: posts big blind $0.02
*** HOLE CARDS ***
Dealt to Dorex2007 [2c 4h]
Kahyo16: folds 
IgnasKuc: folds 
MsBennet95: raises $0.02 to $0.04
SohKKAA: folds 
Nasuliini: folds 
1Asthma1: folds 
Dorex2007: folds 
wstway: calls $0.03
palmrobert60: calls $0.02
*** FLOP *** [Ts Ad Jc]
wstway: checks 
palmrobert60: checks 
MsBennet95: checks 
*** TURN *** [Ts Ad Jc] [9c]
wstway: checks 
palmrobert60: bets $0.12
MsBennet95: folds 
wstway: folds 
Uncalled bet ($0.12) returned to palmrobert60
palmrobert60 collected $0.12 from pot
palmrobert60: doesn't show hand 
*** SUMMARY ***
Total pot $0.12 | Rake $0 
Board [Ts Ad Jc 9c]
Seat 1: wstway (small blind) folded on the Turn
Seat 2: palmrobert60 (big blind) collected ($0.12)
Seat 3: Kahyo16 folded before Flop (didn't bet)
Seat 4: IgnasKuc folded before Flop (didn't bet)
Seat 5: MsBennet95 folded on the Turn
Seat 6: SohKKAA folded before Flop (didn't bet)
Seat 7: Nasuliini folded before Flop (didn't bet)
Seat 8: 1Asthma1 folded before Flop (didn't bet)
Seat 9: Dorex2007 (button) folded before Flop (didn't bet)



PokerStars Hand #230282734379:  Hold'em No Limit ($0.01/$0.02 USD) - 2021/10/01 16:21:52 PT [2021/10/01 19:21:52 ET]
Table 'Unukalhai II' 9-max Seat #1 is the button
Seat 1: wstway ($1.19 in chips) 
Seat 2: palmrobert60 ($2.17 in chips) 
Seat 3: Kahyo16 ($1.95 in chips) 
Seat 4: IgnasKuc ($4.61 in chips) 
Seat 5: MsBennet95 ($1.02 in chips) 
Seat 6: SohKKAA ($3.66 in chips) 
Seat 7: Nasuliini ($0.98 in chips) 
Seat 8: 1Asthma1 ($2.37 in chips) 
Seat 9: Dorex2007 ($4.70 in chips) 
palmrobert60: posts small blind $0.01
Kahyo16: posts big blind $0.02
*** HOLE CARDS ***
Dealt to Dorex2007 [4h 3d]
IgnasKuc: folds 
MsBennet95: calls $0.02
SohKKAA: folds 
Nasuliini: folds 
1Asthma1: folds 
Dorex2007: folds 
wstway: folds 
palmrobert60: calls $0.01
Kahyo16: checks 
*** FLOP *** [9h Js As]
palmrobert60: checks 
Kahyo16: checks 
MsBennet95: checks 
*** TURN *** [9h Js As] [Jd]
palmrobert60: checks 
Kahyo16: bets $0.06
MsBennet95: folds 
palmrobert60: folds 
Uncalled bet ($0.06) returned to Kahyo16
Kahyo16 collected $0.06 from pot
Kahyo16: doesn't show hand 
*** SUMMARY ***
Total pot $0.06 | Rake $0 
Board [9h Js As Jd]
Seat 1: wstway (button) folded before Flop (didn't bet)
Seat 2: palmrobert60 (small blind) folded on the Turn
Seat 3: Kahyo16 (big blind) collected ($0.06)
Seat 4: IgnasKuc folded before Flop (didn't bet)
Seat 5: MsBennet95 folded on the Turn
Seat 6: SohKKAA folded before Flop (didn't bet)
Seat 7: Nasuliini folded before Flop (didn't bet)
Seat 8: 1Asthma1 folded before Flop (didn't bet)
Seat 9: Dorex2007 folded before Flop (didn't bet)



PokerStars Hand #230282748913:  Hold'em No Limit ($0.01/$0.02 USD) - 2021/10/01 16:22:36 PT [2021/10/01 19:22:36 ET]
Table 'Unukalhai II' 9-max Seat #2 is the button
Seat 1: wstway ($2 in chips) 
Seat 2: palmrobert60 ($2.15 in chips) 
Seat 3: Kahyo16 ($1.99 in chips) 
Seat 4: IgnasKuc ($4.61 in chips) 
Seat 5: MsBennet95 ($1 in chips) 
Seat 6: SohKKAA ($3.66 in chips) 
Seat 7: Nasuliini ($0.98 in chips) 
Seat 8: 1Asthma1 ($2.37 in chips) 
Seat 9: Dorex2007 ($4.70 in chips) 
Kahyo16: posts small blind $0.01
IgnasKuc: posts big blind $0.02
*** HOLE CARDS ***
Dealt to Dorex2007 [3s Jc]
MsBennet95: calls $0.02
SohKKAA: folds 
Nasuliini: folds 
1Asthma1: folds 
Dorex2007: folds 
wstway: calls $0.02
palmrobert60: folds 
Kahyo16: folds 
IgnasKuc: checks 
*** FLOP *** [Tc 4h 5s]
IgnasKuc: checks 
MsBennet95: checks 
wstway: checks 
*** TURN *** [Tc 4h 5s] [Jh]
IgnasKuc: bets $0.05
MsBennet95: calls $0.05
wstway: folds 
*** RIVER *** [Tc 4h 5s Jh] [3c]
IgnasKuc: bets $0.10
MsBennet95: folds 
Uncalled bet ($0.10) returned to IgnasKuc
IgnasKuc collected $0.16 from pot
IgnasKuc: doesn't show hand 
*** SUMMARY ***
Total pot $0.17 | Rake $0.01 
Board [Tc 4h 5s Jh 3c]
Seat 1: wstway folded on the Turn
Seat 2: palmrobert60 (button) folded before Flop (didn't bet)
Seat 3: Kahyo16 (small blind) folded before Flop
Seat 4: IgnasKuc (big blind) collected ($0.16)
Seat 5: MsBennet95 folded on the River
Seat 6: SohKKAA folded before Flop (didn't bet)
Seat 7: Nasuliini folded before Flop (didn't bet)
Seat 8: 1Asthma1 folded before Flop (didn't bet)
Seat 9: Dorex2007 folded before Flop (didn't bet)



PokerStars Hand #230282766935:  Hold'em No Limit ($0.01/$0.02 USD) - 2021/10/01 16:23:31 PT [2021/10/01 19:23:31 ET]
Table 'Unukalhai II' 9-max Seat #3 is the button
Seat 1: wstway ($1.98 in chips) 
Seat 2: palmrobert60 ($2.15 in chips) 
Seat 3: Kahyo16 ($1.98 in chips) 
Seat 4: IgnasKuc ($4.70 in chips) 
Seat 5: MsBennet95 ($0.93 in chips) 
Seat 6: SohKKAA ($3.66 in chips) 
Seat 7: Nasuliini ($0.98 in chips) 
Seat 8: 1Asthma1 ($2.37 in chips) 
Seat 9: Dorex2007 ($4.70 in chips) 
IgnasKuc: posts small blind $0.01
MsBennet95: posts big blind $0.02
*** HOLE CARDS ***
Dealt to Dorex2007 [2h Kd]
SohKKAA: folds 
Nasuliini: folds 
1Asthma1: folds 
Dorex2007: folds 
wstway is disconnected 
wstway has timed out while being disconnected
wstway: folds 
palmrobert60: calls $0.02
Kahyo16: raises $0.04 to $0.06
IgnasKuc: folds 
MsBennet95: folds 
palmrobert60: calls $0.04
*** FLOP *** [Ad 9s 6d]
palmrobert60: checks 
Kahyo16: bets $0.07
palmrobert60: raises $0.07 to $0.14
Kahyo16: folds 
Uncalled bet ($0.07) returned to palmrobert60
palmrobert60 collected $0.28 from pot
palmrobert60: doesn't show hand 
*** SUMMARY ***
Total pot $0.29 | Rake $0.01 
Board [Ad 9s 6d]
Seat 1: wstway folded before Flop (didn't bet)
Seat 2: palmrobert60 collected ($0.28)
Seat 3: Kahyo16 (button) folded on the Flop
Seat 4: IgnasKuc (small blind) folded before Flop
Seat 5: MsBennet95 (big blind) folded before Flop
Seat 6: SohKKAA folded before Flop (didn't bet)
Seat 7: Nasuliini folded before Flop (didn't bet)
Seat 8: 1Asthma1 folded before Flop (didn't bet)
Seat 9: Dorex2007 folded before Flop (didn't bet)



PokerStars Hand #230282796522:  Hold'em No Limit ($0.01/$0.02 USD) - 2021/10/01 16:25:02 PT [2021/10/01 19:25:02 ET]
Table 'Unukalhai II' 9-max Seat #4 is the button
Seat 2: palmrobert60 ($2.30 in chips) 
Seat 3: Kahyo16 ($1.85 in chips) 
Seat 4: IgnasKuc ($4.69 in chips) 
Seat 5: MsBennet95 ($0.91 in chips) 
Seat 6: SohKKAA ($3.66 in chips) 
Seat 7: Nasuliini ($0.98 in chips) 
Seat 8: 1Asthma1 ($2.37 in chips) 
Seat 9: Dorex2007 ($4.70 in chips) 
MsBennet95: posts small blind $0.01
SohKKAA: posts big blind $0.02
*** HOLE CARDS ***
Dealt to Dorex2007 [9c 8s]
Nasuliini: folds 
1Asthma1: raises $0.04 to $0.06
Dorex2007: folds 
palmrobert60: folds 
Kahyo16: raises $0.12 to $0.18
IgnasKuc: folds 
MsBennet95: folds 
SohKKAA: folds 
1Asthma1: calls $0.12
*** FLOP *** [Ah 5d Qs]
1Asthma1: checks 
Kahyo16: bets $0.19
1Asthma1: folds 
Uncalled bet ($0.19) returned to Kahyo16
Kahyo16 collected $0.38 from pot
Kahyo16: doesn't show hand 
*** SUMMARY ***
Total pot $0.39 | Rake $0.01 
Board [Ah 5d Qs]
Seat 2: palmrobert60 folded before Flop (didn't bet)
Seat 3: Kahyo16 collected ($0.38)
Seat 4: IgnasKuc (button) folded before Flop (didn't bet)
Seat 5: MsBennet95 (small blind) folded before Flop
Seat 6: SohKKAA (big blind) folded before Flop
Seat 7: Nasuliini folded before Flop (didn't bet)
Seat 8: 1Asthma1 folded on the Flop
Seat 9: Dorex2007 folded before Flop (didn't bet)



PokerStars Hand #230282811827:  Hold'em No Limit ($0.01/$0.02 USD) - 2021/10/01 16:25:47 PT [2021/10/01 19:25:47 ET]
Table 'Unukalhai II' 9-max Seat #5 is the button
Seat 2: palmrobert60 ($2.30 in chips) 
Seat 3: Kahyo16 ($2.05 in chips) 
Seat 4: IgnasKuc ($4.69 in chips) 
Seat 5: MsBennet95 ($0.90 in chips) 
Seat 6: SohKKAA ($3.64 in chips) 
Seat 7: Nasuliini ($0.98 in chips) 
Seat 8: 1Asthma1 ($2.19 in chips) 
Seat 9: Dorex2007 ($4.70 in chips) 
SohKKAA: posts small blind $0.01
Nasuliini: posts big blind $0.02
*** HOLE CARDS ***
Dealt to Dorex2007 [6c Ks]
1Asthma1: folds 
Dorex2007: folds 
palmrobert60: calls $0.02
Kahyo16: folds 
IgnasKuc: folds 
MsBennet95: calls $0.02
SohKKAA: calls $0.01
Nasuliini: checks 
*** FLOP *** [2h 6d 7d]
SohKKAA: checks 
Nasuliini: checks 
palmrobert60: checks 
MsBennet95: checks 
*** TURN *** [2h 6d 7d] [8d]
SohKKAA: bets $0.08
Nasuliini: folds 
palmrobert60: folds 
MsBennet95: folds 
Uncalled bet ($0.08) returned to SohKKAA
SohKKAA collected $0.08 from pot
SohKKAA: doesn't show hand 
*** SUMMARY ***
Total pot $0.08 | Rake $0 
Board [2h 6d 7d 8d]
Seat 2: palmrobert60 folded on the Turn
Seat 3: Kahyo16 folded before Flop (didn't bet)
Seat 4: IgnasKuc folded before Flop (didn't bet)
Seat 5: MsBennet95 (button) folded on the Turn
Seat 6: SohKKAA (small blind) collected ($0.08)
Seat 7: Nasuliini (big blind) folded on the Turn
Seat 8: 1Asthma1 folded before Flop (didn't bet)
Seat 9: Dorex2007 folded before Flop (didn't bet)



PokerStars Hand #230282822247:  Hold'em No Limit ($0.01/$0.02 USD) - 2021/10/01 16:26:20 PT [2021/10/01 19:26:20 ET]
Table 'Unukalhai II' 9-max Seat #6 is the button
Seat 1: wstway ($1.98 in chips) 
Seat 2: palmrobert60 ($2.28 in chips) 
Seat 3: Kahyo16 ($2.05 in chips) 
Seat 4: IgnasKuc ($4.69 in chips) 
Seat 5: MsBennet95 ($0.88 in chips) 
Seat 6: SohKKAA ($3.70 in chips) 
Seat 7: Nasuliini ($0.96 in chips) 
Seat 8: 1Asthma1 ($2.19 in chips) 
Seat 9: Dorex2007 ($4.70 in chips) 
Nasuliini: posts small blind $0.01
1Asthma1: posts big blind $0.02
*** HOLE CARDS ***
Dealt to Dorex2007 [4s 5s]
Dorex2007: folds 
wstway: calls $0.02
palmrobert60: folds 
Kahyo16: raises $0.06 to $0.08
IgnasKuc: folds 
MsBennet95 has timed out
MsBennet95: folds 
SohKKAA: calls $0.08
Nasuliini: folds 
1Asthma1: folds 
wstway: calls $0.06
*** FLOP *** [7c Qc Ts]
wstway: checks 
Kahyo16: bets $0.13
SohKKAA: raises $0.21 to $0.34
wstway: folds 
Kahyo16: raises $1.63 to $1.97 and is all-in
SohKKAA: folds 
Uncalled bet ($1.63) returned to Kahyo16
Kahyo16 collected $0.92 from pot
Kahyo16: doesn't show hand 
*** SUMMARY ***
Total pot $0.95 | Rake $0.03 
Board [7c Qc Ts]
Seat 1: wstway folded on the Flop
Seat 2: palmrobert60 folded before Flop (didn't bet)
Seat 3: Kahyo16 collected ($0.92)
Seat 4: IgnasKuc folded before Flop (didn't bet)
Seat 5: MsBennet95 folded before Flop (didn't bet)
Seat 6: SohKKAA (button) folded on the Flop
Seat 7: Nasuliini (small blind) folded before Flop
Seat 8: 1Asthma1 (big blind) folded before Flop
Seat 9: Dorex2007 folded before Flop (didn't bet)



PokerStars Hand #230282851124:  Hold'em No Limit ($0.01/$0.02 USD) - 2021/10/01 16:27:52 PT [2021/10/01 19:27:52 ET]
Table 'Unukalhai II' 9-max Seat #7 is the button
Seat 1: wstway ($1.90 in chips) 
Seat 2: palmrobert60 ($2.28 in chips) 
Seat 3: Kahyo16 ($2.55 in chips) 
Seat 4: IgnasKuc ($4.69 in chips) 
Seat 5: MsBennet95 ($0.88 in chips) 
Seat 6: SohKKAA ($3.28 in chips) 
Seat 7: Nasuliini ($0.95 in chips) 
Seat 8: 1Asthma1 ($2.17 in chips) 
Seat 9: Dorex2007 ($4.70 in chips) 
1Asthma1: posts small blind $0.01
Dorex2007: posts big blind $0.02
*** HOLE CARDS ***
Dealt to Dorex2007 [Ac 6c]
wstway: folds 
palmrobert60: folds 
Kahyo16: folds 
IgnasKuc: folds 
MsBennet95: folds 
SohKKAA: folds 
Nasuliini: folds 
1Asthma1: folds 
Uncalled bet ($0.01) returned to Dorex2007
Dorex2007 collected $0.02 from pot
Dorex2007: doesn't show hand 
*** SUMMARY ***
Total pot $0.02 | Rake $0 
Seat 1: wstway folded before Flop (didn't bet)
Seat 2: palmrobert60 folded before Flop (didn't bet)
Seat 3: Kahyo16 folded before Flop (didn't bet)
Seat 4: IgnasKuc folded before Flop (didn't bet)
Seat 5: MsBennet95 folded before Flop (didn't bet)
Seat 6: SohKKAA folded before Flop (didn't bet)
Seat 7: Nasuliini (button) folded before Flop (didn't bet)
Seat 8: 1Asthma1 (small blind) folded before Flop
Seat 9: Dorex2007 (big blind) collected ($0.02)



PokerStars Hand #230282855480:  Hold'em No Limit ($0.01/$0.02 USD) - 2021/10/01 16:28:05 PT [2021/10/01 19:28:05 ET]
Table 'Unukalhai II' 9-max Seat #8 is the button
Seat 1: wstway ($1.90 in chips) 
Seat 2: palmrobert60 ($2.28 in chips) 
Seat 3: Kahyo16 ($2.55 in chips) 
Seat 4: IgnasKuc ($4.69 in chips) 
Seat 5: MsBennet95 ($0.88 in chips) 
Seat 6: SohKKAA ($3.28 in chips) 
Seat 7: Nasuliini ($0.95 in chips) 
Seat 8: 1Asthma1 ($2.16 in chips) 
Seat 9: Dorex2007 ($4.71 in chips) 
Dorex2007: posts small blind $0.01
wstway: posts big blind $0.02
*** HOLE CARDS ***
Dealt to Dorex2007 [Jh 5h]
palmrobert60: folds 
Kahyo16: folds 
IgnasKuc: folds 
MsBennet95: calls $0.02
SohKKAA: folds 
Nasuliini: folds 
1Asthma1: folds 
Dorex2007: calls $0.01
wstway: checks 
*** FLOP *** [4c 9s 6d]
Dorex2007: checks 
wstway: checks 
MsBennet95: checks 
*** TURN *** [4c 9s 6d] [As]
Dorex2007: checks 
wstway: checks 
MsBennet95: checks 
*** RIVER *** [4c 9s 6d As] [6h]
Dorex2007: checks 
wstway: checks 
MsBennet95: bets $0.02
Dorex2007: folds 
wstway: folds 
Uncalled bet ($0.02) returned to MsBennet95
MsBennet95 collected $0.06 from pot
MsBennet95: doesn't show hand 
*** SUMMARY ***
Total pot $0.06 | Rake $0 
Board [4c 9s 6d As 6h]
Seat 1: wstway (big blind) folded on the River
Seat 2: palmrobert60 folded before Flop (didn't bet)
Seat 3: Kahyo16 folded before Flop (didn't bet)
Seat 4: IgnasKuc folded before Flop (didn't bet)
Seat 5: MsBennet95 collected ($0.06)
Seat 6: SohKKAA folded before Flop (didn't bet)
Seat 7: Nasuliini folded before Flop (didn't bet)
Seat 8: 1Asthma1 (button) folded before Flop (didn't bet)
Seat 9: Dorex2007 (small blind) folded on the River



PokerStars Hand #230282889789:  Hold'em No Limit ($0.01/$0.02 USD) - 2021/10/01 16:29:25 PT [2021/10/01 19:29:25 ET]
Table 'Unukalhai II' 9-max Seat #9 is the button
Seat 1: wstway ($1.88 in chips) 
Seat 2: palmrobert60 ($2.28 in chips) 
Seat 3: Kahyo16 ($2.55 in chips) 
Seat 4: IgnasKuc ($4.69 in chips) 
Seat 5: MsBennet95 ($0.92 in chips) 
Seat 6: SohKKAA ($3.28 in chips) 
Seat 7: Nasuliini ($0.95 in chips) 
Seat 8: 1Asthma1 ($2.16 in chips) 
Seat 9: Dorex2007 ($4.69 in chips) 
wstway: posts small blind $0.01
palmrobert60: posts big blind $0.02
*** HOLE CARDS ***
Dealt to Dorex2007 [Jh Tc]
Kahyo16: folds 
IgnasKuc: folds 
MsBennet95: calls $0.02
SohKKAA: folds 
Nasuliini: folds 
1Asthma1: calls $0.02
Dorex2007: calls $0.02
wstway: calls $0.01
palmrobert60: raises $0.10 to $0.12
MsBennet95: calls $0.10
1Asthma1: calls $0.10
Dorex2007: folds 
wstway: folds 
*** FLOP *** [4h 6c 4c]
palmrobert60: bets $0.19
MsBennet95: folds 
1Asthma1: calls $0.19
*** TURN *** [4h 6c 4c] [3c]
palmrobert60: checks 
1Asthma1: bets $0.38
palmrobert60: calls $0.38
*** RIVER *** [4h 6c 4c 3c] [7c]
palmrobert60: checks 
1Asthma1: bets $1.47 and is all-in
palmrobert60: calls $1.47
*** SHOW DOWN ***
1Asthma1: shows [6d 6h] (a full house, Sixes full of Fours)
palmrobert60: shows [Js Jc] (a flush, Jack high)
1Asthma1 collected $4.32 from pot
*** SUMMARY ***
Total pot $4.48 | Rake $0.16 
Board [4h 6c 4c 3c 7c]
Seat 1: wstway (small blind) folded before Flop
Seat 2: palmrobert60 (big blind) showed [Js Jc] and lost with a flush, Jack high
Seat 3: Kahyo16 folded before Flop (didn't bet)
Seat 4: IgnasKuc folded before Flop (didn't bet)
Seat 5: MsBennet95 folded on the Flop
Seat 6: SohKKAA folded before Flop (didn't bet)
Seat 7: Nasuliini folded before Flop (didn't bet)
Seat 8: 1Asthma1 showed [6d 6h] and won ($4.32) with a full house, Sixes full of Fours
Seat 9: Dorex2007 (button) folded before Flop



PokerStars Hand #230282912062:  Hold'em No Limit ($0.01/$0.02 USD) - 2021/10/01 16:30:35 PT [2021/10/01 19:30:35 ET]
Table 'Unukalhai II' 9-max Seat #1 is the button
Seat 1: wstway ($1.86 in chips) 
Seat 2: palmrobert60 ($0.12 in chips) 
Seat 3: Kahyo16 ($2.55 in chips) 
Seat 4: IgnasKuc ($4.69 in chips) 
Seat 5: MsBennet95 ($0.80 in chips) 
Seat 6: SohKKAA ($3.28 in chips) 
Seat 7: Nasuliini ($0.95 in chips) 
Seat 8: 1Asthma1 ($4.32 in chips) 
Seat 9: Dorex2007 ($4.67 in chips) 
palmrobert60: posts small blind $0.01
Kahyo16: posts big blind $0.02
*** HOLE CARDS ***
Dealt to Dorex2007 [3d Kc]
IgnasKuc: folds 
MsBennet95 has timed out
MsBennet95: folds 
SohKKAA: raises $0.04 to $0.06
Nasuliini: folds 
1Asthma1: folds 
Dorex2007: folds 
wstway: folds 
palmrobert60: folds 
Kahyo16: folds 
Uncalled bet ($0.04) returned to SohKKAA
SohKKAA collected $0.05 from pot
SohKKAA: doesn't show hand 
*** SUMMARY ***
Total pot $0.05 | Rake $0 
Seat 1: wstway (button) folded before Flop (didn't bet)
Seat 2: palmrobert60 (small blind) folded before Flop
Seat 3: Kahyo16 (big blind) folded before Flop
Seat 4: IgnasKuc folded before Flop (didn't bet)
Seat 5: MsBennet95 folded before Flop (didn't bet)
Seat 6: SohKKAA collected ($0.05)
Seat 7: Nasuliini folded before Flop (didn't bet)
Seat 8: 1Asthma1 folded before Flop (didn't bet)
Seat 9: Dorex2007 folded before Flop (didn't bet)



PokerStars Hand #230282920296:  Hold'em No Limit ($0.01/$0.02 USD) - 2021/10/01 16:31:01 PT [2021/10/01 19:31:01 ET]
Table 'Unukalhai II' 9-max Seat #2 is the button
Seat 1: wstway ($1.86 in chips) 
Seat 2: palmrobert60 ($0.11 in chips) 
Seat 3: Kahyo16 ($2.53 in chips) 
Seat 4: IgnasKuc ($4.69 in chips) 
Seat 6: SohKKAA ($3.31 in chips) 
Seat 7: Nasuliini ($0.95 in chips) 
Seat 8: 1Asthma1 ($4.32 in chips) 
Seat 9: Dorex2007 ($4.67 in chips) 
Kahyo16: posts small blind $0.01
IgnasKuc: posts big blind $0.02
*** HOLE CARDS ***
Dealt to Dorex2007 [4c As]
SohKKAA: folds 
Nasuliini: folds 
1Asthma1: folds 
Dorex2007: folds 
wstway: calls $0.02
palmrobert60: folds 
Kahyo16: folds 
IgnasKuc: checks 
*** FLOP *** [9c Ts 5h]
IgnasKuc: checks 
wstway: bets $0.05
IgnasKuc: folds 
Uncalled bet ($0.05) returned to wstway
wstway collected $0.05 from pot
*** SUMMARY ***
Total pot $0.05 | Rake $0 
Board [9c Ts 5h]
Seat 1: wstway collected ($0.05)
Seat 2: palmrobert60 (button) folded before Flop (didn't bet)
Seat 3: Kahyo16 (small blind) folded before Flop
Seat 4: IgnasKuc (big blind) folded on the Flop
Seat 6: SohKKAA folded before Flop (didn't bet)
Seat 7: Nasuliini folded before Flop (didn't bet)
Seat 8: 1Asthma1 folded before Flop (didn't bet)
Seat 9: Dorex2007 folded before Flop (didn't bet)



PokerStars Hand #230282928117:  Hold'em No Limit ($0.01/$0.02 USD) - 2021/10/01 16:31:26 PT [2021/10/01 19:31:26 ET]
Table 'Unukalhai II' 9-max Seat #3 is the button
Seat 1: wstway ($1.89 in chips) 
Seat 2: palmrobert60 ($2 in chips) 
Seat 3: Kahyo16 ($2.52 in chips) 
Seat 4: IgnasKuc ($4.67 in chips) 
Seat 5: MsBennet95 ($0.80 in chips) 
Seat 6: SohKKAA ($3.31 in chips) 
Seat 7: Nasuliini ($0.95 in chips) 
Seat 8: 1Asthma1 ($4.32 in chips) 
Seat 9: Dorex2007 ($4.67 in chips) 
IgnasKuc: posts small blind $0.01
MsBennet95: posts big blind $0.02
*** HOLE CARDS ***
Dealt to Dorex2007 [Js 7d]
SohKKAA: folds 
Nasuliini: folds 
1Asthma1: folds 
Dorex2007: folds 
wstway: calls $0.02
palmrobert60: raises $0.07 to $0.09
Kahyo16: folds 
IgnasKuc: folds 
MsBennet95: calls $0.07
wstway: folds 
*** FLOP *** [Qs 5c 8h]
MsBennet95: checks 
palmrobert60: bets $0.20
MsBennet95: folds 
Uncalled bet ($0.20) returned to palmrobert60
palmrobert60 collected $0.20 from pot
palmrobert60: doesn't show hand 
*** SUMMARY ***
Total pot $0.21 | Rake $0.01 
Board [Qs 5c 8h]
Seat 1: wstway folded before Flop
Seat 2: palmrobert60 collected ($0.20)
Seat 3: Kahyo16 (button) folded before Flop (didn't bet)
Seat 4: IgnasKuc (small blind) folded before Flop
Seat 5: MsBennet95 (big blind) folded on the Flop
Seat 6: SohKKAA folded before Flop (didn't bet)
Seat 7: Nasuliini folded before Flop (didn't bet)
Seat 8: 1Asthma1 folded before Flop (didn't bet)
Seat 9: Dorex2007 folded before Flop (didn't bet)



PokerStars Hand #230282943232:  Hold'em No Limit ($0.01/$0.02 USD) - 2021/10/01 16:32:14 PT [2021/10/01 19:32:14 ET]
Table 'Unukalhai II' 9-max Seat #4 is the button
Seat 1: wstway ($1.87 in chips) 
Seat 2: palmrobert60 ($2.11 in chips) 
Seat 3: Kahyo16 ($2.52 in chips) 
Seat 4: IgnasKuc ($4.66 in chips) 
Seat 5: MsBennet95 ($0.71 in chips) 
Seat 6: SohKKAA ($3.31 in chips) 
Seat 7: Nasuliini ($0.95 in chips) 
Seat 8: 1Asthma1 ($4.32 in chips) 
Seat 9: Dorex2007 ($4.67 in chips) 
MsBennet95: posts small blind $0.01
SohKKAA: posts big blind $0.02
*** HOLE CARDS ***
Dealt to Dorex2007 [Th 5h]
Nasuliini: folds 
1Asthma1: folds 
Nasuliini leaves the table
Dorex2007: folds 
wstway: calls $0.02
palmrobert60: folds 
Kahyo16: folds 
IgnasKuc: calls $0.02
MsBennet95: calls $0.01
SohKKAA: checks 
*** FLOP *** [5s 9h Qc]
MsBennet95: checks 
SohKKAA: checks 
wstway: checks 
IgnasKuc: bets $0.06
58lebaron joins the table at seat #7 
MsBennet95: calls $0.06
SohKKAA: folds 
wstway: folds 
*** TURN *** [5s 9h Qc] [6h]
MsBennet95: checks 
IgnasKuc: checks 
*** RIVER *** [5s 9h Qc 6h] [5c]
MsBennet95: checks 
IgnasKuc: checks 
*** SHOW DOWN ***
MsBennet95: shows [Jd Qs] (two pair, Queens and Fives)
IgnasKuc: mucks hand 
MsBennet95 collected $0.19 from pot
*** SUMMARY ***
Total pot $0.20 | Rake $0.01 
Board [5s 9h Qc 6h 5c]
Seat 1: wstway folded on the Flop
Seat 2: palmrobert60 folded before Flop (didn't bet)
Seat 3: Kahyo16 folded before Flop (didn't bet)
Seat 4: IgnasKuc (button) mucked [3s As]
Seat 5: MsBennet95 (small blind) showed [Jd Qs] and won ($0.19) with two pair, Queens and Fives
Seat 6: SohKKAA (big blind) folded on the Flop
Seat 7: Nasuliini folded before Flop (didn't bet)
Seat 8: 1Asthma1 folded before Flop (didn't bet)
Seat 9: Dorex2007 folded before Flop (didn't bet)



PokerStars Hand #230282962935:  Hold'em No Limit ($0.01/$0.02 USD) - 2021/10/01 16:33:12 PT [2021/10/01 19:33:12 ET]
Table 'Unukalhai II' 9-max Seat #5 is the button
Seat 1: wstway ($1.85 in chips) 
Seat 2: palmrobert60 ($2.11 in chips) 
Seat 3: Kahyo16 ($2.52 in chips) 
Seat 4: IgnasKuc ($4.58 in chips) 
Seat 5: MsBennet95 ($0.82 in chips) 
Seat 6: SohKKAA ($3.29 in chips) 
Seat 7: 58lebaron ($2 in chips) 
Seat 8: 1Asthma1 ($4.32 in chips) 
Seat 9: Dorex2007 ($4.67 in chips) 
SohKKAA: posts small blind $0.01
58lebaron: posts big blind $0.02
*** HOLE CARDS ***
Dealt to Dorex2007 [2d 6c]
1Asthma1: folds 
Dorex2007: folds 
wstway: folds 
palmrobert60: calls $0.02
Kahyo16: folds 
IgnasKuc: folds 
MsBennet95: raises $0.02 to $0.04
SohKKAA: folds 
58lebaron: calls $0.02
palmrobert60: calls $0.02
*** FLOP *** [9c Qh Qc]
58lebaron: checks 
palmrobert60: checks 
MsBennet95: checks 
*** TURN *** [9c Qh Qc] [5d]
58lebaron: checks 
palmrobert60: checks 
MsBennet95: checks 
*** RIVER *** [9c Qh Qc 5d] [5h]
58lebaron: checks 
palmrobert60: checks 
MsBennet95: bets $0.04
58lebaron: folds 
palmrobert60: calls $0.04
*** SHOW DOWN ***
MsBennet95: shows [Qd Kd] (a full house, Queens full of Fives)
palmrobert60: mucks hand 
MsBennet95 collected $0.20 from pot
*** SUMMARY ***
Total pot $0.21 | Rake $0.01 
Board [9c Qh Qc 5d 5h]
Seat 1: wstway folded before Flop (didn't bet)
Seat 2: palmrobert60 mucked [6d 6h]
Seat 3: Kahyo16 folded before Flop (didn't bet)
Seat 4: IgnasKuc folded before Flop (didn't bet)
Seat 5: MsBennet95 (button) showed [Qd Kd] and won ($0.20) with a full house, Queens full of Fives
Seat 6: SohKKAA (small blind) folded before Flop
Seat 7: 58lebaron (big blind) folded on the River
Seat 8: 1Asthma1 folded before Flop (didn't bet)
Seat 9: Dorex2007 folded before Flop (didn't bet)



