PokerStars Hand #224823825268:  Hold'em No Limit ($0.01/$0.02 USD) - 2021/03/14 19:32:31 PT [2021/03/14 22:32:31 ET]
Table 'Fornax V' 9-max Seat #8 is the button
Seat 1: Dorex2007 ($1.50 in chips) 
Seat 2: Kidmono ($1.32 in chips) 
Seat 3: runnyboar ($2.46 in chips) 
Seat 5: royrobk ($1.67 in chips) 
Seat 6: Kinamuiu ($2.67 in chips) 
Seat 7: PaQeda ($0.70 in chips) 
Seat 8: jacirmenon ($3.56 in chips) 
Seat 9: Elrus90 ($1.13 in chips) 
Elrus90: posts small blind $0.01
Dorex2007: posts big blind $0.02
*** HOLE CARDS ***
Dealt to Dorex2007 [Ts 6h]
Kidmono: folds 
runnyboar: folds 
royrobk: calls $0.02
Kinamuiu has timed out
Kinamuiu: folds 
PaQeda: folds 
jacirmenon: folds 
Elrus90: folds 
Dorex2007: checks 
*** FLOP *** [Kc 9c Qd]
Dorex2007: checks 
royrobk: checks 
*** TURN *** [Kc 9c Qd] [Ac]
Dorex2007: checks 
royrobk: checks 
*** RIVER *** [Kc 9c Qd Ac] [Tc]
Dorex2007: checks 
royrobk: checks 
*** SHOW DOWN ***
Dorex2007: shows [Ts 6h] (a pair of Tens)
royrobk: shows [3c 4c] (a flush, Ace high)
royrobk collected $0.05 from pot
*** SUMMARY ***
Total pot $0.05 | Rake $0 
Board [Kc 9c Qd Ac Tc]
Seat 1: Dorex2007 (big blind) showed [Ts 6h] and lost with a pair of Tens
Seat 2: Kidmono folded before Flop (didn't bet)
Seat 3: runnyboar folded before Flop (didn't bet)
Seat 5: royrobk showed [3c 4c] and won ($0.05) with a flush, Ace high
Seat 6: Kinamuiu folded before Flop (didn't bet)
Seat 7: PaQeda folded before Flop (didn't bet)
Seat 8: jacirmenon (button) folded before Flop (didn't bet)
Seat 9: Elrus90 (small blind) folded before Flop



PokerStars Hand #224823845762:  Hold'em No Limit ($0.01/$0.02 USD) - 2021/03/14 19:33:22 PT [2021/03/14 22:33:22 ET]
Table 'Fornax V' 9-max Seat #9 is the button
Seat 1: Dorex2007 ($1.48 in chips) 
Seat 2: Kidmono ($1.32 in chips) 
Seat 3: runnyboar ($2.46 in chips) 
Seat 5: royrobk ($1.70 in chips) 
Seat 6: Kinamuiu ($2.67 in chips) 
Seat 7: PaQeda ($0.70 in chips) 
Seat 8: jacirmenon ($3.56 in chips) 
Seat 9: Elrus90 ($1.12 in chips) 
Dorex2007: posts small blind $0.01
Kidmono: posts big blind $0.02
*** HOLE CARDS ***
Dealt to Dorex2007 [8h 7d]
runnyboar: folds 
royrobk: folds 
Kinamuiu has timed out
Kinamuiu: folds 
PaQeda: folds 
jacirmenon: folds 
Elrus90: raises $0.04 to $0.06
Dorex2007: folds 
Kidmono: folds 
Uncalled bet ($0.04) returned to Elrus90
Elrus90 collected $0.05 from pot
Elrus90: doesn't show hand 
*** SUMMARY ***
Total pot $0.05 | Rake $0 
Seat 1: Dorex2007 (small blind) folded before Flop
Seat 2: Kidmono (big blind) folded before Flop
Seat 3: runnyboar folded before Flop (didn't bet)
Seat 5: royrobk folded before Flop (didn't bet)
Seat 6: Kinamuiu folded before Flop (didn't bet)
Seat 7: PaQeda folded before Flop (didn't bet)
Seat 8: jacirmenon folded before Flop (didn't bet)
Seat 9: Elrus90 (button) collected ($0.05)



PokerStars Hand #224823852824:  Hold'em No Limit ($0.01/$0.02 USD) - 2021/03/14 19:33:48 PT [2021/03/14 22:33:48 ET]
Table 'Fornax V' 9-max Seat #1 is the button
Seat 1: Dorex2007 ($1.47 in chips) 
Seat 2: Kidmono ($1.30 in chips) 
Seat 3: runnyboar ($2.46 in chips) 
Seat 5: royrobk ($1.70 in chips) 
Seat 7: PaQeda ($0.70 in chips) 
Seat 8: jacirmenon ($3.56 in chips) 
Seat 9: Elrus90 ($1.15 in chips) 
Kidmono: posts small blind $0.01
runnyboar: posts big blind $0.02
*** HOLE CARDS ***
Dealt to Dorex2007 [7d 8c]
royrobk: folds 
PaQeda: raises $0.04 to $0.06
jacirmenon: folds 
Elrus90: folds 
Dorex2007: folds 
Kidmono: calls $0.05
runnyboar: calls $0.04
*** FLOP *** [5h 3h 4c]
Kidmono: checks 
runnyboar: checks 
PaQeda: bets $0.04
Kidmono: folds 
runnyboar: folds 
Uncalled bet ($0.04) returned to PaQeda
PaQeda collected $0.17 from pot
PaQeda: doesn't show hand 
*** SUMMARY ***
Total pot $0.18 | Rake $0.01 
Board [5h 3h 4c]
Seat 1: Dorex2007 (button) folded before Flop (didn't bet)
Seat 2: Kidmono (small blind) folded on the Flop
Seat 3: runnyboar (big blind) folded on the Flop
Seat 5: royrobk folded before Flop (didn't bet)
Seat 7: PaQeda collected ($0.17)
Seat 8: jacirmenon folded before Flop (didn't bet)
Seat 9: Elrus90 folded before Flop (didn't bet)



PokerStars Hand #224823870840:  Hold'em No Limit ($0.01/$0.02 USD) - 2021/03/14 19:34:54 PT [2021/03/14 22:34:54 ET]
Table 'Fornax V' 9-max Seat #2 is the button
Seat 1: Dorex2007 ($1.47 in chips) 
Seat 2: Kidmono ($1.24 in chips) 
Seat 3: runnyboar ($2.40 in chips) 
Seat 5: royrobk ($1.70 in chips) 
Seat 7: PaQeda ($0.81 in chips) 
Seat 8: jacirmenon ($3.56 in chips) 
Seat 9: Elrus90 ($1.15 in chips) 
runnyboar: posts small blind $0.01
royrobk: posts big blind $0.02
*** HOLE CARDS ***
Dealt to Dorex2007 [2h 3h]
PaQeda: folds 
jacirmenon: folds 
Elrus90: raises $0.02 to $0.04
Dorex2007: folds 
Kidmono: folds 
runnyboar: folds 
royrobk: folds 
Uncalled bet ($0.02) returned to Elrus90
Elrus90 collected $0.05 from pot
Elrus90: doesn't show hand 
*** SUMMARY ***
Total pot $0.05 | Rake $0 
Seat 1: Dorex2007 folded before Flop (didn't bet)
Seat 2: Kidmono (button) folded before Flop (didn't bet)
Seat 3: runnyboar (small blind) folded before Flop
Seat 5: royrobk (big blind) folded before Flop
Seat 7: PaQeda folded before Flop (didn't bet)
Seat 8: jacirmenon folded before Flop (didn't bet)
Seat 9: Elrus90 collected ($0.05)



PokerStars Hand #224823875345:  Hold'em No Limit ($0.01/$0.02 USD) - 2021/03/14 19:35:11 PT [2021/03/14 22:35:11 ET]
Table 'Fornax V' 9-max Seat #3 is the button
Seat 1: Dorex2007 ($1.47 in chips) 
Seat 2: Kidmono ($1.24 in chips) 
Seat 3: runnyboar ($2.39 in chips) 
Seat 5: royrobk ($1.68 in chips) 
Seat 7: PaQeda ($0.81 in chips) 
Seat 8: jacirmenon ($3.56 in chips) 
Seat 9: Elrus90 ($1.18 in chips) 
royrobk: posts small blind $0.01
PaQeda: posts big blind $0.02
*** HOLE CARDS ***
Dealt to Dorex2007 [7h 6c]
PABLOZAL10 joins the table at seat #4 
jacirmenon: calls $0.02
Elrus90: folds 
Dorex2007: folds 
Kidmono: folds 
runnyboar: folds 
royrobk: calls $0.01
PaQeda: checks 
*** FLOP *** [Qc 8d Ts]
royrobk: checks 
PaQeda: checks 
jacirmenon: checks 
*** TURN *** [Qc 8d Ts] [4h]
royrobk: checks 
PaQeda: checks 
jacirmenon: checks 
*** RIVER *** [Qc 8d Ts 4h] [Kd]
royrobk: checks 
PaQeda: bets $0.06
jacirmenon: folds 
royrobk: folds 
Uncalled bet ($0.06) returned to PaQeda
PaQeda collected $0.06 from pot
PaQeda: doesn't show hand 
*** SUMMARY ***
Total pot $0.06 | Rake $0 
Board [Qc 8d Ts 4h Kd]
Seat 1: Dorex2007 folded before Flop (didn't bet)
Seat 2: Kidmono folded before Flop (didn't bet)
Seat 3: runnyboar (button) folded before Flop (didn't bet)
Seat 5: royrobk (small blind) folded on the River
Seat 7: PaQeda (big blind) collected ($0.06)
Seat 8: jacirmenon folded on the River
Seat 9: Elrus90 folded before Flop (didn't bet)



PokerStars Hand #224823890190:  Hold'em No Limit ($0.01/$0.02 USD) - 2021/03/14 19:36:06 PT [2021/03/14 22:36:06 ET]
Table 'Fornax V' 9-max Seat #5 is the button
Seat 1: Dorex2007 ($1.47 in chips) 
Seat 2: Kidmono ($1.24 in chips) 
Seat 3: runnyboar ($2.39 in chips) 
Seat 5: royrobk ($1.66 in chips) 
Seat 7: PaQeda ($0.85 in chips) 
Seat 8: jacirmenon ($3.54 in chips) 
Seat 9: Elrus90 ($1.18 in chips) 
PaQeda: posts small blind $0.01
jacirmenon: posts big blind $0.02
PABLOZAL10: sits out 
*** HOLE CARDS ***
Dealt to Dorex2007 [7s Ad]
Elrus90: folds 
Dorex2007: folds 
Kidmono: folds 
runnyboar: folds 
royrobk: folds 
PaQeda: folds 
Uncalled bet ($0.01) returned to jacirmenon
jacirmenon collected $0.02 from pot
jacirmenon: doesn't show hand 
*** SUMMARY ***
Total pot $0.02 | Rake $0 
Seat 1: Dorex2007 folded before Flop (didn't bet)
Seat 2: Kidmono folded before Flop (didn't bet)
Seat 3: runnyboar folded before Flop (didn't bet)
Seat 5: royrobk (button) folded before Flop (didn't bet)
Seat 7: PaQeda (small blind) folded before Flop
Seat 8: jacirmenon (big blind) collected ($0.02)
Seat 9: Elrus90 folded before Flop (didn't bet)



PokerStars Hand #224823902486:  Hold'em No Limit ($0.01/$0.02 USD) - 2021/03/14 19:36:24 PT [2021/03/14 22:36:24 ET]
Table 'Fornax V' 9-max Seat #7 is the button
Seat 1: Dorex2007 ($1.47 in chips) 
Seat 2: Kidmono ($1.24 in chips) 
Seat 3: runnyboar ($2.39 in chips) 
Seat 5: royrobk ($1.66 in chips) 
Seat 7: PaQeda ($0.84 in chips) 
Seat 8: jacirmenon ($3.55 in chips) 
Seat 9: Elrus90 ($1.18 in chips) 
jacirmenon: posts small blind $0.01
Elrus90: posts big blind $0.02
PABLOZAL10: sits out 
*** HOLE CARDS ***
Dealt to Dorex2007 [5c 6s]
Dorex2007: folds 
Kidmono: folds 
runnyboar: folds 
royrobk: folds 
PaQeda: raises $0.04 to $0.06
jacirmenon: folds 
Elrus90: folds 
Uncalled bet ($0.04) returned to PaQeda
PaQeda collected $0.05 from pot
PaQeda: doesn't show hand 
*** SUMMARY ***
Total pot $0.05 | Rake $0 
Seat 1: Dorex2007 folded before Flop (didn't bet)
Seat 2: Kidmono folded before Flop (didn't bet)
Seat 3: runnyboar folded before Flop (didn't bet)
Seat 5: royrobk folded before Flop (didn't bet)
Seat 7: PaQeda (button) collected ($0.05)
Seat 8: jacirmenon (small blind) folded before Flop
Seat 9: Elrus90 (big blind) folded before Flop



PokerStars Hand #224823909106:  Hold'em No Limit ($0.01/$0.02 USD) - 2021/03/14 19:36:49 PT [2021/03/14 22:36:49 ET]
Table 'Fornax V' 9-max Seat #8 is the button
Seat 1: Dorex2007 ($1.47 in chips) 
Seat 2: Kidmono ($1.24 in chips) 
Seat 3: runnyboar ($2.39 in chips) 
Seat 5: royrobk ($1.66 in chips) 
Seat 7: PaQeda ($0.87 in chips) 
Seat 8: jacirmenon ($3.54 in chips) 
Seat 9: Elrus90 ($1.16 in chips) 
Elrus90: posts small blind $0.01
Dorex2007: posts big blind $0.02
PABLOZAL10: sits out 
*** HOLE CARDS ***
Dealt to Dorex2007 [Jd 2s]
Kidmono: folds 
Kidmono leaves the table
runnyboar: folds 
royrobk: calls $0.02
PaQeda: folds 
jacirmenon: folds 
Elrus90: folds 
Dorex2007: checks 
*** FLOP *** [Qs 3c Td]
Dorex2007: checks 
royrobk: bets $0.03
Dorex2007: folds 
Uncalled bet ($0.03) returned to royrobk
royrobk collected $0.05 from pot
royrobk: doesn't show hand 
*** SUMMARY ***
Total pot $0.05 | Rake $0 
Board [Qs 3c Td]
Seat 1: Dorex2007 (big blind) folded on the Flop
Seat 2: Kidmono folded before Flop (didn't bet)
Seat 3: runnyboar folded before Flop (didn't bet)
Seat 5: royrobk collected ($0.05)
Seat 7: PaQeda folded before Flop (didn't bet)
Seat 8: jacirmenon (button) folded before Flop (didn't bet)
Seat 9: Elrus90 (small blind) folded before Flop



PokerStars Hand #224823919527:  Hold'em No Limit ($0.01/$0.02 USD) - 2021/03/14 19:37:28 PT [2021/03/14 22:37:28 ET]
Table 'Fornax V' 9-max Seat #9 is the button
Seat 1: Dorex2007 ($1.45 in chips) 
Seat 3: runnyboar ($2.39 in chips) 
Seat 5: royrobk ($1.69 in chips) 
Seat 7: PaQeda ($0.87 in chips) 
Seat 8: jacirmenon ($3.54 in chips) 
Seat 9: Elrus90 ($1.15 in chips) 
Dorex2007: posts small blind $0.01
runnyboar: posts big blind $0.02
PABLOZAL10: sits out 
*** HOLE CARDS ***
Dealt to Dorex2007 [Ks 2c]
royrobk: folds 
PaQeda: folds 
jacirmenon: folds 
Elrus90: folds 
Dorex2007: calls $0.01
Steven43211 joins the table at seat #2 
runnyboar: checks 
*** FLOP *** [3s 8s Ah]
Dorex2007: bets $0.03
runnyboar: folds 
Uncalled bet ($0.03) returned to Dorex2007
Dorex2007 collected $0.04 from pot
Dorex2007: doesn't show hand 
*** SUMMARY ***
Total pot $0.04 | Rake $0 
Board [3s 8s Ah]
Seat 1: Dorex2007 (small blind) collected ($0.04)
Seat 3: runnyboar (big blind) folded on the Flop
Seat 5: royrobk folded before Flop (didn't bet)
Seat 7: PaQeda folded before Flop (didn't bet)
Seat 8: jacirmenon folded before Flop (didn't bet)
Seat 9: Elrus90 (button) folded before Flop (didn't bet)



PokerStars Hand #224823926419:  Hold'em No Limit ($0.01/$0.02 USD) - 2021/03/14 19:37:54 PT [2021/03/14 22:37:54 ET]
Table 'Fornax V' 9-max Seat #1 is the button
Seat 1: Dorex2007 ($1.47 in chips) 
Seat 3: runnyboar ($2.37 in chips) 
Seat 4: PABLOZAL10 ($2 in chips) 
Seat 5: royrobk ($1.69 in chips) 
Seat 6: Kinamuiu ($2.67 in chips) 
Seat 7: PaQeda ($0.87 in chips) 
Seat 8: jacirmenon ($3.54 in chips) 
Seat 9: Elrus90 ($1.15 in chips) 
runnyboar: posts small blind $0.01
PABLOZAL10: posts big blind $0.02
Kinamuiu: posts small & big blinds $0.03
*** HOLE CARDS ***
Dealt to Dorex2007 [5d 8d]
royrobk: folds 
Kinamuiu has timed out
Kinamuiu: checks 
PaQeda: raises $0.04 to $0.06
jacirmenon: calls $0.06
Elrus90: folds 
Dorex2007: folds 
runnyboar: calls $0.05
PABLOZAL10: calls $0.04
Kinamuiu: folds 
*** FLOP *** [4d Jc 8h]
runnyboar: bets $0.12
PABLOZAL10: calls $0.12
PaQeda: raises $0.69 to $0.81 and is all-in
jacirmenon: folds 
runnyboar: calls $0.69
PABLOZAL10: folds 
*** TURN *** [4d Jc 8h] [6h]
*** RIVER *** [4d Jc 8h 6h] [7s]
*** SHOW DOWN ***
runnyboar: shows [Kc Jd] (a pair of Jacks)
PaQeda: shows [4c 4h] (three of a kind, Fours)
PaQeda collected $1.94 from pot
runnyboar cashed out the hand for $0.04
*** SUMMARY ***
Total pot $2.01 | Rake $0.07 
Board [4d Jc 8h 6h 7s]
Seat 1: Dorex2007 (button) folded before Flop (didn't bet)
Seat 3: runnyboar (small blind) showed [Kc Jd] and lost with a pair of Jacks (cashed out).
Seat 4: PABLOZAL10 (big blind) folded on the Flop
Seat 5: royrobk folded before Flop (didn't bet)
Seat 6: Kinamuiu folded before Flop (didn't bet)
Seat 7: PaQeda showed [4c 4h] and won ($1.94) with three of a kind, Fours
Seat 8: jacirmenon folded on the Flop
Seat 9: Elrus90 folded before Flop (didn't bet)



PokerStars Hand #224823950076:  Hold'em No Limit ($0.01/$0.02 USD) - 2021/03/14 19:39:23 PT [2021/03/14 22:39:23 ET]
Table 'Fornax V' 9-max Seat #3 is the button
Seat 1: Dorex2007 ($1.47 in chips) 
Seat 2: Steven43211 ($2 in chips) 
Seat 3: runnyboar ($1.54 in chips) 
Seat 4: PABLOZAL10 ($1.82 in chips) 
Seat 5: royrobk ($1.69 in chips) 
Seat 6: Kinamuiu ($2.64 in chips) 
Seat 7: PaQeda ($1.94 in chips) 
Seat 8: jacirmenon ($3.48 in chips) 
Seat 9: Elrus90 ($1.15 in chips) 
PABLOZAL10: posts small blind $0.01
royrobk: posts big blind $0.02
Steven43211: posts big blind $0.02
*** HOLE CARDS ***
Dealt to Dorex2007 [Kc 9c]
Kinamuiu has timed out
Kinamuiu: folds 
PaQeda: folds 
jacirmenon: calls $0.02
Elrus90: folds 
Dorex2007: raises $0.04 to $0.06
Steven43211: folds 
runnyboar: folds 
PABLOZAL10: folds 
royrobk: folds 
jacirmenon: calls $0.04
*** FLOP *** [2h Qs 7s]
jacirmenon: checks 
Dorex2007: checks 
*** TURN *** [2h Qs 7s] [6d]
jacirmenon: checks 
Dorex2007: checks 
*** RIVER *** [2h Qs 7s 6d] [Td]
jacirmenon: checks 
Dorex2007: checks 
*** SHOW DOWN ***
jacirmenon: shows [Ad 9s] (high card Ace)
Dorex2007: mucks hand 
jacirmenon collected $0.16 from pot
*** SUMMARY ***
Total pot $0.17 | Rake $0.01 
Board [2h Qs 7s 6d Td]
Seat 1: Dorex2007 mucked [Kc 9c]
Seat 2: Steven43211 folded before Flop (didn't bet)
Seat 3: runnyboar (button) folded before Flop (didn't bet)
Seat 4: PABLOZAL10 (small blind) folded before Flop
Seat 5: royrobk (big blind) folded before Flop
Seat 6: Kinamuiu folded before Flop (didn't bet)
Seat 7: PaQeda folded before Flop (didn't bet)
Seat 8: jacirmenon showed [Ad 9s] and won ($0.16) with high card Ace
Seat 9: Elrus90 folded before Flop (didn't bet)



PokerStars Hand #224823964005:  Hold'em No Limit ($0.01/$0.02 USD) - 2021/03/14 19:40:15 PT [2021/03/14 22:40:15 ET]
Table 'Fornax V' 9-max Seat #4 is the button
Seat 1: Dorex2007 ($1.41 in chips) 
Seat 2: Steven43211 ($2 in chips) 
Seat 3: runnyboar ($1.54 in chips) 
Seat 4: PABLOZAL10 ($1.81 in chips) 
Seat 5: royrobk ($1.67 in chips) 
Seat 7: PaQeda ($1.94 in chips) 
Seat 8: jacirmenon ($3.58 in chips) 
Seat 9: Elrus90 ($1.15 in chips) 
royrobk: posts small blind $0.01
PaQeda: posts big blind $0.02
*** HOLE CARDS ***
Dealt to Dorex2007 [Th Ad]
jacirmenon: folds 
Elrus90: folds 
Dorex2007: raises $0.04 to $0.06
Steven43211: folds 
runnyboar: folds 
PABLOZAL10: folds 
royrobk: folds 
PaQeda: folds 
Uncalled bet ($0.04) returned to Dorex2007
Dorex2007 collected $0.05 from pot
Dorex2007: doesn't show hand 
*** SUMMARY ***
Total pot $0.05 | Rake $0 
Seat 1: Dorex2007 collected ($0.05)
Seat 2: Steven43211 folded before Flop (didn't bet)
Seat 3: runnyboar folded before Flop (didn't bet)
Seat 4: PABLOZAL10 (button) folded before Flop (didn't bet)
Seat 5: royrobk (small blind) folded before Flop
Seat 7: PaQeda (big blind) folded before Flop
Seat 8: jacirmenon folded before Flop (didn't bet)
Seat 9: Elrus90 folded before Flop (didn't bet)



PokerStars Hand #224823968819:  Hold'em No Limit ($0.01/$0.02 USD) - 2021/03/14 19:40:33 PT [2021/03/14 22:40:33 ET]
Table 'Fornax V' 9-max Seat #5 is the button
Seat 1: Dorex2007 ($1.44 in chips) 
Seat 2: Steven43211 ($2 in chips) 
Seat 3: runnyboar ($1.54 in chips) 
Seat 4: PABLOZAL10 ($1.81 in chips) 
Seat 5: royrobk ($1.66 in chips) 
Seat 7: PaQeda ($1.92 in chips) 
Seat 8: jacirmenon ($3.58 in chips) 
Seat 9: Elrus90 ($1.15 in chips) 
PaQeda: posts small blind $0.01
jacirmenon: posts big blind $0.02
*** HOLE CARDS ***
Dealt to Dorex2007 [9c Ac]
Elrus90: folds 
Dorex2007: raises $0.04 to $0.06
Steven43211: folds 
runnyboar: folds 
PABLOZAL10: folds 
royrobk: folds 
PaQeda: folds 
jacirmenon: calls $0.04
*** FLOP *** [9h 8c 3h]
jacirmenon: bets $0.02
Dorex2007: raises $0.09 to $0.11
jacirmenon: folds 
Uncalled bet ($0.09) returned to Dorex2007
Dorex2007 collected $0.16 from pot
Dorex2007: doesn't show hand 
*** SUMMARY ***
Total pot $0.17 | Rake $0.01 
Board [9h 8c 3h]
Seat 1: Dorex2007 collected ($0.16)
Seat 2: Steven43211 folded before Flop (didn't bet)
Seat 3: runnyboar folded before Flop (didn't bet)
Seat 4: PABLOZAL10 folded before Flop (didn't bet)
Seat 5: royrobk (button) folded before Flop (didn't bet)
Seat 7: PaQeda (small blind) folded before Flop
Seat 8: jacirmenon (big blind) folded on the Flop
Seat 9: Elrus90 folded before Flop (didn't bet)



PokerStars Hand #224823975563:  Hold'em No Limit ($0.01/$0.02 USD) - 2021/03/14 19:40:59 PT [2021/03/14 22:40:59 ET]
Table 'Fornax V' 9-max Seat #7 is the button
Seat 1: Dorex2007 ($1.52 in chips) 
Seat 2: Steven43211 ($2 in chips) 
Seat 3: runnyboar ($1.54 in chips) 
Seat 4: PABLOZAL10 ($1.81 in chips) 
Seat 5: royrobk ($1.66 in chips) 
Seat 7: PaQeda ($1.91 in chips) 
Seat 8: jacirmenon ($3.50 in chips) 
Seat 9: Elrus90 ($1.15 in chips) 
jacirmenon: posts small blind $0.01
Elrus90: posts big blind $0.02
Kinamuiu: sits out 
*** HOLE CARDS ***
Dealt to Dorex2007 [Ts 2s]
Dorex2007: folds 
Steven43211: raises $0.04 to $0.06
runnyboar: folds 
PABLOZAL10: folds 
royrobk: folds 
PaQeda: calls $0.06
jacirmenon: calls $0.05
Elrus90: folds 
*** FLOP *** [5h Qh Jc]
jacirmenon: checks 
Steven43211: checks 
PaQeda: bets $0.14
jacirmenon: folds 
Steven43211: folds 
Uncalled bet ($0.14) returned to PaQeda
PaQeda collected $0.19 from pot
PaQeda: doesn't show hand 
*** SUMMARY ***
Total pot $0.20 | Rake $0.01 
Board [5h Qh Jc]
Seat 1: Dorex2007 folded before Flop (didn't bet)
Seat 2: Steven43211 folded on the Flop
Seat 3: runnyboar folded before Flop (didn't bet)
Seat 4: PABLOZAL10 folded before Flop (didn't bet)
Seat 5: royrobk folded before Flop (didn't bet)
Seat 7: PaQeda (button) collected ($0.19)
Seat 8: jacirmenon (small blind) folded on the Flop
Seat 9: Elrus90 (big blind) folded before Flop



PokerStars Hand #224823990056:  Hold'em No Limit ($0.01/$0.02 USD) - 2021/03/14 19:41:36 PT [2021/03/14 22:41:36 ET]
Table 'Fornax V' 9-max Seat #8 is the button
Seat 1: Dorex2007 ($1.52 in chips) 
Seat 2: Steven43211 ($2 in chips) 
Seat 3: runnyboar ($1.54 in chips) 
Seat 4: PABLOZAL10 ($1.81 in chips) 
Seat 5: royrobk ($1.66 in chips) 
Seat 6: Kinamuiu ($2.64 in chips) 
Seat 7: PaQeda ($2.04 in chips) 
Seat 8: jacirmenon ($3.44 in chips) 
Seat 9: Elrus90 ($1.13 in chips) 
Elrus90: posts small blind $0.01
Dorex2007: posts big blind $0.02
Kinamuiu: posts small & big blinds $0.03
*** HOLE CARDS ***
Dealt to Dorex2007 [6s 9h]
Steven43211: folds 
runnyboar: calls $0.02
PABLOZAL10: calls $0.02
royrobk: calls $0.02
Kinamuiu: checks 
PaQeda: folds 
jacirmenon: calls $0.02
Elrus90: calls $0.01
Dorex2007: checks 
*** FLOP *** [4c Kh Td]
Elrus90: checks 
Dorex2007: checks 
runnyboar: checks 
PABLOZAL10: checks 
royrobk: checks 
Kinamuiu: checks 
jacirmenon: checks 
*** TURN *** [4c Kh Td] [6c]
Elrus90: checks 
Dorex2007: checks 
runnyboar: checks 
PABLOZAL10: checks 
royrobk: checks 
Kinamuiu: checks 
jacirmenon: bets $0.04
Elrus90: folds 
Dorex2007: folds 
runnyboar: calls $0.04
PABLOZAL10: folds 
royrobk: folds 
Kinamuiu: folds 
*** RIVER *** [4c Kh Td 6c] [Js]
runnyboar: checks 
jacirmenon: checks 
*** SHOW DOWN ***
runnyboar: shows [2c 5c] (high card King)
jacirmenon: shows [Ac Th] (a pair of Tens)
jacirmenon collected $0.22 from pot
*** SUMMARY ***
Total pot $0.23 | Rake $0.01 
Board [4c Kh Td 6c Js]
Seat 1: Dorex2007 (big blind) folded on the Turn
Seat 2: Steven43211 folded before Flop (didn't bet)
Seat 3: runnyboar showed [2c 5c] and lost with high card King
Seat 4: PABLOZAL10 folded on the Turn
Seat 5: royrobk folded on the Turn
Seat 6: Kinamuiu folded on the Turn (didn't bet)
Seat 7: PaQeda folded before Flop (didn't bet)
Seat 8: jacirmenon (button) showed [Ac Th] and won ($0.22) with a pair of Tens
Seat 9: Elrus90 (small blind) folded on the Turn



PokerStars Hand #224824027556:  Hold'em No Limit ($0.01/$0.02 USD) - 2021/03/14 19:43:59 PT [2021/03/14 22:43:59 ET]
Table 'Fornax V' 9-max Seat #9 is the button
Seat 1: Dorex2007 ($1.50 in chips) 
Seat 2: Steven43211 ($2 in chips) 
Seat 3: runnyboar ($1.48 in chips) 
Seat 4: PABLOZAL10 ($1.79 in chips) 
Seat 5: royrobk ($1.64 in chips) 
Seat 6: Kinamuiu ($2.61 in chips) 
Seat 7: PaQeda ($2.04 in chips) 
Seat 8: jacirmenon ($3.60 in chips) 
Seat 9: Elrus90 ($1.11 in chips) 
Dorex2007: posts small blind $0.01
Steven43211: posts big blind $0.02
*** HOLE CARDS ***
Dealt to Dorex2007 [Tc Jd]
runnyboar: folds 
PABLOZAL10: folds 
royrobk: calls $0.02
Kinamuiu has timed out
Kinamuiu: folds 
PaQeda: folds 
jacirmenon: calls $0.02
Elrus90: raises $0.09 to $0.11
Dorex2007: folds 
Steven43211: folds 
royrobk: folds 
jacirmenon: calls $0.09
*** FLOP *** [8c Qd 4s]
jacirmenon: checks 
Elrus90: bets $0.13
jacirmenon: folds 
Uncalled bet ($0.13) returned to Elrus90
Elrus90 collected $0.26 from pot
Elrus90: doesn't show hand 
*** SUMMARY ***
Total pot $0.27 | Rake $0.01 
Board [8c Qd 4s]
Seat 1: Dorex2007 (small blind) folded before Flop
Seat 2: Steven43211 (big blind) folded before Flop
Seat 3: runnyboar folded before Flop (didn't bet)
Seat 4: PABLOZAL10 folded before Flop (didn't bet)
Seat 5: royrobk folded before Flop
Seat 6: Kinamuiu folded before Flop (didn't bet)
Seat 7: PaQeda folded before Flop (didn't bet)
Seat 8: jacirmenon folded on the Flop
Seat 9: Elrus90 (button) collected ($0.26)



PokerStars Hand #224824041673:  Hold'em No Limit ($0.01/$0.02 USD) - 2021/03/14 19:44:54 PT [2021/03/14 22:44:54 ET]
Table 'Fornax V' 9-max Seat #1 is the button
Seat 1: Dorex2007 ($1.49 in chips) 
Seat 2: Steven43211 ($2 in chips) 
Seat 3: runnyboar ($1.48 in chips) 
Seat 4: PABLOZAL10 ($1.79 in chips) 
Seat 5: royrobk ($1.62 in chips) 
Seat 7: PaQeda ($2.04 in chips) 
Seat 8: jacirmenon ($3.49 in chips) 
Seat 9: Elrus90 ($1.26 in chips) 
Steven43211: posts small blind $0.01
runnyboar: posts big blind $0.02
*** HOLE CARDS ***
Dealt to Dorex2007 [7c 9d]
PABLOZAL10: folds 
royrobk: calls $0.02
PaQeda: folds 
jacirmenon: folds 
Elrus90: folds 
Dorex2007: folds 
Steven43211: folds 
runnyboar: checks 
*** FLOP *** [2h 9c 4h]
runnyboar: checks 
royrobk: checks 
*** TURN *** [2h 9c 4h] [4c]
runnyboar: bets $0.04
royrobk: folds 
Uncalled bet ($0.04) returned to runnyboar
runnyboar collected $0.05 from pot
runnyboar: doesn't show hand 
*** SUMMARY ***
Total pot $0.05 | Rake $0 
Board [2h 9c 4h 4c]
Seat 1: Dorex2007 (button) folded before Flop (didn't bet)
Seat 2: Steven43211 (small blind) folded before Flop
Seat 3: runnyboar (big blind) collected ($0.05)
Seat 4: PABLOZAL10 folded before Flop (didn't bet)
Seat 5: royrobk folded on the Turn
Seat 7: PaQeda folded before Flop (didn't bet)
Seat 8: jacirmenon folded before Flop (didn't bet)
Seat 9: Elrus90 folded before Flop (didn't bet)



PokerStars Hand #224824051217:  Hold'em No Limit ($0.01/$0.02 USD) - 2021/03/14 19:45:31 PT [2021/03/14 22:45:31 ET]
Table 'Fornax V' 9-max Seat #2 is the button
Seat 1: Dorex2007 ($1.49 in chips) 
Seat 2: Steven43211 ($2 in chips) 
Seat 3: runnyboar ($1.51 in chips) 
Seat 4: PABLOZAL10 ($1.79 in chips) 
Seat 5: royrobk ($1.60 in chips) 
Seat 7: PaQeda ($2.04 in chips) 
Seat 8: jacirmenon ($3.49 in chips) 
Seat 9: Elrus90 ($1.26 in chips) 
runnyboar: posts small blind $0.01
PABLOZAL10: posts big blind $0.02
*** HOLE CARDS ***
Dealt to Dorex2007 [7d 5c]
royrobk: folds 
PaQeda: folds 
jacirmenon: folds 
Elrus90: folds 
Dorex2007: folds 
Steven43211: raises $0.04 to $0.06
runnyboar: folds 
PABLOZAL10: calls $0.04
*** FLOP *** [4d Qc 9s]
PABLOZAL10: checks 
Steven43211: checks 
*** TURN *** [4d Qc 9s] [3d]
PABLOZAL10: bets $0.13
Steven43211: calls $0.13
*** RIVER *** [4d Qc 9s 3d] [Ts]
PABLOZAL10: bets $0.22
Steven43211: calls $0.22
*** SHOW DOWN ***
PABLOZAL10: shows [6h Th] (a pair of Tens)
Steven43211: shows [Js Qd] (a pair of Queens)
Steven43211 collected $0.80 from pot
*** SUMMARY ***
Total pot $0.83 | Rake $0.03 
Board [4d Qc 9s 3d Ts]
Seat 1: Dorex2007 folded before Flop (didn't bet)
Seat 2: Steven43211 (button) showed [Js Qd] and won ($0.80) with a pair of Queens
Seat 3: runnyboar (small blind) folded before Flop
Seat 4: PABLOZAL10 (big blind) showed [6h Th] and lost with a pair of Tens
Seat 5: royrobk folded before Flop (didn't bet)
Seat 7: PaQeda folded before Flop (didn't bet)
Seat 8: jacirmenon folded before Flop (didn't bet)
Seat 9: Elrus90 folded before Flop (didn't bet)



PokerStars Hand #224824061701:  Hold'em No Limit ($0.01/$0.02 USD) - 2021/03/14 19:46:12 PT [2021/03/14 22:46:12 ET]
Table 'Fornax V' 9-max Seat #3 is the button
Seat 1: Dorex2007 ($1.49 in chips) 
Seat 2: Steven43211 ($2.39 in chips) 
Seat 3: runnyboar ($1.50 in chips) 
Seat 4: PABLOZAL10 ($1.38 in chips) 
Seat 5: royrobk ($1.60 in chips) 
Seat 7: PaQeda ($2.04 in chips) 
Seat 8: jacirmenon ($3.49 in chips) 
Seat 9: Elrus90 ($1.26 in chips) 
PABLOZAL10: posts small blind $0.01
royrobk: posts big blind $0.02
*** HOLE CARDS ***
Dealt to Dorex2007 [Qs 7c]
PaQeda: folds 
jacirmenon: folds 
Elrus90: raises $0.04 to $0.06
Dorex2007: folds 
Steven43211: folds 
runnyboar: folds 
PABLOZAL10: folds 
royrobk: calls $0.04
*** FLOP *** [6s Td 5d]
royrobk: checks 
Elrus90: bets $0.06
royrobk: folds 
Uncalled bet ($0.06) returned to Elrus90
Elrus90 collected $0.13 from pot
Elrus90: doesn't show hand 
*** SUMMARY ***
Total pot $0.13 | Rake $0 
Board [6s Td 5d]
Seat 1: Dorex2007 folded before Flop (didn't bet)
Seat 2: Steven43211 folded before Flop (didn't bet)
Seat 3: runnyboar (button) folded before Flop (didn't bet)
Seat 4: PABLOZAL10 (small blind) folded before Flop
Seat 5: royrobk (big blind) folded on the Flop
Seat 7: PaQeda folded before Flop (didn't bet)
Seat 8: jacirmenon folded before Flop (didn't bet)
Seat 9: Elrus90 collected ($0.13)



PokerStars Hand #224824071523:  Hold'em No Limit ($0.01/$0.02 USD) - 2021/03/14 19:46:51 PT [2021/03/14 22:46:51 ET]
Table 'Fornax V' 9-max Seat #4 is the button
Seat 1: Dorex2007 ($1.49 in chips) 
Seat 2: Steven43211 ($2.39 in chips) 
Seat 3: runnyboar ($1.50 in chips) 
Seat 4: PABLOZAL10 ($1.37 in chips) 
Seat 5: royrobk ($1.54 in chips) 
Seat 7: PaQeda ($2.04 in chips) 
Seat 8: jacirmenon ($3.49 in chips) 
Seat 9: Elrus90 ($1.33 in chips) 
royrobk: posts small blind $0.01
PaQeda: posts big blind $0.02
*** HOLE CARDS ***
Dealt to Dorex2007 [As 3s]
jacirmenon: calls $0.02
Elrus90: folds 
Dorex2007: calls $0.02
Steven43211: raises $0.11 to $0.13
runnyboar: folds 
PABLOZAL10: calls $0.13
royrobk: folds 
PaQeda: folds 
jacirmenon: folds 
Dorex2007: folds 
*** FLOP *** [2d 7h Th]
Steven43211: checks 
PABLOZAL10: bets $0.32
Steven43211: calls $0.32
*** TURN *** [2d 7h Th] [Ac]
Steven43211: checks 
PABLOZAL10: checks 
*** RIVER *** [2d 7h Th Ac] [2c]
Steven43211: bets $1.08
PABLOZAL10: folds 
Uncalled bet ($1.08) returned to Steven43211
Steven43211 collected $0.94 from pot
Steven43211: doesn't show hand 
*** SUMMARY ***
Total pot $0.97 | Rake $0.03 
Board [2d 7h Th Ac 2c]
Seat 1: Dorex2007 folded before Flop
Seat 2: Steven43211 collected ($0.94)
Seat 3: runnyboar folded before Flop (didn't bet)
Seat 4: PABLOZAL10 (button) folded on the River
Seat 5: royrobk (small blind) folded before Flop
Seat 7: PaQeda (big blind) folded before Flop
Seat 8: jacirmenon folded before Flop
Seat 9: Elrus90 folded before Flop (didn't bet)



PokerStars Hand #224824092915:  Hold'em No Limit ($0.01/$0.02 USD) - 2021/03/14 19:47:48 PT [2021/03/14 22:47:48 ET]
Table 'Fornax V' 9-max Seat #5 is the button
Seat 1: Dorex2007 ($1.47 in chips) 
Seat 2: Steven43211 ($2.88 in chips) 
Seat 3: runnyboar ($1.50 in chips) 
Seat 4: PABLOZAL10 ($0.92 in chips) 
Seat 5: royrobk ($1.53 in chips) 
Seat 7: PaQeda ($2.02 in chips) 
Seat 8: jacirmenon ($3.47 in chips) 
Seat 9: Elrus90 ($1.33 in chips) 
PaQeda: posts small blind $0.01
jacirmenon: posts big blind $0.02
*** HOLE CARDS ***
Dealt to Dorex2007 [3d 6d]
Elrus90: folds 
Dorex2007: folds 
Steven43211: folds 
runnyboar: folds 
PABLOZAL10: folds 
royrobk: folds 
PaQeda: folds 
Uncalled bet ($0.01) returned to jacirmenon
jacirmenon collected $0.02 from pot
jacirmenon: doesn't show hand 
*** SUMMARY ***
Total pot $0.02 | Rake $0 
Seat 1: Dorex2007 folded before Flop (didn't bet)
Seat 2: Steven43211 folded before Flop (didn't bet)
Seat 3: runnyboar folded before Flop (didn't bet)
Seat 4: PABLOZAL10 folded before Flop (didn't bet)
Seat 5: royrobk (button) folded before Flop (didn't bet)
Seat 7: PaQeda (small blind) folded before Flop
Seat 8: jacirmenon (big blind) collected ($0.02)
Seat 9: Elrus90 folded before Flop (didn't bet)



PokerStars Hand #224824095832:  Hold'em No Limit ($0.01/$0.02 USD) - 2021/03/14 19:47:59 PT [2021/03/14 22:47:59 ET]
Table 'Fornax V' 9-max Seat #7 is the button
Seat 1: Dorex2007 ($1.47 in chips) 
Seat 2: Steven43211 ($2.88 in chips) 
Seat 3: runnyboar ($1.50 in chips) 
Seat 4: PABLOZAL10 ($0.92 in chips) 
Seat 5: royrobk ($1.53 in chips) 
Seat 7: PaQeda ($2.01 in chips) 
Seat 8: jacirmenon ($3.48 in chips) 
Seat 9: Elrus90 ($1.33 in chips) 
jacirmenon: posts small blind $0.01
Elrus90: posts big blind $0.02
Kinamuiu: sits out 
*** HOLE CARDS ***
Dealt to Dorex2007 [Qh Jc]
Dorex2007: folds 
Steven43211: raises $0.04 to $0.06
runnyboar: folds 
PABLOZAL10: folds 
royrobk: folds 
PaQeda: folds 
jacirmenon: folds 
Elrus90: folds 
Uncalled bet ($0.04) returned to Steven43211
Steven43211 collected $0.05 from pot
Steven43211: doesn't show hand 
*** SUMMARY ***
Total pot $0.05 | Rake $0 
Seat 1: Dorex2007 folded before Flop (didn't bet)
Seat 2: Steven43211 collected ($0.05)
Seat 3: runnyboar folded before Flop (didn't bet)
Seat 4: PABLOZAL10 folded before Flop (didn't bet)
Seat 5: royrobk folded before Flop (didn't bet)
Seat 7: PaQeda (button) folded before Flop (didn't bet)
Seat 8: jacirmenon (small blind) folded before Flop
Seat 9: Elrus90 (big blind) folded before Flop



PokerStars Hand #224824102138:  Hold'em No Limit ($0.01/$0.02 USD) - 2021/03/14 19:48:24 PT [2021/03/14 22:48:24 ET]
Table 'Fornax V' 9-max Seat #8 is the button
Seat 1: Dorex2007 ($1.47 in chips) 
Seat 2: Steven43211 ($2.91 in chips) 
Seat 3: runnyboar ($1.50 in chips) 
Seat 4: PABLOZAL10 ($0.92 in chips) 
Seat 5: royrobk ($1.53 in chips) 
Seat 7: PaQeda ($2.01 in chips) 
Seat 8: jacirmenon ($3.47 in chips) 
Seat 9: Elrus90 ($1.31 in chips) 
Elrus90: posts small blind $0.01
Dorex2007: posts big blind $0.02
Kinamuiu: sits out 
*** HOLE CARDS ***
Dealt to Dorex2007 [9h As]
Steven43211: raises $0.04 to $0.06
runnyboar: folds 
PABLOZAL10: calls $0.06
royrobk: folds 
PaQeda: folds 
jacirmenon: folds 
Elrus90: folds 
Dorex2007: folds 
*** FLOP *** [5d 2c Kd]
Steven43211: checks 
PABLOZAL10: checks 
*** TURN *** [5d 2c Kd] [2h]
Steven43211: checks 
PABLOZAL10: checks 
*** RIVER *** [5d 2c Kd 2h] [8c]
Steven43211: bets $0.05
PABLOZAL10: folds 
Uncalled bet ($0.05) returned to Steven43211
Steven43211 collected $0.14 from pot
Steven43211: doesn't show hand 
*** SUMMARY ***
Total pot $0.15 | Rake $0.01 
Board [5d 2c Kd 2h 8c]
Seat 1: Dorex2007 (big blind) folded before Flop
Seat 2: Steven43211 collected ($0.14)
Seat 3: runnyboar folded before Flop (didn't bet)
Seat 4: PABLOZAL10 folded on the River
Seat 5: royrobk folded before Flop (didn't bet)
Seat 7: PaQeda folded before Flop (didn't bet)
Seat 8: jacirmenon (button) folded before Flop (didn't bet)
Seat 9: Elrus90 (small blind) folded before Flop



PokerStars Hand #224824116950:  Hold'em No Limit ($0.01/$0.02 USD) - 2021/03/14 19:48:57 PT [2021/03/14 22:48:57 ET]
Table 'Fornax V' 9-max Seat #9 is the button
Seat 1: Dorex2007 ($1.45 in chips) 
Seat 2: Steven43211 ($2.99 in chips) 
Seat 3: runnyboar ($1.50 in chips) 
Seat 4: PABLOZAL10 ($0.86 in chips) 
Seat 5: royrobk ($1.53 in chips) 
Seat 7: PaQeda ($2.01 in chips) 
Seat 8: jacirmenon ($3.47 in chips) 
Seat 9: Elrus90 ($1.30 in chips) 
Dorex2007: posts small blind $0.01
Steven43211: posts big blind $0.02
Kinamuiu: sits out 
*** HOLE CARDS ***
Dealt to Dorex2007 [Th 6c]
runnyboar: folds 
PABLOZAL10: folds 
royrobk: folds 
PaQeda: folds 
jacirmenon: calls $0.02
Elrus90: folds 
Dorex2007: folds 
Steven43211: checks 
*** FLOP *** [Qd 2s 3d]
Steven43211: checks 
jacirmenon: checks 
*** TURN *** [Qd 2s 3d] [3c]
Steven43211: checks 
jacirmenon: checks 
*** RIVER *** [Qd 2s 3d 3c] [3h]
Steven43211: checks 
jacirmenon: bets $0.06
Steven43211: folds 
Uncalled bet ($0.06) returned to jacirmenon
jacirmenon collected $0.05 from pot
jacirmenon: doesn't show hand 
*** SUMMARY ***
Total pot $0.05 | Rake $0 
Board [Qd 2s 3d 3c 3h]
Seat 1: Dorex2007 (small blind) folded before Flop
Seat 2: Steven43211 (big blind) folded on the River
Seat 3: runnyboar folded before Flop (didn't bet)
Seat 4: PABLOZAL10 folded before Flop (didn't bet)
Seat 5: royrobk folded before Flop (didn't bet)
Seat 7: PaQeda folded before Flop (didn't bet)
Seat 8: jacirmenon collected ($0.05)
Seat 9: Elrus90 (button) folded before Flop (didn't bet)



PokerStars Hand #224824132908:  Hold'em No Limit ($0.01/$0.02 USD) - 2021/03/14 19:50:00 PT [2021/03/14 22:50:00 ET]
Table 'Fornax V' 9-max Seat #1 is the button
Seat 1: Dorex2007 ($1.44 in chips) 
Seat 2: Steven43211 ($2.97 in chips) 
Seat 3: runnyboar ($1.50 in chips) 
Seat 4: PABLOZAL10 ($2 in chips) 
Seat 5: royrobk ($1.53 in chips) 
Seat 7: PaQeda ($2.01 in chips) 
Seat 8: jacirmenon ($3.50 in chips) 
Seat 9: Elrus90 ($1.30 in chips) 
Steven43211: posts small blind $0.01
runnyboar: posts big blind $0.02
Kinamuiu: sits out 
*** HOLE CARDS ***
Dealt to Dorex2007 [Kh Ac]
PABLOZAL10: raises $0.04 to $0.06
royrobk: folds 
PaQeda: folds 
jacirmenon: folds 
Elrus90: folds 
Dorex2007: calls $0.06
Steven43211: folds 
runnyboar: folds 
*** FLOP *** [Jh As 9h]
PABLOZAL10: checks 
Dorex2007: bets $0.09
PABLOZAL10: raises $0.32 to $0.41
Dorex2007: raises $0.97 to $1.38 and is all-in
PABLOZAL10: calls $0.97
*** TURN *** [Jh As 9h] [Qc]
*** RIVER *** [Jh As 9h Qc] [7h]
*** SHOW DOWN ***
PABLOZAL10: shows [Jd Ah] (two pair, Aces and Jacks)
Dorex2007: shows [Kh Ac] (a pair of Aces)
PABLOZAL10 cashed out the hand for $2.38 | Cash Out Fee $0.02
*** SUMMARY ***
Total pot $2.91 | Rake $0.10 
Board [Jh As 9h Qc 7h]
Seat 1: Dorex2007 (button) showed [Kh Ac] and lost with a pair of Aces
Seat 2: Steven43211 (small blind) folded before Flop
Seat 3: runnyboar (big blind) folded before Flop
Seat 4: PABLOZAL10 showed [Jd Ah] and won ($2.81) with two pair, Aces and Jacks (pot not awarded as player cashed out)
Seat 5: royrobk folded before Flop (didn't bet)
Seat 7: PaQeda folded before Flop (didn't bet)
Seat 8: jacirmenon folded before Flop (didn't bet)
Seat 9: Elrus90 folded before Flop (didn't bet)



PokerStars Hand #224824174551:  Hold'em No Limit ($0.01/$0.02 USD) - 2021/03/14 19:52:44 PT [2021/03/14 22:52:44 ET]
Table 'Fornax V' 9-max Seat #4 is the button
Seat 1: Dorex2007 ($2 in chips) 
Seat 2: Steven43211 ($2.96 in chips) 
Seat 3: runnyboar ($1.48 in chips) 
Seat 4: PABLOZAL10 ($2.92 in chips) 
Seat 5: royrobk ($1.51 in chips) 
Seat 6: Kinamuiu ($2.67 in chips) 
Seat 7: PaQeda ($2.01 in chips) 
Seat 8: jacirmenon ($3.48 in chips) 
Seat 9: Elrus90 ($1.30 in chips) 
royrobk: posts small blind $0.01
Kinamuiu: posts big blind $0.02
*** HOLE CARDS ***
Dealt to Dorex2007 [6s 5d]
PaQeda: raises $0.04 to $0.06
jacirmenon: folds 
Elrus90: calls $0.06
Dorex2007: folds 
Steven43211: calls $0.06
runnyboar has timed out
runnyboar: folds 
PABLOZAL10: folds 
royrobk: folds 
Kinamuiu: calls $0.04
*** FLOP *** [2s 9d 2d]
Kinamuiu: bets $0.02
PaQeda: raises $0.14 to $0.16
Elrus90: folds 
Steven43211: folds 
Kinamuiu: folds 
Uncalled bet ($0.14) returned to PaQeda
PaQeda collected $0.28 from pot
PaQeda: doesn't show hand 
*** SUMMARY ***
Total pot $0.29 | Rake $0.01 
Board [2s 9d 2d]
Seat 1: Dorex2007 folded before Flop (didn't bet)
Seat 2: Steven43211 folded on the Flop
Seat 3: runnyboar folded before Flop (didn't bet)
Seat 4: PABLOZAL10 (button) folded before Flop (didn't bet)
Seat 5: royrobk (small blind) folded before Flop
Seat 6: Kinamuiu (big blind) folded on the Flop
Seat 7: PaQeda collected ($0.28)
Seat 8: jacirmenon folded before Flop (didn't bet)
Seat 9: Elrus90 folded on the Flop



PokerStars Hand #224824195280:  Hold'em No Limit ($0.01/$0.02 USD) - 2021/03/14 19:54:08 PT [2021/03/14 22:54:08 ET]
Table 'Fornax V' 9-max Seat #5 is the button
Seat 1: Dorex2007 ($2 in chips) 
Seat 2: Steven43211 ($2.90 in chips) 
Seat 3: runnyboar ($1.48 in chips) 
Seat 4: PABLOZAL10 ($2.92 in chips) 
Seat 5: royrobk ($1.50 in chips) 
Seat 6: Kinamuiu ($2.59 in chips) 
Seat 7: PaQeda ($2.21 in chips) 
Seat 8: jacirmenon ($3.48 in chips) 
Seat 9: Elrus90 ($1.24 in chips) 
Kinamuiu: posts small blind $0.01
PaQeda: posts big blind $0.02
*** HOLE CARDS ***
Dealt to Dorex2007 [5c Ad]
jacirmenon: calls $0.02
Elrus90: folds 
Dorex2007: folds 
Steven43211: raises $0.04 to $0.06
runnyboar: folds 
PABLOZAL10: folds 
royrobk: folds 
Kinamuiu: folds 
PaQeda: folds 
jacirmenon: calls $0.04
*** FLOP *** [6h 4h 3h]
jacirmenon: bets $0.04
Steven43211: calls $0.04
*** TURN *** [6h 4h 3h] [3c]
jacirmenon: bets $0.04
Steven43211: folds 
Uncalled bet ($0.04) returned to jacirmenon
jacirmenon collected $0.22 from pot
jacirmenon: doesn't show hand 
*** SUMMARY ***
Total pot $0.23 | Rake $0.01 
Board [6h 4h 3h 3c]
Seat 1: Dorex2007 folded before Flop (didn't bet)
Seat 2: Steven43211 folded on the Turn
Seat 3: runnyboar folded before Flop (didn't bet)
Seat 4: PABLOZAL10 folded before Flop (didn't bet)
Seat 5: royrobk (button) folded before Flop (didn't bet)
Seat 6: Kinamuiu (small blind) folded before Flop
Seat 7: PaQeda (big blind) folded before Flop
Seat 8: jacirmenon collected ($0.22)
Seat 9: Elrus90 folded before Flop (didn't bet)



PokerStars Hand #224824208100:  Hold'em No Limit ($0.01/$0.02 USD) - 2021/03/14 19:54:59 PT [2021/03/14 22:54:59 ET]
Table 'Fornax V' 9-max Seat #6 is the button
Seat 1: Dorex2007 ($2 in chips) 
Seat 2: Steven43211 ($2.80 in chips) 
Seat 3: runnyboar ($1.48 in chips) 
Seat 4: PABLOZAL10 ($2.92 in chips) 
Seat 5: royrobk ($1.50 in chips) 
Seat 6: Kinamuiu ($2.58 in chips) 
Seat 7: PaQeda ($2.19 in chips) 
Seat 8: jacirmenon ($3.60 in chips) 
Seat 9: Elrus90 ($1.24 in chips) 
PaQeda: posts small blind $0.01
jacirmenon: posts big blind $0.02
*** HOLE CARDS ***
Dealt to Dorex2007 [Ks 5h]
Elrus90: folds 
Dorex2007: folds 
Steven43211: folds 
runnyboar: folds 
PABLOZAL10: folds 
royrobk: folds 
Kinamuiu: calls $0.02
PaQeda: folds 
jacirmenon: checks 
*** FLOP *** [Qh 8h 6d]
jacirmenon: checks 
Kinamuiu: bets $0.02
jacirmenon: folds 
Uncalled bet ($0.02) returned to Kinamuiu
Kinamuiu collected $0.05 from pot
*** SUMMARY ***
Total pot $0.05 | Rake $0 
Board [Qh 8h 6d]
Seat 1: Dorex2007 folded before Flop (didn't bet)
Seat 2: Steven43211 folded before Flop (didn't bet)
Seat 3: runnyboar folded before Flop (didn't bet)
Seat 4: PABLOZAL10 folded before Flop (didn't bet)
Seat 5: royrobk folded before Flop (didn't bet)
Seat 6: Kinamuiu (button) collected ($0.05)
Seat 7: PaQeda (small blind) folded before Flop
Seat 8: jacirmenon (big blind) folded on the Flop
Seat 9: Elrus90 folded before Flop (didn't bet)



PokerStars Hand #224824214961:  Hold'em No Limit ($0.01/$0.02 USD) - 2021/03/14 19:55:32 PT [2021/03/14 22:55:32 ET]
Table 'Fornax V' 9-max Seat #7 is the button
Seat 1: Dorex2007 ($2 in chips) 
Seat 2: Steven43211 ($2.80 in chips) 
Seat 3: runnyboar ($1.48 in chips) 
Seat 4: PABLOZAL10 ($2.92 in chips) 
Seat 5: royrobk ($1.50 in chips) 
Seat 6: Kinamuiu ($2.61 in chips) 
Seat 7: PaQeda ($2.18 in chips) 
Seat 8: jacirmenon ($3.58 in chips) 
Seat 9: Elrus90 ($1.24 in chips) 
jacirmenon: posts small blind $0.01
Elrus90: posts big blind $0.02
*** HOLE CARDS ***
Dealt to Dorex2007 [4d Td]
Dorex2007: folds 
Steven43211: folds 
runnyboar: folds 
PABLOZAL10: raises $0.05 to $0.07
royrobk: folds 
Kinamuiu: folds 
PaQeda: calls $0.07
jacirmenon: folds 
Elrus90: folds 
*** FLOP *** [5s Js 5d]
PABLOZAL10: bets $0.08
PaQeda: calls $0.08
*** TURN *** [5s Js 5d] [4s]
PABLOZAL10: bets $2.77 and is all-in
PaQeda: folds 
Uncalled bet ($2.77) returned to PABLOZAL10
PABLOZAL10 collected $0.32 from pot
PABLOZAL10: doesn't show hand 
*** SUMMARY ***
Total pot $0.33 | Rake $0.01 
Board [5s Js 5d 4s]
Seat 1: Dorex2007 folded before Flop (didn't bet)
Seat 2: Steven43211 folded before Flop (didn't bet)
Seat 3: runnyboar folded before Flop (didn't bet)
Seat 4: PABLOZAL10 collected ($0.32)
Seat 5: royrobk folded before Flop (didn't bet)
Seat 6: Kinamuiu folded before Flop (didn't bet)
Seat 7: PaQeda (button) folded on the Turn
Seat 8: jacirmenon (small blind) folded before Flop
Seat 9: Elrus90 (big blind) folded before Flop



PokerStars Hand #224824229656:  Hold'em No Limit ($0.01/$0.02 USD) - 2021/03/14 19:56:45 PT [2021/03/14 22:56:45 ET]
Table 'Fornax V' 9-max Seat #8 is the button
Seat 1: Dorex2007 ($2 in chips) 
Seat 2: Steven43211 ($2.80 in chips) 
Seat 3: runnyboar ($1.48 in chips) 
Seat 4: PABLOZAL10 ($3.09 in chips) 
Seat 5: royrobk ($1.50 in chips) 
Seat 6: Kinamuiu ($2.61 in chips) 
Seat 7: PaQeda ($2.03 in chips) 
Seat 8: jacirmenon ($3.57 in chips) 
Seat 9: Elrus90 ($1.22 in chips) 
Elrus90: posts small blind $0.01
Dorex2007: posts big blind $0.02
*** HOLE CARDS ***
Dealt to Dorex2007 [2s Qs]
Steven43211: folds 
runnyboar: folds 
PABLOZAL10: folds 
royrobk: folds 
Kinamuiu: calls $0.02
PaQeda: folds 
jacirmenon: calls $0.02
Elrus90: calls $0.01
Dorex2007: checks 
*** FLOP *** [4h 7s 3h]
Elrus90: checks 
Dorex2007: checks 
Kinamuiu: checks 
jacirmenon: checks 
*** TURN *** [4h 7s 3h] [6h]
Elrus90: checks 
Dorex2007: checks 
Kinamuiu: bets $0.08
jacirmenon: folds 
Elrus90: calls $0.08
Dorex2007: folds 
*** RIVER *** [4h 7s 3h 6h] [Kd]
Elrus90: bets $0.11
Kinamuiu: raises $0.11 to $0.22
Elrus90: calls $0.11
*** SHOW DOWN ***
Kinamuiu: shows [Kh 7h] (a flush, King high)
Elrus90: mucks hand 
Kinamuiu collected $0.66 from pot
*** SUMMARY ***
Total pot $0.68 | Rake $0.02 
Board [4h 7s 3h 6h Kd]
Seat 1: Dorex2007 (big blind) folded on the Turn
Seat 2: Steven43211 folded before Flop (didn't bet)
Seat 3: runnyboar folded before Flop (didn't bet)
Seat 4: PABLOZAL10 folded before Flop (didn't bet)
Seat 5: royrobk folded before Flop (didn't bet)
Seat 6: Kinamuiu showed [Kh 7h] and won ($0.66) with a flush, King high
Seat 7: PaQeda folded before Flop (didn't bet)
Seat 8: jacirmenon (button) folded on the Turn
Seat 9: Elrus90 (small blind) mucked [5c Kc]



PokerStars Hand #224824240860:  Hold'em No Limit ($0.01/$0.02 USD) - 2021/03/14 19:57:42 PT [2021/03/14 22:57:42 ET]
Table 'Fornax V' 9-max Seat #9 is the button
Seat 1: Dorex2007 ($1.98 in chips) 
Seat 2: Steven43211 ($2.80 in chips) 
Seat 3: runnyboar ($1.48 in chips) 
Seat 4: PABLOZAL10 ($3.09 in chips) 
Seat 5: royrobk ($1.50 in chips) 
Seat 6: Kinamuiu ($2.95 in chips) 
Seat 7: PaQeda ($2.03 in chips) 
Seat 8: jacirmenon ($3.55 in chips) 
Seat 9: Elrus90 ($0.90 in chips) 
Dorex2007: posts small blind $0.01
Steven43211: posts big blind $0.02
*** HOLE CARDS ***
Dealt to Dorex2007 [Qd Ac]
runnyboar: folds 
PABLOZAL10: folds 
royrobk: folds 
Kinamuiu has timed out
Kinamuiu: folds 
PaQeda: raises $0.04 to $0.06
jacirmenon: folds 
Elrus90: folds 
Dorex2007: calls $0.05
Steven43211: calls $0.04
*** FLOP *** [Qc 7s 5s]
Dorex2007: bets $0.11
Steven43211: folds 
PaQeda: calls $0.11
*** TURN *** [Qc 7s 5s] [2h]
Dorex2007: bets $0.39
PaQeda: folds 
Uncalled bet ($0.39) returned to Dorex2007
Dorex2007 collected $0.39 from pot
Dorex2007: doesn't show hand 
*** SUMMARY ***
Total pot $0.40 | Rake $0.01 
Board [Qc 7s 5s 2h]
Seat 1: Dorex2007 (small blind) collected ($0.39)
Seat 2: Steven43211 (big blind) folded on the Flop
Seat 3: runnyboar folded before Flop (didn't bet)
Seat 4: PABLOZAL10 folded before Flop (didn't bet)
Seat 5: royrobk folded before Flop (didn't bet)
Seat 6: Kinamuiu folded before Flop (didn't bet)
Seat 7: PaQeda folded on the Turn
Seat 8: jacirmenon folded before Flop (didn't bet)
Seat 9: Elrus90 (button) folded before Flop (didn't bet)



PokerStars Hand #224824250584:  Hold'em No Limit ($0.01/$0.02 USD) - 2021/03/14 19:58:32 PT [2021/03/14 22:58:32 ET]
Table 'Fornax V' 9-max Seat #1 is the button
Seat 1: Dorex2007 ($2.20 in chips) 
Seat 2: Steven43211 ($2.74 in chips) 
Seat 3: runnyboar ($1.48 in chips) 
Seat 4: PABLOZAL10 ($3.09 in chips) 
Seat 5: royrobk ($1.50 in chips) 
Seat 7: PaQeda ($1.86 in chips) 
Seat 8: jacirmenon ($3.55 in chips) 
Seat 9: Elrus90 ($0.90 in chips) 
Steven43211: posts small blind $0.01
runnyboar: posts big blind $0.02
*** HOLE CARDS ***
Dealt to Dorex2007 [Th Kh]
PABLOZAL10: folds 
royrobk: folds 
PaQeda: folds 
jacirmenon: calls $0.02
Elrus90: folds 
Dorex2007: calls $0.02
Steven43211: raises $0.14 to $0.16
runnyboar: folds 
jacirmenon: folds 
Dorex2007: folds 
Uncalled bet ($0.14) returned to Steven43211
Steven43211 collected $0.08 from pot
Steven43211: doesn't show hand 
*** SUMMARY ***
Total pot $0.08 | Rake $0 
Seat 1: Dorex2007 (button) folded before Flop
Seat 2: Steven43211 (small blind) collected ($0.08)
Seat 3: runnyboar (big blind) folded before Flop
Seat 4: PABLOZAL10 folded before Flop (didn't bet)
Seat 5: royrobk folded before Flop (didn't bet)
Seat 7: PaQeda folded before Flop (didn't bet)
Seat 8: jacirmenon folded before Flop
Seat 9: Elrus90 folded before Flop (didn't bet)



PokerStars Hand #224824256884:  Hold'em No Limit ($0.01/$0.02 USD) - 2021/03/14 19:59:04 PT [2021/03/14 22:59:04 ET]
Table 'Fornax V' 9-max Seat #2 is the button
Seat 1: Dorex2007 ($2.18 in chips) 
Seat 2: Steven43211 ($2.80 in chips) 
Seat 3: runnyboar ($1.46 in chips) 
Seat 4: PABLOZAL10 ($3.09 in chips) 
Seat 5: royrobk ($1.50 in chips) 
Seat 6: Kinamuiu ($2.95 in chips) 
Seat 7: PaQeda ($1.86 in chips) 
Seat 8: jacirmenon ($3.53 in chips) 
Seat 9: Elrus90 ($0.90 in chips) 
runnyboar: posts small blind $0.01
PABLOZAL10: posts big blind $0.02
*** HOLE CARDS ***
Dealt to Dorex2007 [3d Th]
royrobk: folds 
Kinamuiu: folds 
PaQeda: folds 
jacirmenon: calls $0.02
Elrus90: folds 
Dorex2007 has timed out
Dorex2007: folds 
Steven43211: raises $0.07 to $0.09
runnyboar: folds 
PABLOZAL10: folds 
jacirmenon: calls $0.07
*** FLOP *** [Ts Ks Qc]
jacirmenon: checks 
Steven43211: checks 
*** TURN *** [Ts Ks Qc] [2d]
jacirmenon: bets $0.10
Steven43211: calls $0.10
*** RIVER *** [Ts Ks Qc 2d] [Kc]
jacirmenon: bets $0.20
Steven43211: folds 
Uncalled bet ($0.20) returned to jacirmenon
jacirmenon collected $0.40 from pot
jacirmenon: doesn't show hand 
*** SUMMARY ***
Total pot $0.41 | Rake $0.01 
Board [Ts Ks Qc 2d Kc]
Seat 1: Dorex2007 folded before Flop (didn't bet)
Seat 2: Steven43211 (button) folded on the River
Seat 3: runnyboar (small blind) folded before Flop
Seat 4: PABLOZAL10 (big blind) folded before Flop
Seat 5: royrobk folded before Flop (didn't bet)
Seat 6: Kinamuiu folded before Flop (didn't bet)
Seat 7: PaQeda folded before Flop (didn't bet)
Seat 8: jacirmenon collected ($0.40)
Seat 9: Elrus90 folded before Flop (didn't bet)



PokerStars Hand #224824269073:  Hold'em No Limit ($0.01/$0.02 USD) - 2021/03/14 20:00:06 PT [2021/03/14 23:00:06 ET]
Table 'Fornax V' 9-max Seat #3 is the button
Seat 1: Dorex2007 ($2.18 in chips) 
Seat 2: Steven43211 ($2.61 in chips) 
Seat 3: runnyboar ($1.45 in chips) 
Seat 4: PABLOZAL10 ($3.07 in chips) 
Seat 5: royrobk ($1.50 in chips) 
Seat 6: Kinamuiu ($2.95 in chips) 
Seat 7: PaQeda ($1.86 in chips) 
Seat 8: jacirmenon ($3.74 in chips) 
Seat 9: Elrus90 ($0.90 in chips) 
PABLOZAL10: posts small blind $0.01
royrobk: posts big blind $0.02
*** HOLE CARDS ***
Dealt to Dorex2007 [4c 8c]
Kinamuiu: folds 
PaQeda: folds 
jacirmenon: folds 
Elrus90: folds 
Dorex2007: folds 
Steven43211: folds 
runnyboar: folds 
PABLOZAL10: raises $0.04 to $0.06
royrobk: calls $0.04
*** FLOP *** [2d Kd 5d]
PABLOZAL10: bets $0.06
royrobk: folds 
Uncalled bet ($0.06) returned to PABLOZAL10
PABLOZAL10 collected $0.12 from pot
PABLOZAL10: doesn't show hand 
*** SUMMARY ***
Total pot $0.12 | Rake $0 
Board [2d Kd 5d]
Seat 1: Dorex2007 folded before Flop (didn't bet)
Seat 2: Steven43211 folded before Flop (didn't bet)
Seat 3: runnyboar (button) folded before Flop (didn't bet)
Seat 4: PABLOZAL10 (small blind) collected ($0.12)
Seat 5: royrobk (big blind) folded on the Flop
Seat 6: Kinamuiu folded before Flop (didn't bet)
Seat 7: PaQeda folded before Flop (didn't bet)
Seat 8: jacirmenon folded before Flop (didn't bet)
Seat 9: Elrus90 folded before Flop (didn't bet)



PokerStars Hand #224824281973:  Hold'em No Limit ($0.01/$0.02 USD) - 2021/03/14 20:00:41 PT [2021/03/14 23:00:41 ET]
Table 'Fornax V' 9-max Seat #4 is the button
Seat 1: Dorex2007 ($2.18 in chips) 
Seat 2: Steven43211 ($2.61 in chips) 
Seat 3: runnyboar ($1.45 in chips) 
Seat 4: PABLOZAL10 ($3.13 in chips) 
Seat 5: royrobk ($1.44 in chips) 
Seat 6: Kinamuiu ($2.95 in chips) 
Seat 7: PaQeda ($1.86 in chips) 
Seat 8: jacirmenon ($3.74 in chips) 
Seat 9: Elrus90 ($0.90 in chips) 
royrobk: posts small blind $0.01
Kinamuiu: posts big blind $0.02
*** HOLE CARDS ***
Dealt to Dorex2007 [Jh 7d]
PaQeda: folds 
jacirmenon: folds 
Elrus90: raises $0.04 to $0.06
Dorex2007: folds 
Steven43211: folds 
runnyboar: raises $0.12 to $0.18
PABLOZAL10: folds 
royrobk: folds 
Kinamuiu: calls $0.16
Elrus90: calls $0.12
*** FLOP *** [2h 9d 5h]
Kinamuiu: checks 
Elrus90: checks 
runnyboar: bets $0.32
Kinamuiu: folds 
Elrus90: folds 
Uncalled bet ($0.32) returned to runnyboar
runnyboar collected $0.53 from pot
runnyboar: doesn't show hand 
*** SUMMARY ***
Total pot $0.55 | Rake $0.02 
Board [2h 9d 5h]
Seat 1: Dorex2007 folded before Flop (didn't bet)
Seat 2: Steven43211 folded before Flop (didn't bet)
Seat 3: runnyboar collected ($0.53)
Seat 4: PABLOZAL10 (button) folded before Flop (didn't bet)
Seat 5: royrobk (small blind) folded before Flop
Seat 6: Kinamuiu (big blind) folded on the Flop
Seat 7: PaQeda folded before Flop (didn't bet)
Seat 8: jacirmenon folded before Flop (didn't bet)
Seat 9: Elrus90 folded on the Flop



PokerStars Hand #224824292670:  Hold'em No Limit ($0.01/$0.02 USD) - 2021/03/14 20:01:27 PT [2021/03/14 23:01:27 ET]
Table 'Fornax V' 9-max Seat #5 is the button
Seat 1: Dorex2007 ($2.18 in chips) 
Seat 2: Steven43211 ($2.61 in chips) 
Seat 3: runnyboar ($1.80 in chips) 
Seat 4: PABLOZAL10 ($3.13 in chips) 
Seat 5: royrobk ($1.43 in chips) 
Seat 6: Kinamuiu ($2.77 in chips) 
Seat 7: PaQeda ($1.86 in chips) 
Seat 8: jacirmenon ($3.74 in chips) 
Seat 9: Elrus90 ($0.72 in chips) 
Kinamuiu: posts small blind $0.01
PaQeda: posts big blind $0.02
*** HOLE CARDS ***
Dealt to Dorex2007 [Qc 5d]
jacirmenon: calls $0.02
Elrus90: folds 
Dorex2007: folds 
Steven43211: folds 
runnyboar: folds 
PABLOZAL10: folds 
royrobk: folds 
Kinamuiu: calls $0.01
PaQeda: checks 
*** FLOP *** [7s Js Kh]
Kinamuiu: checks 
PaQeda: bets $0.03
jacirmenon: calls $0.03
Kinamuiu: folds 
*** TURN *** [7s Js Kh] [8d]
PaQeda: bets $0.06
jacirmenon: folds 
Uncalled bet ($0.06) returned to PaQeda
PaQeda collected $0.12 from pot
PaQeda: doesn't show hand 
*** SUMMARY ***
Total pot $0.12 | Rake $0 
Board [7s Js Kh 8d]
Seat 1: Dorex2007 folded before Flop (didn't bet)
Seat 2: Steven43211 folded before Flop (didn't bet)
Seat 3: runnyboar folded before Flop (didn't bet)
Seat 4: PABLOZAL10 folded before Flop (didn't bet)
Seat 5: royrobk (button) folded before Flop (didn't bet)
Seat 6: Kinamuiu (small blind) folded on the Flop
Seat 7: PaQeda (big blind) collected ($0.12)
Seat 8: jacirmenon folded on the Turn
Seat 9: Elrus90 folded before Flop (didn't bet)



PokerStars Hand #224824305183:  Hold'em No Limit ($0.01/$0.02 USD) - 2021/03/14 20:02:19 PT [2021/03/14 23:02:19 ET]
Table 'Fornax V' 9-max Seat #6 is the button
Seat 1: Dorex2007 ($2.18 in chips) 
Seat 2: Steven43211 ($2.61 in chips) 
Seat 3: runnyboar ($1.80 in chips) 
Seat 4: PABLOZAL10 ($3.13 in chips) 
Seat 5: royrobk ($1.43 in chips) 
Seat 6: Kinamuiu ($2.75 in chips) 
Seat 7: PaQeda ($1.93 in chips) 
Seat 8: jacirmenon ($3.69 in chips) 
Seat 9: Elrus90 ($0.72 in chips) 
PaQeda: posts small blind $0.01
jacirmenon: posts big blind $0.02
*** HOLE CARDS ***
Dealt to Dorex2007 [Tc 6s]
Elrus90: folds 
Dorex2007: folds 
Steven43211: raises $0.04 to $0.06
runnyboar: folds 
PABLOZAL10: folds 
royrobk: folds 
Kinamuiu: folds 
PaQeda: folds 
jacirmenon: folds 
Uncalled bet ($0.04) returned to Steven43211
Steven43211 collected $0.05 from pot
Steven43211: doesn't show hand 
*** SUMMARY ***
Total pot $0.05 | Rake $0 
Seat 1: Dorex2007 folded before Flop (didn't bet)
Seat 2: Steven43211 collected ($0.05)
Seat 3: runnyboar folded before Flop (didn't bet)
Seat 4: PABLOZAL10 folded before Flop (didn't bet)
Seat 5: royrobk folded before Flop (didn't bet)
Seat 6: Kinamuiu (button) folded before Flop (didn't bet)
Seat 7: PaQeda (small blind) folded before Flop
Seat 8: jacirmenon (big blind) folded before Flop
Seat 9: Elrus90 folded before Flop (didn't bet)



PokerStars Hand #224824312457:  Hold'em No Limit ($0.01/$0.02 USD) - 2021/03/14 20:02:50 PT [2021/03/14 23:02:50 ET]
Table 'Fornax V' 9-max Seat #7 is the button
Seat 1: Dorex2007 ($2.18 in chips) 
Seat 2: Steven43211 ($2.64 in chips) 
Seat 3: runnyboar ($1.80 in chips) 
Seat 4: PABLOZAL10 ($3.13 in chips) 
Seat 5: royrobk ($1.43 in chips) 
Seat 6: Kinamuiu ($2.75 in chips) 
Seat 7: PaQeda ($1.92 in chips) 
Seat 8: jacirmenon ($3.67 in chips) 
Seat 9: Elrus90 ($0.72 in chips) 
jacirmenon: posts small blind $0.01
Elrus90: posts big blind $0.02
*** HOLE CARDS ***
Dealt to Dorex2007 [Qc 6s]
Dorex2007: folds 
Steven43211: raises $0.04 to $0.06
runnyboar: folds 
PABLOZAL10: calls $0.06
royrobk: folds 
Kinamuiu has timed out
Kinamuiu: folds 
PaQeda: folds 
jacirmenon: folds 
Elrus90: folds 
*** FLOP *** [6d 8c Jd]
Steven43211: checks 
PABLOZAL10: bets $0.07
Steven43211: folds 
Uncalled bet ($0.07) returned to PABLOZAL10
PABLOZAL10 collected $0.14 from pot
PABLOZAL10: doesn't show hand 
*** SUMMARY ***
Total pot $0.15 | Rake $0.01 
Board [6d 8c Jd]
Seat 1: Dorex2007 folded before Flop (didn't bet)
Seat 2: Steven43211 folded on the Flop
Seat 3: runnyboar folded before Flop (didn't bet)
Seat 4: PABLOZAL10 collected ($0.14)
Seat 5: royrobk folded before Flop (didn't bet)
Seat 6: Kinamuiu folded before Flop (didn't bet)
Seat 7: PaQeda (button) folded before Flop (didn't bet)
Seat 8: jacirmenon (small blind) folded before Flop
Seat 9: Elrus90 (big blind) folded before Flop



PokerStars Hand #224824326150:  Hold'em No Limit ($0.01/$0.02 USD) - 2021/03/14 20:03:32 PT [2021/03/14 23:03:32 ET]
Table 'Fornax V' 9-max Seat #8 is the button
Seat 1: Dorex2007 ($2.18 in chips) 
Seat 2: Steven43211 ($2.58 in chips) 
Seat 3: runnyboar ($1.80 in chips) 
Seat 4: PABLOZAL10 ($3.21 in chips) 
Seat 5: royrobk ($1.43 in chips) 
Seat 7: PaQeda ($1.92 in chips) 
Seat 8: jacirmenon ($3.66 in chips) 
Seat 9: Elrus90 ($0.70 in chips) 
Elrus90: posts small blind $0.01
Dorex2007: posts big blind $0.02
*** HOLE CARDS ***
Dealt to Dorex2007 [Td 6h]
Steven43211: raises $0.04 to $0.06
runnyboar: folds 
PABLOZAL10: folds 
royrobk: folds 
PaQeda: folds 
jacirmenon: folds 
Elrus90: folds 
Dorex2007: folds 
Uncalled bet ($0.04) returned to Steven43211
Steven43211 collected $0.05 from pot
Steven43211: doesn't show hand 
*** SUMMARY ***
Total pot $0.05 | Rake $0 
Seat 1: Dorex2007 (big blind) folded before Flop
Seat 2: Steven43211 collected ($0.05)
Seat 3: runnyboar folded before Flop (didn't bet)
Seat 4: PABLOZAL10 folded before Flop (didn't bet)
Seat 5: royrobk folded before Flop (didn't bet)
Seat 7: PaQeda folded before Flop (didn't bet)
Seat 8: jacirmenon (button) folded before Flop (didn't bet)
Seat 9: Elrus90 (small blind) folded before Flop



PokerStars Hand #224824329967:  Hold'em No Limit ($0.01/$0.02 USD) - 2021/03/14 20:03:48 PT [2021/03/14 23:03:48 ET]
Table 'Fornax V' 9-max Seat #9 is the button
Seat 1: Dorex2007 ($2.16 in chips) 
Seat 3: runnyboar ($1.80 in chips) 
Seat 4: PABLOZAL10 ($3.21 in chips) 
Seat 5: royrobk ($1.43 in chips) 
Seat 7: PaQeda ($1.92 in chips) 
Seat 8: jacirmenon ($3.66 in chips) 
Seat 9: Elrus90 ($0.69 in chips) 
Dorex2007: posts small blind $0.01
Steven43211: is sitting out 
runnyboar: posts big blind $0.02
*** HOLE CARDS ***
Dealt to Dorex2007 [As 5d]
Steven43211 leaves the table
PABLOZAL10: folds 
royrobk: folds 
PaQeda: folds 
jacirmenon: folds 
Elrus90: raises $0.04 to $0.06
gixer_1101 joins the table at seat #2 
Dorex2007: folds 
runnyboar: folds 
Uncalled bet ($0.04) returned to Elrus90
Elrus90 collected $0.05 from pot
Elrus90: doesn't show hand 
*** SUMMARY ***
Total pot $0.05 | Rake $0 
Seat 1: Dorex2007 (small blind) folded before Flop
Seat 3: runnyboar (big blind) folded before Flop
Seat 4: PABLOZAL10 folded before Flop (didn't bet)
Seat 5: royrobk folded before Flop (didn't bet)
Seat 7: PaQeda folded before Flop (didn't bet)
Seat 8: jacirmenon folded before Flop (didn't bet)
Seat 9: Elrus90 (button) collected ($0.05)



PokerStars Hand #224824344532:  Hold'em No Limit ($0.01/$0.02 USD) - 2021/03/14 20:04:49 PT [2021/03/14 23:04:49 ET]
Table 'Fornax V' 9-max Seat #1 is the button
Seat 1: Dorex2007 ($2.15 in chips) 
Seat 3: runnyboar ($1.78 in chips) 
Seat 4: PABLOZAL10 ($3.21 in chips) 
Seat 5: royrobk ($1.43 in chips) 
Seat 7: PaQeda ($1.92 in chips) 
Seat 8: jacirmenon ($3.66 in chips) 
Seat 9: Elrus90 ($0.72 in chips) 
runnyboar: posts small blind $0.01
PABLOZAL10: posts big blind $0.02
*** HOLE CARDS ***
Dealt to Dorex2007 [6c 2s]
royrobk: folds 
PaQeda: raises $0.04 to $0.06
jacirmenon: calls $0.06
Elrus90: folds 
Dorex2007: folds 
runnyboar: folds 
PABLOZAL10: folds 
*** FLOP *** [8d Kh 3c]
PaQeda: checks 
jacirmenon: checks 
*** TURN *** [8d Kh 3c] [Jc]
PaQeda: bets $0.04
jacirmenon: folds 
Uncalled bet ($0.04) returned to PaQeda
PaQeda collected $0.14 from pot
PaQeda: doesn't show hand 
*** SUMMARY ***
Total pot $0.15 | Rake $0.01 
Board [8d Kh 3c Jc]
Seat 1: Dorex2007 (button) folded before Flop (didn't bet)
Seat 3: runnyboar (small blind) folded before Flop
Seat 4: PABLOZAL10 (big blind) folded before Flop
Seat 5: royrobk folded before Flop (didn't bet)
Seat 7: PaQeda collected ($0.14)
Seat 8: jacirmenon folded on the Turn
Seat 9: Elrus90 folded before Flop (didn't bet)



PokerStars Hand #224824352672:  Hold'em No Limit ($0.01/$0.02 USD) - 2021/03/14 20:05:23 PT [2021/03/14 23:05:23 ET]
Table 'Fornax V' 9-max Seat #3 is the button
Seat 1: Dorex2007 ($2.15 in chips) 
Seat 2: gixer_1101 ($1.60 in chips) 
Seat 3: runnyboar ($1.77 in chips) 
Seat 4: PABLOZAL10 ($3.19 in chips) 
Seat 5: royrobk ($1.43 in chips) 
Seat 7: PaQeda ($2 in chips) 
Seat 8: jacirmenon ($3.60 in chips) 
Seat 9: Elrus90 ($0.72 in chips) 
PABLOZAL10: posts small blind $0.01
royrobk: posts big blind $0.02
gixer_1101: posts big blind $0.02
*** HOLE CARDS ***
Dealt to Dorex2007 [Jc 4h]
PaQeda: folds 
jacirmenon: folds 
Elrus90: folds 
Dorex2007: folds 
gixer_1101: checks 
runnyboar: folds 
PABLOZAL10: calls $0.01
royrobk: checks 
*** FLOP *** [9s 6s 7h]
PABLOZAL10: bets $0.06
royrobk: folds 
gixer_1101: calls $0.06
*** TURN *** [9s 6s 7h] [Jh]
PABLOZAL10: bets $0.20
gixer_1101: calls $0.20
*** RIVER *** [9s 6s 7h Jh] [Qh]
PABLOZAL10: bets $0.28
gixer_1101: raises $1.04 to $1.32 and is all-in
PABLOZAL10: folds 
Uncalled bet ($1.04) returned to gixer_1101
gixer_1101 collected $1.10 from pot
gixer_1101: doesn't show hand 
*** SUMMARY ***
Total pot $1.14 | Rake $0.04 
Board [9s 6s 7h Jh Qh]
Seat 1: Dorex2007 folded before Flop (didn't bet)
Seat 2: gixer_1101 collected ($1.10)
Seat 3: runnyboar (button) folded before Flop (didn't bet)
Seat 4: PABLOZAL10 (small blind) folded on the River
Seat 5: royrobk (big blind) folded on the Flop
Seat 7: PaQeda folded before Flop (didn't bet)
Seat 8: jacirmenon folded before Flop (didn't bet)
Seat 9: Elrus90 folded before Flop (didn't bet)



PokerStars Hand #224824381511:  Hold'em No Limit ($0.01/$0.02 USD) - 2021/03/14 20:06:58 PT [2021/03/14 23:06:58 ET]
Table 'Fornax V' 9-max Seat #5 is the button
Seat 1: Dorex2007 ($2.15 in chips) 
Seat 2: gixer_1101 ($2 in chips) 
Seat 3: runnyboar ($1.77 in chips) 
Seat 4: PABLOZAL10 ($2.63 in chips) 
Seat 5: royrobk ($1.68 in chips) 
Seat 7: PaQeda ($1.86 in chips) 
Seat 8: jacirmenon ($3.60 in chips) 
Seat 9: Elrus90 ($0.72 in chips) 
PaQeda: posts small blind $0.01
jacirmenon: posts big blind $0.02
*** HOLE CARDS ***
Dealt to Dorex2007 [5s 5d]
Elrus90: folds 
Dorex2007: folds 
gixer_1101: folds 
runnyboar: raises $0.04 to $0.06
PABLOZAL10: folds 
royrobk: folds 
PaQeda: folds 
jacirmenon: calls $0.04
*** FLOP *** [Ts 9d 8h]
jacirmenon: checks 
runnyboar: checks 
*** TURN *** [Ts 9d 8h] [2d]
jacirmenon: bets $0.07
runnyboar: folds 
Uncalled bet ($0.07) returned to jacirmenon
jacirmenon collected $0.13 from pot
jacirmenon: doesn't show hand 
*** SUMMARY ***
Total pot $0.13 | Rake $0 
Board [Ts 9d 8h 2d]
Seat 1: Dorex2007 folded before Flop (didn't bet)
Seat 2: gixer_1101 folded before Flop (didn't bet)
Seat 3: runnyboar folded on the Turn
Seat 4: PABLOZAL10 folded before Flop (didn't bet)
Seat 5: royrobk (button) folded before Flop (didn't bet)
Seat 7: PaQeda (small blind) folded before Flop
Seat 8: jacirmenon (big blind) collected ($0.13)
Seat 9: Elrus90 folded before Flop (didn't bet)



PokerStars Hand #224824394293:  Hold'em No Limit ($0.01/$0.02 USD) - 2021/03/14 20:07:52 PT [2021/03/14 23:07:52 ET]
Table 'Fornax V' 9-max Seat #7 is the button
Seat 1: Dorex2007 ($2.15 in chips) 
Seat 2: gixer_1101 ($2 in chips) 
Seat 3: runnyboar ($1.71 in chips) 
Seat 4: PABLOZAL10 ($2.63 in chips) 
Seat 5: royrobk ($1.68 in chips) 
Seat 7: PaQeda ($1.85 in chips) 
Seat 8: jacirmenon ($3.67 in chips) 
Seat 9: Elrus90 ($0.72 in chips) 
jacirmenon: posts small blind $0.01
Elrus90: posts big blind $0.02
*** HOLE CARDS ***
Dealt to Dorex2007 [8s Jd]
Dorex2007: folds 
gixer_1101: folds 
runnyboar has timed out
runnyboar: folds 
PABLOZAL10: folds 
royrobk: calls $0.02
PaQeda: folds 
jacirmenon: calls $0.01
Elrus90: checks 
*** FLOP *** [4c 5s 4s]
jacirmenon: checks 
Elrus90: checks 
royrobk: checks 
*** TURN *** [4c 5s 4s] [6c]
jacirmenon: checks 
Elrus90: bets $0.05
royrobk: calls $0.05
jacirmenon: folds 
*** RIVER *** [4c 5s 4s 6c] [5c]
Elrus90: checks 
royrobk: checks 
*** SHOW DOWN ***
Elrus90: shows [3s 2s] (a straight, Deuce to Six)
royrobk: mucks hand 
Elrus90 collected $0.15 from pot
*** SUMMARY ***
Total pot $0.16 | Rake $0.01 
Board [4c 5s 4s 6c 5c]
Seat 1: Dorex2007 folded before Flop (didn't bet)
Seat 2: gixer_1101 folded before Flop (didn't bet)
Seat 3: runnyboar folded before Flop (didn't bet)
Seat 4: PABLOZAL10 folded before Flop (didn't bet)
Seat 5: royrobk mucked [7d 7s]
Seat 7: PaQeda (button) folded before Flop (didn't bet)
Seat 8: jacirmenon (small blind) folded on the Turn
Seat 9: Elrus90 (big blind) showed [3s 2s] and won ($0.15) with a straight, Deuce to Six



PokerStars Hand #224824405681:  Hold'em No Limit ($0.01/$0.02 USD) - 2021/03/14 20:08:41 PT [2021/03/14 23:08:41 ET]
Table 'Fornax V' 9-max Seat #8 is the button
Seat 1: Dorex2007 ($2.15 in chips) 
Seat 2: gixer_1101 ($2 in chips) 
Seat 3: runnyboar ($1.71 in chips) 
Seat 4: PABLOZAL10 ($2.63 in chips) 
Seat 5: royrobk ($1.61 in chips) 
Seat 7: PaQeda ($1.85 in chips) 
Seat 8: jacirmenon ($3.65 in chips) 
Seat 9: Elrus90 ($0.80 in chips) 
Elrus90: posts small blind $0.01
Dorex2007: posts big blind $0.02
*** HOLE CARDS ***
Dealt to Dorex2007 [4h Tc]
gixer_1101: folds 
runnyboar: raises $0.04 to $0.06
PABLOZAL10: folds 
royrobk: folds 
PaQeda: folds 
jacirmenon: folds 
Elrus90: folds 
Dorex2007: folds 
Uncalled bet ($0.04) returned to runnyboar
runnyboar collected $0.05 from pot
runnyboar: doesn't show hand 
*** SUMMARY ***
Total pot $0.05 | Rake $0 
Seat 1: Dorex2007 (big blind) folded before Flop
Seat 2: gixer_1101 folded before Flop (didn't bet)
Seat 3: runnyboar collected ($0.05)
Seat 4: PABLOZAL10 folded before Flop (didn't bet)
Seat 5: royrobk folded before Flop (didn't bet)
Seat 7: PaQeda folded before Flop (didn't bet)
Seat 8: jacirmenon (button) folded before Flop (didn't bet)
Seat 9: Elrus90 (small blind) folded before Flop



PokerStars Hand #224824411347:  Hold'em No Limit ($0.01/$0.02 USD) - 2021/03/14 20:09:05 PT [2021/03/14 23:09:05 ET]
Table 'Fornax V' 9-max Seat #9 is the button
Seat 1: Dorex2007 ($2.13 in chips) 
Seat 2: gixer_1101 ($2 in chips) 
Seat 3: runnyboar ($1.74 in chips) 
Seat 4: PABLOZAL10 ($2.63 in chips) 
Seat 5: royrobk ($1.61 in chips) 
Seat 7: PaQeda ($1.85 in chips) 
Seat 8: jacirmenon ($3.65 in chips) 
Seat 9: Elrus90 ($0.79 in chips) 
Dorex2007: posts small blind $0.01
gixer_1101: posts big blind $0.02
*** HOLE CARDS ***
Dealt to Dorex2007 [6s 3d]
runnyboar: folds 
PABLOZAL10: folds 
royrobk: folds 
PaQeda: folds 
jacirmenon: folds 
Elrus90: folds 
Dorex2007: folds 
Uncalled bet ($0.01) returned to gixer_1101
gixer_1101 collected $0.02 from pot
gixer_1101: doesn't show hand 
*** SUMMARY ***
Total pot $0.02 | Rake $0 
Seat 1: Dorex2007 (small blind) folded before Flop
Seat 2: gixer_1101 (big blind) collected ($0.02)
Seat 3: runnyboar folded before Flop (didn't bet)
Seat 4: PABLOZAL10 folded before Flop (didn't bet)
Seat 5: royrobk folded before Flop (didn't bet)
Seat 7: PaQeda folded before Flop (didn't bet)
Seat 8: jacirmenon folded before Flop (didn't bet)
Seat 9: Elrus90 (button) folded before Flop (didn't bet)



PokerStars Hand #224824415084:  Hold'em No Limit ($0.01/$0.02 USD) - 2021/03/14 20:09:21 PT [2021/03/14 23:09:21 ET]
Table 'Fornax V' 9-max Seat #1 is the button
Seat 1: Dorex2007 ($2.12 in chips) 
Seat 2: gixer_1101 ($2.01 in chips) 
Seat 3: runnyboar ($1.74 in chips) 
Seat 4: PABLOZAL10 ($2.63 in chips) 
Seat 5: royrobk ($1.61 in chips) 
Seat 7: PaQeda ($1.85 in chips) 
Seat 8: jacirmenon ($3.65 in chips) 
Seat 9: Elrus90 ($0.79 in chips) 
gixer_1101: posts small blind $0.01
runnyboar: posts big blind $0.02
*** HOLE CARDS ***
Dealt to Dorex2007 [9c Kd]
PABLOZAL10: folds 
royrobk: calls $0.02
PaQeda: folds 
jacirmenon: folds 
Elrus90: raises $0.07 to $0.09
Dorex2007: folds 
gixer_1101: folds 
runnyboar: calls $0.07
royrobk: folds 
*** FLOP *** [8c 9h Th]
runnyboar: checks 
Elrus90: bets $0.10
runnyboar: raises $0.20 to $0.30
Elrus90: raises $0.40 to $0.70 and is all-in
runnyboar: calls $0.40
*** TURN *** [8c 9h Th] [2s]
*** RIVER *** [8c 9h Th 2s] [Qd]
*** SHOW DOWN ***
runnyboar: shows [Ac Ah] (a pair of Aces)
Elrus90: shows [Qs Qh] (three of a kind, Queens)
Elrus90 cashed out the hand for $0.37
*** SUMMARY ***
Total pot $1.61 | Rake $0.06 
Board [8c 9h Th 2s Qd]
Seat 1: Dorex2007 (button) folded before Flop (didn't bet)
Seat 2: gixer_1101 (small blind) folded before Flop
Seat 3: runnyboar (big blind) showed [Ac Ah] and lost with a pair of Aces
Seat 4: PABLOZAL10 folded before Flop (didn't bet)
Seat 5: royrobk folded before Flop
Seat 7: PaQeda folded before Flop (didn't bet)
Seat 8: jacirmenon folded before Flop (didn't bet)
Seat 9: Elrus90 showed [Qs Qh] and won ($1.55) with three of a kind, Queens (pot not awarded as player cashed out)



PokerStars Hand #224824438752:  Hold'em No Limit ($0.01/$0.02 USD) - 2021/03/14 20:10:19 PT [2021/03/14 23:10:19 ET]
Table 'Fornax V' 9-max Seat #2 is the button
Seat 1: Dorex2007 ($2.12 in chips) 
Seat 2: gixer_1101 ($2 in chips) 
Seat 3: runnyboar ($0.95 in chips) 
Seat 4: PABLOZAL10 ($2.63 in chips) 
Seat 5: royrobk ($1.59 in chips) 
Seat 7: PaQeda ($1.85 in chips) 
Seat 8: jacirmenon ($3.65 in chips) 
Seat 9: Elrus90 ($0.37 in chips) 
runnyboar: posts small blind $0.01
PABLOZAL10: posts big blind $0.02
*** HOLE CARDS ***
Dealt to Dorex2007 [Td 8s]
royrobk: folds 
PaQeda: folds 
jacirmenon: folds 
Elrus90: raises $0.04 to $0.06
Dorex2007: folds 
gixer_1101: folds 
runnyboar: folds 
PABLOZAL10: calls $0.04
*** FLOP *** [9c 6h Th]
PABLOZAL10: checks 
Elrus90: bets $0.06
PABLOZAL10: folds 
Uncalled bet ($0.06) returned to Elrus90
Elrus90 collected $0.13 from pot
Elrus90: doesn't show hand 
*** SUMMARY ***
Total pot $0.13 | Rake $0 
Board [9c 6h Th]
Seat 1: Dorex2007 folded before Flop (didn't bet)
Seat 2: gixer_1101 (button) folded before Flop (didn't bet)
Seat 3: runnyboar (small blind) folded before Flop
Seat 4: PABLOZAL10 (big blind) folded on the Flop
Seat 5: royrobk folded before Flop (didn't bet)
Seat 7: PaQeda folded before Flop (didn't bet)
Seat 8: jacirmenon folded before Flop (didn't bet)
Seat 9: Elrus90 collected ($0.13)



PokerStars Hand #224824445456:  Hold'em No Limit ($0.01/$0.02 USD) - 2021/03/14 20:10:47 PT [2021/03/14 23:10:47 ET]
Table 'Fornax V' 9-max Seat #3 is the button
Seat 1: Dorex2007 ($2.12 in chips) 
Seat 2: gixer_1101 ($2 in chips) 
Seat 3: runnyboar ($0.94 in chips) 
Seat 4: PABLOZAL10 ($2.57 in chips) 
Seat 5: royrobk ($1.59 in chips) 
Seat 7: PaQeda ($1.85 in chips) 
Seat 8: jacirmenon ($3.65 in chips) 
Seat 9: Elrus90 ($0.44 in chips) 
PABLOZAL10: posts small blind $0.01
royrobk: posts big blind $0.02
*** HOLE CARDS ***
Dealt to Dorex2007 [7h 2d]
PaQeda: folds 
jacirmenon: calls $0.02
Elrus90: folds 
Dorex2007: folds 
gixer_1101: folds 
runnyboar: folds 
PABLOZAL10: folds 
royrobk: checks 
*** FLOP *** [Kh Th As]
royrobk: checks 
jacirmenon: checks 
*** TURN *** [Kh Th As] [9c]
royrobk: checks 
jacirmenon: checks 
*** RIVER *** [Kh Th As 9c] [8h]
royrobk: checks 
jacirmenon: checks 
*** SHOW DOWN ***
royrobk: shows [5d 6h] (high card Ace)
jacirmenon: shows [7d Ts] (a pair of Tens)
jacirmenon collected $0.05 from pot
*** SUMMARY ***
Total pot $0.05 | Rake $0 
Board [Kh Th As 9c 8h]
Seat 1: Dorex2007 folded before Flop (didn't bet)
Seat 2: gixer_1101 folded before Flop (didn't bet)
Seat 3: runnyboar (button) folded before Flop (didn't bet)
Seat 4: PABLOZAL10 (small blind) folded before Flop
Seat 5: royrobk (big blind) showed [5d 6h] and lost with high card Ace
Seat 7: PaQeda folded before Flop (didn't bet)
Seat 8: jacirmenon showed [7d Ts] and won ($0.05) with a pair of Tens
Seat 9: Elrus90 folded before Flop (didn't bet)



PokerStars Hand #224824453107:  Hold'em No Limit ($0.01/$0.02 USD) - 2021/03/14 20:11:20 PT [2021/03/14 23:11:20 ET]
Table 'Fornax V' 9-max Seat #4 is the button
Seat 1: Dorex2007 ($2.12 in chips) 
Seat 2: gixer_1101 ($2 in chips) 
Seat 3: runnyboar ($0.94 in chips) 
Seat 4: PABLOZAL10 ($2.56 in chips) 
Seat 5: royrobk ($1.57 in chips) 
Seat 6: Kinamuiu ($2.75 in chips) 
Seat 7: PaQeda ($1.85 in chips) 
Seat 8: jacirmenon ($3.68 in chips) 
Seat 9: Elrus90 ($0.44 in chips) 
royrobk: posts small blind $0.01
Kinamuiu: posts big blind $0.02
*** HOLE CARDS ***
Dealt to Dorex2007 [2c Js]
PaQeda: folds 
jacirmenon: folds 
Elrus90: folds 
Dorex2007: folds 
gixer_1101: calls $0.02
runnyboar: folds 
PABLOZAL10: folds 
royrobk: folds 
Kinamuiu: checks 
*** FLOP *** [7s 2h Qh]
Kinamuiu: checks 
gixer_1101: checks 
*** TURN *** [7s 2h Qh] [Jc]
Kinamuiu: bets $0.02
gixer_1101: folds 
Uncalled bet ($0.02) returned to Kinamuiu
Kinamuiu collected $0.05 from pot
*** SUMMARY ***
Total pot $0.05 | Rake $0 
Board [7s 2h Qh Jc]
Seat 1: Dorex2007 folded before Flop (didn't bet)
Seat 2: gixer_1101 folded on the Turn
Seat 3: runnyboar folded before Flop (didn't bet)
Seat 4: PABLOZAL10 (button) folded before Flop (didn't bet)
Seat 5: royrobk (small blind) folded before Flop
Seat 6: Kinamuiu (big blind) collected ($0.05)
Seat 7: PaQeda folded before Flop (didn't bet)
Seat 8: jacirmenon folded before Flop (didn't bet)
Seat 9: Elrus90 folded before Flop (didn't bet)



PokerStars Hand #224824466973:  Hold'em No Limit ($0.01/$0.02 USD) - 2021/03/14 20:12:13 PT [2021/03/14 23:12:13 ET]
Table 'Fornax V' 9-max Seat #5 is the button
Seat 1: Dorex2007 ($2.12 in chips) 
Seat 2: gixer_1101 ($1.98 in chips) 
Seat 3: runnyboar ($0.94 in chips) 
Seat 4: PABLOZAL10 ($2.56 in chips) 
Seat 5: royrobk ($1.56 in chips) 
Seat 6: Kinamuiu ($2.78 in chips) 
Seat 7: PaQeda ($1.85 in chips) 
Seat 8: jacirmenon ($3.68 in chips) 
Seat 9: Elrus90 ($0.44 in chips) 
Kinamuiu: posts small blind $0.01
PaQeda: posts big blind $0.02
*** HOLE CARDS ***
Dealt to Dorex2007 [2d 9h]
jacirmenon: folds 
Elrus90: folds 
Dorex2007: folds 
gixer_1101: folds 
runnyboar: folds 
PABLOZAL10: folds 
royrobk: calls $0.02
Kinamuiu: calls $0.01
PaQeda: raises $0.04 to $0.06
royrobk: folds 
Kinamuiu has timed out
Kinamuiu: folds 
Uncalled bet ($0.04) returned to PaQeda
PaQeda collected $0.06 from pot
PaQeda: doesn't show hand 
*** SUMMARY ***
Total pot $0.06 | Rake $0 
Seat 1: Dorex2007 folded before Flop (didn't bet)
Seat 2: gixer_1101 folded before Flop (didn't bet)
Seat 3: runnyboar folded before Flop (didn't bet)
Seat 4: PABLOZAL10 folded before Flop (didn't bet)
Seat 5: royrobk (button) folded before Flop
Seat 6: Kinamuiu (small blind) folded before Flop
Seat 7: PaQeda (big blind) collected ($0.06)
Seat 8: jacirmenon folded before Flop (didn't bet)
Seat 9: Elrus90 folded before Flop (didn't bet)



PokerStars Hand #224824477537:  Hold'em No Limit ($0.01/$0.02 USD) - 2021/03/14 20:12:59 PT [2021/03/14 23:12:59 ET]
Table 'Fornax V' 9-max Seat #6 is the button
Seat 1: Dorex2007 ($2.12 in chips) 
Seat 2: gixer_1101 ($1.98 in chips) 
Seat 3: runnyboar ($0.94 in chips) 
Seat 4: PABLOZAL10 ($2.56 in chips) 
Seat 5: royrobk ($1.54 in chips) 
Seat 6: Kinamuiu ($2.76 in chips) 
Seat 7: PaQeda ($1.89 in chips) 
Seat 8: jacirmenon ($3.68 in chips) 
Seat 9: Elrus90 ($0.44 in chips) 
PaQeda: posts small blind $0.01
jacirmenon: posts big blind $0.02
*** HOLE CARDS ***
Dealt to Dorex2007 [2s 4h]
Elrus90: folds 
Dorex2007: folds 
gixer_1101: folds 
runnyboar: folds 
PABLOZAL10: folds 
royrobk: calls $0.02
Kinamuiu: calls $0.02
PaQeda: raises $0.04 to $0.06
jacirmenon: folds 
royrobk: calls $0.04
Kinamuiu: calls $0.04
*** FLOP *** [6s 2h Td]
PaQeda: bets $0.05
royrobk: folds 
Kinamuiu: calls $0.05
*** TURN *** [6s 2h Td] [Qh]
PaQeda: checks 
Kinamuiu: checks 
*** RIVER *** [6s 2h Td Qh] [9c]
PaQeda: checks 
Kinamuiu: checks 
*** SHOW DOWN ***
PaQeda: shows [6h Ah] (a pair of Sixes)
Kinamuiu: shows [Kc Th] (a pair of Tens)
Kinamuiu collected $0.29 from pot
*** SUMMARY ***
Total pot $0.30 | Rake $0.01 
Board [6s 2h Td Qh 9c]
Seat 1: Dorex2007 folded before Flop (didn't bet)
Seat 2: gixer_1101 folded before Flop (didn't bet)
Seat 3: runnyboar folded before Flop (didn't bet)
Seat 4: PABLOZAL10 folded before Flop (didn't bet)
Seat 5: royrobk folded on the Flop
Seat 6: Kinamuiu (button) showed [Kc Th] and won ($0.29) with a pair of Tens
Seat 7: PaQeda (small blind) showed [6h Ah] and lost with a pair of Sixes
Seat 8: jacirmenon (big blind) folded before Flop
Seat 9: Elrus90 folded before Flop (didn't bet)



PokerStars Hand #224824495242:  Hold'em No Limit ($0.01/$0.02 USD) - 2021/03/14 20:14:17 PT [2021/03/14 23:14:17 ET]
Table 'Fornax V' 9-max Seat #7 is the button
Seat 1: Dorex2007 ($2.12 in chips) 
Seat 2: gixer_1101 ($1.98 in chips) 
Seat 3: runnyboar ($2 in chips) 
Seat 4: PABLOZAL10 ($2.56 in chips) 
Seat 5: royrobk ($1.48 in chips) 
Seat 6: Kinamuiu ($2.94 in chips) 
Seat 7: PaQeda ($1.78 in chips) 
Seat 8: jacirmenon ($3.66 in chips) 
Seat 9: Elrus90 ($0.44 in chips) 
jacirmenon: posts small blind $0.01
Elrus90: posts big blind $0.02
*** HOLE CARDS ***
Dealt to Dorex2007 [Tc 5s]
Dorex2007: folds 
gixer_1101: folds 
runnyboar: folds 
PABLOZAL10: folds 
royrobk: folds 
Kinamuiu has timed out
Kinamuiu: folds 
PaQeda: folds 
jacirmenon: calls $0.01
Elrus90: raises $0.04 to $0.06
jacirmenon: calls $0.04
*** FLOP *** [2d 8d Qd]
jacirmenon: bets $0.04
Elrus90: raises $0.34 to $0.38 and is all-in
jacirmenon: folds 
Uncalled bet ($0.34) returned to Elrus90
Elrus90 collected $0.19 from pot
Elrus90: doesn't show hand 
*** SUMMARY ***
Total pot $0.20 | Rake $0.01 
Board [2d 8d Qd]
Seat 1: Dorex2007 folded before Flop (didn't bet)
Seat 2: gixer_1101 folded before Flop (didn't bet)
Seat 3: runnyboar folded before Flop (didn't bet)
Seat 4: PABLOZAL10 folded before Flop (didn't bet)
Seat 5: royrobk folded before Flop (didn't bet)
Seat 6: Kinamuiu folded before Flop (didn't bet)
Seat 7: PaQeda (button) folded before Flop (didn't bet)
Seat 8: jacirmenon (small blind) folded on the Flop
Seat 9: Elrus90 (big blind) collected ($0.19)



PokerStars Hand #224824505545:  Hold'em No Limit ($0.01/$0.02 USD) - 2021/03/14 20:15:02 PT [2021/03/14 23:15:02 ET]
Table 'Fornax V' 9-max Seat #8 is the button
Seat 1: Dorex2007 ($2.12 in chips) 
Seat 2: gixer_1101 ($1.98 in chips) 
Seat 3: runnyboar ($2 in chips) 
Seat 4: PABLOZAL10 ($2.56 in chips) 
Seat 5: royrobk ($1.48 in chips) 
Seat 6: Kinamuiu ($2.94 in chips) 
Seat 7: PaQeda ($1.78 in chips) 
Seat 8: jacirmenon ($3.56 in chips) 
Seat 9: Elrus90 ($0.53 in chips) 
Elrus90: posts small blind $0.01
Dorex2007: posts big blind $0.02
*** HOLE CARDS ***
Dealt to Dorex2007 [9h 3h]
gixer_1101: folds 
runnyboar: folds 
PABLOZAL10: folds 
royrobk: calls $0.02
Kinamuiu: folds 
PaQeda: raises $0.04 to $0.06
jacirmenon: folds 
Elrus90: folds 
Dorex2007: folds 
royrobk: folds 
Uncalled bet ($0.04) returned to PaQeda
PaQeda collected $0.07 from pot
PaQeda: doesn't show hand 
*** SUMMARY ***
Total pot $0.07 | Rake $0 
Seat 1: Dorex2007 (big blind) folded before Flop
Seat 2: gixer_1101 folded before Flop (didn't bet)
Seat 3: runnyboar folded before Flop (didn't bet)
Seat 4: PABLOZAL10 folded before Flop (didn't bet)
Seat 5: royrobk folded before Flop
Seat 6: Kinamuiu folded before Flop (didn't bet)
Seat 7: PaQeda collected ($0.07)
Seat 8: jacirmenon (button) folded before Flop (didn't bet)
Seat 9: Elrus90 (small blind) folded before Flop



PokerStars Hand #224824522013:  Hold'em No Limit ($0.01/$0.02 USD) - 2021/03/14 20:15:32 PT [2021/03/14 23:15:32 ET]
Table 'Fornax V' 9-max Seat #9 is the button
Seat 1: Dorex2007 ($2.10 in chips) 
Seat 2: gixer_1101 ($1.98 in chips) 
Seat 3: runnyboar ($2 in chips) 
Seat 4: PABLOZAL10 ($2.56 in chips) 
Seat 5: royrobk ($1.46 in chips) 
Seat 6: Kinamuiu ($2.94 in chips) 
Seat 7: PaQeda ($1.83 in chips) 
Seat 8: jacirmenon ($3.56 in chips) 
Seat 9: Elrus90 ($0.52 in chips) 
Dorex2007: posts small blind $0.01
gixer_1101: posts big blind $0.02
*** HOLE CARDS ***
Dealt to Dorex2007 [7h Th]
runnyboar: folds 
PABLOZAL10: calls $0.02
royrobk: folds 
Kinamuiu has timed out
Kinamuiu: folds 
PaQeda: folds 
jacirmenon: folds 
Elrus90: calls $0.02
PaQeda leaves the table
Dorex2007: folds 
gixer_1101: checks 
*** FLOP *** [5h 9c 6c]
gixer_1101: checks 
PABLOZAL10: checks 
Elrus90: bets $0.02
gixer_1101: calls $0.02
PABLOZAL10: folds 
*** TURN *** [5h 9c 6c] [6s]
gixer_1101: checks 
Elrus90: bets $0.02
gixer_1101: calls $0.02
*** RIVER *** [5h 9c 6c 6s] [Qs]
gixer_1101: checks 
Elrus90: checks 
*** SHOW DOWN ***
gixer_1101: shows [4d Kc] (a pair of Sixes)
Elrus90: shows [Ad 8c] (a pair of Sixes - Ace kicker)
Elrus90 collected $0.14 from pot
*** SUMMARY ***
Total pot $0.15 | Rake $0.01 
Board [5h 9c 6c 6s Qs]
Seat 1: Dorex2007 (small blind) folded before Flop
Seat 2: gixer_1101 (big blind) showed [4d Kc] and lost with a pair of Sixes
Seat 3: runnyboar folded before Flop (didn't bet)
Seat 4: PABLOZAL10 folded on the Flop
Seat 5: royrobk folded before Flop (didn't bet)
Seat 6: Kinamuiu folded before Flop (didn't bet)
Seat 7: PaQeda folded before Flop (didn't bet)
Seat 8: jacirmenon folded before Flop (didn't bet)
Seat 9: Elrus90 (button) showed [Ad 8c] and won ($0.14) with a pair of Sixes



PokerStars Hand #224824536146:  Hold'em No Limit ($0.01/$0.02 USD) - 2021/03/14 20:16:33 PT [2021/03/14 23:16:33 ET]
Table 'Fornax V' 9-max Seat #1 is the button
Seat 1: Dorex2007 ($2.09 in chips) 
Seat 2: gixer_1101 ($1.92 in chips) 
Seat 3: runnyboar ($2 in chips) 
Seat 4: PABLOZAL10 ($2.54 in chips) 
Seat 5: royrobk ($1.46 in chips) 
Seat 6: Kinamuiu ($2.94 in chips) 
Seat 8: jacirmenon ($3.56 in chips) 
Seat 9: Elrus90 ($0.60 in chips) 
gixer_1101: posts small blind $0.01
runnyboar: posts big blind $0.02
*** HOLE CARDS ***
Dealt to Dorex2007 [Ah 5h]
PABLOZAL10: folds 
royrobk: folds 
Kinamuiu: folds 
jacirmenon: folds 
Elrus90: folds 
Dorex2007: calls $0.02
gixer_1101: calls $0.01
runnyboar: checks 
*** FLOP *** [Th 6s 5s]
gixer_1101: checks 
runnyboar: checks 
Dorex2007: checks 
*** TURN *** [Th 6s 5s] [8h]
gixer_1101: bets $0.02
runnyboar: calls $0.02
bübchen24 joins the table at seat #7 
Dorex2007: calls $0.02
*** RIVER *** [Th 6s 5s 8h] [5c]
gixer_1101: bets $0.12
runnyboar: folds 
Dorex2007: raises $0.12 to $0.24
gixer_1101: folds 
Uncalled bet ($0.12) returned to Dorex2007
Dorex2007 collected $0.35 from pot
Dorex2007: doesn't show hand 
*** SUMMARY ***
Total pot $0.36 | Rake $0.01 
Board [Th 6s 5s 8h 5c]
Seat 1: Dorex2007 (button) collected ($0.35)
Seat 2: gixer_1101 (small blind) folded on the River
Seat 3: runnyboar (big blind) folded on the River
Seat 4: PABLOZAL10 folded before Flop (didn't bet)
Seat 5: royrobk folded before Flop (didn't bet)
Seat 6: Kinamuiu folded before Flop (didn't bet)
Seat 8: jacirmenon folded before Flop (didn't bet)
Seat 9: Elrus90 folded before Flop (didn't bet)



PokerStars Hand #224824553389:  Hold'em No Limit ($0.01/$0.02 USD) - 2021/03/14 20:17:49 PT [2021/03/14 23:17:49 ET]
Table 'Fornax V' 9-max Seat #2 is the button
Seat 1: Dorex2007 ($2.28 in chips) 
Seat 2: gixer_1101 ($1.76 in chips) 
Seat 3: runnyboar ($1.96 in chips) 
Seat 4: PABLOZAL10 ($2.54 in chips) 
Seat 5: royrobk ($1.46 in chips) 
Seat 6: Kinamuiu ($2.94 in chips) 
Seat 7: bübchen24 ($2 in chips) 
Seat 8: jacirmenon ($3.56 in chips) 
Seat 9: Elrus90 ($0.60 in chips) 
runnyboar: posts small blind $0.01
PABLOZAL10: posts big blind $0.02
bübchen24: posts big blind $0.02
*** HOLE CARDS ***
Dealt to Dorex2007 [Ac 7s]
royrobk: calls $0.02
Kinamuiu has timed out
Kinamuiu: folds 
bübchen24: checks 
jacirmenon: folds 
Elrus90: folds 
Dorex2007: folds 
gixer_1101: calls $0.02
runnyboar: calls $0.01
PABLOZAL10: checks 
*** FLOP *** [6s Kc 2s]
runnyboar: checks 
PABLOZAL10: checks 
royrobk: checks 
bübchen24: checks 
gixer_1101: checks 
*** TURN *** [6s Kc 2s] [As]
runnyboar: bets $0.04
PABLOZAL10: folds 
royrobk: calls $0.04
bübchen24: folds 
gixer_1101: folds 
*** RIVER *** [6s Kc 2s As] [Ts]
runnyboar: bets $0.10
royrobk: raises $0.10 to $0.20
runnyboar: calls $0.10
*** SHOW DOWN ***
royrobk: shows [Jd Ks] (a flush, Ace high)
runnyboar: mucks hand 
royrobk collected $0.56 from pot
*** SUMMARY ***
Total pot $0.58 | Rake $0.02 
Board [6s Kc 2s As Ts]
Seat 1: Dorex2007 folded before Flop (didn't bet)
Seat 2: gixer_1101 (button) folded on the Turn
Seat 3: runnyboar (small blind) mucked [9s Qs]
Seat 4: PABLOZAL10 (big blind) folded on the Turn
Seat 5: royrobk showed [Jd Ks] and won ($0.56) with a flush, Ace high
Seat 6: Kinamuiu folded before Flop (didn't bet)
Seat 7: bübchen24 folded on the Turn (didn't bet)
Seat 8: jacirmenon folded before Flop (didn't bet)
Seat 9: Elrus90 folded before Flop (didn't bet)



PokerStars Hand #224824576044:  Hold'em No Limit ($0.01/$0.02 USD) - 2021/03/14 20:19:28 PT [2021/03/14 23:19:28 ET]
Table 'Fornax V' 9-max Seat #3 is the button
Seat 1: Dorex2007 ($2.28 in chips) 
Seat 2: gixer_1101 ($1.74 in chips) 
Seat 3: runnyboar ($1.70 in chips) 
Seat 4: PABLOZAL10 ($2.52 in chips) 
Seat 5: royrobk ($1.76 in chips) 
Seat 6: Kinamuiu ($2.94 in chips) 
Seat 7: bübchen24 ($1.98 in chips) 
Seat 8: jacirmenon ($3.56 in chips) 
Seat 9: Elrus90 ($0.60 in chips) 
PABLOZAL10: posts small blind $0.01
royrobk: posts big blind $0.02
*** HOLE CARDS ***
Dealt to Dorex2007 [As 2s]
Kinamuiu: folds 
bübchen24: folds 
jacirmenon: folds 
Elrus90: folds 
Dorex2007: calls $0.02
gixer_1101: calls $0.02
runnyboar: folds 
PABLOZAL10: calls $0.01
royrobk: checks 
*** FLOP *** [9h Ac Td]
PABLOZAL10: checks 
royrobk: checks 
Dorex2007: bets $0.04
gixer_1101: folds 
PABLOZAL10: folds 
royrobk: folds 
Uncalled bet ($0.04) returned to Dorex2007
Dorex2007 collected $0.08 from pot
Dorex2007: doesn't show hand 
*** SUMMARY ***
Total pot $0.08 | Rake $0 
Board [9h Ac Td]
Seat 1: Dorex2007 collected ($0.08)
Seat 2: gixer_1101 folded on the Flop
Seat 3: runnyboar (button) folded before Flop (didn't bet)
Seat 4: PABLOZAL10 (small blind) folded on the Flop
Seat 5: royrobk (big blind) folded on the Flop
Seat 6: Kinamuiu folded before Flop (didn't bet)
Seat 7: bübchen24 folded before Flop (didn't bet)
Seat 8: jacirmenon folded before Flop (didn't bet)
Seat 9: Elrus90 folded before Flop (didn't bet)



PokerStars Hand #224824587365:  Hold'em No Limit ($0.01/$0.02 USD) - 2021/03/14 20:20:18 PT [2021/03/14 23:20:18 ET]
Table 'Fornax V' 9-max Seat #4 is the button
Seat 1: Dorex2007 ($2.34 in chips) 
Seat 2: gixer_1101 ($1.72 in chips) 
Seat 3: runnyboar ($1.70 in chips) 
Seat 4: PABLOZAL10 ($2.50 in chips) 
Seat 5: royrobk ($1.74 in chips) 
Seat 6: Kinamuiu ($2.94 in chips) 
Seat 7: bübchen24 ($1.98 in chips) 
Seat 8: jacirmenon ($3.56 in chips) 
Seat 9: Elrus90 ($0.60 in chips) 
royrobk: posts small blind $0.01
Kinamuiu: posts big blind $0.02
*** HOLE CARDS ***
Dealt to Dorex2007 [9c Qc]
bübchen24: folds 
jacirmenon: folds 
Elrus90: folds 
Dorex2007: folds 
gixer_1101: folds 
runnyboar: calls $0.02
PABLOZAL10: folds 
royrobk: calls $0.01
Kinamuiu: checks 
*** FLOP *** [3h 3s 2h]
royrobk: checks 
Kinamuiu: checks 
runnyboar: bets $0.04
royrobk: folds 
Kinamuiu: folds 
Uncalled bet ($0.04) returned to runnyboar
runnyboar collected $0.06 from pot
runnyboar: doesn't show hand 
*** SUMMARY ***
Total pot $0.06 | Rake $0 
Board [3h 3s 2h]
Seat 1: Dorex2007 folded before Flop (didn't bet)
Seat 2: gixer_1101 folded before Flop (didn't bet)
Seat 3: runnyboar collected ($0.06)
Seat 4: PABLOZAL10 (button) folded before Flop (didn't bet)
Seat 5: royrobk (small blind) folded on the Flop
Seat 6: Kinamuiu (big blind) folded on the Flop
Seat 7: bübchen24 folded before Flop (didn't bet)
Seat 8: jacirmenon folded before Flop (didn't bet)
Seat 9: Elrus90 folded before Flop (didn't bet)



PokerStars Hand #224824605340:  Hold'em No Limit ($0.01/$0.02 USD) - 2021/03/14 20:21:38 PT [2021/03/14 23:21:38 ET]
Table 'Fornax V' 9-max Seat #5 is the button
Seat 1: Dorex2007 ($2.34 in chips) 
Seat 2: gixer_1101 ($1.72 in chips) 
Seat 3: runnyboar ($1.74 in chips) 
Seat 4: PABLOZAL10 ($2.50 in chips) 
Seat 5: royrobk ($1.72 in chips) 
Seat 6: Kinamuiu ($2.92 in chips) 
Seat 7: bübchen24 ($1.98 in chips) 
Seat 8: jacirmenon ($3.56 in chips) 
Seat 9: Elrus90 ($0.60 in chips) 
Kinamuiu: posts small blind $0.01
bübchen24: posts big blind $0.02
*** HOLE CARDS ***
Dealt to Dorex2007 [9s 2h]
jacirmenon: calls $0.02
Elrus90: folds 
Dorex2007: folds 
gixer_1101: calls $0.02
runnyboar: calls $0.02
PABLOZAL10: folds 
royrobk: calls $0.02
Kinamuiu: calls $0.01
bübchen24: raises $0.18 to $0.20
jacirmenon: folds 
gixer_1101: raises $1.52 to $1.72 and is all-in
runnyboar: folds 
royrobk: folds 
Kinamuiu: folds 
bübchen24: calls $1.52
*** FLOP *** [5d 9c Ac]
*** TURN *** [5d 9c Ac] [7h]
*** RIVER *** [5d 9c Ac 7h] [3h]
*** SHOW DOWN ***
bübchen24: shows [Kd Ks] (a pair of Kings)
gixer_1101: shows [Kc Td] (high card Ace)
bübchen24 collected $3.40 from pot
*** SUMMARY ***
Total pot $3.52 | Rake $0.12 
Board [5d 9c Ac 7h 3h]
Seat 1: Dorex2007 folded before Flop (didn't bet)
Seat 2: gixer_1101 showed [Kc Td] and lost with high card Ace
Seat 3: runnyboar folded before Flop
Seat 4: PABLOZAL10 folded before Flop (didn't bet)
Seat 5: royrobk (button) folded before Flop
Seat 6: Kinamuiu (small blind) folded before Flop
Seat 7: bübchen24 (big blind) showed [Kd Ks] and won ($3.40) with a pair of Kings
Seat 8: jacirmenon folded before Flop
Seat 9: Elrus90 folded before Flop (didn't bet)



PokerStars Hand #224824622451:  Hold'em No Limit ($0.01/$0.02 USD) - 2021/03/14 20:22:53 PT [2021/03/14 23:22:53 ET]
Table 'Fornax V' 9-max Seat #6 is the button
Seat 1: Dorex2007 ($2.34 in chips) 
Seat 3: runnyboar ($1.72 in chips) 
Seat 4: PABLOZAL10 ($2.50 in chips) 
Seat 5: royrobk ($1.70 in chips) 
Seat 6: Kinamuiu ($2.90 in chips) 
Seat 7: bübchen24 ($3.66 in chips) 
Seat 8: jacirmenon ($3.54 in chips) 
Seat 9: Elrus90 ($0.60 in chips) 
bübchen24: posts small blind $0.01
jacirmenon: posts big blind $0.02
*** HOLE CARDS ***
Dealt to Dorex2007 [Qc Ah]
Elrus90: folds 
Dorex2007: calls $0.02
runnyboar: folds 
PABLOZAL10: calls $0.02
royrobk: calls $0.02
gixer_1101 leaves the table
Kinamuiu: folds 
bübchen24: calls $0.01
jacirmenon: checks 
*** FLOP *** [6d Jc 9c]
bübchen24: checks 
jacirmenon: checks 
Dorex2007: checks 
PABLOZAL10: checks 
royrobk: checks 
*** TURN *** [6d Jc 9c] [2h]
bübchen24: checks 
jacirmenon: checks 
Dorex2007: checks 
PABLOZAL10: checks 
royrobk: checks 
*** RIVER *** [6d Jc 9c 2h] [5s]
bübchen24: checks 
jacirmenon: checks 
Dorex2007: checks 
PABLOZAL10: checks 
royrobk: checks 
*** SHOW DOWN ***
bübchen24: shows [8h Ts] (high card Jack)
jacirmenon: shows [8s 5d] (a pair of Fives)
Dorex2007: mucks hand 
PABLOZAL10: shows [9h Qd] (a pair of Nines)
royrobk: mucks hand 
PABLOZAL10 collected $0.10 from pot
CHABAK555 joins the table at seat #2 
*** SUMMARY ***
Total pot $0.10 | Rake $0 
Board [6d Jc 9c 2h 5s]
Seat 1: Dorex2007 mucked [Qc Ah]
Seat 3: runnyboar folded before Flop (didn't bet)
Seat 4: PABLOZAL10 showed [9h Qd] and won ($0.10) with a pair of Nines
Seat 5: royrobk mucked [3h 5h]
Seat 6: Kinamuiu (button) folded before Flop (didn't bet)
Seat 7: bübchen24 (small blind) showed [8h Ts] and lost with high card Jack
Seat 8: jacirmenon (big blind) showed [8s 5d] and lost with a pair of Fives
Seat 9: Elrus90 folded before Flop (didn't bet)



PokerStars Hand #224824637034:  Hold'em No Limit ($0.01/$0.02 USD) - 2021/03/14 20:23:59 PT [2021/03/14 23:23:59 ET]
Table 'Fornax V' 9-max Seat #7 is the button
Seat 1: Dorex2007 ($2.32 in chips) 
Seat 3: runnyboar ($1.72 in chips) 
Seat 4: PABLOZAL10 ($2.58 in chips) 
Seat 5: royrobk ($1.68 in chips) 
Seat 6: Kinamuiu ($2.90 in chips) 
Seat 7: bübchen24 ($3.64 in chips) 
Seat 8: jacirmenon ($3.52 in chips) 
Seat 9: Elrus90 ($0.60 in chips) 
jacirmenon: posts small blind $0.01
Elrus90: posts big blind $0.02
CHABAK555: sits out 
*** HOLE CARDS ***
Dealt to Dorex2007 [7d 4c]
Dorex2007: folds 
runnyboar: folds 
PABLOZAL10: folds 
royrobk: folds 
Kinamuiu has timed out
Kinamuiu: folds 
bübchen24: folds 
jacirmenon: calls $0.01
Elrus90: checks 
*** FLOP *** [9s Th Kh]
jacirmenon: bets $0.02
Elrus90: calls $0.02
*** TURN *** [9s Th Kh] [Ac]
jacirmenon: bets $0.04
Elrus90: folds 
Uncalled bet ($0.04) returned to jacirmenon
jacirmenon collected $0.08 from pot
jacirmenon: doesn't show hand 
*** SUMMARY ***
Total pot $0.08 | Rake $0 
Board [9s Th Kh Ac]
Seat 1: Dorex2007 folded before Flop (didn't bet)
Seat 3: runnyboar folded before Flop (didn't bet)
Seat 4: PABLOZAL10 folded before Flop (didn't bet)
Seat 5: royrobk folded before Flop (didn't bet)
Seat 6: Kinamuiu folded before Flop (didn't bet)
Seat 7: bübchen24 (button) folded before Flop (didn't bet)
Seat 8: jacirmenon (small blind) collected ($0.08)
Seat 9: Elrus90 (big blind) folded on the Turn



PokerStars Hand #224824646274:  Hold'em No Limit ($0.01/$0.02 USD) - 2021/03/14 20:24:40 PT [2021/03/14 23:24:40 ET]
Table 'Fornax V' 9-max Seat #8 is the button
Seat 1: Dorex2007 ($2.32 in chips) 
Seat 3: runnyboar ($1.72 in chips) 
Seat 4: PABLOZAL10 ($2.58 in chips) 
Seat 5: royrobk ($1.68 in chips) 
Seat 7: bübchen24 ($3.64 in chips) 
Seat 8: jacirmenon ($3.56 in chips) 
Seat 9: Elrus90 ($0.56 in chips) 
Elrus90: posts small blind $0.01
Dorex2007: posts big blind $0.02
CHABAK555: sits out 
*** HOLE CARDS ***
Dealt to Dorex2007 [Qh 2c]
runnyboar: calls $0.02
PABLOZAL10: calls $0.02
royrobk: folds 
bübchen24: calls $0.02
jacirmenon: calls $0.02
Elrus90: folds 
Dorex2007: checks 
*** FLOP *** [3h 8h Tc]
Dorex2007: checks 
runnyboar: checks 
PABLOZAL10: checks 
bübchen24: checks 
jacirmenon: checks 
*** TURN *** [3h 8h Tc] [4d]
Dorex2007: checks 
runnyboar: checks 
PABLOZAL10: checks 
bübchen24: checks 
jacirmenon: checks 
*** RIVER *** [3h 8h Tc 4d] [9c]
Dorex2007: bets $0.07
runnyboar: folds 
PABLOZAL10: raises $0.13 to $0.20
bübchen24: folds 
jacirmenon: folds 
Dorex2007: folds 
Uncalled bet ($0.13) returned to PABLOZAL10
PABLOZAL10 collected $0.24 from pot
PABLOZAL10: doesn't show hand 
*** SUMMARY ***
Total pot $0.25 | Rake $0.01 
Board [3h 8h Tc 4d 9c]
Seat 1: Dorex2007 (big blind) folded on the River
Seat 3: runnyboar folded on the River
Seat 4: PABLOZAL10 collected ($0.24)
Seat 5: royrobk folded before Flop (didn't bet)
Seat 7: bübchen24 folded on the River
Seat 8: jacirmenon (button) folded on the River
Seat 9: Elrus90 (small blind) folded before Flop



PokerStars Hand #224824663677:  Hold'em No Limit ($0.01/$0.02 USD) - 2021/03/14 20:25:58 PT [2021/03/14 23:25:58 ET]
Table 'Fornax V' 9-max Seat #9 is the button
Seat 1: Dorex2007 ($2.23 in chips) 
Seat 2: CHABAK555 ($1 in chips) 
Seat 3: runnyboar ($1.70 in chips) 
Seat 4: PABLOZAL10 ($2.73 in chips) 
Seat 5: royrobk ($1.68 in chips) 
Seat 7: bübchen24 ($3.62 in chips) 
Seat 8: jacirmenon ($3.54 in chips) 
Seat 9: Elrus90 ($0.55 in chips) 
Dorex2007: posts small blind $0.01
CHABAK555: posts big blind $0.02
*** HOLE CARDS ***
Dealt to Dorex2007 [6h Kd]
runnyboar: folds 
PABLOZAL10: folds 
royrobk: folds 
bübchen24: folds 
jacirmenon: folds 
Elrus90: folds 
Dorex2007: calls $0.01
CHABAK555: checks 
*** FLOP *** [4s 3c 9d]
Dorex2007: checks 
CHABAK555: bets $0.02
Dorex2007: folds 
Uncalled bet ($0.02) returned to CHABAK555
CHABAK555 collected $0.04 from pot
CHABAK555: doesn't show hand 
*** SUMMARY ***
Total pot $0.04 | Rake $0 
Board [4s 3c 9d]
Seat 1: Dorex2007 (small blind) folded on the Flop
Seat 2: CHABAK555 (big blind) collected ($0.04)
Seat 3: runnyboar folded before Flop (didn't bet)
Seat 4: PABLOZAL10 folded before Flop (didn't bet)
Seat 5: royrobk folded before Flop (didn't bet)
Seat 7: bübchen24 folded before Flop (didn't bet)
Seat 8: jacirmenon folded before Flop (didn't bet)
Seat 9: Elrus90 (button) folded before Flop (didn't bet)



PokerStars Hand #224824676034:  Hold'em No Limit ($0.01/$0.02 USD) - 2021/03/14 20:26:54 PT [2021/03/14 23:26:54 ET]
Table 'Fornax V' 9-max Seat #1 is the button
Seat 1: Dorex2007 ($2.21 in chips) 
Seat 2: CHABAK555 ($1.02 in chips) 
Seat 3: runnyboar ($1.70 in chips) 
Seat 4: PABLOZAL10 ($2.73 in chips) 
Seat 5: royrobk ($1.68 in chips) 
Seat 7: bübchen24 ($3.62 in chips) 
Seat 9: Elrus90 ($0.55 in chips) 
CHABAK555: posts small blind $0.01
runnyboar: posts big blind $0.02
*** HOLE CARDS ***
Dealt to Dorex2007 [7h Js]
PABLOZAL10: folds 
royrobk: folds 
bübchen24: folds 
Elrus90: folds 
Dorex2007: calls $0.02
Kinamuiu leaves the table
CHABAK555: folds 
runnyboar: checks 
*** FLOP *** [2d 6h 9s]
runnyboar: bets $0.04
Dorex2007: folds 
Uncalled bet ($0.04) returned to runnyboar
runnyboar collected $0.05 from pot
runnyboar: doesn't show hand 
*** SUMMARY ***
Total pot $0.05 | Rake $0 
Board [2d 6h 9s]
Seat 1: Dorex2007 (button) folded on the Flop
Seat 2: CHABAK555 (small blind) folded before Flop
Seat 3: runnyboar (big blind) collected ($0.05)
Seat 4: PABLOZAL10 folded before Flop (didn't bet)
Seat 5: royrobk folded before Flop (didn't bet)
Seat 7: bübchen24 folded before Flop (didn't bet)
Seat 9: Elrus90 folded before Flop (didn't bet)



PokerStars Hand #224824686141:  Hold'em No Limit ($0.01/$0.02 USD) - 2021/03/14 20:27:39 PT [2021/03/14 23:27:39 ET]
Table 'Fornax V' 9-max Seat #2 is the button
Seat 1: Dorex2007 ($2.19 in chips) 
Seat 2: CHABAK555 ($1.01 in chips) 
Seat 3: runnyboar ($1.73 in chips) 
Seat 4: PABLOZAL10 ($2.73 in chips) 
Seat 5: royrobk ($1.68 in chips) 
Seat 7: bübchen24 ($3.62 in chips) 
Seat 9: Elrus90 ($0.55 in chips) 
runnyboar: posts small blind $0.01
PABLOZAL10: posts big blind $0.02
*** HOLE CARDS ***
Dealt to Dorex2007 [Kc 8s]
royrobk: calls $0.02
bübchen24: folds 
Elrus90: folds 
Dorex2007: folds 
CHABAK555: folds 
runnyboar: folds 
PABLOZAL10: checks 
*** FLOP *** [5h 6h 3c]
PABLOZAL10: checks 
BAHbKA003 joins the table at seat #6 
royrobk: checks 
*** TURN *** [5h 6h 3c] [8h]
PABLOZAL10: checks 
royrobk: bets $0.04
PABLOZAL10: folds 
Uncalled bet ($0.04) returned to royrobk
royrobk collected $0.05 from pot
royrobk: doesn't show hand 
*** SUMMARY ***
Total pot $0.05 | Rake $0 
Board [5h 6h 3c 8h]
Seat 1: Dorex2007 folded before Flop (didn't bet)
Seat 2: CHABAK555 (button) folded before Flop (didn't bet)
Seat 3: runnyboar (small blind) folded before Flop
Seat 4: PABLOZAL10 (big blind) folded on the Turn
Seat 5: royrobk collected ($0.05)
Seat 7: bübchen24 folded before Flop (didn't bet)
Seat 9: Elrus90 folded before Flop (didn't bet)



PokerStars Hand #224824704832:  Hold'em No Limit ($0.01/$0.02 USD) - 2021/03/14 20:28:29 PT [2021/03/14 23:28:29 ET]
Table 'Fornax V' 9-max Seat #3 is the button
Seat 1: Dorex2007 ($2.19 in chips) 
Seat 2: CHABAK555 ($1.01 in chips) 
Seat 3: runnyboar ($1.72 in chips) 
Seat 4: PABLOZAL10 ($2.71 in chips) 
Seat 5: royrobk ($1.71 in chips) 
Seat 6: BAHbKA003 ($2 in chips) 
Seat 7: bübchen24 ($3.62 in chips) 
Seat 8: jacirmenon ($3.54 in chips) 
Seat 9: Elrus90 ($0.55 in chips) 
PABLOZAL10: posts small blind $0.01
royrobk: posts big blind $0.02
BAHbKA003: posts big blind $0.02
*** HOLE CARDS ***
Dealt to Dorex2007 [Ks Qh]
BAHbKA003: checks 
bübchen24: raises $0.05 to $0.07
jacirmenon: folds 
Elrus90: folds 
Dorex2007: folds 
CHABAK555: folds 
runnyboar: folds 
PABLOZAL10: folds 
royrobk: folds 
BAHbKA003: folds 
Uncalled bet ($0.05) returned to bübchen24
bübchen24 collected $0.07 from pot
bübchen24: doesn't show hand 
*** SUMMARY ***
Total pot $0.07 | Rake $0 
Seat 1: Dorex2007 folded before Flop (didn't bet)
Seat 2: CHABAK555 folded before Flop (didn't bet)
Seat 3: runnyboar (button) folded before Flop (didn't bet)
Seat 4: PABLOZAL10 (small blind) folded before Flop
Seat 5: royrobk (big blind) folded before Flop
Seat 6: BAHbKA003 folded before Flop (didn't bet)
Seat 7: bübchen24 collected ($0.07)
Seat 8: jacirmenon folded before Flop (didn't bet)
Seat 9: Elrus90 folded before Flop (didn't bet)



PokerStars Hand #224824713337:  Hold'em No Limit ($0.01/$0.02 USD) - 2021/03/14 20:29:08 PT [2021/03/14 23:29:08 ET]
Table 'Fornax V' 9-max Seat #4 is the button
Seat 1: Dorex2007 ($2.19 in chips) 
Seat 2: CHABAK555 ($1.01 in chips) 
Seat 3: runnyboar ($1.72 in chips) 
Seat 4: PABLOZAL10 ($2.70 in chips) 
Seat 5: royrobk ($1.69 in chips) 
Seat 6: BAHbKA003 ($1.98 in chips) 
Seat 7: bübchen24 ($3.67 in chips) 
Seat 8: jacirmenon ($3.54 in chips) 
Seat 9: Elrus90 ($0.55 in chips) 
royrobk: posts small blind $0.01
BAHbKA003: posts big blind $0.02
*** HOLE CARDS ***
Dealt to Dorex2007 [5c 5h]
bübchen24: folds 
jacirmenon: calls $0.02
Elrus90: folds 
Dorex2007: folds 
CHABAK555: folds 
runnyboar: folds 
PABLOZAL10: folds 
royrobk: calls $0.01
BAHbKA003: checks 
*** FLOP *** [4c Kc Kh]
royrobk: checks 
BAHbKA003: checks 
jacirmenon: checks 
*** TURN *** [4c Kc Kh] [2c]
royrobk: checks 
BAHbKA003: checks 
jacirmenon: checks 
*** RIVER *** [4c Kc Kh 2c] [9c]
royrobk: checks 
BAHbKA003: checks 
jacirmenon: checks 
*** SHOW DOWN ***
royrobk: shows [3h 5s] (a pair of Kings)
BAHbKA003: shows [2s 6h] (two pair, Kings and Deuces)
jacirmenon: shows [As 9d] (two pair, Kings and Nines)
jacirmenon collected $0.06 from pot
*** SUMMARY ***
Total pot $0.06 | Rake $0 
Board [4c Kc Kh 2c 9c]
Seat 1: Dorex2007 folded before Flop (didn't bet)
Seat 2: CHABAK555 folded before Flop (didn't bet)
Seat 3: runnyboar folded before Flop (didn't bet)
Seat 4: PABLOZAL10 (button) folded before Flop (didn't bet)
Seat 5: royrobk (small blind) showed [3h 5s] and lost with a pair of Kings
Seat 6: BAHbKA003 (big blind) showed [2s 6h] and lost with two pair, Kings and Deuces
Seat 7: bübchen24 folded before Flop (didn't bet)
Seat 8: jacirmenon showed [As 9d] and won ($0.06) with two pair, Kings and Nines
Seat 9: Elrus90 folded before Flop (didn't bet)



PokerStars Hand #224824745136:  Hold'em No Limit ($0.01/$0.02 USD) - 2021/03/14 20:31:33 PT [2021/03/14 23:31:33 ET]
Table 'Fornax V' 9-max Seat #7 is the button
Seat 1: Dorex2007 ($2.19 in chips) 
Seat 2: CHABAK555 ($0.80 in chips) 
Seat 3: runnyboar ($1.72 in chips) 
Seat 4: PABLOZAL10 ($2.88 in chips) 
Seat 5: royrobk ($1.67 in chips) 
Seat 6: BAHbKA003 ($1.95 in chips) 
Seat 7: bübchen24 ($3.64 in chips) 
Seat 8: jacirmenon ($3.63 in chips) 
Seat 9: Elrus90 ($0.55 in chips) 
jacirmenon: posts small blind $0.01
Elrus90: posts big blind $0.02
*** HOLE CARDS ***
Dealt to Dorex2007 [7s Th]
Dorex2007: folds 
CHABAK555: folds 
runnyboar: folds 
PABLOZAL10: folds 
royrobk: folds 
BAHbKA003: folds 
bübchen24: raises $0.07 to $0.09
jacirmenon: folds 
Elrus90: folds 
Uncalled bet ($0.07) returned to bübchen24
bübchen24 collected $0.05 from pot
bübchen24: doesn't show hand 
*** SUMMARY ***
Total pot $0.05 | Rake $0 
Seat 1: Dorex2007 folded before Flop (didn't bet)
Seat 2: CHABAK555 folded before Flop (didn't bet)
Seat 3: runnyboar folded before Flop (didn't bet)
Seat 4: PABLOZAL10 folded before Flop (didn't bet)
Seat 5: royrobk folded before Flop (didn't bet)
Seat 6: BAHbKA003 folded before Flop (didn't bet)
Seat 7: bübchen24 (button) collected ($0.05)
Seat 8: jacirmenon (small blind) folded before Flop
Seat 9: Elrus90 (big blind) folded before Flop



PokerStars Hand #224824751158:  Hold'em No Limit ($0.01/$0.02 USD) - 2021/03/14 20:32:01 PT [2021/03/14 23:32:01 ET]
Table 'Fornax V' 9-max Seat #8 is the button
Seat 1: Dorex2007 ($2.19 in chips) 
Seat 2: CHABAK555 ($0.80 in chips) 
Seat 3: runnyboar ($1.72 in chips) 
Seat 4: PABLOZAL10 ($2.88 in chips) 
Seat 5: royrobk ($1.67 in chips) 
Seat 6: BAHbKA003 ($1.95 in chips) 
Seat 7: bübchen24 ($3.67 in chips) 
Seat 8: jacirmenon ($3.62 in chips) 
Seat 9: Elrus90 ($0.53 in chips) 
Elrus90: posts small blind $0.01
Dorex2007: posts big blind $0.02
*** HOLE CARDS ***
Dealt to Dorex2007 [Ah 3d]
CHABAK555: calls $0.02
runnyboar: folds 
PABLOZAL10: calls $0.02
royrobk: folds 
BAHbKA003: folds 
bübchen24: folds 
jacirmenon: calls $0.02
Elrus90: calls $0.01
Dorex2007: checks 
*** FLOP *** [Js 8s Qs]
Elrus90: checks 
Dorex2007: checks 
CHABAK555: bets $0.04
PABLOZAL10: folds 
jacirmenon: folds 
Elrus90: folds 
Dorex2007: folds 
Uncalled bet ($0.04) returned to CHABAK555
CHABAK555 collected $0.10 from pot
CHABAK555: doesn't show hand 
*** SUMMARY ***
Total pot $0.10 | Rake $0 
Board [Js 8s Qs]
Seat 1: Dorex2007 (big blind) folded on the Flop
Seat 2: CHABAK555 collected ($0.10)
Seat 3: runnyboar folded before Flop (didn't bet)
Seat 4: PABLOZAL10 folded on the Flop
Seat 5: royrobk folded before Flop (didn't bet)
Seat 6: BAHbKA003 folded before Flop (didn't bet)
Seat 7: bübchen24 folded before Flop (didn't bet)
Seat 8: jacirmenon (button) folded on the Flop
Seat 9: Elrus90 (small blind) folded on the Flop



PokerStars Hand #224824762896:  Hold'em No Limit ($0.01/$0.02 USD) - 2021/03/14 20:32:55 PT [2021/03/14 23:32:55 ET]
Table 'Fornax V' 9-max Seat #9 is the button
Seat 1: Dorex2007 ($2.17 in chips) 
Seat 2: CHABAK555 ($0.88 in chips) 
Seat 3: runnyboar ($1.72 in chips) 
Seat 4: PABLOZAL10 ($2.86 in chips) 
Seat 5: royrobk ($1.67 in chips) 
Seat 6: BAHbKA003 ($1.95 in chips) 
Seat 7: bübchen24 ($3.67 in chips) 
Seat 8: jacirmenon ($3.60 in chips) 
Seat 9: Elrus90 ($0.51 in chips) 
Dorex2007: posts small blind $0.01
CHABAK555: posts big blind $0.02
*** HOLE CARDS ***
Dealt to Dorex2007 [8c 7c]
runnyboar has timed out
runnyboar: folds 
PABLOZAL10: folds 
royrobk: folds 
BAHbKA003: folds 
bübchen24: folds 
jacirmenon: folds 
Elrus90: folds 
Dorex2007: folds 
Uncalled bet ($0.01) returned to CHABAK555
CHABAK555 collected $0.02 from pot
CHABAK555: doesn't show hand 
*** SUMMARY ***
Total pot $0.02 | Rake $0 
Seat 1: Dorex2007 (small blind) folded before Flop
Seat 2: CHABAK555 (big blind) collected ($0.02)
Seat 3: runnyboar folded before Flop (didn't bet)
Seat 4: PABLOZAL10 folded before Flop (didn't bet)
Seat 5: royrobk folded before Flop (didn't bet)
Seat 6: BAHbKA003 folded before Flop (didn't bet)
Seat 7: bübchen24 folded before Flop (didn't bet)
Seat 8: jacirmenon folded before Flop (didn't bet)
Seat 9: Elrus90 (button) folded before Flop (didn't bet)



PokerStars Hand #224824770082:  Hold'em No Limit ($0.01/$0.02 USD) - 2021/03/14 20:33:28 PT [2021/03/14 23:33:28 ET]
Table 'Fornax V' 9-max Seat #1 is the button
Seat 1: Dorex2007 ($2.16 in chips) 
Seat 2: CHABAK555 ($0.89 in chips) 
Seat 3: runnyboar ($1.72 in chips) 
Seat 4: PABLOZAL10 ($2.86 in chips) 
Seat 5: royrobk ($1.67 in chips) 
Seat 6: BAHbKA003 ($1.95 in chips) 
Seat 7: bübchen24 ($3.67 in chips) 
Seat 8: jacirmenon ($3.60 in chips) 
Seat 9: Elrus90 ($0.51 in chips) 
CHABAK555: posts small blind $0.01
runnyboar: posts big blind $0.02
*** HOLE CARDS ***
Dealt to Dorex2007 [5c Qh]
PABLOZAL10: calls $0.02
royrobk: folds 
BAHbKA003: calls $0.02
bübchen24: calls $0.02
jacirmenon: calls $0.02
Elrus90: folds 
Dorex2007: folds 
CHABAK555: calls $0.01
runnyboar: checks 
*** FLOP *** [Ad 4c 3d]
CHABAK555: checks 
runnyboar: checks 
PABLOZAL10: checks 
BAHbKA003: checks 
bübchen24: checks 
jacirmenon: checks 
*** TURN *** [Ad 4c 3d] [Jd]
CHABAK555: checks 
runnyboar: checks 
PABLOZAL10: checks 
BAHbKA003: checks 
bübchen24: checks 
jacirmenon: checks 
*** RIVER *** [Ad 4c 3d Jd] [7d]
CHABAK555: checks 
runnyboar: checks 
PABLOZAL10: checks 
BAHbKA003: bets $0.04
bübchen24: folds 
jacirmenon: folds 
CHABAK555: folds 
runnyboar: folds 
PABLOZAL10: folds 
Uncalled bet ($0.04) returned to BAHbKA003
BAHbKA003 collected $0.12 from pot
BAHbKA003: doesn't show hand 
*** SUMMARY ***
Total pot $0.12 | Rake $0 
Board [Ad 4c 3d Jd 7d]
Seat 1: Dorex2007 (button) folded before Flop (didn't bet)
Seat 2: CHABAK555 (small blind) folded on the River
Seat 3: runnyboar (big blind) folded on the River
Seat 4: PABLOZAL10 folded on the River
Seat 5: royrobk folded before Flop (didn't bet)
Seat 6: BAHbKA003 collected ($0.12)
Seat 7: bübchen24 folded on the River
Seat 8: jacirmenon folded on the River
Seat 9: Elrus90 folded before Flop (didn't bet)



PokerStars Hand #224824784972:  Hold'em No Limit ($0.01/$0.02 USD) - 2021/03/14 20:34:36 PT [2021/03/14 23:34:36 ET]
Table 'Fornax V' 9-max Seat #2 is the button
Seat 1: Dorex2007 ($2.16 in chips) 
Seat 2: CHABAK555 ($0.87 in chips) 
Seat 3: runnyboar ($1.70 in chips) 
Seat 4: PABLOZAL10 ($2.84 in chips) 
Seat 5: royrobk ($1.67 in chips) 
Seat 6: BAHbKA003 ($2.05 in chips) 
Seat 7: bübchen24 ($3.65 in chips) 
Seat 8: jacirmenon ($3.58 in chips) 
Seat 9: Elrus90 ($0.51 in chips) 
runnyboar: posts small blind $0.01
PABLOZAL10: posts big blind $0.02
*** HOLE CARDS ***
Dealt to Dorex2007 [5s 8c]
royrobk: folds 
BAHbKA003: folds 
bübchen24: raises $0.04 to $0.06
jacirmenon: folds 
Elrus90: folds 
Dorex2007: folds 
CHABAK555: folds 
runnyboar: folds 
PABLOZAL10: folds 
Uncalled bet ($0.04) returned to bübchen24
bübchen24 collected $0.05 from pot
bübchen24: doesn't show hand 
*** SUMMARY ***
Total pot $0.05 | Rake $0 
Seat 1: Dorex2007 folded before Flop (didn't bet)
Seat 2: CHABAK555 (button) folded before Flop (didn't bet)
Seat 3: runnyboar (small blind) folded before Flop
Seat 4: PABLOZAL10 (big blind) folded before Flop
Seat 5: royrobk folded before Flop (didn't bet)
Seat 6: BAHbKA003 folded before Flop (didn't bet)
Seat 7: bübchen24 collected ($0.05)
Seat 8: jacirmenon folded before Flop (didn't bet)
Seat 9: Elrus90 folded before Flop (didn't bet)



PokerStars Hand #224824790201:  Hold'em No Limit ($0.01/$0.02 USD) - 2021/03/14 20:35:00 PT [2021/03/14 23:35:00 ET]
Table 'Fornax V' 9-max Seat #3 is the button
Seat 1: Dorex2007 ($2.16 in chips) 
Seat 2: CHABAK555 ($0.87 in chips) 
Seat 3: runnyboar ($1.69 in chips) 
Seat 4: PABLOZAL10 ($2.82 in chips) 
Seat 5: royrobk ($1.67 in chips) 
Seat 6: BAHbKA003 ($2.05 in chips) 
Seat 7: bübchen24 ($3.68 in chips) 
Seat 8: jacirmenon ($3.58 in chips) 
Seat 9: Elrus90 ($0.51 in chips) 
PABLOZAL10: posts small blind $0.01
royrobk: posts big blind $0.02
*** HOLE CARDS ***
Dealt to Dorex2007 [9c Qc]
BAHbKA003: folds 
bübchen24: calls $0.02
jacirmenon: calls $0.02
Elrus90: folds 
Dorex2007: folds 
CHABAK555: calls $0.02
runnyboar: folds 
PABLOZAL10: calls $0.01
royrobk: checks 
*** FLOP *** [5h Td Ks]
PABLOZAL10: checks 
royrobk: checks 
bübchen24: checks 
jacirmenon: checks 
CHABAK555: checks 
*** TURN *** [5h Td Ks] [2c]
PABLOZAL10: checks 
royrobk: checks 
bübchen24: checks 
jacirmenon: checks 
CHABAK555: checks 
*** RIVER *** [5h Td Ks 2c] [9h]
PABLOZAL10: checks 
royrobk: checks 
bübchen24: checks 
jacirmenon: checks 
CHABAK555: checks 
*** SHOW DOWN ***
PABLOZAL10: shows [5s 3h] (a pair of Fives)
royrobk: mucks hand 
bübchen24: mucks hand 
jacirmenon: mucks hand 
CHABAK555: mucks hand 
PABLOZAL10 collected $0.10 from pot
*** SUMMARY ***
Total pot $0.10 | Rake $0 
Board [5h Td Ks 2c 9h]
Seat 1: Dorex2007 folded before Flop (didn't bet)
Seat 2: CHABAK555 mucked [8h Ad]
Seat 3: runnyboar (button) folded before Flop (didn't bet)
Seat 4: PABLOZAL10 (small blind) showed [5s 3h] and won ($0.10) with a pair of Fives
Seat 5: royrobk (big blind) mucked [4c 6d]
Seat 6: BAHbKA003 folded before Flop (didn't bet)
Seat 7: bübchen24 mucked [As Qh]
Seat 8: jacirmenon mucked [Jh 8c]
Seat 9: Elrus90 folded before Flop (didn't bet)



PokerStars Hand #224824801825:  Hold'em No Limit ($0.01/$0.02 USD) - 2021/03/14 20:35:53 PT [2021/03/14 23:35:53 ET]
Table 'Fornax V' 9-max Seat #4 is the button
Seat 1: Dorex2007 ($2.16 in chips) 
Seat 2: CHABAK555 ($0.85 in chips) 
Seat 3: runnyboar ($1.69 in chips) 
Seat 4: PABLOZAL10 ($2.90 in chips) 
Seat 5: royrobk ($1.65 in chips) 
Seat 6: BAHbKA003 ($2.05 in chips) 
Seat 7: bübchen24 ($3.66 in chips) 
Seat 8: jacirmenon ($3.56 in chips) 
Seat 9: Elrus90 ($0.51 in chips) 
royrobk: posts small blind $0.01
BAHbKA003: posts big blind $0.02
*** HOLE CARDS ***
Dealt to Dorex2007 [2s 4s]
bübchen24: folds 
jacirmenon: calls $0.02
Elrus90: folds 
Dorex2007: folds 
CHABAK555: folds 
runnyboar: raises $0.04 to $0.06
CHABAK555 leaves the table
PABLOZAL10: calls $0.06
royrobk: folds 
BAHbKA003: folds 
jacirmenon: calls $0.04
*** FLOP *** [8d 7c Qc]
jacirmenon: checks 
CHABAK555 joins the table at seat #2 
runnyboar: bets $0.12
PABLOZAL10: folds 
jacirmenon: folds 
Uncalled bet ($0.12) returned to runnyboar
runnyboar collected $0.20 from pot
runnyboar: doesn't show hand 
*** SUMMARY ***
Total pot $0.21 | Rake $0.01 
Board [8d 7c Qc]
Seat 1: Dorex2007 folded before Flop (didn't bet)
Seat 2: CHABAK555 folded before Flop (didn't bet)
Seat 3: runnyboar collected ($0.20)
Seat 4: PABLOZAL10 (button) folded on the Flop
Seat 5: royrobk (small blind) folded before Flop
Seat 6: BAHbKA003 (big blind) folded before Flop
Seat 7: bübchen24 folded before Flop (didn't bet)
Seat 8: jacirmenon folded on the Flop
Seat 9: Elrus90 folded before Flop (didn't bet)



PokerStars Hand #224824811291:  Hold'em No Limit ($0.01/$0.02 USD) - 2021/03/14 20:36:37 PT [2021/03/14 23:36:37 ET]
Table 'Fornax V' 9-max Seat #5 is the button
Seat 1: Dorex2007 ($2.16 in chips) 
Seat 3: runnyboar ($1.83 in chips) 
Seat 4: PABLOZAL10 ($2.84 in chips) 
Seat 5: royrobk ($1.64 in chips) 
Seat 6: BAHbKA003 ($2.03 in chips) 
Seat 7: bübchen24 ($3.66 in chips) 
Seat 8: jacirmenon ($3.50 in chips) 
Seat 9: Elrus90 ($0.51 in chips) 
BAHbKA003: posts small blind $0.01
bübchen24: posts big blind $0.02
CHABAK555: sits out 
*** HOLE CARDS ***
Dealt to Dorex2007 [2c Jc]
jacirmenon: calls $0.02
Elrus90: folds 
Dorex2007: folds 
runnyboar: folds 
CHABAK555 leaves the table
PABLOZAL10: calls $0.02
royrobk: folds 
BAHbKA003: raises $0.06 to $0.08
bübchen24: calls $0.06
jacirmenon: calls $0.06
PABLOZAL10: calls $0.06
*** FLOP *** [8h 4h 2s]
BAHbKA003: bets $0.21
bübchen24: calls $0.21
jacirmenon: folds 
PABLOZAL10: calls $0.21
*** TURN *** [8h 4h 2s] [7c]
BAHbKA003: checks 
bübchen24: checks 
PABLOZAL10: checks 
*** RIVER *** [8h 4h 2s 7c] [Qh]
BAHbKA003: checks 
bübchen24: bets $0.60
PABLOZAL10: raises $1.95 to $2.55 and is all-in
nagaElf joins the table at seat #2 
BAHbKA003: folds 
bübchen24: folds 
Uncalled bet ($1.95) returned to PABLOZAL10
PABLOZAL10 collected $2.07 from pot
PABLOZAL10: doesn't show hand 
*** SUMMARY ***
Total pot $2.15 | Rake $0.08 
Board [8h 4h 2s 7c Qh]
Seat 1: Dorex2007 folded before Flop (didn't bet)
Seat 3: runnyboar folded before Flop (didn't bet)
Seat 4: PABLOZAL10 collected ($2.07)
Seat 5: royrobk (button) folded before Flop (didn't bet)
Seat 6: BAHbKA003 (small blind) folded on the River
Seat 7: bübchen24 (big blind) folded on the River
Seat 8: jacirmenon folded on the Flop
Seat 9: Elrus90 folded before Flop (didn't bet)



PokerStars Hand #224824837307:  Hold'em No Limit ($0.01/$0.02 USD) - 2021/03/14 20:38:36 PT [2021/03/14 23:38:36 ET]
Table 'Fornax V' 9-max Seat #6 is the button
Seat 1: Dorex2007 ($2.16 in chips) 
Seat 3: runnyboar ($1.83 in chips) 
Seat 4: PABLOZAL10 ($4.02 in chips) 
Seat 5: royrobk ($1.64 in chips) 
Seat 6: BAHbKA003 ($1.74 in chips) 
Seat 7: bübchen24 ($2.77 in chips) 
Seat 8: jacirmenon ($3.42 in chips) 
Seat 9: Elrus90 ($0.51 in chips) 
bübchen24: posts small blind $0.01
jacirmenon: posts big blind $0.02
nagaElf: sits out 
*** HOLE CARDS ***
Dealt to Dorex2007 [9d Js]
Elrus90: folds 
Dorex2007 has timed out
Dorex2007: folds 
runnyboar: folds 
PABLOZAL10: folds 
royrobk: folds 
BAHbKA003: raises $0.04 to $0.06
bübchen24: calls $0.05
jacirmenon: folds 
*** FLOP *** [Jc Th 3d]
bübchen24: checks 
BAHbKA003: bets $0.07
bübchen24: calls $0.07
*** TURN *** [Jc Th 3d] [7h]
bübchen24: checks 
BAHbKA003: bets $0.14
bübchen24: calls $0.14
*** RIVER *** [Jc Th 3d 7h] [2s]
bübchen24: checks 
BAHbKA003: bets $0.12
bübchen24: calls $0.12
*** SHOW DOWN ***
BAHbKA003: shows [2h 6s] (a pair of Deuces)
bübchen24: shows [Ac 3c] (a pair of Threes)
bübchen24 collected $0.77 from pot
*** SUMMARY ***
Total pot $0.80 | Rake $0.03 
Board [Jc Th 3d 7h 2s]
Seat 1: Dorex2007 folded before Flop (didn't bet)
Seat 3: runnyboar folded before Flop (didn't bet)
Seat 4: PABLOZAL10 folded before Flop (didn't bet)
Seat 5: royrobk folded before Flop (didn't bet)
Seat 6: BAHbKA003 (button) showed [2h 6s] and lost with a pair of Deuces
Seat 7: bübchen24 (small blind) showed [Ac 3c] and won ($0.77) with a pair of Threes
Seat 8: jacirmenon (big blind) folded before Flop
Seat 9: Elrus90 folded before Flop (didn't bet)



PokerStars Hand #224824854346:  Hold'em No Limit ($0.01/$0.02 USD) - 2021/03/14 20:39:54 PT [2021/03/14 23:39:54 ET]
Table 'Fornax V' 9-max Seat #7 is the button
Seat 1: Dorex2007 ($2.16 in chips) 
Seat 3: runnyboar ($1.83 in chips) 
Seat 4: PABLOZAL10 ($4.02 in chips) 
Seat 5: royrobk ($1.64 in chips) 
Seat 6: BAHbKA003 ($1.61 in chips) 
Seat 7: bübchen24 ($3.15 in chips) 
Seat 8: jacirmenon ($3.40 in chips) 
Seat 9: Elrus90 ($0.51 in chips) 
jacirmenon: posts small blind $0.01
Elrus90: posts big blind $0.02
nagaElf: sits out 
*** HOLE CARDS ***
Dealt to Dorex2007 [Ad Kh]
Dorex2007: raises $0.04 to $0.06
runnyboar: folds 
PABLOZAL10: calls $0.06
royrobk: folds 
BAHbKA003: folds 
bübchen24: folds 
jacirmenon: folds 
Elrus90: calls $0.04
*** FLOP *** [Ks 3s 8d]
Elrus90: checks 
Dorex2007: checks 
PABLOZAL10: checks 
*** TURN *** [Ks 3s 8d] [Qd]
Elrus90: checks 
Dorex2007: bets $0.09
PABLOZAL10: calls $0.09
Elrus90: folds 
*** RIVER *** [Ks 3s 8d Qd] [8s]
Dorex2007: bets $0.24
PABLOZAL10: raises $0.42 to $0.66
Dorex2007: calls $0.42
*** SHOW DOWN ***
PABLOZAL10: shows [Js As] (a flush, Ace high)
Dorex2007: mucks hand 
PABLOZAL10 collected $1.63 from pot
*** SUMMARY ***
Total pot $1.69 | Rake $0.06 
Board [Ks 3s 8d Qd 8s]
Seat 1: Dorex2007 mucked [Ad Kh]
Seat 3: runnyboar folded before Flop (didn't bet)
Seat 4: PABLOZAL10 showed [Js As] and won ($1.63) with a flush, Ace high
Seat 5: royrobk folded before Flop (didn't bet)
Seat 6: BAHbKA003 folded before Flop (didn't bet)
Seat 7: bübchen24 (button) folded before Flop (didn't bet)
Seat 8: jacirmenon (small blind) folded before Flop
Seat 9: Elrus90 (big blind) folded on the Turn



PokerStars Hand #224824868052:  Hold'em No Limit ($0.01/$0.02 USD) - 2021/03/14 20:40:58 PT [2021/03/14 23:40:58 ET]
Table 'Fornax V' 9-max Seat #8 is the button
Seat 1: Dorex2007 ($1.35 in chips) 
Seat 3: runnyboar ($1.83 in chips) 
Seat 4: PABLOZAL10 ($4.84 in chips) 
Seat 5: royrobk ($1.64 in chips) 
Seat 6: BAHbKA003 ($2 in chips) 
Seat 7: bübchen24 ($3.15 in chips) 
Seat 8: jacirmenon ($3.39 in chips) 
Seat 9: Elrus90 ($0.45 in chips) 
Elrus90: posts small blind $0.01
Dorex2007: posts big blind $0.02
nagaElf: sits out 
*** HOLE CARDS ***
Dealt to Dorex2007 [Qh 8h]
runnyboar: folds 
PABLOZAL10: folds 
royrobk: calls $0.02
BAHbKA003: calls $0.02
bübchen24: calls $0.02
jacirmenon: folds 
Elrus90: folds 
Dorex2007: checks 
*** FLOP *** [5h Td 6d]
Dorex2007: checks 
royrobk: bets $0.04
BAHbKA003: folds 
bübchen24: folds 
Dorex2007: calls $0.04
*** TURN *** [5h Td 6d] [5c]
Dorex2007: checks 
royrobk: bets $0.06
Dorex2007: folds 
Uncalled bet ($0.06) returned to royrobk
royrobk collected $0.16 from pot
royrobk: doesn't show hand 
*** SUMMARY ***
Total pot $0.17 | Rake $0.01 
Board [5h Td 6d 5c]
Seat 1: Dorex2007 (big blind) folded on the Turn
Seat 3: runnyboar folded before Flop (didn't bet)
Seat 4: PABLOZAL10 folded before Flop (didn't bet)
Seat 5: royrobk collected ($0.16)
Seat 6: BAHbKA003 folded on the Flop
Seat 7: bübchen24 folded on the Flop
Seat 8: jacirmenon (button) folded before Flop (didn't bet)
Seat 9: Elrus90 (small blind) folded before Flop



PokerStars Hand #224824888112:  Hold'em No Limit ($0.01/$0.02 USD) - 2021/03/14 20:41:46 PT [2021/03/14 23:41:46 ET]
Table 'Fornax V' 9-max Seat #9 is the button
Seat 1: Dorex2007 ($1.29 in chips) 
Seat 2: nagaElf ($2 in chips) 
Seat 3: runnyboar ($1.83 in chips) 
Seat 4: PABLOZAL10 ($4.84 in chips) 
Seat 5: royrobk ($1.74 in chips) 
Seat 6: BAHbKA003 ($1.98 in chips) 
Seat 7: bübchen24 ($3.13 in chips) 
Seat 8: jacirmenon ($3.39 in chips) 
Seat 9: Elrus90 ($0.44 in chips) 
Dorex2007: posts small blind $0.01
nagaElf: posts big blind $0.02
*** HOLE CARDS ***
Dealt to Dorex2007 [Ah 6c]
runnyboar: calls $0.02
PABLOZAL10: folds 
royrobk: folds 
BAHbKA003: folds 
bübchen24: calls $0.02
jacirmenon: folds 
Elrus90: calls $0.02
Dorex2007: calls $0.01
nagaElf: raises $0.04 to $0.06
runnyboar: calls $0.04
bübchen24: calls $0.04
Elrus90: calls $0.04
Dorex2007: folds 
*** FLOP *** [6d 3s Kc]
nagaElf: bets $0.16
runnyboar: folds 
bübchen24: folds 
Elrus90: folds 
Uncalled bet ($0.16) returned to nagaElf
nagaElf collected $0.25 from pot
nagaElf: doesn't show hand 
*** SUMMARY ***
Total pot $0.26 | Rake $0.01 
Board [6d 3s Kc]
Seat 1: Dorex2007 (small blind) folded before Flop
Seat 2: nagaElf (big blind) collected ($0.25)
Seat 3: runnyboar folded on the Flop
Seat 4: PABLOZAL10 folded before Flop (didn't bet)
Seat 5: royrobk folded before Flop (didn't bet)
Seat 6: BAHbKA003 folded before Flop (didn't bet)
Seat 7: bübchen24 folded on the Flop
Seat 8: jacirmenon folded before Flop (didn't bet)
Seat 9: Elrus90 (button) folded on the Flop



PokerStars Hand #224824899788:  Hold'em No Limit ($0.01/$0.02 USD) - 2021/03/14 20:42:41 PT [2021/03/14 23:42:41 ET]
Table 'Fornax V' 9-max Seat #1 is the button
Seat 1: Dorex2007 ($1.98 in chips) 
Seat 2: nagaElf ($2.19 in chips) 
Seat 3: runnyboar ($1.77 in chips) 
Seat 4: PABLOZAL10 ($4.84 in chips) 
Seat 5: royrobk ($1.74 in chips) 
Seat 6: BAHbKA003 ($1.98 in chips) 
Seat 7: bübchen24 ($3.07 in chips) 
Seat 8: jacirmenon ($3.39 in chips) 
Seat 9: Elrus90 ($0.38 in chips) 
nagaElf: posts small blind $0.01
runnyboar: posts big blind $0.02
*** HOLE CARDS ***
Dealt to Dorex2007 [4h 7h]
PABLOZAL10: calls $0.02
royrobk: folds 
BAHbKA003: calls $0.02
bübchen24: folds 
jacirmenon: folds 
Elrus90: raises $0.36 to $0.38 and is all-in
Dorex2007: folds 
nagaElf: folds 
runnyboar: folds 
PABLOZAL10: raises $0.36 to $0.74
BAHbKA003: folds 
Uncalled bet ($0.36) returned to PABLOZAL10
*** FLOP *** [3h 3s 2d]
*** TURN *** [3h 3s 2d] [Kd]
*** RIVER *** [3h 3s 2d Kd] [6c]
*** SHOW DOWN ***
PABLOZAL10: shows [Ad Ac] (two pair, Aces and Threes)
Elrus90: shows [Ah 8h] (a pair of Threes)
PABLOZAL10 cashed out the hand for $0.68 | Cash Out Fee $0.01
*** SUMMARY ***
Total pot $0.81 | Rake $0.03 
Board [3h 3s 2d Kd 6c]
Seat 1: Dorex2007 (button) folded before Flop (didn't bet)
Seat 2: nagaElf (small blind) folded before Flop
Seat 3: runnyboar (big blind) folded before Flop
Seat 4: PABLOZAL10 showed [Ad Ac] and won ($0.78) with two pair, Aces and Threes (pot not awarded as player cashed out)
Seat 5: royrobk folded before Flop (didn't bet)
Seat 6: BAHbKA003 folded before Flop
Seat 7: bübchen24 folded before Flop (didn't bet)
Seat 8: jacirmenon folded before Flop (didn't bet)
Seat 9: Elrus90 showed [Ah 8h] and lost with a pair of Threes



PokerStars Hand #224824908012:  Hold'em No Limit ($0.01/$0.02 USD) - 2021/03/14 20:43:21 PT [2021/03/14 23:43:21 ET]
Table 'Fornax V' 9-max Seat #2 is the button
Seat 1: Dorex2007 ($1.98 in chips) 
Seat 2: nagaElf ($2.18 in chips) 
Seat 3: runnyboar ($1.75 in chips) 
Seat 5: royrobk ($1.74 in chips) 
Seat 6: BAHbKA003 ($1.96 in chips) 
Seat 7: bübchen24 ($3.07 in chips) 
Seat 8: jacirmenon ($3.39 in chips) 
runnyboar: posts small blind $0.01
PABLOZAL10: is sitting out 
royrobk: posts big blind $0.02
*** HOLE CARDS ***
Dealt to Dorex2007 [Qd Kc]
BAHbKA003: calls $0.02
PABLOZAL10 leaves the table
bübchen24: folds 
jacirmenon: calls $0.02
Dorex2007: calls $0.02
nagaElf: raises $0.04 to $0.06
runnyboar: folds 
royrobk: folds 
BAHbKA003: folds 
jacirmenon: calls $0.04
Dorex2007: calls $0.04
*** FLOP *** [Th 7c 2h]
jacirmenon: checks 
Dorex2007: bets $0.15
nagaElf: calls $0.15
jacirmenon: folds 
*** TURN *** [Th 7c 2h] [3s]
Dorex2007: bets $0.26
nagaElf: folds 
Uncalled bet ($0.26) returned to Dorex2007
Dorex2007 collected $0.51 from pot
Dorex2007: doesn't show hand 
*** SUMMARY ***
Total pot $0.53 | Rake $0.02 
Board [Th 7c 2h 3s]
Seat 1: Dorex2007 collected ($0.51)
Seat 2: nagaElf (button) folded on the Turn
Seat 3: runnyboar (small blind) folded before Flop
Seat 5: royrobk (big blind) folded before Flop
Seat 6: BAHbKA003 folded before Flop
Seat 7: bübchen24 folded before Flop (didn't bet)
Seat 8: jacirmenon folded on the Flop



PokerStars Hand #224824926017:  Hold'em No Limit ($0.01/$0.02 USD) - 2021/03/14 20:44:06 PT [2021/03/14 23:44:06 ET]
Table 'Fornax V' 9-max Seat #3 is the button
Seat 1: Dorex2007 ($2.28 in chips) 
Seat 2: nagaElf ($1.97 in chips) 
Seat 3: runnyboar ($1.74 in chips) 
Seat 5: royrobk ($1.72 in chips) 
Seat 6: BAHbKA003 ($1.94 in chips) 
Seat 8: jacirmenon ($3.33 in chips) 
Seat 9: Elrus90 ($1.01 in chips) 
royrobk: posts small blind $0.01
BAHbKA003: posts big blind $0.02
*** HOLE CARDS ***
Dealt to Dorex2007 [Qd Th]
jacirmenon: folds 
Elrus90: folds 
Dorex2007: calls $0.02
nagaElf: raises $0.02 to $0.04
runnyboar: folds 
royrobk: folds 
BAHbKA003: calls $0.02
Dorex2007: calls $0.02
*** FLOP *** [8d 5s Ah]
BAHbKA003: bets $0.10
Dorex2007: folds 
nagaElf: folds 
Uncalled bet ($0.10) returned to BAHbKA003
BAHbKA003 collected $0.13 from pot
BAHbKA003: doesn't show hand 
*** SUMMARY ***
Total pot $0.13 | Rake $0 
Board [8d 5s Ah]
Seat 1: Dorex2007 folded on the Flop
Seat 2: nagaElf folded on the Flop
Seat 3: runnyboar (button) folded before Flop (didn't bet)
Seat 5: royrobk (small blind) folded before Flop
Seat 6: BAHbKA003 (big blind) collected ($0.13)
Seat 8: jacirmenon folded before Flop (didn't bet)
Seat 9: Elrus90 folded before Flop (didn't bet)



PokerStars Hand #224824935701:  Hold'em No Limit ($0.01/$0.02 USD) - 2021/03/14 20:44:53 PT [2021/03/14 23:44:53 ET]
Table 'Fornax V' 9-max Seat #5 is the button
Seat 1: Dorex2007 ($2.24 in chips) 
Seat 2: nagaElf ($1.93 in chips) 
Seat 3: runnyboar ($1.74 in chips) 
Seat 5: royrobk ($1.71 in chips) 
Seat 6: BAHbKA003 ($2.03 in chips) 
Seat 8: jacirmenon ($3.33 in chips) 
Seat 9: Elrus90 ($1.01 in chips) 
BAHbKA003: posts small blind $0.01
jacirmenon: posts big blind $0.02
*** HOLE CARDS ***
Dealt to Dorex2007 [7s 8c]
Elrus90: folds 
Dorex2007: folds 
nagaElf: raises $0.02 to $0.04
runnyboar: folds 
royrobk: folds 
BAHbKA003: folds 
jacirmenon: calls $0.02
*** FLOP *** [6h 2s Ts]
jacirmenon: checks 
nagaElf: bets $0.06
jacirmenon: folds 
Uncalled bet ($0.06) returned to nagaElf
nagaElf collected $0.09 from pot
nagaElf: doesn't show hand 
*** SUMMARY ***
Total pot $0.09 | Rake $0 
Board [6h 2s Ts]
Seat 1: Dorex2007 folded before Flop (didn't bet)
Seat 2: nagaElf collected ($0.09)
Seat 3: runnyboar folded before Flop (didn't bet)
Seat 5: royrobk (button) folded before Flop (didn't bet)
Seat 6: BAHbKA003 (small blind) folded before Flop
Seat 8: jacirmenon (big blind) folded on the Flop
Seat 9: Elrus90 folded before Flop (didn't bet)



PokerStars Hand #224824941924:  Hold'em No Limit ($0.01/$0.02 USD) - 2021/03/14 20:45:23 PT [2021/03/14 23:45:23 ET]
Table 'Fornax V' 9-max Seat #6 is the button
Seat 1: Dorex2007 ($2.24 in chips) 
Seat 2: nagaElf ($1.98 in chips) 
Seat 3: runnyboar ($1.74 in chips) 
Seat 5: royrobk ($1.71 in chips) 
Seat 6: BAHbKA003 ($2.02 in chips) 
Seat 8: jacirmenon ($3.29 in chips) 
Seat 9: Elrus90 ($1.01 in chips) 
jacirmenon: posts small blind $0.01
Elrus90: posts big blind $0.02
*** HOLE CARDS ***
Dealt to Dorex2007 [Qs Jd]
Dorex2007: calls $0.02
nagaElf: folds 
asterbe joins the table at seat #4 
runnyboar: folds 
royrobk: folds 
BAHbKA003: folds 
jacirmenon: calls $0.01
Elrus90: checks 
*** FLOP *** [7d Kd Kh]
jacirmenon: checks 
Elrus90: checks 
Dorex2007: bets $0.04
jacirmenon: calls $0.04
Elrus90: folds 
*** TURN *** [7d Kd Kh] [7c]
jacirmenon: checks 
Dorex2007: checks 
*** RIVER *** [7d Kd Kh 7c] [4h]
jacirmenon: bets $0.14
Dorex2007: folds 
Uncalled bet ($0.14) returned to jacirmenon
jacirmenon collected $0.14 from pot
jacirmenon: doesn't show hand 
*** SUMMARY ***
Total pot $0.14 | Rake $0 
Board [7d Kd Kh 7c 4h]
Seat 1: Dorex2007 folded on the River
Seat 2: nagaElf folded before Flop (didn't bet)
Seat 3: runnyboar folded before Flop (didn't bet)
Seat 5: royrobk folded before Flop (didn't bet)
Seat 6: BAHbKA003 (button) folded before Flop (didn't bet)
Seat 8: jacirmenon (small blind) collected ($0.14)
Seat 9: Elrus90 (big blind) folded on the Flop



PokerStars Hand #224824952396:  Hold'em No Limit ($0.01/$0.02 USD) - 2021/03/14 20:46:14 PT [2021/03/14 23:46:14 ET]
Table 'Fornax V' 9-max Seat #8 is the button
Seat 1: Dorex2007 ($2.18 in chips) 
Seat 2: nagaElf ($2 in chips) 
Seat 3: runnyboar ($1.74 in chips) 
Seat 5: royrobk ($1.71 in chips) 
Seat 6: BAHbKA003 ($2.02 in chips) 
Seat 8: jacirmenon ($3.37 in chips) 
Seat 9: Elrus90 ($0.99 in chips) 
Elrus90: posts small blind $0.01
Dorex2007: posts big blind $0.02
asterbe: sits out 
*** HOLE CARDS ***
Dealt to Dorex2007 [3c 4s]
nagaElf: raises $0.02 to $0.04
runnyboar: folds 
royrobk: calls $0.04
BAHbKA003: folds 
jacirmenon: calls $0.04
Elrus90: folds 
Dorex2007: calls $0.02
*** FLOP *** [Tc Ac Kd]
Dorex2007: checks 
nagaElf: checks 
royrobk: checks 
jacirmenon: checks 
*** TURN *** [Tc Ac Kd] [Ts]
Dorex2007: checks 
nagaElf: checks 
royrobk: checks 
jacirmenon: checks 
*** RIVER *** [Tc Ac Kd Ts] [2h]
Dorex2007: checks 
nagaElf: checks 
royrobk: checks 
jacirmenon: checks 
*** SHOW DOWN ***
Dorex2007: shows [3c 4s] (a pair of Tens)
nagaElf: shows [5h 4h] (a pair of Tens - Ace+King+Five kicker)
royrobk: shows [7d 8s] (a pair of Tens - Ace+King+Eight kicker)
jacirmenon: shows [Jd 4d] (a pair of Tens - Ace+King+Jack kicker)
jacirmenon collected $0.16 from pot
*** SUMMARY ***
Total pot $0.17 | Rake $0.01 
Board [Tc Ac Kd Ts 2h]
Seat 1: Dorex2007 (big blind) showed [3c 4s] and lost with a pair of Tens
Seat 2: nagaElf showed [5h 4h] and lost with a pair of Tens
Seat 3: runnyboar folded before Flop (didn't bet)
Seat 5: royrobk showed [7d 8s] and lost with a pair of Tens
Seat 6: BAHbKA003 folded before Flop (didn't bet)
Seat 8: jacirmenon (button) showed [Jd 4d] and won ($0.16) with a pair of Tens
Seat 9: Elrus90 (small blind) folded before Flop



PokerStars Hand #224824966479:  Hold'em No Limit ($0.01/$0.02 USD) - 2021/03/14 20:47:12 PT [2021/03/14 23:47:12 ET]
Table 'Fornax V' 9-max Seat #9 is the button
Seat 1: Dorex2007 ($2.14 in chips) 
Seat 2: nagaElf ($1.96 in chips) 
Seat 3: runnyboar ($1.74 in chips) 
Seat 5: royrobk ($1.67 in chips) 
Seat 6: BAHbKA003 ($2.02 in chips) 
Seat 7: bübchen24 ($3.07 in chips) 
Seat 8: jacirmenon ($3.49 in chips) 
Seat 9: Elrus90 ($0.98 in chips) 
Dorex2007: posts small blind $0.01
nagaElf: posts big blind $0.02
asterbe: sits out 
bübchen24: posts small & big blinds $0.03
*** HOLE CARDS ***
Dealt to Dorex2007 [Jc Js]
runnyboar: folds 
royrobk: folds 
BAHbKA003: calls $0.02
bübchen24: checks 
jacirmenon: calls $0.02
Elrus90: folds 
Dorex2007: raises $0.08 to $0.10
nagaElf: folds 
BAHbKA003: folds 
bübchen24: calls $0.08
jacirmenon: folds 
*** FLOP *** [7s 7h Kd]
Dorex2007: bets $0.17
bübchen24: calls $0.17
*** TURN *** [7s 7h Kd] [3d]
Dorex2007: checks 
bübchen24: bets $0.40
Dorex2007: folds 
Uncalled bet ($0.40) returned to bübchen24
bübchen24 collected $0.59 from pot
bübchen24: doesn't show hand 
*** SUMMARY ***
Total pot $0.61 | Rake $0.02 
Board [7s 7h Kd 3d]
Seat 1: Dorex2007 (small blind) folded on the Turn
Seat 2: nagaElf (big blind) folded before Flop
Seat 3: runnyboar folded before Flop (didn't bet)
Seat 5: royrobk folded before Flop (didn't bet)
Seat 6: BAHbKA003 folded before Flop
Seat 7: bübchen24 collected ($0.59)
Seat 8: jacirmenon folded before Flop
Seat 9: Elrus90 (button) folded before Flop (didn't bet)



PokerStars Hand #224824977747:  Hold'em No Limit ($0.01/$0.02 USD) - 2021/03/14 20:48:08 PT [2021/03/14 23:48:08 ET]
Table 'Fornax V' 9-max Seat #1 is the button
Seat 1: Dorex2007 ($1.87 in chips) 
Seat 2: nagaElf ($2 in chips) 
Seat 3: runnyboar ($1.74 in chips) 
Seat 5: royrobk ($1.67 in chips) 
Seat 6: BAHbKA003 ($2 in chips) 
Seat 7: bübchen24 ($3.38 in chips) 
Seat 8: jacirmenon ($3.47 in chips) 
Seat 9: Elrus90 ($0.98 in chips) 
nagaElf: posts small blind $0.01
runnyboar: posts big blind $0.02
asterbe: sits out 
*** HOLE CARDS ***
Dealt to Dorex2007 [4d 6d]
royrobk: calls $0.02
BAHbKA003: folds 
bübchen24: folds 
jacirmenon: folds 
Elrus90: raises $0.04 to $0.06
Dorex2007: folds 
nagaElf: calls $0.05
runnyboar: folds 
royrobk: calls $0.04
*** FLOP *** [Kd 5s 5c]
nagaElf: checks 
royrobk: checks 
Elrus90: bets $0.09
nagaElf: folds 
nagaElf leaves the table
royrobk: folds 
Uncalled bet ($0.09) returned to Elrus90
Elrus90 collected $0.19 from pot
Elrus90: doesn't show hand 
*** SUMMARY ***
Total pot $0.20 | Rake $0.01 
Board [Kd 5s 5c]
Seat 1: Dorex2007 (button) folded before Flop (didn't bet)
Seat 2: nagaElf (small blind) folded on the Flop
Seat 3: runnyboar (big blind) folded before Flop
Seat 5: royrobk folded on the Flop
Seat 6: BAHbKA003 folded before Flop (didn't bet)
Seat 7: bübchen24 folded before Flop (didn't bet)
Seat 8: jacirmenon folded before Flop (didn't bet)
Seat 9: Elrus90 collected ($0.19)



