PokerStars Hand #237631568736:  Hold'em No Limit ($0.02/$0.05 USD) - 2022/07/27 18:47:44 PT [2022/07/27 21:47:44 ET]
Table 'Katja II' 9-max Seat #4 is the button
Seat 2: Dorex2007 ($5 in chips) 
Seat 4: Shevcuk ($11.67 in chips) 
Seat 5: alexpipa27 ($5.60 in chips) 
Seat 6: gambitl1 ($7.78 in chips) 
Seat 8: VladiMIrUFC ($4.70 in chips) 
Seat 9: BOSS_Ecuador ($5 in chips) 
alexpipa27: posts small blind $0.02
gambitl1: posts big blind $0.05
AGVsmarT: sits out 
Dorex2007: posts big blind $0.05
ak_ak_77711: sits out 
*** HOLE CARDS ***
Dealt to Dorex2007 [Jd Th]
VladiMIrUFC: folds 
BOSS_Ecuador: raises $0.12 to $0.17
Dorex2007: folds 
Shevcuk: calls $0.17
alexpipa27: folds 
gambitl1: folds 
*** FLOP *** [5c Kd 8h]
BOSS_Ecuador: checks 
Shevcuk: bets $0.29
BOSS_Ecuador: calls $0.29
*** TURN *** [5c Kd 8h] [Ks]
BOSS_Ecuador: checks 
Shevcuk: checks 
*** RIVER *** [5c Kd 8h Ks] [Qd]
BOSS_Ecuador: checks 
Shevcuk: checks 
*** SHOW DOWN ***
BOSS_Ecuador: shows [Qh 9h] (two pair, Kings and Queens)
Shevcuk: mucks hand 
BOSS_Ecuador collected $1 from pot
*** SUMMARY ***
Total pot $1.04 | Rake $0.04 
Board [5c Kd 8h Ks Qd]
Seat 2: Dorex2007 folded before Flop (didn't bet)
Seat 4: Shevcuk (button) mucked [6d 6h]
Seat 5: alexpipa27 (small blind) folded before Flop
Seat 6: gambitl1 (big blind) folded before Flop
Seat 8: VladiMIrUFC folded before Flop (didn't bet)
Seat 9: BOSS_Ecuador showed [Qh 9h] and won ($1) with two pair, Kings and Queens



PokerStars Hand #237631579622:  Hold'em No Limit ($0.02/$0.05 USD) - 2022/07/27 18:48:38 PT [2022/07/27 21:48:38 ET]
Table 'Katja II' 9-max Seat #5 is the button
Seat 2: Dorex2007 ($5 in chips) 
Seat 4: Shevcuk ($11.21 in chips) 
Seat 5: alexpipa27 ($5.58 in chips) 
Seat 6: gambitl1 ($7.73 in chips) 
Seat 8: VladiMIrUFC ($4.70 in chips) 
Seat 9: BOSS_Ecuador ($5.54 in chips) 
gambitl1: posts small blind $0.02
VladiMIrUFC: posts big blind $0.05
AGVsmarT: sits out 
ak_ak_77711: sits out 
*** HOLE CARDS ***
Dealt to Dorex2007 [4s 5s]
BOSS_Ecuador: folds 
Dorex2007: folds 
Shevcuk: folds 
alexpipa27: raises $0.10 to $0.15
gambitl1: calls $0.13
VladiMIrUFC: folds 
*** FLOP *** [6c 5h 7d]
gambitl1: bets $0.17
alexpipa27: calls $0.17
*** TURN *** [6c 5h 7d] [Ks]
gambitl1: bets $0.37
alexpipa27: calls $0.37
*** RIVER *** [6c 5h 7d Ks] [Th]
gambitl1: bets $0.75
alexpipa27: calls $0.75
*** SHOW DOWN ***
gambitl1: shows [6h 6d] (three of a kind, Sixes)
alexpipa27: mucks hand 
gambitl1 collected $2.81 from pot
*** SUMMARY ***
Total pot $2.93 | Rake $0.12 
Board [6c 5h 7d Ks Th]
Seat 2: Dorex2007 folded before Flop (didn't bet)
Seat 4: Shevcuk folded before Flop (didn't bet)
Seat 5: alexpipa27 (button) mucked [Qc Qh]
Seat 6: gambitl1 (small blind) showed [6h 6d] and won ($2.81) with three of a kind, Sixes
Seat 8: VladiMIrUFC (big blind) folded before Flop
Seat 9: BOSS_Ecuador folded before Flop (didn't bet)



PokerStars Hand #237631591389:  Hold'em No Limit ($0.02/$0.05 USD) - 2022/07/27 18:49:36 PT [2022/07/27 21:49:36 ET]
Table 'Katja II' 9-max Seat #6 is the button
Seat 2: Dorex2007 ($5 in chips) 
Seat 4: Shevcuk ($11.21 in chips) 
Seat 5: alexpipa27 ($4.14 in chips) 
Seat 6: gambitl1 ($9.10 in chips) 
Seat 8: VladiMIrUFC ($4.65 in chips) 
Seat 9: BOSS_Ecuador ($5.54 in chips) 
VladiMIrUFC: posts small blind $0.02
BOSS_Ecuador: posts big blind $0.05
AGVsmarT: sits out 
ak_ak_77711: sits out 
*** HOLE CARDS ***
Dealt to Dorex2007 [7d 3c]
Dorex2007: folds 
Shevcuk: raises $0.10 to $0.15
alexpipa27: calls $0.15
gambitl1: folds 
VladiMIrUFC: folds 
BOSS_Ecuador: calls $0.10
*** FLOP *** [9d 9h 2s]
BOSS_Ecuador: checks 
Shevcuk: bets $0.15
alexpipa27: raises $0.38 to $0.53
BOSS_Ecuador: folds 
Shevcuk: folds 
Uncalled bet ($0.38) returned to alexpipa27
alexpipa27 collected $0.74 from pot
alexpipa27: doesn't show hand 
bebopspike1329 joins the table at seat #7 
*** SUMMARY ***
Total pot $0.77 | Rake $0.03 
Board [9d 9h 2s]
Seat 2: Dorex2007 folded before Flop (didn't bet)
Seat 4: Shevcuk folded on the Flop
Seat 5: alexpipa27 collected ($0.74)
Seat 6: gambitl1 (button) folded before Flop (didn't bet)
Seat 8: VladiMIrUFC (small blind) folded before Flop
Seat 9: BOSS_Ecuador (big blind) folded on the Flop



PokerStars Hand #237631610410:  Hold'em No Limit ($0.02/$0.05 USD) - 2022/07/27 18:50:32 PT [2022/07/27 21:50:32 ET]
Table 'Katja II' 9-max Seat #8 is the button
Seat 1: AGVsmarT ($5.62 in chips) 
Seat 2: Dorex2007 ($5 in chips) 
Seat 4: Shevcuk ($10.91 in chips) 
Seat 5: alexpipa27 ($4.58 in chips) 
Seat 6: gambitl1 ($9.10 in chips) 
Seat 8: VladiMIrUFC ($4.63 in chips) 
Seat 9: BOSS_Ecuador ($5.39 in chips) 
BOSS_Ecuador: posts small blind $0.02
AGVsmarT: posts big blind $0.05
ak_ak_77711: sits out 
bebopspike1329: sits out 
*** HOLE CARDS ***
Dealt to Dorex2007 [Qd 4d]
Dorex2007: folds 
Shevcuk: folds 
alexpipa27: folds 
gambitl1: folds 
VladiMIrUFC: folds 
BOSS_Ecuador: raises $0.12 to $0.17
AGVsmarT: folds 
Uncalled bet ($0.12) returned to BOSS_Ecuador
BOSS_Ecuador collected $0.10 from pot
BOSS_Ecuador: doesn't show hand 
*** SUMMARY ***
Total pot $0.10 | Rake $0 
Seat 1: AGVsmarT (big blind) folded before Flop
Seat 2: Dorex2007 folded before Flop (didn't bet)
Seat 4: Shevcuk folded before Flop (didn't bet)
Seat 5: alexpipa27 folded before Flop (didn't bet)
Seat 6: gambitl1 folded before Flop (didn't bet)
Seat 8: VladiMIrUFC (button) folded before Flop (didn't bet)
Seat 9: BOSS_Ecuador (small blind) collected ($0.10)



PokerStars Hand #237631616713:  Hold'em No Limit ($0.02/$0.05 USD) - 2022/07/27 18:51:03 PT [2022/07/27 21:51:03 ET]
Table 'Katja II' 9-max Seat #9 is the button
Seat 1: AGVsmarT ($5.57 in chips) 
Seat 2: Dorex2007 ($5 in chips) 
Seat 4: Shevcuk ($10.91 in chips) 
Seat 5: alexpipa27 ($4.58 in chips) 
Seat 6: gambitl1 ($9.10 in chips) 
Seat 7: bebopspike1329 ($5 in chips) 
Seat 8: VladiMIrUFC ($4.63 in chips) 
Seat 9: BOSS_Ecuador ($5.44 in chips) 
AGVsmarT: posts small blind $0.02
Dorex2007: posts big blind $0.05
ak_ak_77711: sits out 
bebopspike1329: posts big blind $0.05
*** HOLE CARDS ***
Dealt to Dorex2007 [7c 4d]
Shevcuk: folds 
alexpipa27: calls $0.05
gambitl1: folds 
bebopspike1329: checks 
VladiMIrUFC: raises $0.20 to $0.25
BOSS_Ecuador: folds 
AGVsmarT: folds 
Dorex2007: folds 
alexpipa27: calls $0.20
bebopspike1329: folds 
*** FLOP *** [4s 5d 7s]
alexpipa27: checks 
VladiMIrUFC: bets $0.28
alexpipa27: folds 
Uncalled bet ($0.28) returned to VladiMIrUFC
VladiMIrUFC collected $0.59 from pot
VladiMIrUFC: doesn't show hand 
*** SUMMARY ***
Total pot $0.62 | Rake $0.03 
Board [4s 5d 7s]
Seat 1: AGVsmarT (small blind) folded before Flop
Seat 2: Dorex2007 (big blind) folded before Flop
Seat 4: Shevcuk folded before Flop (didn't bet)
Seat 5: alexpipa27 folded on the Flop
Seat 6: gambitl1 folded before Flop (didn't bet)
Seat 7: bebopspike1329 folded before Flop (didn't bet)
Seat 8: VladiMIrUFC collected ($0.59)
Seat 9: BOSS_Ecuador (button) folded before Flop (didn't bet)



PokerStars Hand #237631625096:  Hold'em No Limit ($0.02/$0.05 USD) - 2022/07/27 18:51:45 PT [2022/07/27 21:51:45 ET]
Table 'Katja II' 9-max Seat #1 is the button
Seat 1: AGVsmarT ($5.55 in chips) 
Seat 2: Dorex2007 ($5 in chips) 
Seat 3: ak_ak_77711 ($4 in chips) 
Seat 4: Shevcuk ($10.91 in chips) 
Seat 5: alexpipa27 ($4.33 in chips) 
Seat 6: gambitl1 ($9.10 in chips) 
Seat 7: bebopspike1329 ($4.95 in chips) 
Seat 8: VladiMIrUFC ($4.97 in chips) 
Seat 9: BOSS_Ecuador ($5.44 in chips) 
Dorex2007: posts small blind $0.02
ak_ak_77711: posts big blind $0.05
*** HOLE CARDS ***
Dealt to Dorex2007 [Js Ks]
Shevcuk: folds 
alexpipa27: folds 
gambitl1: folds 
bebopspike1329: folds 
VladiMIrUFC: raises $0.10 to $0.15
BOSS_Ecuador: folds 
AGVsmarT: folds 
Dorex2007: calls $0.13
ak_ak_77711: folds 
*** FLOP *** [8d 6d Ts]
Dorex2007: checks 
VladiMIrUFC: bets $0.20
Dorex2007: folds 
Uncalled bet ($0.20) returned to VladiMIrUFC
VladiMIrUFC collected $0.34 from pot
VladiMIrUFC: doesn't show hand 
*** SUMMARY ***
Total pot $0.35 | Rake $0.01 
Board [8d 6d Ts]
Seat 1: AGVsmarT (button) folded before Flop (didn't bet)
Seat 2: Dorex2007 (small blind) folded on the Flop
Seat 3: ak_ak_77711 (big blind) folded before Flop
Seat 4: Shevcuk folded before Flop (didn't bet)
Seat 5: alexpipa27 folded before Flop (didn't bet)
Seat 6: gambitl1 folded before Flop (didn't bet)
Seat 7: bebopspike1329 folded before Flop (didn't bet)
Seat 8: VladiMIrUFC collected ($0.34)
Seat 9: BOSS_Ecuador folded before Flop (didn't bet)



PokerStars Hand #237631632575:  Hold'em No Limit ($0.02/$0.05 USD) - 2022/07/27 18:52:22 PT [2022/07/27 21:52:22 ET]
Table 'Katja II' 9-max Seat #2 is the button
Seat 1: AGVsmarT ($5.55 in chips) 
Seat 2: Dorex2007 ($5 in chips) 
Seat 3: ak_ak_77711 ($3.95 in chips) 
Seat 4: Shevcuk ($10.91 in chips) 
Seat 5: alexpipa27 ($4.33 in chips) 
Seat 6: gambitl1 ($9.10 in chips) 
Seat 7: bebopspike1329 ($4.95 in chips) 
Seat 8: VladiMIrUFC ($5.16 in chips) 
Seat 9: BOSS_Ecuador ($5.44 in chips) 
ak_ak_77711: posts small blind $0.02
Shevcuk: posts big blind $0.05
*** HOLE CARDS ***
Dealt to Dorex2007 [4c Td]
alexpipa27: raises $0.17 to $0.22
gambitl1: folds 
bebopspike1329: folds 
VladiMIrUFC: folds 
BOSS_Ecuador: folds 
AGVsmarT: folds 
Dorex2007: folds 
ak_ak_77711: folds 
Shevcuk: folds 
Uncalled bet ($0.17) returned to alexpipa27
alexpipa27 collected $0.12 from pot
alexpipa27: doesn't show hand 
*** SUMMARY ***
Total pot $0.12 | Rake $0 
Seat 1: AGVsmarT folded before Flop (didn't bet)
Seat 2: Dorex2007 (button) folded before Flop (didn't bet)
Seat 3: ak_ak_77711 (small blind) folded before Flop
Seat 4: Shevcuk (big blind) folded before Flop
Seat 5: alexpipa27 collected ($0.12)
Seat 6: gambitl1 folded before Flop (didn't bet)
Seat 7: bebopspike1329 folded before Flop (didn't bet)
Seat 8: VladiMIrUFC folded before Flop (didn't bet)
Seat 9: BOSS_Ecuador folded before Flop (didn't bet)



PokerStars Hand #237631637973:  Hold'em No Limit ($0.02/$0.05 USD) - 2022/07/27 18:52:49 PT [2022/07/27 21:52:49 ET]
Table 'Katja II' 9-max Seat #3 is the button
Seat 1: AGVsmarT ($5.55 in chips) 
Seat 2: Dorex2007 ($5 in chips) 
Seat 3: ak_ak_77711 ($3.93 in chips) 
Seat 4: Shevcuk ($10.86 in chips) 
Seat 5: alexpipa27 ($4.40 in chips) 
Seat 6: gambitl1 ($9.10 in chips) 
Seat 7: bebopspike1329 ($4.95 in chips) 
Seat 8: VladiMIrUFC ($5.16 in chips) 
Seat 9: BOSS_Ecuador ($5.44 in chips) 
Shevcuk: posts small blind $0.02
alexpipa27: posts big blind $0.05
*** HOLE CARDS ***
Dealt to Dorex2007 [2c Ks]
gambitl1: folds 
bebopspike1329: raises $0.10 to $0.15
VladiMIrUFC: calls $0.15
BOSS_Ecuador: folds 
AGVsmarT: folds 
Dorex2007: folds 
ak_ak_77711: folds 
Shevcuk: folds 
alexpipa27: calls $0.10
*** FLOP *** [8s 7s 6s]
alexpipa27: checks 
bebopspike1329: checks 
VladiMIrUFC: checks 
*** TURN *** [8s 7s 6s] [Jd]
alexpipa27: checks 
bebopspike1329: checks 
VladiMIrUFC: checks 
*** RIVER *** [8s 7s 6s Jd] [4d]
alexpipa27: checks 
bebopspike1329: bets $0.40
VladiMIrUFC: folds 
alexpipa27: folds 
Uncalled bet ($0.40) returned to bebopspike1329
bebopspike1329 collected $0.45 from pot
bebopspike1329: doesn't show hand 
*** SUMMARY ***
Total pot $0.47 | Rake $0.02 
Board [8s 7s 6s Jd 4d]
Seat 1: AGVsmarT folded before Flop (didn't bet)
Seat 2: Dorex2007 folded before Flop (didn't bet)
Seat 3: ak_ak_77711 (button) folded before Flop (didn't bet)
Seat 4: Shevcuk (small blind) folded before Flop
Seat 5: alexpipa27 (big blind) folded on the River
Seat 6: gambitl1 folded before Flop (didn't bet)
Seat 7: bebopspike1329 collected ($0.45)
Seat 8: VladiMIrUFC folded on the River
Seat 9: BOSS_Ecuador folded before Flop (didn't bet)



PokerStars Hand #237631648554:  Hold'em No Limit ($0.02/$0.05 USD) - 2022/07/27 18:53:41 PT [2022/07/27 21:53:41 ET]
Table 'Katja II' 9-max Seat #4 is the button
Seat 1: AGVsmarT ($5.55 in chips) 
Seat 2: Dorex2007 ($5 in chips) 
Seat 3: ak_ak_77711 ($3.93 in chips) 
Seat 4: Shevcuk ($10.84 in chips) 
Seat 5: alexpipa27 ($4.25 in chips) 
Seat 6: gambitl1 ($9.10 in chips) 
Seat 7: bebopspike1329 ($5.25 in chips) 
Seat 8: VladiMIrUFC ($5.01 in chips) 
Seat 9: BOSS_Ecuador ($5.44 in chips) 
alexpipa27: posts small blind $0.02
gambitl1: posts big blind $0.05
*** HOLE CARDS ***
Dealt to Dorex2007 [8d As]
bebopspike1329: folds 
VladiMIrUFC: raises $0.10 to $0.15
BOSS_Ecuador: folds 
AGVsmarT: folds 
Dorex2007: folds 
ak_ak_77711: folds 
Shevcuk: folds 
alexpipa27: folds 
gambitl1: folds 
Uncalled bet ($0.10) returned to VladiMIrUFC
VladiMIrUFC collected $0.12 from pot
VladiMIrUFC: doesn't show hand 
*** SUMMARY ***
Total pot $0.12 | Rake $0 
Seat 1: AGVsmarT folded before Flop (didn't bet)
Seat 2: Dorex2007 folded before Flop (didn't bet)
Seat 3: ak_ak_77711 folded before Flop (didn't bet)
Seat 4: Shevcuk (button) folded before Flop (didn't bet)
Seat 5: alexpipa27 (small blind) folded before Flop
Seat 6: gambitl1 (big blind) folded before Flop
Seat 7: bebopspike1329 folded before Flop (didn't bet)
Seat 8: VladiMIrUFC collected ($0.12)
Seat 9: BOSS_Ecuador folded before Flop (didn't bet)



PokerStars Hand #237631653813:  Hold'em No Limit ($0.02/$0.05 USD) - 2022/07/27 18:54:07 PT [2022/07/27 21:54:07 ET]
Table 'Katja II' 9-max Seat #5 is the button
Seat 1: AGVsmarT ($5.55 in chips) 
Seat 2: Dorex2007 ($5 in chips) 
Seat 3: ak_ak_77711 ($3.93 in chips) 
Seat 4: Shevcuk ($10.84 in chips) 
Seat 5: alexpipa27 ($4.23 in chips) 
Seat 6: gambitl1 ($9.05 in chips) 
Seat 7: bebopspike1329 ($5.25 in chips) 
Seat 8: VladiMIrUFC ($5.08 in chips) 
Seat 9: BOSS_Ecuador ($5.44 in chips) 
gambitl1: posts small blind $0.02
bebopspike1329: posts big blind $0.05
*** HOLE CARDS ***
Dealt to Dorex2007 [Qc Ah]
VladiMIrUFC: folds 
BOSS_Ecuador: folds 
AGVsmarT: raises $0.12 to $0.17
Dorex2007: folds 
ak_ak_77711: calls $0.17
Shevcuk: calls $0.17
alexpipa27: calls $0.17
gambitl1: folds 
bebopspike1329: folds 
*** FLOP *** [4c Kh 6c]
AGVsmarT: checks 
ak_ak_77711: checks 
Shevcuk: bets $0.36
alexpipa27: folds 
AGVsmarT: folds 
ak_ak_77711: folds 
Uncalled bet ($0.36) returned to Shevcuk
Shevcuk collected $0.72 from pot
Shevcuk: doesn't show hand 
*** SUMMARY ***
Total pot $0.75 | Rake $0.03 
Board [4c Kh 6c]
Seat 1: AGVsmarT folded on the Flop
Seat 2: Dorex2007 folded before Flop (didn't bet)
Seat 3: ak_ak_77711 folded on the Flop
Seat 4: Shevcuk collected ($0.72)
Seat 5: alexpipa27 (button) folded on the Flop
Seat 6: gambitl1 (small blind) folded before Flop
Seat 7: bebopspike1329 (big blind) folded before Flop
Seat 8: VladiMIrUFC folded before Flop (didn't bet)
Seat 9: BOSS_Ecuador folded before Flop (didn't bet)



PokerStars Hand #237631664257:  Hold'em No Limit ($0.02/$0.05 USD) - 2022/07/27 18:55:00 PT [2022/07/27 21:55:00 ET]
Table 'Katja II' 9-max Seat #6 is the button
Seat 1: AGVsmarT ($5.38 in chips) 
Seat 2: Dorex2007 ($5 in chips) 
Seat 3: ak_ak_77711 ($3.76 in chips) 
Seat 4: Shevcuk ($11.39 in chips) 
Seat 5: alexpipa27 ($4.06 in chips) 
Seat 6: gambitl1 ($9.03 in chips) 
Seat 7: bebopspike1329 ($5.20 in chips) 
Seat 8: VladiMIrUFC ($5.08 in chips) 
Seat 9: BOSS_Ecuador ($5.44 in chips) 
bebopspike1329: posts small blind $0.02
VladiMIrUFC: posts big blind $0.05
*** HOLE CARDS ***
Dealt to Dorex2007 [2s 9s]
BOSS_Ecuador: folds 
AGVsmarT: folds 
Dorex2007: folds 
ak_ak_77711: folds 
Shevcuk: raises $0.10 to $0.15
alexpipa27: folds 
gambitl1: folds 
bebopspike1329: folds 
VladiMIrUFC: folds 
Uncalled bet ($0.10) returned to Shevcuk
Shevcuk collected $0.12 from pot
Shevcuk: doesn't show hand 
*** SUMMARY ***
Total pot $0.12 | Rake $0 
Seat 1: AGVsmarT folded before Flop (didn't bet)
Seat 2: Dorex2007 folded before Flop (didn't bet)
Seat 3: ak_ak_77711 folded before Flop (didn't bet)
Seat 4: Shevcuk collected ($0.12)
Seat 5: alexpipa27 folded before Flop (didn't bet)
Seat 6: gambitl1 (button) folded before Flop (didn't bet)
Seat 7: bebopspike1329 (small blind) folded before Flop
Seat 8: VladiMIrUFC (big blind) folded before Flop
Seat 9: BOSS_Ecuador folded before Flop (didn't bet)



PokerStars Hand #237631668277:  Hold'em No Limit ($0.02/$0.05 USD) - 2022/07/27 18:55:23 PT [2022/07/27 21:55:23 ET]
Table 'Katja II' 9-max Seat #7 is the button
Seat 1: AGVsmarT ($5.38 in chips) 
Seat 2: Dorex2007 ($5 in chips) 
Seat 3: ak_ak_77711 ($3.76 in chips) 
Seat 4: Shevcuk ($11.46 in chips) 
Seat 5: alexpipa27 ($4.06 in chips) 
Seat 6: gambitl1 ($9.03 in chips) 
Seat 7: bebopspike1329 ($5.18 in chips) 
Seat 8: VladiMIrUFC ($5.03 in chips) 
Seat 9: BOSS_Ecuador ($5.44 in chips) 
VladiMIrUFC: posts small blind $0.02
BOSS_Ecuador: posts big blind $0.05
*** HOLE CARDS ***
Dealt to Dorex2007 [5c Td]
AGVsmarT: folds 
Dorex2007: folds 
ak_ak_77711: raises $0.05 to $0.10
Shevcuk: folds 
alexpipa27: calls $0.10
gambitl1: folds 
bebopspike1329: calls $0.10
VladiMIrUFC: calls $0.08
BOSS_Ecuador: raises $0.50 to $0.60
ak_ak_77711: calls $0.50
alexpipa27: calls $0.50
bebopspike1329: folds 
VladiMIrUFC: calls $0.50
*** FLOP *** [7d 2s 8s]
VladiMIrUFC: checks 
BOSS_Ecuador: checks 
ak_ak_77711: bets $2.60
alexpipa27: folds 
VladiMIrUFC: calls $2.60
BOSS_Ecuador: folds 
*** TURN *** [7d 2s 8s] [9c]
VladiMIrUFC: bets $1.83 and is all-in
ak_ak_77711: calls $0.56 and is all-in
Uncalled bet ($1.27) returned to VladiMIrUFC
*** RIVER *** [7d 2s 8s 9c] [Qc]
*** SHOW DOWN ***
VladiMIrUFC: shows [2d 2c] (three of a kind, Deuces)
ak_ak_77711: shows [Ts Ad] (high card Ace)
VladiMIrUFC collected $8.45 from pot
*** SUMMARY ***
Total pot $8.82 | Rake $0.37 
Board [7d 2s 8s 9c Qc]
Seat 1: AGVsmarT folded before Flop (didn't bet)
Seat 2: Dorex2007 folded before Flop (didn't bet)
Seat 3: ak_ak_77711 showed [Ts Ad] and lost with high card Ace
Seat 4: Shevcuk folded before Flop (didn't bet)
Seat 5: alexpipa27 folded on the Flop
Seat 6: gambitl1 folded before Flop (didn't bet)
Seat 7: bebopspike1329 (button) folded before Flop
Seat 8: VladiMIrUFC (small blind) showed [2d 2c] and won ($8.45) with three of a kind, Deuces
Seat 9: BOSS_Ecuador (big blind) folded on the Flop



PokerStars Hand #237631680107:  Hold'em No Limit ($0.02/$0.05 USD) - 2022/07/27 18:56:37 PT [2022/07/27 21:56:37 ET]
Table 'Katja II' 9-max Seat #8 is the button
Seat 1: AGVsmarT ($5.38 in chips) 
Seat 2: Dorex2007 ($5 in chips) 
Seat 4: Shevcuk ($11.46 in chips) 
Seat 5: alexpipa27 ($3.46 in chips) 
Seat 6: gambitl1 ($9.03 in chips) 
Seat 7: bebopspike1329 ($5.08 in chips) 
Seat 8: VladiMIrUFC ($9.72 in chips) 
Seat 9: BOSS_Ecuador ($5 in chips) 
BOSS_Ecuador: posts small blind $0.02
AGVsmarT: posts big blind $0.05
*** HOLE CARDS ***
Dealt to Dorex2007 [Ac 9d]
Dorex2007: folds 
Shevcuk: raises $0.13 to $0.18
alexpipa27: folds 
gambitl1: folds 
bebopspike1329: folds 
VladiMIrUFC: folds 
BOSS_Ecuador: folds 
AGVsmarT: calls $0.13
*** FLOP *** [9s 4c 5h]
AGVsmarT: checks 
Shevcuk: bets $0.27
AGVsmarT: folds 
Uncalled bet ($0.27) returned to Shevcuk
Shevcuk collected $0.36 from pot
Shevcuk: doesn't show hand 
*** SUMMARY ***
Total pot $0.38 | Rake $0.02 
Board [9s 4c 5h]
Seat 1: AGVsmarT (big blind) folded on the Flop
Seat 2: Dorex2007 folded before Flop (didn't bet)
Seat 4: Shevcuk collected ($0.36)
Seat 5: alexpipa27 folded before Flop (didn't bet)
Seat 6: gambitl1 folded before Flop (didn't bet)
Seat 7: bebopspike1329 folded before Flop (didn't bet)
Seat 8: VladiMIrUFC (button) folded before Flop (didn't bet)
Seat 9: BOSS_Ecuador (small blind) folded before Flop



PokerStars Hand #237631698673:  Hold'em No Limit ($0.02/$0.05 USD) - 2022/07/27 18:57:34 PT [2022/07/27 21:57:34 ET]
Table 'Katja II' 9-max Seat #9 is the button
Seat 1: AGVsmarT ($5.20 in chips) 
Seat 2: Dorex2007 ($5 in chips) 
Seat 4: Shevcuk ($11.64 in chips) 
Seat 5: alexpipa27 ($3.46 in chips) 
Seat 6: gambitl1 ($9.03 in chips) 
Seat 7: bebopspike1329 ($5.08 in chips) 
Seat 8: VladiMIrUFC ($9.72 in chips) 
Seat 9: BOSS_Ecuador ($5 in chips) 
AGVsmarT: posts small blind $0.02
Dorex2007: posts big blind $0.05
*** HOLE CARDS ***
Dealt to Dorex2007 [9c Ts]
G3NoRozty joins the table at seat #3 
Shevcuk: folds 
alexpipa27: folds 
gambitl1: raises $0.10 to $0.15
bebopspike1329: folds 
VladiMIrUFC: calls $0.15
BOSS_Ecuador: calls $0.15
AGVsmarT: folds 
Dorex2007: folds 
*** FLOP *** [8d 3c 2h]
gambitl1: checks 
VladiMIrUFC: checks 
BOSS_Ecuador: bets $0.25
gambitl1: raises $0.35 to $0.60
VladiMIrUFC: calls $0.60
BOSS_Ecuador: calls $0.35
*** TURN *** [8d 3c 2h] [Qc]
gambitl1: checks 
VladiMIrUFC: checks 
BOSS_Ecuador: checks 
*** RIVER *** [8d 3c 2h Qc] [7c]
gambitl1: checks 
VladiMIrUFC: bets $1.40
BOSS_Ecuador: calls $1.40
gambitl1: folds 
*** SHOW DOWN ***
VladiMIrUFC: shows [8s 8h] (three of a kind, Eights)
BOSS_Ecuador: mucks hand 
VladiMIrUFC collected $4.91 from pot
*** SUMMARY ***
Total pot $5.12 | Rake $0.21 
Board [8d 3c 2h Qc 7c]
Seat 1: AGVsmarT (small blind) folded before Flop
Seat 2: Dorex2007 (big blind) folded before Flop
Seat 4: Shevcuk folded before Flop (didn't bet)
Seat 5: alexpipa27 folded before Flop (didn't bet)
Seat 6: gambitl1 folded on the River
Seat 7: bebopspike1329 folded before Flop (didn't bet)
Seat 8: VladiMIrUFC showed [8s 8h] and won ($4.91) with three of a kind, Eights
Seat 9: BOSS_Ecuador (button) mucked [Js Qd]



PokerStars Hand #237631714470:  Hold'em No Limit ($0.02/$0.05 USD) - 2022/07/27 18:59:11 PT [2022/07/27 21:59:11 ET]
Table 'Katja II' 9-max Seat #1 is the button
Seat 1: AGVsmarT ($5.18 in chips) 
Seat 2: Dorex2007 ($5 in chips) 
Seat 3: G3NoRozty ($5 in chips) 
Seat 4: Shevcuk ($11.64 in chips) 
Seat 5: alexpipa27 ($3.46 in chips) 
Seat 6: gambitl1 ($8.28 in chips) 
Seat 7: bebopspike1329 ($5.08 in chips) 
Seat 8: VladiMIrUFC ($12.48 in chips) 
Seat 9: BOSS_Ecuador ($5 in chips) 
Dorex2007: posts small blind $0.02
G3NoRozty: posts big blind $0.05
*** HOLE CARDS ***
Dealt to Dorex2007 [Kd 8d]
Shevcuk: folds 
alexpipa27: calls $0.05
gambitl1: folds 
bebopspike1329: raises $0.15 to $0.20
VladiMIrUFC: folds 
BOSS_Ecuador: raises $0.90 to $1.10
AGVsmarT: folds 
Dorex2007: folds 
G3NoRozty: folds 
alexpipa27: folds 
bebopspike1329: folds 
Uncalled bet ($0.90) returned to BOSS_Ecuador
BOSS_Ecuador collected $0.52 from pot
BOSS_Ecuador: doesn't show hand 
*** SUMMARY ***
Total pot $0.52 | Rake $0 
Seat 1: AGVsmarT (button) folded before Flop (didn't bet)
Seat 2: Dorex2007 (small blind) folded before Flop
Seat 3: G3NoRozty (big blind) folded before Flop
Seat 4: Shevcuk folded before Flop (didn't bet)
Seat 5: alexpipa27 folded before Flop
Seat 6: gambitl1 folded before Flop (didn't bet)
Seat 7: bebopspike1329 folded before Flop
Seat 8: VladiMIrUFC folded before Flop (didn't bet)
Seat 9: BOSS_Ecuador collected ($0.52)



PokerStars Hand #237631718472:  Hold'em No Limit ($0.02/$0.05 USD) - 2022/07/27 18:59:36 PT [2022/07/27 21:59:36 ET]
Table 'Katja II' 9-max Seat #2 is the button
Seat 1: AGVsmarT ($5.18 in chips) 
Seat 2: Dorex2007 ($5 in chips) 
Seat 3: G3NoRozty ($4.95 in chips) 
Seat 4: Shevcuk ($11.64 in chips) 
Seat 5: alexpipa27 ($3.41 in chips) 
Seat 6: gambitl1 ($8.28 in chips) 
Seat 7: bebopspike1329 ($4.88 in chips) 
Seat 8: VladiMIrUFC ($12.48 in chips) 
Seat 9: BOSS_Ecuador ($5.32 in chips) 
G3NoRozty: posts small blind $0.02
Shevcuk: posts big blind $0.05
*** HOLE CARDS ***
Dealt to Dorex2007 [4s 8c]
alexpipa27: folds 
gambitl1: folds 
bebopspike1329: folds 
VladiMIrUFC: folds 
BOSS_Ecuador: folds 
AGVsmarT: raises $0.12 to $0.17
Dorex2007: folds 
G3NoRozty: folds 
Shevcuk: calls $0.12
*** FLOP *** [Qh 4h 8s]
G3NoRozty leaves the table
Shevcuk: checks 
thiagotoddy joins the table at seat #3 
AGVsmarT: bets $0.35
Shevcuk: folds 
Uncalled bet ($0.35) returned to AGVsmarT
AGVsmarT collected $0.35 from pot
AGVsmarT: doesn't show hand 
*** SUMMARY ***
Total pot $0.36 | Rake $0.01 
Board [Qh 4h 8s]
Seat 1: AGVsmarT collected ($0.35)
Seat 2: Dorex2007 (button) folded before Flop (didn't bet)
Seat 3: G3NoRozty (small blind) folded before Flop
Seat 4: Shevcuk (big blind) folded on the Flop
Seat 5: alexpipa27 folded before Flop (didn't bet)
Seat 6: gambitl1 folded before Flop (didn't bet)
Seat 7: bebopspike1329 folded before Flop (didn't bet)
Seat 8: VladiMIrUFC folded before Flop (didn't bet)
Seat 9: BOSS_Ecuador folded before Flop (didn't bet)



PokerStars Hand #237631726516:  Hold'em No Limit ($0.02/$0.05 USD) - 2022/07/27 19:00:24 PT [2022/07/27 22:00:24 ET]
Table 'Katja II' 9-max Seat #4 is the button
Seat 1: AGVsmarT ($5.36 in chips) 
Seat 2: Dorex2007 ($5 in chips) 
Seat 3: thiagotoddy ($2.12 in chips) 
Seat 4: Shevcuk ($11.47 in chips) 
Seat 5: alexpipa27 ($3.41 in chips) 
Seat 6: gambitl1 ($8.28 in chips) 
Seat 7: bebopspike1329 ($4.88 in chips) 
Seat 8: VladiMIrUFC ($12.48 in chips) 
Seat 9: BOSS_Ecuador ($5.32 in chips) 
alexpipa27: posts small blind $0.02
gambitl1: posts big blind $0.05
thiagotoddy: posts big blind $0.05
*** HOLE CARDS ***
Dealt to Dorex2007 [6h 6c]
bebopspike1329: folds 
VladiMIrUFC: folds 
BOSS_Ecuador: raises $0.23 to $0.28
AGVsmarT: folds 
Dorex2007: folds 
thiagotoddy: calls $0.23
Shevcuk: calls $0.28
alexpipa27: folds 
gambitl1: folds 
*** FLOP *** [2c Ts 4d]
BOSS_Ecuador: bets $0.87
thiagotoddy: raises $0.97 to $1.84 and is all-in
Shevcuk: folds 
BOSS_Ecuador: calls $0.97
*** TURN *** [2c Ts 4d] [5c]
*** RIVER *** [2c Ts 4d 5c] [2s]
*** SHOW DOWN ***
BOSS_Ecuador: shows [Jc Jd] (two pair, Jacks and Deuces)
thiagotoddy: shows [Ad Kc] (a pair of Deuces)
BOSS_Ecuador collected $4.40 from pot
thiagotoddy cashed out the hand for $1.14 | Cash Out Fee $0.01
*** SUMMARY ***
Total pot $4.59 | Rake $0.19 
Board [2c Ts 4d 5c 2s]
Seat 1: AGVsmarT folded before Flop (didn't bet)
Seat 2: Dorex2007 folded before Flop (didn't bet)
Seat 3: thiagotoddy showed [Ad Kc] and lost with a pair of Deuces (cashed out).
Seat 4: Shevcuk (button) folded on the Flop
Seat 5: alexpipa27 (small blind) folded before Flop
Seat 6: gambitl1 (big blind) folded before Flop
Seat 7: bebopspike1329 folded before Flop (didn't bet)
Seat 8: VladiMIrUFC folded before Flop (didn't bet)
Seat 9: BOSS_Ecuador showed [Jc Jd] and won ($4.40) with two pair, Jacks and Deuces



PokerStars Hand #237631739462:  Hold'em No Limit ($0.02/$0.05 USD) - 2022/07/27 19:01:35 PT [2022/07/27 22:01:35 ET]
Table 'Katja II' 9-max Seat #5 is the button
Seat 1: AGVsmarT ($5.36 in chips) 
Seat 2: Dorex2007 ($5 in chips) 
Seat 3: thiagotoddy ($1.14 in chips) 
Seat 4: Shevcuk ($11.19 in chips) 
Seat 5: alexpipa27 ($3.39 in chips) 
Seat 6: gambitl1 ($8.23 in chips) 
Seat 7: bebopspike1329 ($4.88 in chips) 
Seat 8: VladiMIrUFC ($12.48 in chips) 
Seat 9: BOSS_Ecuador ($7.60 in chips) 
gambitl1: posts small blind $0.02
bebopspike1329: posts big blind $0.05
*** HOLE CARDS ***
Dealt to Dorex2007 [Qc 3s]
VladiMIrUFC: folds 
BOSS_Ecuador: folds 
AGVsmarT: folds 
Dorex2007: folds 
thiagotoddy: calls $0.05
Shevcuk: calls $0.05
alexpipa27: folds 
gambitl1: folds 
bebopspike1329: checks 
*** FLOP *** [Ad 5d Jd]
bebopspike1329: checks 
thiagotoddy: checks 
Shevcuk: checks 
*** TURN *** [Ad 5d Jd] [8s]
bebopspike1329: checks 
thiagotoddy: checks 
Shevcuk: checks 
*** RIVER *** [Ad 5d Jd 8s] [Td]
bebopspike1329: checks 
thiagotoddy: checks 
Shevcuk: checks 
*** SHOW DOWN ***
bebopspike1329: shows [6h 9s] (high card Ace)
thiagotoddy: shows [Th 6s] (a pair of Tens)
Shevcuk: mucks hand 
thiagotoddy collected $0.16 from pot
*** SUMMARY ***
Total pot $0.17 | Rake $0.01 
Board [Ad 5d Jd 8s Td]
Seat 1: AGVsmarT folded before Flop (didn't bet)
Seat 2: Dorex2007 folded before Flop (didn't bet)
Seat 3: thiagotoddy showed [Th 6s] and won ($0.16) with a pair of Tens
Seat 4: Shevcuk mucked [4h Kh]
Seat 5: alexpipa27 (button) folded before Flop (didn't bet)
Seat 6: gambitl1 (small blind) folded before Flop
Seat 7: bebopspike1329 (big blind) showed [6h 9s] and lost with high card Ace
Seat 8: VladiMIrUFC folded before Flop (didn't bet)
Seat 9: BOSS_Ecuador folded before Flop (didn't bet)



PokerStars Hand #237631747997:  Hold'em No Limit ($0.02/$0.05 USD) - 2022/07/27 19:02:18 PT [2022/07/27 22:02:18 ET]
Table 'Katja II' 9-max Seat #6 is the button
Seat 1: AGVsmarT ($5.36 in chips) 
Seat 2: Dorex2007 ($5 in chips) 
Seat 3: thiagotoddy ($1.25 in chips) 
Seat 4: Shevcuk ($11.14 in chips) 
Seat 5: alexpipa27 ($3.39 in chips) 
Seat 6: gambitl1 ($8.21 in chips) 
Seat 7: bebopspike1329 ($4.83 in chips) 
Seat 8: VladiMIrUFC ($12.48 in chips) 
Seat 9: BOSS_Ecuador ($7.60 in chips) 
bebopspike1329: posts small blind $0.02
VladiMIrUFC: posts big blind $0.05
*** HOLE CARDS ***
Dealt to Dorex2007 [2c 8c]
BOSS_Ecuador: raises $0.12 to $0.17
AGVsmarT: folds 
Dorex2007: folds 
thiagotoddy: calls $0.17
Shevcuk: calls $0.17
alexpipa27: folds 
gambitl1: folds 
bebopspike1329: folds 
VladiMIrUFC: folds 
*** FLOP *** [9c Jd 7s]
BOSS_Ecuador: checks 
thiagotoddy: checks 
Shevcuk: checks 
*** TURN *** [9c Jd 7s] [Kd]
BOSS_Ecuador: bets $0.28
thiagotoddy: folds 
Shevcuk: folds 
Uncalled bet ($0.28) returned to BOSS_Ecuador
BOSS_Ecuador collected $0.56 from pot
BOSS_Ecuador: doesn't show hand 
*** SUMMARY ***
Total pot $0.58 | Rake $0.02 
Board [9c Jd 7s Kd]
Seat 1: AGVsmarT folded before Flop (didn't bet)
Seat 2: Dorex2007 folded before Flop (didn't bet)
Seat 3: thiagotoddy folded on the Turn
Seat 4: Shevcuk folded on the Turn
Seat 5: alexpipa27 folded before Flop (didn't bet)
Seat 6: gambitl1 (button) folded before Flop (didn't bet)
Seat 7: bebopspike1329 (small blind) folded before Flop
Seat 8: VladiMIrUFC (big blind) folded before Flop
Seat 9: BOSS_Ecuador collected ($0.56)



PokerStars Hand #237631755486:  Hold'em No Limit ($0.02/$0.05 USD) - 2022/07/27 19:02:56 PT [2022/07/27 22:02:56 ET]
Table 'Katja II' 9-max Seat #7 is the button
Seat 1: AGVsmarT ($5.36 in chips) 
Seat 2: Dorex2007 ($5 in chips) 
Seat 3: thiagotoddy ($1.08 in chips) 
Seat 4: Shevcuk ($10.97 in chips) 
Seat 5: alexpipa27 ($3.39 in chips) 
Seat 6: gambitl1 ($8.21 in chips) 
Seat 7: bebopspike1329 ($4.81 in chips) 
Seat 8: VladiMIrUFC ($12.43 in chips) 
Seat 9: BOSS_Ecuador ($7.99 in chips) 
VladiMIrUFC: posts small blind $0.02
BOSS_Ecuador: posts big blind $0.05
*** HOLE CARDS ***
Dealt to Dorex2007 [9h 2s]
AGVsmarT: folds 
Dorex2007: folds 
thiagotoddy: calls $0.05
Shevcuk: folds 
alexpipa27: calls $0.05
gambitl1: folds 
bebopspike1329: folds 
VladiMIrUFC: folds 
BOSS_Ecuador: checks 
*** FLOP *** [Td 3c Qd]
BOSS_Ecuador: checks 
thiagotoddy: checks 
alexpipa27: bets $0.16
BOSS_Ecuador: calls $0.16
thiagotoddy: calls $0.16
*** TURN *** [Td 3c Qd] [4h]
BOSS_Ecuador: checks 
thiagotoddy: checks 
alexpipa27: checks 
*** RIVER *** [Td 3c Qd 4h] [5s]
BOSS_Ecuador: checks 
thiagotoddy: checks 
alexpipa27: checks 
*** SHOW DOWN ***
BOSS_Ecuador: shows [9d Jc] (high card Queen)
thiagotoddy: shows [8d 5d] (a pair of Fives)
alexpipa27: shows [Jd Ts] (a pair of Tens)
alexpipa27 collected $0.62 from pot
*** SUMMARY ***
Total pot $0.65 | Rake $0.03 
Board [Td 3c Qd 4h 5s]
Seat 1: AGVsmarT folded before Flop (didn't bet)
Seat 2: Dorex2007 folded before Flop (didn't bet)
Seat 3: thiagotoddy showed [8d 5d] and lost with a pair of Fives
Seat 4: Shevcuk folded before Flop (didn't bet)
Seat 5: alexpipa27 showed [Jd Ts] and won ($0.62) with a pair of Tens
Seat 6: gambitl1 folded before Flop (didn't bet)
Seat 7: bebopspike1329 (button) folded before Flop (didn't bet)
Seat 8: VladiMIrUFC (small blind) folded before Flop
Seat 9: BOSS_Ecuador (big blind) showed [9d Jc] and lost with high card Queen



PokerStars Hand #237631764548:  Hold'em No Limit ($0.02/$0.05 USD) - 2022/07/27 19:03:43 PT [2022/07/27 22:03:43 ET]
Table 'Katja II' 9-max Seat #8 is the button
Seat 1: AGVsmarT ($5.36 in chips) 
Seat 2: Dorex2007 ($5 in chips) 
Seat 3: thiagotoddy ($0.87 in chips) 
Seat 4: Shevcuk ($10.97 in chips) 
Seat 5: alexpipa27 ($3.80 in chips) 
Seat 6: gambitl1 ($8.21 in chips) 
Seat 7: bebopspike1329 ($4.81 in chips) 
Seat 8: VladiMIrUFC ($12.41 in chips) 
Seat 9: BOSS_Ecuador ($7.78 in chips) 
BOSS_Ecuador: posts small blind $0.02
AGVsmarT: posts big blind $0.05
*** HOLE CARDS ***
Dealt to Dorex2007 [Ah 3d]
Dorex2007: folds 
thiagotoddy: calls $0.05
Shevcuk: folds 
alexpipa27: calls $0.05
gambitl1: folds 
bebopspike1329: folds 
VladiMIrUFC: folds 
BOSS_Ecuador: calls $0.03
AGVsmarT: checks 
*** FLOP *** [As Tc 4d]
BOSS_Ecuador: checks 
AGVsmarT: checks 
thiagotoddy: checks 
alexpipa27: checks 
*** TURN *** [As Tc 4d] [6d]
BOSS_Ecuador: checks 
AGVsmarT: checks 
thiagotoddy: checks 
alexpipa27: checks 
*** RIVER *** [As Tc 4d 6d] [4s]
BOSS_Ecuador: checks 
AGVsmarT: checks 
thiagotoddy: checks 
alexpipa27: bets $0.19
BOSS_Ecuador: folds 
AGVsmarT: folds 
thiagotoddy: folds 
Uncalled bet ($0.19) returned to alexpipa27
alexpipa27 collected $0.19 from pot
alexpipa27: doesn't show hand 
*** SUMMARY ***
Total pot $0.20 | Rake $0.01 
Board [As Tc 4d 6d 4s]
Seat 1: AGVsmarT (big blind) folded on the River
Seat 2: Dorex2007 folded before Flop (didn't bet)
Seat 3: thiagotoddy folded on the River
Seat 4: Shevcuk folded before Flop (didn't bet)
Seat 5: alexpipa27 collected ($0.19)
Seat 6: gambitl1 folded before Flop (didn't bet)
Seat 7: bebopspike1329 folded before Flop (didn't bet)
Seat 8: VladiMIrUFC (button) folded before Flop (didn't bet)
Seat 9: BOSS_Ecuador (small blind) folded on the River



PokerStars Hand #237631774841:  Hold'em No Limit ($0.02/$0.05 USD) - 2022/07/27 19:04:34 PT [2022/07/27 22:04:34 ET]
Table 'Katja II' 9-max Seat #9 is the button
Seat 1: AGVsmarT ($5.31 in chips) 
Seat 2: Dorex2007 ($5 in chips) 
Seat 3: thiagotoddy ($0.82 in chips) 
Seat 4: Shevcuk ($10.97 in chips) 
Seat 5: alexpipa27 ($3.94 in chips) 
Seat 6: gambitl1 ($8.21 in chips) 
Seat 7: bebopspike1329 ($4.81 in chips) 
Seat 8: VladiMIrUFC ($12.41 in chips) 
Seat 9: BOSS_Ecuador ($7.73 in chips) 
AGVsmarT: posts small blind $0.02
Dorex2007: posts big blind $0.05
*** HOLE CARDS ***
Dealt to Dorex2007 [5d 6h]
thiagotoddy: folds 
Shevcuk: raises $0.15 to $0.20
alexpipa27: folds 
gambitl1: folds 
bebopspike1329: folds 
VladiMIrUFC: folds 
BOSS_Ecuador: calls $0.20
AGVsmarT: calls $0.18
Dorex2007: folds 
*** FLOP *** [Tc 3d 3h]
AGVsmarT: checks 
Shevcuk: bets $0.31
BOSS_Ecuador: folds 
AGVsmarT: folds 
Uncalled bet ($0.31) returned to Shevcuk
Shevcuk collected $0.62 from pot
Shevcuk: doesn't show hand 
*** SUMMARY ***
Total pot $0.65 | Rake $0.03 
Board [Tc 3d 3h]
Seat 1: AGVsmarT (small blind) folded on the Flop
Seat 2: Dorex2007 (big blind) folded before Flop
Seat 3: thiagotoddy folded before Flop (didn't bet)
Seat 4: Shevcuk collected ($0.62)
Seat 5: alexpipa27 folded before Flop (didn't bet)
Seat 6: gambitl1 folded before Flop (didn't bet)
Seat 7: bebopspike1329 folded before Flop (didn't bet)
Seat 8: VladiMIrUFC folded before Flop (didn't bet)
Seat 9: BOSS_Ecuador (button) folded on the Flop



PokerStars Hand #237631782406:  Hold'em No Limit ($0.02/$0.05 USD) - 2022/07/27 19:05:12 PT [2022/07/27 22:05:12 ET]
Table 'Katja II' 9-max Seat #1 is the button
Seat 1: AGVsmarT ($5.11 in chips) 
Seat 2: Dorex2007 ($5 in chips) 
Seat 3: thiagotoddy ($0.82 in chips) 
Seat 4: Shevcuk ($11.39 in chips) 
Seat 5: alexpipa27 ($3.94 in chips) 
Seat 6: gambitl1 ($8.21 in chips) 
Seat 7: bebopspike1329 ($4.81 in chips) 
Seat 8: VladiMIrUFC ($12.41 in chips) 
Seat 9: BOSS_Ecuador ($7.53 in chips) 
Dorex2007: posts small blind $0.02
thiagotoddy: posts big blind $0.05
*** HOLE CARDS ***
Dealt to Dorex2007 [3c 8c]
Shevcuk: folds 
alexpipa27: calls $0.05
gambitl1: folds 
bebopspike1329: folds 
VladiMIrUFC has timed out
VladiMIrUFC: folds 
BOSS_Ecuador: raises $0.12 to $0.17
AGVsmarT: calls $0.17
Dorex2007: folds 
thiagotoddy: calls $0.12
alexpipa27: calls $0.12
*** FLOP *** [2h Kh Ah]
thiagotoddy: bets $0.65 and is all-in
alexpipa27: folds 
BOSS_Ecuador: calls $0.65
AGVsmarT: folds 
*** TURN *** [2h Kh Ah] [6s]
*** RIVER *** [2h Kh Ah 6s] [7h]
*** SHOW DOWN ***
thiagotoddy: shows [Qd Jh] (a flush, Ace high)
BOSS_Ecuador: shows [Ks Qh] (a flush, Ace high - Queen higher)
BOSS_Ecuador collected $1.92 from pot
*** SUMMARY ***
Total pot $2 | Rake $0.08 
Board [2h Kh Ah 6s 7h]
Seat 1: AGVsmarT (button) folded on the Flop
Seat 2: Dorex2007 (small blind) folded before Flop
Seat 3: thiagotoddy (big blind) showed [Qd Jh] and lost with a flush, Ace high
Seat 4: Shevcuk folded before Flop (didn't bet)
Seat 5: alexpipa27 folded on the Flop
Seat 6: gambitl1 folded before Flop (didn't bet)
Seat 7: bebopspike1329 folded before Flop (didn't bet)
Seat 8: VladiMIrUFC folded before Flop (didn't bet)
Seat 9: BOSS_Ecuador showed [Ks Qh] and won ($1.92) with a flush, Ace high



PokerStars Hand #237631795780:  Hold'em No Limit ($0.02/$0.05 USD) - 2022/07/27 19:06:20 PT [2022/07/27 22:06:20 ET]
Table 'Katja II' 9-max Seat #2 is the button
Seat 1: AGVsmarT ($4.94 in chips) 
Seat 2: Dorex2007 ($5 in chips) 
Seat 4: Shevcuk ($11.39 in chips) 
Seat 5: alexpipa27 ($3.77 in chips) 
Seat 6: gambitl1 ($8.21 in chips) 
Seat 7: bebopspike1329 ($4.81 in chips) 
Seat 8: VladiMIrUFC ($12.41 in chips) 
Seat 9: BOSS_Ecuador ($8.63 in chips) 
Shevcuk: posts small blind $0.02
alexpipa27: posts big blind $0.05
*** HOLE CARDS ***
Dealt to Dorex2007 [As Ad]
gambitl1: folds 
bebopspike1329: raises $0.10 to $0.15
VladiMIrUFC: folds 
BOSS_Ecuador: folds 
AGVsmarT: folds 
Dorex2007: raises $0.30 to $0.45
Shevcuk: folds 
alexpipa27: calls $0.40
bebopspike1329: calls $0.30
*** FLOP *** [5s 5c 4h]
alexpipa27: bets $0.65
bebopspike1329: folds 
Dorex2007: raises $3.90 to $4.55 and is all-in
alexpipa27: calls $2.67 and is all-in
Uncalled bet ($1.23) returned to Dorex2007
thiagotoddy is disconnected 
*** TURN *** [5s 5c 4h] [Qc]
*** RIVER *** [5s 5c 4h Qc] [7h]
*** SHOW DOWN ***
alexpipa27: shows [9h 9d] (two pair, Nines and Fives)
Dorex2007: shows [As Ad] (two pair, Aces and Fives)
Dorex2007 cashed out the hand for $6.96 | Cash Out Fee $0.07
*** SUMMARY ***
Total pot $8.01 | Rake $0.33 
Board [5s 5c 4h Qc 7h]
Seat 1: AGVsmarT folded before Flop (didn't bet)
Seat 2: Dorex2007 (button) showed [As Ad] and won ($7.68) with two pair, Aces and Fives (pot not awarded as player cashed out)
Seat 4: Shevcuk (small blind) folded before Flop
Seat 5: alexpipa27 (big blind) showed [9h 9d] and lost with two pair, Nines and Fives
Seat 6: gambitl1 folded before Flop (didn't bet)
Seat 7: bebopspike1329 folded on the Flop
Seat 8: VladiMIrUFC folded before Flop (didn't bet)
Seat 9: BOSS_Ecuador folded before Flop (didn't bet)



PokerStars Hand #237631807558:  Hold'em No Limit ($0.02/$0.05 USD) - 2022/07/27 19:07:21 PT [2022/07/27 22:07:21 ET]
Table 'Katja II' 9-max Seat #4 is the button
Seat 1: AGVsmarT ($4.94 in chips) 
Seat 2: Dorex2007 ($8.19 in chips) 
Seat 4: Shevcuk ($11.37 in chips) 
Seat 6: gambitl1 ($8.21 in chips) 
Seat 7: bebopspike1329 ($4.36 in chips) 
Seat 8: VladiMIrUFC ($12.41 in chips) 
Seat 9: BOSS_Ecuador ($8.63 in chips) 
gambitl1: posts small blind $0.02
bebopspike1329: posts big blind $0.05
*** HOLE CARDS ***
Dealt to Dorex2007 [Ac 9c]
VladiMIrUFC: folds 
BOSS_Ecuador: folds 
AGVsmarT: folds 
Dorex2007: folds 
alexpipa27 leaves the table
Shevcuk: folds 
Ani-venger joins the table at seat #5 
gambitl1: calls $0.03
bebopspike1329: checks 
*** FLOP *** [6c 5s Ad]
gambitl1: checks 
bebopspike1329: bets $0.10
gambitl1: calls $0.10
*** TURN *** [6c 5s Ad] [Kh]
gambitl1: checks 
bebopspike1329: bets $0.15
gambitl1: folds 
Uncalled bet ($0.15) returned to bebopspike1329
bebopspike1329 collected $0.29 from pot
bebopspike1329: doesn't show hand 
*** SUMMARY ***
Total pot $0.30 | Rake $0.01 
Board [6c 5s Ad Kh]
Seat 1: AGVsmarT folded before Flop (didn't bet)
Seat 2: Dorex2007 folded before Flop (didn't bet)
Seat 4: Shevcuk (button) folded before Flop (didn't bet)
Seat 6: gambitl1 (small blind) folded on the Turn
Seat 7: bebopspike1329 (big blind) collected ($0.29)
Seat 8: VladiMIrUFC folded before Flop (didn't bet)
Seat 9: BOSS_Ecuador folded before Flop (didn't bet)



PokerStars Hand #237631824295:  Hold'em No Limit ($0.02/$0.05 USD) - 2022/07/27 19:08:47 PT [2022/07/27 22:08:47 ET]
Table 'Katja II' 9-max Seat #6 is the button
Seat 1: AGVsmarT ($4.94 in chips) 
Seat 2: Dorex2007 ($8.19 in chips) 
Seat 4: Shevcuk ($11.37 in chips) 
Seat 5: Ani-venger ($5 in chips) 
Seat 6: gambitl1 ($8.06 in chips) 
Seat 7: bebopspike1329 ($4.50 in chips) 
Seat 8: VladiMIrUFC ($12.41 in chips) 
Seat 9: BOSS_Ecuador ($8.63 in chips) 
bebopspike1329: posts small blind $0.02
VladiMIrUFC: posts big blind $0.05
Ani-venger: posts big blind $0.05
*** HOLE CARDS ***
Dealt to Dorex2007 [Qc Jc]
BOSS_Ecuador: folds 
AGVsmarT: folds 
Dorex2007: raises $0.10 to $0.15
Shevcuk: raises $0.45 to $0.60
Ani-venger: folds 
gambitl1: folds 
bebopspike1329: folds 
VladiMIrUFC: folds 
Dorex2007: folds 
Uncalled bet ($0.45) returned to Shevcuk
Shevcuk collected $0.42 from pot
Shevcuk: doesn't show hand 
*** SUMMARY ***
Total pot $0.42 | Rake $0 
Seat 1: AGVsmarT folded before Flop (didn't bet)
Seat 2: Dorex2007 folded before Flop
Seat 4: Shevcuk collected ($0.42)
Seat 5: Ani-venger folded before Flop (didn't bet)
Seat 6: gambitl1 (button) folded before Flop (didn't bet)
Seat 7: bebopspike1329 (small blind) folded before Flop
Seat 8: VladiMIrUFC (big blind) folded before Flop
Seat 9: BOSS_Ecuador folded before Flop (didn't bet)



PokerStars Hand #237631828917:  Hold'em No Limit ($0.02/$0.05 USD) - 2022/07/27 19:09:11 PT [2022/07/27 22:09:11 ET]
Table 'Katja II' 9-max Seat #7 is the button
Seat 1: AGVsmarT ($4.94 in chips) 
Seat 2: Dorex2007 ($8.04 in chips) 
Seat 4: Shevcuk ($11.64 in chips) 
Seat 5: Ani-venger ($4.95 in chips) 
Seat 6: gambitl1 ($8.06 in chips) 
Seat 7: bebopspike1329 ($4.48 in chips) 
Seat 8: VladiMIrUFC ($12.36 in chips) 
Seat 9: BOSS_Ecuador ($8.63 in chips) 
VladiMIrUFC: posts small blind $0.02
BOSS_Ecuador: posts big blind $0.05
*** HOLE CARDS ***
Dealt to Dorex2007 [Jc Kc]
AGVsmarT: folds 
Dorex2007: raises $0.10 to $0.15
Shevcuk: folds 
Ani-venger: folds 
gambitl1: folds 
bebopspike1329: folds 
VladiMIrUFC: folds 
BOSS_Ecuador: calls $0.10
*** FLOP *** [Qh Qs 3h]
BOSS_Ecuador: checks 
Dorex2007: checks 
*** TURN *** [Qh Qs 3h] [Kh]
BOSS_Ecuador: bets $0.23
Dorex2007: calls $0.23
*** RIVER *** [Qh Qs 3h Kh] [8s]
BOSS_Ecuador: bets $1
Dorex2007: calls $1
*** SHOW DOWN ***
BOSS_Ecuador: shows [Ah 2h] (a flush, Ace high)
Dorex2007: mucks hand 
BOSS_Ecuador collected $2.66 from pot
*** SUMMARY ***
Total pot $2.78 | Rake $0.12 
Board [Qh Qs 3h Kh 8s]
Seat 1: AGVsmarT folded before Flop (didn't bet)
Seat 2: Dorex2007 mucked [Jc Kc]
Seat 4: Shevcuk folded before Flop (didn't bet)
Seat 5: Ani-venger folded before Flop (didn't bet)
Seat 6: gambitl1 folded before Flop (didn't bet)
Seat 7: bebopspike1329 (button) folded before Flop (didn't bet)
Seat 8: VladiMIrUFC (small blind) folded before Flop
Seat 9: BOSS_Ecuador (big blind) showed [Ah 2h] and won ($2.66) with a flush, Ace high



PokerStars Hand #237631840609:  Hold'em No Limit ($0.02/$0.05 USD) - 2022/07/27 19:10:13 PT [2022/07/27 22:10:13 ET]
Table 'Katja II' 9-max Seat #8 is the button
Seat 1: AGVsmarT ($4.94 in chips) 
Seat 2: Dorex2007 ($6.66 in chips) 
Seat 4: Shevcuk ($11.64 in chips) 
Seat 5: Ani-venger ($4.95 in chips) 
Seat 6: gambitl1 ($8.06 in chips) 
Seat 7: bebopspike1329 ($4.48 in chips) 
Seat 8: VladiMIrUFC ($12.34 in chips) 
Seat 9: BOSS_Ecuador ($9.91 in chips) 
BOSS_Ecuador: posts small blind $0.02
AGVsmarT: posts big blind $0.05
*** HOLE CARDS ***
Dealt to Dorex2007 [9c 6d]
Dorex2007 has timed out
Dorex2007: folds 
Shevcuk: folds 
Ani-venger: raises $0.15 to $0.20
gambitl1: folds 
bebopspike1329: folds 
VladiMIrUFC: folds 
BOSS_Ecuador: folds 
AGVsmarT: folds 
Uncalled bet ($0.15) returned to Ani-venger
Ani-venger collected $0.12 from pot
Ani-venger: doesn't show hand 
*** SUMMARY ***
Total pot $0.12 | Rake $0 
Seat 1: AGVsmarT (big blind) folded before Flop
Seat 2: Dorex2007 folded before Flop (didn't bet)
Seat 4: Shevcuk folded before Flop (didn't bet)
Seat 5: Ani-venger collected ($0.12)
Seat 6: gambitl1 folded before Flop (didn't bet)
Seat 7: bebopspike1329 folded before Flop (didn't bet)
Seat 8: VladiMIrUFC (button) folded before Flop (didn't bet)
Seat 9: BOSS_Ecuador (small blind) folded before Flop



PokerStars Hand #237631847432:  Hold'em No Limit ($0.02/$0.05 USD) - 2022/07/27 19:10:48 PT [2022/07/27 22:10:48 ET]
Table 'Katja II' 9-max Seat #9 is the button
Seat 1: AGVsmarT ($4.89 in chips) 
Seat 2: Dorex2007 ($6.66 in chips) 
Seat 4: Shevcuk ($11.64 in chips) 
Seat 5: Ani-venger ($5.02 in chips) 
Seat 6: gambitl1 ($8.06 in chips) 
Seat 7: bebopspike1329 ($4.48 in chips) 
Seat 8: VladiMIrUFC ($12.34 in chips) 
Seat 9: BOSS_Ecuador ($9.89 in chips) 
AGVsmarT: posts small blind $0.02
Dorex2007: posts big blind $0.05
*** HOLE CARDS ***
Dealt to Dorex2007 [Kc 5s]
Shevcuk: folds 
Ani-venger: folds 
gambitl1: folds 
bebopspike1329: folds 
VladiMIrUFC: raises $0.10 to $0.15
BOSS_Ecuador: folds 
AGVsmarT: folds 
Dorex2007: folds 
Uncalled bet ($0.10) returned to VladiMIrUFC
VladiMIrUFC collected $0.12 from pot
VladiMIrUFC: doesn't show hand 
*** SUMMARY ***
Total pot $0.12 | Rake $0 
Seat 1: AGVsmarT (small blind) folded before Flop
Seat 2: Dorex2007 (big blind) folded before Flop
Seat 4: Shevcuk folded before Flop (didn't bet)
Seat 5: Ani-venger folded before Flop (didn't bet)
Seat 6: gambitl1 folded before Flop (didn't bet)
Seat 7: bebopspike1329 folded before Flop (didn't bet)
Seat 8: VladiMIrUFC collected ($0.12)
Seat 9: BOSS_Ecuador (button) folded before Flop (didn't bet)



PokerStars Hand #237631853437:  Hold'em No Limit ($0.02/$0.05 USD) - 2022/07/27 19:11:20 PT [2022/07/27 22:11:20 ET]
Table 'Katja II' 9-max Seat #1 is the button
Seat 1: AGVsmarT ($4.87 in chips) 
Seat 2: Dorex2007 ($6.61 in chips) 
Seat 6: gambitl1 ($8.06 in chips) 
Seat 7: bebopspike1329 ($4.48 in chips) 
Seat 8: VladiMIrUFC ($12.41 in chips) 
Seat 9: BOSS_Ecuador ($9.89 in chips) 
Dorex2007: posts small blind $0.02
Shevcuk: is sitting out 
Ani-venger: is sitting out 
gambitl1: posts big blind $0.05
*** HOLE CARDS ***
Dealt to Dorex2007 [5d 6c]
Shevcuk leaves the table
bebopspike1329 has timed out
bebopspike1329: folds 
VladiMIrUFC: folds 
BOSS_Ecuador: folds 
AGVsmarT: calls $0.05
Dorex2007: folds 
Ani-venger leaves the table
gambitl1: checks 
*** FLOP *** [Jd As Ah]
gambitl1: checks 
AGVsmarT: checks 
*** TURN *** [Jd As Ah] [2h]
gambitl1: bets $0.12
AGVsmarT: calls $0.12
*** RIVER *** [Jd As Ah 2h] [Jc]
gambitl1: checks 
AGVsmarT: checks 
*** SHOW DOWN ***
gambitl1: shows [4h 5c] (two pair, Aces and Jacks)
AGVsmarT: shows [6h 8h] (two pair, Aces and Jacks - Eight kicker)
AGVsmarT collected $0.35 from pot
*** SUMMARY ***
Total pot $0.36 | Rake $0.01 
Board [Jd As Ah 2h Jc]
Seat 1: AGVsmarT (button) showed [6h 8h] and won ($0.35) with two pair, Aces and Jacks
Seat 2: Dorex2007 (small blind) folded before Flop
Seat 6: gambitl1 (big blind) showed [4h 5c] and lost with two pair, Aces and Jacks
Seat 7: bebopspike1329 folded before Flop (didn't bet)
Seat 8: VladiMIrUFC folded before Flop (didn't bet)
Seat 9: BOSS_Ecuador folded before Flop (didn't bet)



PokerStars Hand #237631874758:  Hold'em No Limit ($0.02/$0.05 USD) - 2022/07/27 19:12:42 PT [2022/07/27 22:12:42 ET]
Table 'Katja II' 9-max Seat #2 is the button
Seat 1: AGVsmarT ($5.05 in chips) 
Seat 2: Dorex2007 ($6.59 in chips) 
Seat 6: gambitl1 ($7.89 in chips) 
Seat 7: bebopspike1329 ($4.48 in chips) 
Seat 8: VladiMIrUFC ($12.41 in chips) 
Seat 9: BOSS_Ecuador ($9.89 in chips) 
gambitl1: posts small blind $0.02
bebopspike1329: posts big blind $0.05
*** HOLE CARDS ***
Dealt to Dorex2007 [Ts 2c]
VladiMIrUFC: folds 
BOSS_Ecuador: raises $0.12 to $0.17
AGVsmarT: folds 
Dorex2007: folds 
gambitl1: folds 
bebopspike1329: folds 
Uncalled bet ($0.12) returned to BOSS_Ecuador
BOSS_Ecuador collected $0.12 from pot
BOSS_Ecuador: doesn't show hand 
*** SUMMARY ***
Total pot $0.12 | Rake $0 
Seat 1: AGVsmarT folded before Flop (didn't bet)
Seat 2: Dorex2007 (button) folded before Flop (didn't bet)
Seat 6: gambitl1 (small blind) folded before Flop
Seat 7: bebopspike1329 (big blind) folded before Flop
Seat 8: VladiMIrUFC folded before Flop (didn't bet)
Seat 9: BOSS_Ecuador collected ($0.12)



PokerStars Hand #237631877868:  Hold'em No Limit ($0.02/$0.05 USD) - 2022/07/27 19:12:58 PT [2022/07/27 22:12:58 ET]
Table 'Katja II' 9-max Seat #6 is the button
Seat 1: AGVsmarT ($5.05 in chips) 
Seat 2: Dorex2007 ($6.59 in chips) 
Seat 6: gambitl1 ($7.87 in chips) 
Seat 7: bebopspike1329 ($4.43 in chips) 
Seat 8: VladiMIrUFC ($12.41 in chips) 
Seat 9: BOSS_Ecuador ($9.96 in chips) 
bebopspike1329: posts small blind $0.02
VladiMIrUFC: posts big blind $0.05
*** HOLE CARDS ***
Dealt to Dorex2007 [9c Kc]
BOSS_Ecuador: folds 
AGVsmarT: folds 
Dorex2007: calls $0.05
gambitl1: folds 
bebopspike1329: folds 
VladiMIrUFC: checks 
*** FLOP *** [4d Tc 8s]
VladiMIrUFC: checks 
Dorex2007: checks 
*** TURN *** [4d Tc 8s] [Js]
VladiMIrUFC: checks 
Dorex2007: checks 
*** RIVER *** [4d Tc 8s Js] [Ah]
VladiMIrUFC: checks 
Dorex2007: bets $0.06
VladiMIrUFC: folds 
Uncalled bet ($0.06) returned to Dorex2007
Dorex2007 collected $0.12 from pot
Dorex2007: doesn't show hand 
*** SUMMARY ***
Total pot $0.12 | Rake $0 
Board [4d Tc 8s Js Ah]
Seat 1: AGVsmarT folded before Flop (didn't bet)
Seat 2: Dorex2007 collected ($0.12)
Seat 6: gambitl1 (button) folded before Flop (didn't bet)
Seat 7: bebopspike1329 (small blind) folded before Flop
Seat 8: VladiMIrUFC (big blind) folded on the River
Seat 9: BOSS_Ecuador folded before Flop (didn't bet)



PokerStars Hand #237631884459:  Hold'em No Limit ($0.02/$0.05 USD) - 2022/07/27 19:13:33 PT [2022/07/27 22:13:33 ET]
Table 'Katja II' 9-max Seat #7 is the button
Seat 1: AGVsmarT ($5.05 in chips) 
Seat 2: Dorex2007 ($6.66 in chips) 
Seat 6: gambitl1 ($7.87 in chips) 
Seat 7: bebopspike1329 ($4.41 in chips) 
Seat 8: VladiMIrUFC ($12.36 in chips) 
Seat 9: BOSS_Ecuador ($9.96 in chips) 
VladiMIrUFC: posts small blind $0.02
BOSS_Ecuador: posts big blind $0.05
*** HOLE CARDS ***
Dealt to Dorex2007 [Ah 5c]
AGVsmarT: calls $0.05
Dorex2007: folds 
gambitl1: folds 
bebopspike1329: folds 
VladiMIrUFC: folds 
BOSS_Ecuador: checks 
*** FLOP *** [7c 2h 9d]
BOSS_Ecuador: checks 
AGVsmarT: bets $0.12
BOSS_Ecuador: calls $0.12
*** TURN *** [7c 2h 9d] [5h]
BOSS_Ecuador: checks 
AGVsmarT: bets $0.10
BOSS_Ecuador: calls $0.10
*** RIVER *** [7c 2h 9d 5h] [6h]
BOSS_Ecuador: bets $0.48
AGVsmarT: folds 
Uncalled bet ($0.48) returned to BOSS_Ecuador
BOSS_Ecuador collected $0.54 from pot
BOSS_Ecuador: doesn't show hand 
*** SUMMARY ***
Total pot $0.56 | Rake $0.02 
Board [7c 2h 9d 5h 6h]
Seat 1: AGVsmarT folded on the River
Seat 2: Dorex2007 folded before Flop (didn't bet)
Seat 6: gambitl1 folded before Flop (didn't bet)
Seat 7: bebopspike1329 (button) folded before Flop (didn't bet)
Seat 8: VladiMIrUFC (small blind) folded before Flop
Seat 9: BOSS_Ecuador (big blind) collected ($0.54)



PokerStars Hand #237631893551:  Hold'em No Limit ($0.02/$0.05 USD) - 2022/07/27 19:14:22 PT [2022/07/27 22:14:22 ET]
Table 'Katja II' 9-max Seat #8 is the button
Seat 1: AGVsmarT ($4.78 in chips) 
Seat 2: Dorex2007 ($6.66 in chips) 
Seat 6: gambitl1 ($7.87 in chips) 
Seat 7: bebopspike1329 ($4.41 in chips) 
Seat 8: VladiMIrUFC ($12.34 in chips) 
Seat 9: BOSS_Ecuador ($10.23 in chips) 
BOSS_Ecuador: posts small blind $0.02
AGVsmarT: posts big blind $0.05
*** HOLE CARDS ***
Dealt to Dorex2007 [5c 6c]
Dorex2007: folds 
gambitl1: folds 
bebopspike1329: folds 
VladiMIrUFC: folds 
BOSS_Ecuador: raises $0.17 to $0.22
AGVsmarT: calls $0.17
*** FLOP *** [4h Qd 2s]
BOSS_Ecuador: checks 
AGVsmarT: bets $0.42
BOSS_Ecuador: calls $0.42
*** TURN *** [4h Qd 2s] [5h]
BOSS_Ecuador: checks 
AGVsmarT: bets $0.40
BOSS_Ecuador: raises $0.94 to $1.34
AGVsmarT: calls $0.94
*** RIVER *** [4h Qd 2s 5h] [7s]
BOSS_Ecuador: bets $1.90
AGVsmarT: calls $1.90
*** SHOW DOWN ***
BOSS_Ecuador: shows [As Qs] (a pair of Queens)
AGVsmarT: mucks hand 
BOSS_Ecuador collected $7.44 from pot
*** SUMMARY ***
Total pot $7.76 | Rake $0.32 
Board [4h Qd 2s 5h 7s]
Seat 1: AGVsmarT (big blind) mucked [Qc Jd]
Seat 2: Dorex2007 folded before Flop (didn't bet)
Seat 6: gambitl1 folded before Flop (didn't bet)
Seat 7: bebopspike1329 folded before Flop (didn't bet)
Seat 8: VladiMIrUFC (button) folded before Flop (didn't bet)
Seat 9: BOSS_Ecuador (small blind) showed [As Qs] and won ($7.44) with a pair of Queens



PokerStars Hand #237631903125:  Hold'em No Limit ($0.02/$0.05 USD) - 2022/07/27 19:15:13 PT [2022/07/27 22:15:13 ET]
Table 'Katja II' 9-max Seat #9 is the button
Seat 1: AGVsmarT ($0.90 in chips) 
Seat 2: Dorex2007 ($6.66 in chips) 
Seat 6: gambitl1 ($7.87 in chips) 
Seat 7: bebopspike1329 ($4.41 in chips) 
Seat 8: VladiMIrUFC ($12.34 in chips) 
Seat 9: BOSS_Ecuador ($13.79 in chips) 
AGVsmarT: posts small blind $0.02
Dorex2007: posts big blind $0.05
*** HOLE CARDS ***
Dealt to Dorex2007 [Td 5c]
gambitl1: folds 
bebopspike1329: folds 
VladiMIrUFC: folds 
BOSS_Ecuador: folds 
AGVsmarT: folds 
Uncalled bet ($0.03) returned to Dorex2007
Dorex2007 collected $0.04 from pot
Dorex2007: doesn't show hand 
*** SUMMARY ***
Total pot $0.04 | Rake $0 
Seat 1: AGVsmarT (small blind) folded before Flop
Seat 2: Dorex2007 (big blind) collected ($0.04)
Seat 6: gambitl1 folded before Flop (didn't bet)
Seat 7: bebopspike1329 folded before Flop (didn't bet)
Seat 8: VladiMIrUFC folded before Flop (didn't bet)
Seat 9: BOSS_Ecuador (button) folded before Flop (didn't bet)



PokerStars Hand #237631907332:  Hold'em No Limit ($0.02/$0.05 USD) - 2022/07/27 19:15:35 PT [2022/07/27 22:15:35 ET]
Table 'Katja II' 9-max Seat #1 is the button
Seat 1: AGVsmarT ($4.18 in chips) 
Seat 2: Dorex2007 ($6.68 in chips) 
Seat 6: gambitl1 ($7.87 in chips) 
Seat 7: bebopspike1329 ($4.41 in chips) 
Seat 8: VladiMIrUFC ($12.34 in chips) 
Seat 9: BOSS_Ecuador ($13.79 in chips) 
Dorex2007: posts small blind $0.02
gambitl1: posts big blind $0.05
*** HOLE CARDS ***
Dealt to Dorex2007 [Ah 6h]
Ramkha joins the table at seat #4 
bebopspike1329: folds 
VladiMIrUFC: raises $0.10 to $0.15
BOSS_Ecuador: folds 
AGVsmarT: folds 
Dorex2007: folds 
gambitl1: calls $0.10
*** FLOP *** [6s 8s Td]
gambitl1: checks 
VladiMIrUFC: bets $0.15
gambitl1: raises $0.20 to $0.35
VladiMIrUFC: folds 
Uncalled bet ($0.20) returned to gambitl1
gambitl1 collected $0.59 from pot
*** SUMMARY ***
Total pot $0.62 | Rake $0.03 
Board [6s 8s Td]
Seat 1: AGVsmarT (button) folded before Flop (didn't bet)
Seat 2: Dorex2007 (small blind) folded before Flop
Seat 6: gambitl1 (big blind) collected ($0.59)
Seat 7: bebopspike1329 folded before Flop (didn't bet)
Seat 8: VladiMIrUFC folded on the Flop
Seat 9: BOSS_Ecuador folded before Flop (didn't bet)



PokerStars Hand #237631917399:  Hold'em No Limit ($0.02/$0.05 USD) - 2022/07/27 19:16:28 PT [2022/07/27 22:16:28 ET]
Table 'Katja II' 9-max Seat #2 is the button
Seat 1: AGVsmarT ($4.18 in chips) 
Seat 2: Dorex2007 ($6.66 in chips) 
Seat 6: gambitl1 ($8.16 in chips) 
Seat 7: bebopspike1329 ($4.41 in chips) 
Seat 8: VladiMIrUFC ($12.04 in chips) 
Seat 9: BOSS_Ecuador ($13.79 in chips) 
gambitl1: posts small blind $0.02
bebopspike1329: posts big blind $0.05
*** HOLE CARDS ***
Dealt to Dorex2007 [4d 5c]
VladiMIrUFC: folds 
BOSS_Ecuador: folds 
AGVsmarT: raises $0.12 to $0.17
Dorex2007: folds 
gambitl1: folds 
bebopspike1329: folds 
Uncalled bet ($0.12) returned to AGVsmarT
AGVsmarT collected $0.12 from pot
AGVsmarT: doesn't show hand 
*** SUMMARY ***
Total pot $0.12 | Rake $0 
Seat 1: AGVsmarT collected ($0.12)
Seat 2: Dorex2007 (button) folded before Flop (didn't bet)
Seat 6: gambitl1 (small blind) folded before Flop
Seat 7: bebopspike1329 (big blind) folded before Flop
Seat 8: VladiMIrUFC folded before Flop (didn't bet)
Seat 9: BOSS_Ecuador folded before Flop (didn't bet)



PokerStars Hand #237631920272:  Hold'em No Limit ($0.02/$0.05 USD) - 2022/07/27 19:16:44 PT [2022/07/27 22:16:44 ET]
Table 'Katja II' 9-max Seat #6 is the button
Seat 1: AGVsmarT ($4.25 in chips) 
Seat 2: Dorex2007 ($6.66 in chips) 
Seat 6: gambitl1 ($8.14 in chips) 
Seat 7: bebopspike1329 ($4.36 in chips) 
Seat 8: VladiMIrUFC ($12.04 in chips) 
Seat 9: BOSS_Ecuador ($13.79 in chips) 
bebopspike1329: posts small blind $0.02
VladiMIrUFC: posts big blind $0.05
Ramkha: sits out 
*** HOLE CARDS ***
Dealt to Dorex2007 [9c Ah]
BOSS_Ecuador: raises $0.12 to $0.17
AGVsmarT: folds 
Dorex2007: folds 
gambitl1: folds 
bebopspike1329: folds 
VladiMIrUFC: calls $0.12
*** FLOP *** [4c 5h Th]
VladiMIrUFC: checks 
BOSS_Ecuador: bets $0.26
VladiMIrUFC: calls $0.26
*** TURN *** [4c 5h Th] [Qd]
thiagotoddy leaves the table
VladiMIrUFC: checks 
BOSS_Ecuador: bets $0.42
VladiMIrUFC: calls $0.42
*** RIVER *** [4c 5h Th Qd] [Qc]
VladiMIrUFC: checks 
BOSS_Ecuador: checks 
*** SHOW DOWN ***
VladiMIrUFC: shows [Jh Tc] (two pair, Queens and Tens)
BOSS_Ecuador: mucks hand 
VladiMIrUFC collected $1.65 from pot
*** SUMMARY ***
Total pot $1.72 | Rake $0.07 
Board [4c 5h Th Qd Qc]
Seat 1: AGVsmarT folded before Flop (didn't bet)
Seat 2: Dorex2007 folded before Flop (didn't bet)
Seat 6: gambitl1 (button) folded before Flop (didn't bet)
Seat 7: bebopspike1329 (small blind) folded before Flop
Seat 8: VladiMIrUFC (big blind) showed [Jh Tc] and won ($1.65) with two pair, Queens and Tens
Seat 9: BOSS_Ecuador mucked [8d 8c]



PokerStars Hand #237631932587:  Hold'em No Limit ($0.02/$0.05 USD) - 2022/07/27 19:17:19 PT [2022/07/27 22:17:19 ET]
Table 'Katja II' 9-max Seat #7 is the button
Seat 1: AGVsmarT ($4.25 in chips) 
Seat 2: Dorex2007 ($6.66 in chips) 
Seat 6: gambitl1 ($8.14 in chips) 
Seat 7: bebopspike1329 ($4.34 in chips) 
Seat 8: VladiMIrUFC ($12.84 in chips) 
Seat 9: BOSS_Ecuador ($12.94 in chips) 
VladiMIrUFC: posts small blind $0.02
BOSS_Ecuador: posts big blind $0.05
Ramkha: sits out 
*** HOLE CARDS ***
Dealt to Dorex2007 [8s 2c]
AGVsmarT: folds 
Dorex2007: folds 
gambitl1: folds 
bebopspike1329: calls $0.05
VladiMIrUFC: folds 
BOSS_Ecuador: checks 
*** FLOP *** [4d 4s 5s]
BOSS_Ecuador: checks 
bebopspike1329: checks 
*** TURN *** [4d 4s 5s] [8h]
BOSS_Ecuador: bets $0.17
bebopspike1329: calls $0.17
*** RIVER *** [4d 4s 5s 8h] [2s]
BOSS_Ecuador: checks 
alexis00789 joins the table at seat #3 
bebopspike1329: bets $0.15
BOSS_Ecuador: calls $0.15
*** SHOW DOWN ***
bebopspike1329: shows [As Ah] (two pair, Aces and Fours)
BOSS_Ecuador: mucks hand 
bebopspike1329 collected $0.73 from pot
*** SUMMARY ***
Total pot $0.76 | Rake $0.03 
Board [4d 4s 5s 8h 2s]
Seat 1: AGVsmarT folded before Flop (didn't bet)
Seat 2: Dorex2007 folded before Flop (didn't bet)
Seat 6: gambitl1 folded before Flop (didn't bet)
Seat 7: bebopspike1329 (button) showed [As Ah] and won ($0.73) with two pair, Aces and Fours
Seat 8: VladiMIrUFC (small blind) folded before Flop
Seat 9: BOSS_Ecuador (big blind) mucked [8d 5d]



PokerStars Hand #237631939642:  Hold'em No Limit ($0.02/$0.05 USD) - 2022/07/27 19:17:57 PT [2022/07/27 22:17:57 ET]
Table 'Katja II' 9-max Seat #8 is the button
Seat 1: AGVsmarT ($4.25 in chips) 
Seat 2: Dorex2007 ($6.66 in chips) 
Seat 6: gambitl1 ($8.14 in chips) 
Seat 7: bebopspike1329 ($4.70 in chips) 
Seat 8: VladiMIrUFC ($12.82 in chips) 
Seat 9: BOSS_Ecuador ($12.57 in chips) 
BOSS_Ecuador: posts small blind $0.02
AGVsmarT: posts big blind $0.05
alexis00789: sits out 
Ramkha: sits out 
*** HOLE CARDS ***
Dealt to Dorex2007 [6d Qd]
Dorex2007: folds 
gambitl1: raises $0.10 to $0.15
bebopspike1329: folds 
VladiMIrUFC: folds 
BOSS_Ecuador: folds 
AGVsmarT: folds 
Uncalled bet ($0.10) returned to gambitl1
gambitl1 collected $0.12 from pot
*** SUMMARY ***
Total pot $0.12 | Rake $0 
Seat 1: AGVsmarT (big blind) folded before Flop
Seat 2: Dorex2007 folded before Flop (didn't bet)
Seat 6: gambitl1 collected ($0.12)
Seat 7: bebopspike1329 folded before Flop (didn't bet)
Seat 8: VladiMIrUFC (button) folded before Flop (didn't bet)
Seat 9: BOSS_Ecuador (small blind) folded before Flop



PokerStars Hand #237631942928:  Hold'em No Limit ($0.02/$0.05 USD) - 2022/07/27 19:18:14 PT [2022/07/27 22:18:14 ET]
Table 'Katja II' 9-max Seat #9 is the button
Seat 1: AGVsmarT ($4.20 in chips) 
Seat 2: Dorex2007 ($6.66 in chips) 
Seat 3: alexis00789 ($3.84 in chips) 
Seat 6: gambitl1 ($8.21 in chips) 
Seat 7: bebopspike1329 ($4.70 in chips) 
Seat 8: VladiMIrUFC ($12.82 in chips) 
Seat 9: BOSS_Ecuador ($12.55 in chips) 
AGVsmarT: posts small blind $0.02
Dorex2007: posts big blind $0.05
alexis00789: posts big blind $0.05
Ramkha: sits out 
*** HOLE CARDS ***
Dealt to Dorex2007 [Qd Kc]
alexis00789: checks 
gambitl1: folds 
bebopspike1329: folds 
Neptune27 joins the table at seat #5 
VladiMIrUFC: folds 
BOSS_Ecuador: folds 
AGVsmarT: calls $0.03
Dorex2007: checks 
*** FLOP *** [7d 4h 4s]
AGVsmarT: checks 
Dorex2007: checks 
alexis00789: checks 
*** TURN *** [7d 4h 4s] [8s]
AGVsmarT: bets $0.14
Dorex2007: folds 
alexis00789: folds 
Uncalled bet ($0.14) returned to AGVsmarT
AGVsmarT collected $0.14 from pot
AGVsmarT: doesn't show hand 
*** SUMMARY ***
Total pot $0.15 | Rake $0.01 
Board [7d 4h 4s 8s]
Seat 1: AGVsmarT (small blind) collected ($0.14)
Seat 2: Dorex2007 (big blind) folded on the Turn
Seat 3: alexis00789 folded on the Turn (didn't bet)
Seat 6: gambitl1 folded before Flop (didn't bet)
Seat 7: bebopspike1329 folded before Flop (didn't bet)
Seat 8: VladiMIrUFC folded before Flop (didn't bet)
Seat 9: BOSS_Ecuador (button) folded before Flop (didn't bet)



PokerStars Hand #237631953432:  Hold'em No Limit ($0.02/$0.05 USD) - 2022/07/27 19:19:11 PT [2022/07/27 22:19:11 ET]
Table 'Katja II' 9-max Seat #1 is the button
Seat 1: AGVsmarT ($4.29 in chips) 
Seat 2: Dorex2007 ($6.61 in chips) 
Seat 3: alexis00789 ($3.79 in chips) 
Seat 6: gambitl1 ($8.21 in chips) 
Seat 7: bebopspike1329 ($4.70 in chips) 
Seat 8: VladiMIrUFC ($12.82 in chips) 
Seat 9: BOSS_Ecuador ($12.55 in chips) 
Dorex2007: posts small blind $0.02
alexis00789: posts big blind $0.05
Ramkha: sits out 
Neptune27: sits out 
*** HOLE CARDS ***
Dealt to Dorex2007 [Jh Js]
gambitl1: folds 
bebopspike1329: folds 
VladiMIrUFC: folds 
BOSS_Ecuador: raises $0.12 to $0.17
AGVsmarT: folds 
Dorex2007: raises $0.33 to $0.50
alexis00789: raises $0.45 to $0.95
BOSS_Ecuador: calls $0.78
Dorex2007: calls $0.45
*** FLOP *** [6c 9h 2c]
Dorex2007: checks 
alexis00789: bets $2.84 and is all-in
BOSS_Ecuador: folds 
Dorex2007: folds 
Uncalled bet ($2.84) returned to alexis00789
alexis00789 collected $2.73 from pot
alexis00789: doesn't show hand 
*** SUMMARY ***
Total pot $2.85 | Rake $0.12 
Board [6c 9h 2c]
Seat 1: AGVsmarT (button) folded before Flop (didn't bet)
Seat 2: Dorex2007 (small blind) folded on the Flop
Seat 3: alexis00789 (big blind) collected ($2.73)
Seat 6: gambitl1 folded before Flop (didn't bet)
Seat 7: bebopspike1329 folded before Flop (didn't bet)
Seat 8: VladiMIrUFC folded before Flop (didn't bet)
Seat 9: BOSS_Ecuador folded on the Flop



PokerStars Hand #237631962088:  Hold'em No Limit ($0.02/$0.05 USD) - 2022/07/27 19:19:57 PT [2022/07/27 22:19:57 ET]
Table 'Katja II' 9-max Seat #2 is the button
Seat 1: AGVsmarT ($4.29 in chips) 
Seat 2: Dorex2007 ($5.66 in chips) 
Seat 3: alexis00789 ($5.57 in chips) 
Seat 4: Ramkha ($5 in chips) 
Seat 6: gambitl1 ($8.21 in chips) 
Seat 7: bebopspike1329 ($4.70 in chips) 
Seat 8: VladiMIrUFC ($12.82 in chips) 
Seat 9: BOSS_Ecuador ($11.60 in chips) 
alexis00789: posts small blind $0.02
Ramkha: posts big blind $0.05
Neptune27: sits out 
*** HOLE CARDS ***
Dealt to Dorex2007 [6c 3d]
gambitl1: folds 
bebopspike1329: folds 
VladiMIrUFC: folds 
BOSS_Ecuador: raises $0.06 to $0.11
AGVsmarT: folds 
Dorex2007: folds 
alexis00789: folds 
Ramkha: folds 
Uncalled bet ($0.06) returned to BOSS_Ecuador
BOSS_Ecuador collected $0.12 from pot
BOSS_Ecuador: doesn't show hand 
*** SUMMARY ***
Total pot $0.12 | Rake $0 
Seat 1: AGVsmarT folded before Flop (didn't bet)
Seat 2: Dorex2007 (button) folded before Flop (didn't bet)
Seat 3: alexis00789 (small blind) folded before Flop
Seat 4: Ramkha (big blind) folded before Flop
Seat 6: gambitl1 folded before Flop (didn't bet)
Seat 7: bebopspike1329 folded before Flop (didn't bet)
Seat 8: VladiMIrUFC folded before Flop (didn't bet)
Seat 9: BOSS_Ecuador collected ($0.12)



PokerStars Hand #237631965776:  Hold'em No Limit ($0.02/$0.05 USD) - 2022/07/27 19:20:17 PT [2022/07/27 22:20:17 ET]
Table 'Katja II' 9-max Seat #3 is the button
Seat 1: AGVsmarT ($4.29 in chips) 
Seat 2: Dorex2007 ($5.66 in chips) 
Seat 3: alexis00789 ($5.55 in chips) 
Seat 4: Ramkha ($5 in chips) 
Seat 5: Neptune27 ($5 in chips) 
Seat 6: gambitl1 ($8.21 in chips) 
Seat 7: bebopspike1329 ($4.70 in chips) 
Seat 8: VladiMIrUFC ($12.82 in chips) 
Seat 9: BOSS_Ecuador ($11.67 in chips) 
Ramkha: posts small blind $0.02
Neptune27: posts big blind $0.05
*** HOLE CARDS ***
Dealt to Dorex2007 [5s Td]
gambitl1: folds 
bebopspike1329: folds 
VladiMIrUFC: folds 
BOSS_Ecuador: folds 
AGVsmarT: calls $0.05
Dorex2007: folds 
alexis00789: folds 
Ramkha: folds 
Neptune27: raises $0.15 to $0.20
AGVsmarT: calls $0.15
*** FLOP *** [Ah Kc 9c]
Neptune27: checks 
AGVsmarT: bets $0.20
Neptune27: calls $0.20
*** TURN *** [Ah Kc 9c] [7c]
Neptune27: checks 
AGVsmarT: bets $0.45
Neptune27: folds 
Uncalled bet ($0.45) returned to AGVsmarT
AGVsmarT collected $0.79 from pot
AGVsmarT: doesn't show hand 
*** SUMMARY ***
Total pot $0.82 | Rake $0.03 
Board [Ah Kc 9c 7c]
Seat 1: AGVsmarT collected ($0.79)
Seat 2: Dorex2007 folded before Flop (didn't bet)
Seat 3: alexis00789 (button) folded before Flop (didn't bet)
Seat 4: Ramkha (small blind) folded before Flop
Seat 5: Neptune27 (big blind) folded on the Turn
Seat 6: gambitl1 folded before Flop (didn't bet)
Seat 7: bebopspike1329 folded before Flop (didn't bet)
Seat 8: VladiMIrUFC folded before Flop (didn't bet)
Seat 9: BOSS_Ecuador folded before Flop (didn't bet)



PokerStars Hand #237631974706:  Hold'em No Limit ($0.02/$0.05 USD) - 2022/07/27 19:21:05 PT [2022/07/27 22:21:05 ET]
Table 'Katja II' 9-max Seat #4 is the button
Seat 1: AGVsmarT ($4.68 in chips) 
Seat 2: Dorex2007 ($5.66 in chips) 
Seat 3: alexis00789 ($5.55 in chips) 
Seat 4: Ramkha ($5 in chips) 
Seat 5: Neptune27 ($5 in chips) 
Seat 6: gambitl1 ($8.21 in chips) 
Seat 7: bebopspike1329 ($4.70 in chips) 
Seat 8: VladiMIrUFC ($12.82 in chips) 
Seat 9: BOSS_Ecuador ($11.67 in chips) 
Neptune27: posts small blind $0.02
gambitl1: posts big blind $0.05
*** HOLE CARDS ***
Dealt to Dorex2007 [4c 2c]
bebopspike1329: folds 
VladiMIrUFC: raises $0.10 to $0.15
BOSS_Ecuador: calls $0.15
AGVsmarT: folds 
Dorex2007: folds 
alexis00789: calls $0.15
Ramkha: folds 
Neptune27: folds 
gambitl1: folds 
*** FLOP *** [8s 6h 8d]
VladiMIrUFC: checks 
BOSS_Ecuador: checks 
alexis00789: checks 
*** TURN *** [8s 6h 8d] [6c]
VladiMIrUFC: checks 
BOSS_Ecuador: bets $0.33
alexis00789: calls $0.33
VladiMIrUFC: folds 
*** RIVER *** [8s 6h 8d 6c] [4s]
BOSS_Ecuador: bets $0.75
alexis00789: calls $0.75
*** SHOW DOWN ***
BOSS_Ecuador: shows [9d 6d] (a full house, Sixes full of Eights)
alexis00789: mucks hand 
BOSS_Ecuador collected $2.57 from pot
*** SUMMARY ***
Total pot $2.68 | Rake $0.11 
Board [8s 6h 8d 6c 4s]
Seat 1: AGVsmarT folded before Flop (didn't bet)
Seat 2: Dorex2007 folded before Flop (didn't bet)
Seat 3: alexis00789 mucked [Kh Js]
Seat 4: Ramkha (button) folded before Flop (didn't bet)
Seat 5: Neptune27 (small blind) folded before Flop
Seat 6: gambitl1 (big blind) folded before Flop
Seat 7: bebopspike1329 folded before Flop (didn't bet)
Seat 8: VladiMIrUFC folded on the Turn
Seat 9: BOSS_Ecuador showed [9d 6d] and won ($2.57) with a full house, Sixes full of Eights



PokerStars Hand #237631984726:  Hold'em No Limit ($0.02/$0.05 USD) - 2022/07/27 19:21:59 PT [2022/07/27 22:21:59 ET]
Table 'Katja II' 9-max Seat #5 is the button
Seat 1: AGVsmarT ($4.68 in chips) 
Seat 2: Dorex2007 ($5.66 in chips) 
Seat 3: alexis00789 ($4.32 in chips) 
Seat 4: Ramkha ($5 in chips) 
Seat 5: Neptune27 ($5 in chips) 
Seat 6: gambitl1 ($8.16 in chips) 
Seat 7: bebopspike1329 ($4.70 in chips) 
Seat 8: VladiMIrUFC ($12.67 in chips) 
Seat 9: BOSS_Ecuador ($13.01 in chips) 
gambitl1: posts small blind $0.02
bebopspike1329: posts big blind $0.05
*** HOLE CARDS ***
Dealt to Dorex2007 [Ad Ks]
VladiMIrUFC: folds 
BOSS_Ecuador: folds 
AGVsmarT: folds 
Dorex2007: raises $0.10 to $0.15
alexis00789: calls $0.15
Ramkha: folds 
Neptune27: folds 
gambitl1: folds 
bebopspike1329: folds 
*** FLOP *** [7c 2d 5c]
Dorex2007: checks 
alexis00789: bets $0.17
Dorex2007: raises $0.29 to $0.46
alexis00789: folds 
Uncalled bet ($0.29) returned to Dorex2007
Dorex2007 collected $0.68 from pot
Dorex2007: doesn't show hand 
*** SUMMARY ***
Total pot $0.71 | Rake $0.03 
Board [7c 2d 5c]
Seat 1: AGVsmarT folded before Flop (didn't bet)
Seat 2: Dorex2007 collected ($0.68)
Seat 3: alexis00789 folded on the Flop
Seat 4: Ramkha folded before Flop (didn't bet)
Seat 5: Neptune27 (button) folded before Flop (didn't bet)
Seat 6: gambitl1 (small blind) folded before Flop
Seat 7: bebopspike1329 (big blind) folded before Flop
Seat 8: VladiMIrUFC folded before Flop (didn't bet)
Seat 9: BOSS_Ecuador folded before Flop (didn't bet)



PokerStars Hand #237631992993:  Hold'em No Limit ($0.02/$0.05 USD) - 2022/07/27 19:22:43 PT [2022/07/27 22:22:43 ET]
Table 'Katja II' 9-max Seat #6 is the button
Seat 1: AGVsmarT ($4.68 in chips) 
Seat 2: Dorex2007 ($6.02 in chips) 
Seat 3: alexis00789 ($4 in chips) 
Seat 4: Ramkha ($5 in chips) 
Seat 5: Neptune27 ($5 in chips) 
Seat 6: gambitl1 ($8.14 in chips) 
Seat 7: bebopspike1329 ($4.65 in chips) 
Seat 8: VladiMIrUFC ($12.67 in chips) 
Seat 9: BOSS_Ecuador ($13.01 in chips) 
bebopspike1329: posts small blind $0.02
VladiMIrUFC: posts big blind $0.05
*** HOLE CARDS ***
Dealt to Dorex2007 [3s Qh]
BOSS_Ecuador: raises $0.12 to $0.17
AGVsmarT: folds 
Dorex2007: folds 
alexis00789: folds 
Ramkha: folds 
Neptune27: raises $0.33 to $0.50
gambitl1: folds 
bebopspike1329: folds 
VladiMIrUFC: calls $0.45
BOSS_Ecuador: calls $0.33
*** FLOP *** [4s 8s 4d]
VladiMIrUFC: checks 
BOSS_Ecuador: checks 
Neptune27: checks 
*** TURN *** [4s 8s 4d] [9s]
VladiMIrUFC: bets $0.05
BOSS_Ecuador: raises $0.51 to $0.56
Neptune27: folds 
VladiMIrUFC: raises $0.51 to $1.07
BOSS_Ecuador: folds 
Uncalled bet ($0.51) returned to VladiMIrUFC
VladiMIrUFC collected $2.53 from pot
VladiMIrUFC: doesn't show hand 
*** SUMMARY ***
Total pot $2.64 | Rake $0.11 
Board [4s 8s 4d 9s]
Seat 1: AGVsmarT folded before Flop (didn't bet)
Seat 2: Dorex2007 folded before Flop (didn't bet)
Seat 3: alexis00789 folded before Flop (didn't bet)
Seat 4: Ramkha folded before Flop (didn't bet)
Seat 5: Neptune27 folded on the Turn
Seat 6: gambitl1 (button) folded before Flop (didn't bet)
Seat 7: bebopspike1329 (small blind) folded before Flop
Seat 8: VladiMIrUFC (big blind) collected ($2.53)
Seat 9: BOSS_Ecuador folded on the Turn



PokerStars Hand #237632000670:  Hold'em No Limit ($0.02/$0.05 USD) - 2022/07/27 19:23:25 PT [2022/07/27 22:23:25 ET]
Table 'Katja II' 9-max Seat #7 is the button
Seat 1: AGVsmarT ($4.68 in chips) 
Seat 2: Dorex2007 ($6.02 in chips) 
Seat 3: alexis00789 ($4 in chips) 
Seat 4: Ramkha ($5 in chips) 
Seat 5: Neptune27 ($5 in chips) 
Seat 6: gambitl1 ($8.14 in chips) 
Seat 7: bebopspike1329 ($4.63 in chips) 
Seat 8: VladiMIrUFC ($14.14 in chips) 
Seat 9: BOSS_Ecuador ($11.95 in chips) 
VladiMIrUFC: posts small blind $0.02
BOSS_Ecuador: posts big blind $0.05
*** HOLE CARDS ***
Dealt to Dorex2007 [Kh As]
AGVsmarT: raises $0.12 to $0.17
Dorex2007: calls $0.17
alexis00789: calls $0.17
Ramkha: folds 
Neptune27: folds 
gambitl1: folds 
bebopspike1329: folds 
VladiMIrUFC: folds 
BOSS_Ecuador: calls $0.12
*** FLOP *** [Ad 2h 2s]
BOSS_Ecuador: checks 
AGVsmarT: checks 
Dorex2007: bets $0.67
alexis00789: calls $0.67
BOSS_Ecuador: calls $0.67
AGVsmarT: folds 
*** TURN *** [Ad 2h 2s] [7d]
BOSS_Ecuador: bets $1.30
Dorex2007: raises $3.88 to $5.18 and is all-in
alexis00789: calls $3.16 and is all-in
BOSS_Ecuador: calls $3.88
*** RIVER *** [Ad 2h 2s 7d] [Jc]
*** SHOW DOWN ***
BOSS_Ecuador: shows [3s 2d] (three of a kind, Deuces)
Dorex2007: shows [Kh As] (two pair, Aces and Deuces)
BOSS_Ecuador collected $3.88 from side pot
alexis00789: shows [Kd Ks] (two pair, Kings and Deuces)
BOSS_Ecuador collected $11.68 from main pot
Dorex2007 cashed out the hand for $0.73 | Cash Out Fee $0.01
*** SUMMARY ***
Total pot $16.23 Main pot $11.68. Side pot $3.88. | Rake $0.67 
Board [Ad 2h 2s 7d Jc]
Seat 1: AGVsmarT folded on the Flop
Seat 2: Dorex2007 showed [Kh As] and lost with two pair, Aces and Deuces (cashed out).
Seat 3: alexis00789 showed [Kd Ks] and lost with two pair, Kings and Deuces
Seat 4: Ramkha folded before Flop (didn't bet)
Seat 5: Neptune27 folded before Flop (didn't bet)
Seat 6: gambitl1 folded before Flop (didn't bet)
Seat 7: bebopspike1329 (button) folded before Flop (didn't bet)
Seat 8: VladiMIrUFC (small blind) folded before Flop
Seat 9: BOSS_Ecuador (big blind) showed [3s 2d] and won ($15.56) with three of a kind, Deuces



PokerStars Hand #237632015260:  Hold'em No Limit ($0.02/$0.05 USD) - 2022/07/27 19:24:44 PT [2022/07/27 22:24:44 ET]
Table 'Katja II' 9-max Seat #8 is the button
Seat 1: AGVsmarT ($4.51 in chips) 
Seat 2: Dorex2007 ($5 in chips) 
Seat 4: Ramkha ($5 in chips) 
Seat 5: Neptune27 ($5 in chips) 
Seat 6: gambitl1 ($8.14 in chips) 
Seat 7: bebopspike1329 ($4.63 in chips) 
Seat 8: VladiMIrUFC ($14.12 in chips) 
Seat 9: BOSS_Ecuador ($21.49 in chips) 
BOSS_Ecuador: posts small blind $0.02
AGVsmarT: posts big blind $0.05
*** HOLE CARDS ***
Dealt to Dorex2007 [As 4s]
alexis00789 leaves the table
Dorex2007: folds 
Ramkha: raises $0.07 to $0.12
Neptune27: folds 
gambitl1: folds 
bebopspike1329: folds 
VladiMIrUFC: folds 
BOSS_Ecuador: folds 
AGVsmarT: folds 
Uncalled bet ($0.07) returned to Ramkha
Ramkha collected $0.12 from pot
Ramkha: doesn't show hand 
*** SUMMARY ***
Total pot $0.12 | Rake $0 
Seat 1: AGVsmarT (big blind) folded before Flop
Seat 2: Dorex2007 folded before Flop (didn't bet)
Seat 4: Ramkha collected ($0.12)
Seat 5: Neptune27 folded before Flop (didn't bet)
Seat 6: gambitl1 folded before Flop (didn't bet)
Seat 7: bebopspike1329 folded before Flop (didn't bet)
Seat 8: VladiMIrUFC (button) folded before Flop (didn't bet)
Seat 9: BOSS_Ecuador (small blind) folded before Flop



