PokerStars Hand #227777371730:  Hold'em No Limit ($0.01/$0.02 USD) - 2021/06/22 15:33:55 PT [2021/06/22 18:33:55 ET]
Table 'Beyer II' 9-max Seat #3 is the button
Seat 1: holdend51 ($1.83 in chips) 
Seat 3: twannio ($2.97 in chips) 
Seat 4: bueninnN ($1.22 in chips) 
Seat 5: Dorex2007 ($2 in chips) 
Seat 8: Yuri Colmerauer ($2 in chips) 
Seat 9: Pézinhho ($2.16 in chips) 
bueninnN: posts small blind $0.01
Dorex2007: posts big blind $0.02
TA|Anatolich: sits out 
*** HOLE CARDS ***
Dealt to Dorex2007 [Th Td]
Yuri Colmerauer: folds 
Pézinhho: folds 
holdend51: folds 
twannio: calls $0.02
bueninnN: folds 
Dorex2007: checks 
*** FLOP *** [8s 4c Kh]
Dorex2007: checks 
twannio: checks 
*** TURN *** [8s 4c Kh] [Jd]
Dorex2007: bets $0.03
twannio: calls $0.03
*** RIVER *** [8s 4c Kh Jd] [Js]
Dorex2007: checks 
twannio: bets $0.08
Dorex2007: folds 
Uncalled bet ($0.08) returned to twannio
twannio collected $0.11 from pot
twannio: doesn't show hand 
*** SUMMARY ***
Total pot $0.11 | Rake $0 
Board [8s 4c Kh Jd Js]
Seat 1: holdend51 folded before Flop (didn't bet)
Seat 3: twannio (button) collected ($0.11)
Seat 4: bueninnN (small blind) folded before Flop
Seat 5: Dorex2007 (big blind) folded on the River
Seat 8: Yuri Colmerauer folded before Flop (didn't bet)
Seat 9: Pézinhho folded before Flop (didn't bet)



PokerStars Hand #227777384774:  Hold'em No Limit ($0.01/$0.02 USD) - 2021/06/22 15:34:31 PT [2021/06/22 18:34:31 ET]
Table 'Beyer II' 9-max Seat #5 is the button
Seat 1: holdend51 ($1.83 in chips) 
Seat 3: twannio ($3.03 in chips) 
Seat 5: Dorex2007 ($1.95 in chips) 
Seat 8: Yuri Colmerauer ($2 in chips) 
Seat 9: Pézinhho ($2.16 in chips) 
Yuri Colmerauer: posts small blind $0.01
Pézinhho: posts big blind $0.02
*** HOLE CARDS ***
Dealt to Dorex2007 [Ks 6s]
holdend51: folds 
twannio: calls $0.02
Dorex2007: folds 
Yuri Colmerauer: calls $0.01
Pézinhho: checks 
*** FLOP *** [Kc 3d Js]
Yuri Colmerauer: checks 
Pézinhho: bets $0.06
twannio: calls $0.06
Yuri Colmerauer: folds 
*** TURN *** [Kc 3d Js] [Kd]
Pézinhho: bets $0.06
twannio: calls $0.06
*** RIVER *** [Kc 3d Js Kd] [Ah]
Pézinhho: bets $0.06
twannio: calls $0.06
*** SHOW DOWN ***
Pézinhho: shows [Jc 7h] (two pair, Kings and Jacks)
twannio: shows [Qc Ts] (a straight, Ten to Ace)
twannio collected $0.41 from pot
*** SUMMARY ***
Total pot $0.42 | Rake $0.01 
Board [Kc 3d Js Kd Ah]
Seat 1: holdend51 folded before Flop (didn't bet)
Seat 3: twannio showed [Qc Ts] and won ($0.41) with a straight, Ten to Ace
Seat 5: Dorex2007 (button) folded before Flop (didn't bet)
Seat 8: Yuri Colmerauer (small blind) folded on the Flop
Seat 9: Pézinhho (big blind) showed [Jc 7h] and lost with two pair, Kings and Jacks



PokerStars Hand #227777410622:  Hold'em No Limit ($0.01/$0.02 USD) - 2021/06/22 15:35:22 PT [2021/06/22 18:35:22 ET]
Table 'Beyer II' 9-max Seat #8 is the button
Seat 1: holdend51 ($1.83 in chips) 
Seat 3: twannio ($3.24 in chips) 
Seat 5: Dorex2007 ($1.95 in chips) 
Seat 8: Yuri Colmerauer ($2 in chips) 
Seat 9: Pézinhho ($1.96 in chips) 
Pézinhho: posts small blind $0.01
holdend51: posts big blind $0.02
TA|Anatolich: sits out 
*** HOLE CARDS ***
Dealt to Dorex2007 [5c Kd]
twannio: raises $0.02 to $0.04
Dorex2007: folds 
Yuri Colmerauer: calls $0.04
Pézinhho: folds 
holdend51: calls $0.02
*** FLOP *** [Th 6c Jh]
holdend51: bets $0.10
twannio: folds 
Yuri Colmerauer: folds 
Uncalled bet ($0.10) returned to holdend51
holdend51 collected $0.13 from pot
holdend51: doesn't show hand 
*** SUMMARY ***
Total pot $0.13 | Rake $0 
Board [Th 6c Jh]
Seat 1: holdend51 (big blind) collected ($0.13)
Seat 3: twannio folded on the Flop
Seat 5: Dorex2007 folded before Flop (didn't bet)
Seat 8: Yuri Colmerauer (button) folded on the Flop
Seat 9: Pézinhho (small blind) folded before Flop



PokerStars Hand #227777420731:  Hold'em No Limit ($0.01/$0.02 USD) - 2021/06/22 15:35:49 PT [2021/06/22 18:35:49 ET]
Table 'Beyer II' 9-max Seat #9 is the button
Seat 1: holdend51 ($1.92 in chips) 
Seat 3: twannio ($3.20 in chips) 
Seat 5: Dorex2007 ($1.95 in chips) 
Seat 8: Yuri Colmerauer ($2 in chips) 
Seat 9: Pézinhho ($1.95 in chips) 
holdend51: posts small blind $0.01
twannio: posts big blind $0.02
TA|Anatolich: sits out 
*** HOLE CARDS ***
Dealt to Dorex2007 [Kh Qh]
Dorex2007: calls $0.02
Yuri Colmerauer: folds 
Pézinhho: folds 
holdend51: calls $0.01
twannio: checks 
*** FLOP *** [7c 6c Ac]
LPJuy1884 joins the table at seat #7 
holdend51: checks 
twannio: bets $0.06
Dorex2007: folds 
holdend51: calls $0.06
*** TURN *** [7c 6c Ac] [9s]
holdend51: checks 
twannio: bets $0.06
holdend51: calls $0.06
*** RIVER *** [7c 6c Ac 9s] [8s]
holdend51: checks 
twannio: bets $0.04
holdend51: raises $0.37 to $0.41
twannio: calls $0.37
*** SHOW DOWN ***
holdend51: shows [Th Kc] (a straight, Six to Ten)
twannio: shows [7h Tc] (a straight, Six to Ten)
holdend51 collected $0.54 from pot
twannio collected $0.54 from pot
Parker09SA leaves the table
*** SUMMARY ***
Total pot $1.12 | Rake $0.04 
Board [7c 6c Ac 9s 8s]
Seat 1: holdend51 (small blind) showed [Th Kc] and won ($0.54) with a straight, Six to Ten
Seat 3: twannio (big blind) showed [7h Tc] and won ($0.54) with a straight, Six to Ten
Seat 5: Dorex2007 folded on the Flop
Seat 8: Yuri Colmerauer folded before Flop (didn't bet)
Seat 9: Pézinhho (button) folded before Flop (didn't bet)



