PokerStars Hand #232557677345:  Hold'em No Limit ($0.01/$0.02 USD) - 2021/12/26 18:19:53 PT [2021/12/26 21:19:53 ET]
Table 'Melitta IV' 9-max Seat #2 is the button
Seat 1: FilMiami ($1.07 in chips) 
Seat 2: BiM-WiNNeR ($2.15 in chips) 
Seat 4: isem919 ($1.74 in chips) 
Seat 5: WifeyGG ($1.70 in chips) 
Seat 6: beast3369 ($2 in chips) 
Seat 7: ojogador09 ($2 in chips) 
Seat 8: arsenyaspbsb ($2 in chips) 
Seat 9: Dorex2007 ($2 in chips) 
isem919: posts small blind $0.01
WifeyGG: posts big blind $0.02
Dorex2007: posts big blind $0.02
*** HOLE CARDS ***
Dealt to Dorex2007 [Qh Qs]
beast3369: folds 
ojogador09: folds 
arsenyaspbsb: folds 
Dorex2007: raises $0.04 to $0.06
FilMiami: folds 
BiM-WiNNeR: folds 
isem919: folds 
WifeyGG: folds 
Uncalled bet ($0.04) returned to Dorex2007
Dorex2007 collected $0.05 from pot
Dorex2007: doesn't show hand 
*** SUMMARY ***
Total pot $0.05 | Rake $0 
Seat 1: FilMiami folded before Flop (didn't bet)
Seat 2: BiM-WiNNeR (button) folded before Flop (didn't bet)
Seat 4: isem919 (small blind) folded before Flop
Seat 5: WifeyGG (big blind) folded before Flop
Seat 6: beast3369 folded before Flop (didn't bet)
Seat 7: ojogador09 folded before Flop (didn't bet)
Seat 8: arsenyaspbsb folded before Flop (didn't bet)
Seat 9: Dorex2007 collected ($0.05)



PokerStars Hand #232557691708:  Hold'em No Limit ($0.01/$0.02 USD) - 2021/12/26 18:20:14 PT [2021/12/26 21:20:14 ET]
Table 'Melitta IV' 9-max Seat #4 is the button
Seat 1: FilMiami ($1.07 in chips) 
Seat 2: BiM-WiNNeR ($2.15 in chips) 
Seat 4: isem919 ($1.73 in chips) 
Seat 5: WifeyGG ($1.68 in chips) 
Seat 6: beast3369 ($2 in chips) 
Seat 7: ojogador09 ($2 in chips) 
Seat 8: arsenyaspbsb ($2 in chips) 
Seat 9: Dorex2007 ($2.03 in chips) 
WifeyGG: posts small blind $0.01
beast3369: posts big blind $0.02
PedroAlsc: sits out 
*** HOLE CARDS ***
Dealt to Dorex2007 [6d Jd]
ojogador09: folds 
arsenyaspbsb: folds 
Dorex2007: folds 
FilMiami: folds 
BiM-WiNNeR: folds 
isem919: raises $0.02 to $0.04
WifeyGG: folds 
beast3369: folds 
Uncalled bet ($0.02) returned to isem919
isem919 collected $0.05 from pot
isem919: doesn't show hand 
*** SUMMARY ***
Total pot $0.05 | Rake $0 
Seat 1: FilMiami folded before Flop (didn't bet)
Seat 2: BiM-WiNNeR folded before Flop (didn't bet)
Seat 4: isem919 (button) collected ($0.05)
Seat 5: WifeyGG (small blind) folded before Flop
Seat 6: beast3369 (big blind) folded before Flop
Seat 7: ojogador09 folded before Flop (didn't bet)
Seat 8: arsenyaspbsb folded before Flop (didn't bet)
Seat 9: Dorex2007 folded before Flop (didn't bet)



PokerStars Hand #232557698320:  Hold'em No Limit ($0.01/$0.02 USD) - 2021/12/26 18:20:39 PT [2021/12/26 21:20:39 ET]
Table 'Melitta IV' 9-max Seat #5 is the button
Seat 1: FilMiami ($1.07 in chips) 
Seat 2: BiM-WiNNeR ($2.15 in chips) 
Seat 4: isem919 ($1.76 in chips) 
Seat 5: WifeyGG ($1.67 in chips) 
Seat 6: beast3369 ($2 in chips) 
Seat 8: arsenyaspbsb ($2 in chips) 
Seat 9: Dorex2007 ($2.03 in chips) 
beast3369: posts small blind $0.01
ojogador09: is sitting out 
arsenyaspbsb: posts big blind $0.02
PedroAlsc: sits out 
*** HOLE CARDS ***
Dealt to Dorex2007 [3s Qd]
Dorex2007: folds 
FilMiami: folds 
BiM-WiNNeR: raises $0.04 to $0.06
isem919: folds 
WifeyGG: calls $0.06
beast3369: folds 
arsenyaspbsb: folds 
*** FLOP *** [6c Js Tc]
BiM-WiNNeR: bets $0.10
WifeyGG: folds 
Uncalled bet ($0.10) returned to BiM-WiNNeR
BiM-WiNNeR collected $0.14 from pot
BiM-WiNNeR: doesn't show hand 
*** SUMMARY ***
Total pot $0.15 | Rake $0.01 
Board [6c Js Tc]
Seat 1: FilMiami folded before Flop (didn't bet)
Seat 2: BiM-WiNNeR collected ($0.14)
Seat 4: isem919 folded before Flop (didn't bet)
Seat 5: WifeyGG (button) folded on the Flop
Seat 6: beast3369 (small blind) folded before Flop
Seat 8: arsenyaspbsb (big blind) folded before Flop
Seat 9: Dorex2007 folded before Flop (didn't bet)



PokerStars Hand #232557710553:  Hold'em No Limit ($0.01/$0.02 USD) - 2021/12/26 18:21:24 PT [2021/12/26 21:21:24 ET]
Table 'Melitta IV' 9-max Seat #6 is the button
Seat 1: FilMiami ($1.07 in chips) 
Seat 2: BiM-WiNNeR ($2.23 in chips) 
Seat 4: isem919 ($1.76 in chips) 
Seat 5: WifeyGG ($1.61 in chips) 
Seat 6: beast3369 ($2 in chips) 
Seat 8: arsenyaspbsb ($2 in chips) 
Seat 9: Dorex2007 ($2.03 in chips) 
arsenyaspbsb: posts small blind $0.01
Dorex2007: posts big blind $0.02
PedroAlsc: sits out 
*** HOLE CARDS ***
Dealt to Dorex2007 [3h Qs]
FilMiami: folds 
BiM-WiNNeR: folds 
isem919: calls $0.02
WifeyGG: raises $0.06 to $0.08
beast3369: folds 
arsenyaspbsb: folds 
Dorex2007: folds 
isem919: folds 
Uncalled bet ($0.06) returned to WifeyGG
WifeyGG collected $0.07 from pot
WifeyGG: doesn't show hand 
*** SUMMARY ***
Total pot $0.07 | Rake $0 
Seat 1: FilMiami folded before Flop (didn't bet)
Seat 2: BiM-WiNNeR folded before Flop (didn't bet)
Seat 4: isem919 folded before Flop
Seat 5: WifeyGG collected ($0.07)
Seat 6: beast3369 (button) folded before Flop (didn't bet)
Seat 8: arsenyaspbsb (small blind) folded before Flop
Seat 9: Dorex2007 (big blind) folded before Flop



PokerStars Hand #232557718462:  Hold'em No Limit ($0.01/$0.02 USD) - 2021/12/26 18:21:54 PT [2021/12/26 21:21:54 ET]
Table 'Melitta IV' 9-max Seat #8 is the button
Seat 1: FilMiami ($1.07 in chips) 
Seat 2: BiM-WiNNeR ($2.23 in chips) 
Seat 4: isem919 ($1.74 in chips) 
Seat 5: WifeyGG ($1.66 in chips) 
Seat 6: beast3369 ($2 in chips) 
Seat 8: arsenyaspbsb ($2 in chips) 
Seat 9: Dorex2007 ($2.01 in chips) 
Dorex2007: posts small blind $0.01
FilMiami: posts big blind $0.02
PedroAlsc: sits out 
ojogador09: sits out 
*** HOLE CARDS ***
Dealt to Dorex2007 [9s 8s]
BiM-WiNNeR: folds 
isem919: folds 
WifeyGG: folds 
beast3369: raises $0.04 to $0.06
arsenyaspbsb: calls $0.06
Dorex2007: folds 
FilMiami: folds 
*** FLOP *** [As 3s 6s]
ojogador09 leaves the table
beast3369: bets $0.04
arsenyaspbsb: calls $0.04
*** TURN *** [As 3s 6s] [3c]
Lucky_Sue_111 joins the table at seat #7 
beast3369: bets $0.15
arsenyaspbsb: raises $0.23 to $0.38
BiM-WiNNeR leaves the table
Luck0utHo joins the table at seat #2 
beast3369: folds 
Uncalled bet ($0.23) returned to arsenyaspbsb
arsenyaspbsb collected $0.51 from pot
arsenyaspbsb: doesn't show hand 
*** SUMMARY ***
Total pot $0.53 | Rake $0.02 
Board [As 3s 6s 3c]
Seat 1: FilMiami (big blind) folded before Flop
Seat 2: BiM-WiNNeR folded before Flop (didn't bet)
Seat 4: isem919 folded before Flop (didn't bet)
Seat 5: WifeyGG folded before Flop (didn't bet)
Seat 6: beast3369 folded on the Turn
Seat 8: arsenyaspbsb (button) collected ($0.51)
Seat 9: Dorex2007 (small blind) folded before Flop



PokerStars Hand #232557746224:  Hold'em No Limit ($0.01/$0.02 USD) - 2021/12/26 18:23:39 PT [2021/12/26 21:23:39 ET]
Table 'Melitta IV' 9-max Seat #9 is the button
Seat 1: FilMiami ($1.05 in chips) 
Seat 2: Luck0utHo ($1.60 in chips) 
Seat 4: isem919 ($1.74 in chips) 
Seat 5: WifeyGG ($1.66 in chips) 
Seat 6: beast3369 ($2 in chips) 
Seat 7: Lucky_Sue_111 ($1.60 in chips) 
Seat 8: arsenyaspbsb ($2.26 in chips) 
Seat 9: Dorex2007 ($2 in chips) 
FilMiami: posts small blind $0.01
Luck0utHo: posts big blind $0.02
PedroAlsc: sits out 
Lucky_Sue_111: posts big blind $0.02
*** HOLE CARDS ***
Dealt to Dorex2007 [3s 8s]
isem919: calls $0.02
WifeyGG has timed out
WifeyGG: folds 
beast3369: folds 
Lucky_Sue_111: raises $0.02 to $0.04
arsenyaspbsb: folds 
Dorex2007: folds 
FilMiami: folds 
Luck0utHo: calls $0.02
isem919: calls $0.02
*** FLOP *** [Jc 6d 2s]
Luck0utHo: checks 
isem919: checks 
Lucky_Sue_111: checks 
*** TURN *** [Jc 6d 2s] [4s]
Luck0utHo: bets $0.04
isem919: folds 
Lucky_Sue_111: calls $0.04
*** RIVER *** [Jc 6d 2s 4s] [7d]
Luck0utHo: checks 
Lucky_Sue_111: checks 
*** SHOW DOWN ***
Luck0utHo: shows [Qs 9s] (high card Queen)
Lucky_Sue_111: shows [Ad Kc] (high card Ace)
Lucky_Sue_111 collected $0.20 from pot
*** SUMMARY ***
Total pot $0.21 | Rake $0.01 
Board [Jc 6d 2s 4s 7d]
Seat 1: FilMiami (small blind) folded before Flop
Seat 2: Luck0utHo (big blind) showed [Qs 9s] and lost with high card Queen
Seat 4: isem919 folded on the Turn
Seat 5: WifeyGG folded before Flop (didn't bet)
Seat 6: beast3369 folded before Flop (didn't bet)
Seat 7: Lucky_Sue_111 showed [Ad Kc] and won ($0.20) with high card Ace
Seat 8: arsenyaspbsb folded before Flop (didn't bet)
Seat 9: Dorex2007 (button) folded before Flop (didn't bet)



PokerStars Hand #232557767092:  Hold'em No Limit ($0.01/$0.02 USD) - 2021/12/26 18:24:56 PT [2021/12/26 21:24:56 ET]
Table 'Melitta IV' 9-max Seat #1 is the button
Seat 1: FilMiami ($1.04 in chips) 
Seat 2: Luck0utHo ($1.52 in chips) 
Seat 3: PedroAlsc ($1 in chips) 
Seat 4: isem919 ($1.70 in chips) 
Seat 5: WifeyGG ($1.66 in chips) 
Seat 6: beast3369 ($2 in chips) 
Seat 7: Lucky_Sue_111 ($1.72 in chips) 
Seat 8: arsenyaspbsb ($2.26 in chips) 
Seat 9: Dorex2007 ($2 in chips) 
Luck0utHo: posts small blind $0.01
PedroAlsc: posts big blind $0.02
*** HOLE CARDS ***
Dealt to Dorex2007 [6d Td]
isem919: calls $0.02
WifeyGG: folds 
beast3369: folds 
Lucky_Sue_111: folds 
arsenyaspbsb: folds 
Dorex2007: folds 
FilMiami: folds 
Luck0utHo: calls $0.01
PedroAlsc: checks 
*** FLOP *** [4d 7s As]
Luck0utHo: checks 
PedroAlsc: checks 
isem919: checks 
*** TURN *** [4d 7s As] [6s]
Luck0utHo: checks 
PedroAlsc: checks 
isem919: checks 
*** RIVER *** [4d 7s As 6s] [Qc]
Luck0utHo: checks 
PedroAlsc: bets $0.06
isem919: folds 
Luck0utHo: folds 
Uncalled bet ($0.06) returned to PedroAlsc
PedroAlsc collected $0.06 from pot
PedroAlsc: doesn't show hand 
*** SUMMARY ***
Total pot $0.06 | Rake $0 
Board [4d 7s As 6s Qc]
Seat 1: FilMiami (button) folded before Flop (didn't bet)
Seat 2: Luck0utHo (small blind) folded on the River
Seat 3: PedroAlsc (big blind) collected ($0.06)
Seat 4: isem919 folded on the River
Seat 5: WifeyGG folded before Flop (didn't bet)
Seat 6: beast3369 folded before Flop (didn't bet)
Seat 7: Lucky_Sue_111 folded before Flop (didn't bet)
Seat 8: arsenyaspbsb folded before Flop (didn't bet)
Seat 9: Dorex2007 folded before Flop (didn't bet)



PokerStars Hand #232557791094:  Hold'em No Limit ($0.01/$0.02 USD) - 2021/12/26 18:25:58 PT [2021/12/26 21:25:58 ET]
Table 'Melitta IV' 9-max Seat #2 is the button
Seat 1: FilMiami ($1.04 in chips) 
Seat 2: Luck0utHo ($1.50 in chips) 
Seat 3: PedroAlsc ($1.04 in chips) 
Seat 4: isem919 ($1.68 in chips) 
Seat 5: WifeyGG ($1.66 in chips) 
Seat 6: beast3369 ($2 in chips) 
Seat 7: Lucky_Sue_111 ($1.72 in chips) 
Seat 8: arsenyaspbsb ($2.26 in chips) 
Seat 9: Dorex2007 ($2 in chips) 
PedroAlsc: posts small blind $0.01
isem919: posts big blind $0.02
*** HOLE CARDS ***
Dealt to Dorex2007 [2h 8h]
WifeyGG: folds 
beast3369: folds 
Lucky_Sue_111: calls $0.02
arsenyaspbsb: raises $0.07 to $0.09
Dorex2007: folds 
FilMiami: folds 
Luck0utHo: folds 
PedroAlsc: folds 
isem919: folds 
Lucky_Sue_111: calls $0.07
*** FLOP *** [9h 4s 7h]
Lucky_Sue_111: checks 
arsenyaspbsb: bets $0.12
Lucky_Sue_111: calls $0.12
*** TURN *** [9h 4s 7h] [Qh]
Lucky_Sue_111: checks 
arsenyaspbsb: checks 
*** RIVER *** [9h 4s 7h Qh] [8s]
Lucky_Sue_111: checks 
arsenyaspbsb: bets $0.18
Lucky_Sue_111: calls $0.18
*** SHOW DOWN ***
arsenyaspbsb: shows [Kd Kc] (a pair of Kings)
Lucky_Sue_111: mucks hand 
arsenyaspbsb collected $0.78 from pot
*** SUMMARY ***
Total pot $0.81 | Rake $0.03 
Board [9h 4s 7h Qh 8s]
Seat 1: FilMiami folded before Flop (didn't bet)
Seat 2: Luck0utHo (button) folded before Flop (didn't bet)
Seat 3: PedroAlsc (small blind) folded before Flop
Seat 4: isem919 (big blind) folded before Flop
Seat 5: WifeyGG folded before Flop (didn't bet)
Seat 6: beast3369 folded before Flop (didn't bet)
Seat 7: Lucky_Sue_111 mucked [8d 6d]
Seat 8: arsenyaspbsb showed [Kd Kc] and won ($0.78) with a pair of Kings
Seat 9: Dorex2007 folded before Flop (didn't bet)



PokerStars Hand #232557811313:  Hold'em No Limit ($0.01/$0.02 USD) - 2021/12/26 18:26:45 PT [2021/12/26 21:26:45 ET]
Table 'Melitta IV' 9-max Seat #3 is the button
Seat 1: FilMiami ($1.04 in chips) 
Seat 2: Luck0utHo ($1.50 in chips) 
Seat 3: PedroAlsc ($1.03 in chips) 
Seat 4: isem919 ($1.66 in chips) 
Seat 5: WifeyGG ($1.66 in chips) 
Seat 6: beast3369 ($2 in chips) 
Seat 7: Lucky_Sue_111 ($1.33 in chips) 
Seat 8: arsenyaspbsb ($2.65 in chips) 
Seat 9: Dorex2007 ($2 in chips) 
isem919: posts small blind $0.01
WifeyGG: posts big blind $0.02
*** HOLE CARDS ***
Dealt to Dorex2007 [7h Kc]
beast3369: folds 
Lucky_Sue_111: calls $0.02
arsenyaspbsb: folds 
Dorex2007: folds 
FilMiami: folds 
Luck0utHo: raises $0.06 to $0.08
PedroAlsc: folds 
isem919: calls $0.07
WifeyGG: folds 
Lucky_Sue_111: calls $0.06
*** FLOP *** [Jd 7s Ac]
isem919: checks 
Lucky_Sue_111: checks 
Luck0utHo: bets $0.10
isem919: folds 
Lucky_Sue_111: calls $0.10
*** TURN *** [Jd 7s Ac] [7c]
Lucky_Sue_111: checks 
Luck0utHo: checks 
*** RIVER *** [Jd 7s Ac 7c] [As]
Lucky_Sue_111: checks 
Luck0utHo: bets $0.22
Lucky_Sue_111: folds 
Uncalled bet ($0.22) returned to Luck0utHo
Luck0utHo collected $0.44 from pot
Luck0utHo: doesn't show hand 
*** SUMMARY ***
Total pot $0.46 | Rake $0.02 
Board [Jd 7s Ac 7c As]
Seat 1: FilMiami folded before Flop (didn't bet)
Seat 2: Luck0utHo collected ($0.44)
Seat 3: PedroAlsc (button) folded before Flop (didn't bet)
Seat 4: isem919 (small blind) folded on the Flop
Seat 5: WifeyGG (big blind) folded before Flop
Seat 6: beast3369 folded before Flop (didn't bet)
Seat 7: Lucky_Sue_111 folded on the River
Seat 8: arsenyaspbsb folded before Flop (didn't bet)
Seat 9: Dorex2007 folded before Flop (didn't bet)



PokerStars Hand #232557828616:  Hold'em No Limit ($0.01/$0.02 USD) - 2021/12/26 18:27:51 PT [2021/12/26 21:27:51 ET]
Table 'Melitta IV' 9-max Seat #4 is the button
Seat 1: FilMiami ($1.04 in chips) 
Seat 2: Luck0utHo ($1.76 in chips) 
Seat 3: PedroAlsc ($1.03 in chips) 
Seat 4: isem919 ($1.58 in chips) 
Seat 5: WifeyGG ($1.64 in chips) 
Seat 6: beast3369 ($2 in chips) 
Seat 7: Lucky_Sue_111 ($1.15 in chips) 
Seat 8: arsenyaspbsb ($2.65 in chips) 
Seat 9: Dorex2007 ($2 in chips) 
WifeyGG: posts small blind $0.01
beast3369: posts big blind $0.02
*** HOLE CARDS ***
Dealt to Dorex2007 [Kd 3s]
Lucky_Sue_111: folds 
arsenyaspbsb: folds 
Dorex2007: folds 
FilMiami: folds 
Luck0utHo: raises $0.04 to $0.06
PedroAlsc: folds 
isem919: folds 
WifeyGG: folds 
beast3369: folds 
Uncalled bet ($0.04) returned to Luck0utHo
Luck0utHo collected $0.05 from pot
Luck0utHo: doesn't show hand 
*** SUMMARY ***
Total pot $0.05 | Rake $0 
Seat 1: FilMiami folded before Flop (didn't bet)
Seat 2: Luck0utHo collected ($0.05)
Seat 3: PedroAlsc folded before Flop (didn't bet)
Seat 4: isem919 (button) folded before Flop (didn't bet)
Seat 5: WifeyGG (small blind) folded before Flop
Seat 6: beast3369 (big blind) folded before Flop
Seat 7: Lucky_Sue_111 folded before Flop (didn't bet)
Seat 8: arsenyaspbsb folded before Flop (didn't bet)
Seat 9: Dorex2007 folded before Flop (didn't bet)



PokerStars Hand #232557835338:  Hold'em No Limit ($0.01/$0.02 USD) - 2021/12/26 18:28:17 PT [2021/12/26 21:28:17 ET]
Table 'Melitta IV' 9-max Seat #5 is the button
Seat 1: FilMiami ($1.04 in chips) 
Seat 2: Luck0utHo ($1.79 in chips) 
Seat 3: PedroAlsc ($1.03 in chips) 
Seat 4: isem919 ($1.58 in chips) 
Seat 5: WifeyGG ($1.63 in chips) 
Seat 6: beast3369 ($2 in chips) 
Seat 7: Lucky_Sue_111 ($1.15 in chips) 
Seat 8: arsenyaspbsb ($2.65 in chips) 
Seat 9: Dorex2007 ($2 in chips) 
beast3369: posts small blind $0.01
Lucky_Sue_111: posts big blind $0.02
*** HOLE CARDS ***
Dealt to Dorex2007 [8d Ah]
arsenyaspbsb: raises $0.04 to $0.06
Dorex2007: folds 
FilMiami: folds 
Luck0utHo: raises $0.12 to $0.18
PedroAlsc: folds 
isem919 has timed out
isem919: folds 
WifeyGG: folds 
beast3369: folds 
Lucky_Sue_111: folds 
arsenyaspbsb: calls $0.12
*** FLOP *** [5d 4s 4d]
arsenyaspbsb: checks 
Luck0utHo: bets $0.25
arsenyaspbsb: folds 
Uncalled bet ($0.25) returned to Luck0utHo
Luck0utHo collected $0.38 from pot
Luck0utHo: doesn't show hand 
*** SUMMARY ***
Total pot $0.39 | Rake $0.01 
Board [5d 4s 4d]
Seat 1: FilMiami folded before Flop (didn't bet)
Seat 2: Luck0utHo collected ($0.38)
Seat 3: PedroAlsc folded before Flop (didn't bet)
Seat 4: isem919 folded before Flop (didn't bet)
Seat 5: WifeyGG (button) folded before Flop (didn't bet)
Seat 6: beast3369 (small blind) folded before Flop
Seat 7: Lucky_Sue_111 (big blind) folded before Flop
Seat 8: arsenyaspbsb folded on the Flop
Seat 9: Dorex2007 folded before Flop (didn't bet)



PokerStars Hand #232557850717:  Hold'em No Limit ($0.01/$0.02 USD) - 2021/12/26 18:29:16 PT [2021/12/26 21:29:16 ET]
Table 'Melitta IV' 9-max Seat #6 is the button
Seat 1: FilMiami ($1.04 in chips) 
Seat 2: Luck0utHo ($1.99 in chips) 
Seat 3: PedroAlsc ($1.03 in chips) 
Seat 4: isem919 ($1.58 in chips) 
Seat 5: WifeyGG ($1.63 in chips) 
Seat 6: beast3369 ($2 in chips) 
Seat 7: Lucky_Sue_111 ($1.13 in chips) 
Seat 8: arsenyaspbsb ($2.47 in chips) 
Seat 9: Dorex2007 ($2 in chips) 
Lucky_Sue_111: posts small blind $0.01
arsenyaspbsb: posts big blind $0.02
*** HOLE CARDS ***
Dealt to Dorex2007 [3s 3c]
Dorex2007: calls $0.02
FilMiami: folds 
Luck0utHo: calls $0.02
PedroAlsc: calls $0.02
isem919: folds 
WifeyGG: calls $0.02
beast3369: calls $0.02
Lucky_Sue_111: calls $0.01
WifeyGG is disconnected 
arsenyaspbsb: checks 
*** FLOP *** [2h 3d As]
Lucky_Sue_111: checks 
arsenyaspbsb: checks 
Dorex2007: bets $0.18
Luck0utHo: folds 
PedroAlsc: calls $0.18
WifeyGG: folds 
beast3369: folds 
Lucky_Sue_111: folds 
arsenyaspbsb: folds 
*** TURN *** [2h 3d As] [Jc]
Dorex2007: bets $1.80 and is all-in
PedroAlsc: calls $0.83 and is all-in
Uncalled bet ($0.97) returned to Dorex2007
*** RIVER *** [2h 3d As Jc] [2s]
*** SHOW DOWN ***
Dorex2007: shows [3s 3c] (a full house, Threes full of Deuces)
PedroAlsc: shows [Td Ah] (two pair, Aces and Deuces)
Dorex2007 collected $2.08 from pot
*** SUMMARY ***
Total pot $2.16 | Rake $0.08 
Board [2h 3d As Jc 2s]
Seat 1: FilMiami folded before Flop (didn't bet)
Seat 2: Luck0utHo folded on the Flop
Seat 3: PedroAlsc showed [Td Ah] and lost with two pair, Aces and Deuces
Seat 4: isem919 folded before Flop (didn't bet)
Seat 5: WifeyGG folded on the Flop
Seat 6: beast3369 (button) folded on the Flop
Seat 7: Lucky_Sue_111 (small blind) folded on the Flop
Seat 8: arsenyaspbsb (big blind) folded on the Flop
Seat 9: Dorex2007 showed [3s 3c] and won ($2.08) with a full house, Threes full of Deuces



PokerStars Hand #232557869663:  Hold'em No Limit ($0.01/$0.02 USD) - 2021/12/26 18:30:28 PT [2021/12/26 21:30:28 ET]
Table 'Melitta IV' 9-max Seat #8 is the button
Seat 2: Luck0utHo ($1.97 in chips) 
Seat 4: isem919 ($1.58 in chips) 
Seat 5: WifeyGG ($1.61 in chips) 
Seat 6: beast3369 ($2 in chips) 
Seat 8: arsenyaspbsb ($2.45 in chips) 
Seat 9: Dorex2007 ($3.05 in chips) 
Dorex2007: posts small blind $0.01
FilMiami: is sitting out 
Luck0utHo: posts big blind $0.02
*** HOLE CARDS ***
Dealt to Dorex2007 [8h 5c]
isem919: folds 
WifeyGG: folds 
FilMiami leaves the table
beast3369: raises $0.04 to $0.06
arsenyaspbsb: folds 
Dorex2007: folds 
Luck0utHo: calls $0.04
*** FLOP *** [Jd 5h 9d]
Luck0utHo: bets $0.10
beast3369: folds 
Uncalled bet ($0.10) returned to Luck0utHo
Luck0utHo collected $0.13 from pot
Luck0utHo: doesn't show hand 
*** SUMMARY ***
Total pot $0.13 | Rake $0 
Board [Jd 5h 9d]
Seat 2: Luck0utHo (big blind) collected ($0.13)
Seat 4: isem919 folded before Flop (didn't bet)
Seat 5: WifeyGG folded before Flop (didn't bet)
Seat 6: beast3369 folded on the Flop
Seat 8: arsenyaspbsb (button) folded before Flop (didn't bet)
Seat 9: Dorex2007 (small blind) folded before Flop



PokerStars Hand #232557875723:  Hold'em No Limit ($0.01/$0.02 USD) - 2021/12/26 18:30:51 PT [2021/12/26 21:30:51 ET]
Table 'Melitta IV' 9-max Seat #9 is the button
Seat 2: Luck0utHo ($2.04 in chips) 
Seat 3: PedroAlsc ($1 in chips) 
Seat 4: isem919 ($1.58 in chips) 
Seat 5: WifeyGG ($1.61 in chips) 
Seat 6: beast3369 ($2 in chips) 
Seat 8: arsenyaspbsb ($2.45 in chips) 
Seat 9: Dorex2007 ($3.04 in chips) 
Luck0utHo: posts small blind $0.01
PedroAlsc: posts big blind $0.02
*** HOLE CARDS ***
Dealt to Dorex2007 [3d 5h]
isem919: folds 
WifeyGG: folds 
beast3369: folds 
arsenyaspbsb: raises $0.04 to $0.06
Dorex2007: folds 
Luck0utHo: folds 
PedroAlsc: folds 
Uncalled bet ($0.04) returned to arsenyaspbsb
arsenyaspbsb collected $0.05 from pot
arsenyaspbsb: doesn't show hand 
*** SUMMARY ***
Total pot $0.05 | Rake $0 
Seat 2: Luck0utHo (small blind) folded before Flop
Seat 3: PedroAlsc (big blind) folded before Flop
Seat 4: isem919 folded before Flop (didn't bet)
Seat 5: WifeyGG folded before Flop (didn't bet)
Seat 6: beast3369 folded before Flop (didn't bet)
Seat 8: arsenyaspbsb collected ($0.05)
Seat 9: Dorex2007 (button) folded before Flop (didn't bet)



PokerStars Hand #232557880900:  Hold'em No Limit ($0.01/$0.02 USD) - 2021/12/26 18:31:11 PT [2021/12/26 21:31:11 ET]
Table 'Melitta IV' 9-max Seat #2 is the button
Seat 2: Luck0utHo ($2.03 in chips) 
Seat 3: PedroAlsc ($0.98 in chips) 
Seat 4: isem919 ($1.58 in chips) 
Seat 5: WifeyGG ($1.61 in chips) 
Seat 6: beast3369 ($2 in chips) 
Seat 8: arsenyaspbsb ($2.48 in chips) 
Seat 9: Dorex2007 ($3.04 in chips) 
PedroAlsc: posts small blind $0.01
isem919: posts big blind $0.02
*** HOLE CARDS ***
Dealt to Dorex2007 [3d 3c]
WifeyGG: raises $0.04 to $0.06
rogstad08 joins the table at seat #1 
beast3369: folds 
arsenyaspbsb: folds 
Dorex2007: calls $0.06
Luck0utHo: folds 
PedroAlsc: folds 
rogstad08 leaves the table
isem919: folds 
*** FLOP *** [2h 5d 4s]
WifeyGG: bets $0.09
Dorex2007: calls $0.09
*** TURN *** [2h 5d 4s] [7s]
WifeyGG: bets $0.16
Dorex2007: folds 
Uncalled bet ($0.16) returned to WifeyGG
WifeyGG collected $0.32 from pot
WifeyGG: doesn't show hand 
*** SUMMARY ***
Total pot $0.33 | Rake $0.01 
Board [2h 5d 4s 7s]
Seat 2: Luck0utHo (button) folded before Flop (didn't bet)
Seat 3: PedroAlsc (small blind) folded before Flop
Seat 4: isem919 (big blind) folded before Flop
Seat 5: WifeyGG collected ($0.32)
Seat 6: beast3369 folded before Flop (didn't bet)
Seat 8: arsenyaspbsb folded before Flop (didn't bet)
Seat 9: Dorex2007 folded on the Turn



PokerStars Hand #232557896447:  Hold'em No Limit ($0.01/$0.02 USD) - 2021/12/26 18:32:12 PT [2021/12/26 21:32:12 ET]
Table 'Melitta IV' 9-max Seat #3 is the button
Seat 2: Luck0utHo ($2.03 in chips) 
Seat 3: PedroAlsc ($0.97 in chips) 
Seat 4: isem919 ($1.56 in chips) 
Seat 5: WifeyGG ($1.78 in chips) 
Seat 6: beast3369 ($2 in chips) 
Seat 8: arsenyaspbsb ($2.48 in chips) 
Seat 9: Dorex2007 ($2.89 in chips) 
isem919: posts small blind $0.01
WifeyGG: posts big blind $0.02
*** HOLE CARDS ***
Dealt to Dorex2007 [Jc 8s]
beast3369: folds 
arsenyaspbsb: raises $0.04 to $0.06
Dorex2007: folds 
Luck0utHo: calls $0.06
PedroAlsc: folds 
isem919: calls $0.05
abufirs joins the table at seat #1 
abufirs is disconnected 
WifeyGG has timed out
WifeyGG: folds 
*** FLOP *** [Td 3c 9h]
isem919: checks 
arsenyaspbsb: checks 
Luck0utHo: checks 
*** TURN *** [Td 3c 9h] [Ks]
isem919: checks 
arsenyaspbsb: checks 
Luck0utHo: checks 
*** RIVER *** [Td 3c 9h Ks] [2h]
isem919: bets $0.09
arsenyaspbsb: folds 
Luck0utHo: calls $0.09
*** SHOW DOWN ***
isem919: shows [Qc 9c] (a pair of Nines)
Luck0utHo: mucks hand 
isem919 collected $0.37 from pot
*** SUMMARY ***
Total pot $0.38 | Rake $0.01 
Board [Td 3c 9h Ks 2h]
Seat 2: Luck0utHo mucked [8c 8d]
Seat 3: PedroAlsc (button) folded before Flop (didn't bet)
Seat 4: isem919 (small blind) showed [Qc 9c] and won ($0.37) with a pair of Nines
Seat 5: WifeyGG (big blind) folded before Flop
Seat 6: beast3369 folded before Flop (didn't bet)
Seat 8: arsenyaspbsb folded on the River
Seat 9: Dorex2007 folded before Flop (didn't bet)



PokerStars Hand #232557924478:  Hold'em No Limit ($0.01/$0.02 USD) - 2021/12/26 18:34:00 PT [2021/12/26 21:34:00 ET]
Table 'Melitta IV' 9-max Seat #4 is the button
Seat 2: Luck0utHo ($1.88 in chips) 
Seat 3: PedroAlsc ($0.97 in chips) 
Seat 4: isem919 ($1.78 in chips) 
Seat 5: WifeyGG ($1.76 in chips) 
Seat 6: beast3369 ($2 in chips) 
Seat 8: arsenyaspbsb ($2.42 in chips) 
Seat 9: Dorex2007 ($2.89 in chips) 
WifeyGG: posts small blind $0.01
beast3369: posts big blind $0.02
abufirs: sits out 
*** HOLE CARDS ***
Dealt to Dorex2007 [Jd 8c]
arsenyaspbsb: folds 
Dorex2007: folds 
Luck0utHo: folds 
PedroAlsc: folds 
isem919: folds 
WifeyGG: raises $0.04 to $0.06
beast3369: calls $0.04
*** FLOP *** [Jc Ac Ad]
WifeyGG: bets $0.08
beast3369: calls $0.08
*** TURN *** [Jc Ac Ad] [3s]
WifeyGG: bets $0.15
beast3369: calls $0.15
*** RIVER *** [Jc Ac Ad 3s] [6h]
WifeyGG: bets $0.24
beast3369: raises $0.74 to $0.98
WifeyGG: calls $0.74
*** SHOW DOWN ***
beast3369: shows [Ah 6c] (a full house, Aces full of Sixes)
WifeyGG: mucks hand 
beast3369 collected $2.45 from pot
*** SUMMARY ***
Total pot $2.54 | Rake $0.09 
Board [Jc Ac Ad 3s 6h]
Seat 2: Luck0utHo folded before Flop (didn't bet)
Seat 3: PedroAlsc folded before Flop (didn't bet)
Seat 4: isem919 (button) folded before Flop (didn't bet)
Seat 5: WifeyGG (small blind) mucked [Ks Kc]
Seat 6: beast3369 (big blind) showed [Ah 6c] and won ($2.45) with a full house, Aces full of Sixes
Seat 8: arsenyaspbsb folded before Flop (didn't bet)
Seat 9: Dorex2007 folded before Flop (didn't bet)



PokerStars Hand #232557951099:  Hold'em No Limit ($0.01/$0.02 USD) - 2021/12/26 18:35:42 PT [2021/12/26 21:35:42 ET]
Table 'Melitta IV' 9-max Seat #5 is the button
Seat 2: Luck0utHo ($1.88 in chips) 
Seat 3: PedroAlsc ($0.97 in chips) 
Seat 4: isem919 ($1.78 in chips) 
Seat 5: WifeyGG ($0.49 in chips) 
Seat 6: beast3369 ($3.18 in chips) 
Seat 8: arsenyaspbsb ($2.42 in chips) 
Seat 9: Dorex2007 ($2.89 in chips) 
beast3369: posts small blind $0.01
arsenyaspbsb: posts big blind $0.02
abufirs: sits out 
*** HOLE CARDS ***
Dealt to Dorex2007 [3d Td]
Dorex2007: folds 
Luck0utHo: folds 
PedroAlsc: folds 
isem919: calls $0.02
WifeyGG: calls $0.02
beast3369: folds 
arsenyaspbsb: raises $0.07 to $0.09
isem919: calls $0.07
WifeyGG: calls $0.07
*** FLOP *** [5s 6h 6c]
arsenyaspbsb: bets $0.14
isem919: folds 
WifeyGG: calls $0.14
*** TURN *** [5s 6h 6c] [3c]
arsenyaspbsb: bets $0.54
WifeyGG: calls $0.26 and is all-in
Uncalled bet ($0.28) returned to arsenyaspbsb
*** RIVER *** [5s 6h 6c 3c] [Ac]
*** SHOW DOWN ***
arsenyaspbsb: shows [Ah Kd] (two pair, Aces and Sixes)
WifeyGG: shows [9d 6d] (three of a kind, Sixes)
WifeyGG collected $1.04 from pot
*** SUMMARY ***
Total pot $1.08 | Rake $0.04 
Board [5s 6h 6c 3c Ac]
Seat 2: Luck0utHo folded before Flop (didn't bet)
Seat 3: PedroAlsc folded before Flop (didn't bet)
Seat 4: isem919 folded on the Flop
Seat 5: WifeyGG (button) showed [9d 6d] and won ($1.04) with three of a kind, Sixes
Seat 6: beast3369 (small blind) folded before Flop
Seat 8: arsenyaspbsb (big blind) showed [Ah Kd] and lost with two pair, Aces and Sixes
Seat 9: Dorex2007 folded before Flop (didn't bet)



PokerStars Hand #232557972713:  Hold'em No Limit ($0.01/$0.02 USD) - 2021/12/26 18:36:46 PT [2021/12/26 21:36:46 ET]
Table 'Melitta IV' 9-max Seat #6 is the button
Seat 2: Luck0utHo ($1.88 in chips) 
Seat 3: PedroAlsc ($0.97 in chips) 
Seat 4: isem919 ($1.69 in chips) 
Seat 5: WifeyGG ($1.04 in chips) 
Seat 6: beast3369 ($3.17 in chips) 
Seat 8: arsenyaspbsb ($2 in chips) 
Seat 9: Dorex2007 ($2.89 in chips) 
arsenyaspbsb: posts small blind $0.01
Dorex2007: posts big blind $0.02
abufirs: sits out 
*** HOLE CARDS ***
Dealt to Dorex2007 [7d 3d]
Luck0utHo has timed out
Luck0utHo: folds 
PedroAlsc: folds 
isem919: calls $0.02
WifeyGG: folds 
beast3369: raises $0.10 to $0.12
arsenyaspbsb: folds 
Dorex2007: folds 
isem919: calls $0.10
*** FLOP *** [5h 6d Kc]
isem919: checks 
beast3369: bets $0.09
isem919: folds 
Uncalled bet ($0.09) returned to beast3369
beast3369 collected $0.26 from pot
beast3369: doesn't show hand 
*** SUMMARY ***
Total pot $0.27 | Rake $0.01 
Board [5h 6d Kc]
Seat 2: Luck0utHo folded before Flop (didn't bet)
Seat 3: PedroAlsc folded before Flop (didn't bet)
Seat 4: isem919 folded on the Flop
Seat 5: WifeyGG folded before Flop (didn't bet)
Seat 6: beast3369 (button) collected ($0.26)
Seat 8: arsenyaspbsb (small blind) folded before Flop
Seat 9: Dorex2007 (big blind) folded before Flop



PokerStars Hand #232557985315:  Hold'em No Limit ($0.01/$0.02 USD) - 2021/12/26 18:37:33 PT [2021/12/26 21:37:33 ET]
Table 'Melitta IV' 9-max Seat #8 is the button
Seat 1: abufirs ($2 in chips) 
Seat 2: Luck0utHo ($1.88 in chips) 
Seat 3: PedroAlsc ($0.97 in chips) 
Seat 4: isem919 ($1.57 in chips) 
Seat 5: WifeyGG ($1.04 in chips) 
Seat 6: beast3369 ($3.31 in chips) 
Seat 7: Lucky_Sue_111 ($1.11 in chips) 
Seat 8: arsenyaspbsb ($2 in chips) 
Seat 9: Dorex2007 ($2.87 in chips) 
Dorex2007: posts small blind $0.01
abufirs: posts big blind $0.02
Lucky_Sue_111: posts small & big blinds $0.03
*** HOLE CARDS ***
Dealt to Dorex2007 [4h Js]
Luck0utHo: raises $0.06 to $0.08
PedroAlsc: folds 
isem919: calls $0.08
WifeyGG: folds 
beast3369: folds 
Lucky_Sue_111: calls $0.06
arsenyaspbsb: folds 
Dorex2007: folds 
abufirs: folds 
*** FLOP *** [8s Qs Qd]
Luck0utHo: bets $0.16
isem919: calls $0.16
Lucky_Sue_111: folds 
*** TURN *** [8s Qs Qd] [2d]
Luck0utHo: bets $0.32
isem919: calls $0.32
*** RIVER *** [8s Qs Qd 2d] [8c]
Luck0utHo: checks 
isem919: bets $0.60
Luck0utHo: calls $0.60
*** SHOW DOWN ***
isem919: shows [Kc Qc] (a full house, Queens full of Eights)
Luck0utHo: mucks hand 
isem919 collected $2.35 from pot
*** SUMMARY ***
Total pot $2.44 | Rake $0.09 
Board [8s Qs Qd 2d 8c]
Seat 1: abufirs (big blind) folded before Flop
Seat 2: Luck0utHo mucked [9d 9h]
Seat 3: PedroAlsc folded before Flop (didn't bet)
Seat 4: isem919 showed [Kc Qc] and won ($2.35) with a full house, Queens full of Eights
Seat 5: WifeyGG folded before Flop (didn't bet)
Seat 6: beast3369 folded before Flop (didn't bet)
Seat 7: Lucky_Sue_111 folded on the Flop
Seat 8: arsenyaspbsb (button) folded before Flop (didn't bet)
Seat 9: Dorex2007 (small blind) folded before Flop



PokerStars Hand #232558012493:  Hold'em No Limit ($0.01/$0.02 USD) - 2021/12/26 18:39:00 PT [2021/12/26 21:39:00 ET]
Table 'Melitta IV' 9-max Seat #9 is the button
Seat 2: Luck0utHo ($0.72 in chips) 
Seat 3: PedroAlsc ($0.97 in chips) 
Seat 4: isem919 ($2.76 in chips) 
Seat 5: WifeyGG ($1.04 in chips) 
Seat 6: beast3369 ($3.31 in chips) 
Seat 7: Lucky_Sue_111 ($1.02 in chips) 
Seat 8: arsenyaspbsb ($2 in chips) 
Seat 9: Dorex2007 ($2.86 in chips) 
abufirs has timed out
abufirs: is sitting out 
Luck0utHo: posts small blind $0.01
PedroAlsc: posts big blind $0.02
*** HOLE CARDS ***
Dealt to Dorex2007 [3h Tc]
isem919: calls $0.02
WifeyGG: raises $0.06 to $0.08
beast3369: folds 
Lucky_Sue_111: calls $0.08
arsenyaspbsb: folds 
Dorex2007: folds 
Luck0utHo: folds 
PedroAlsc: folds 
isem919: calls $0.06
*** FLOP *** [5c 2s Jd]
isem919: checks 
WifeyGG: bets $0.15
Lucky_Sue_111: calls $0.15
isem919: calls $0.15
*** TURN *** [5c 2s Jd] [Ad]
isem919: checks 
WifeyGG: bets $0.38
Lucky_Sue_111: raises $0.38 to $0.76
isem919: calls $0.76
WifeyGG: raises $0.05 to $0.81 and is all-in
Lucky_Sue_111: calls $0.03 and is all-in
isem919: calls $0.05
*** RIVER *** [5c 2s Jd Ad] [Qh]
*** SHOW DOWN ***
isem919: shows [5s 5d] (three of a kind, Fives)
WifeyGG: shows [Ah Kh] (a pair of Aces)
isem919 collected $0.04 from side pot
Lucky_Sue_111: shows [Ks As] (a pair of Aces)
isem919 collected $2.98 from main pot
*** SUMMARY ***
Total pot $3.13 Main pot $2.98. Side pot $0.04. | Rake $0.11 
Board [5c 2s Jd Ad Qh]
Seat 2: Luck0utHo (small blind) folded before Flop
Seat 3: PedroAlsc (big blind) folded before Flop
Seat 4: isem919 showed [5s 5d] and won ($3.02) with three of a kind, Fives
Seat 5: WifeyGG showed [Ah Kh] and lost with a pair of Aces
Seat 6: beast3369 folded before Flop (didn't bet)
Seat 7: Lucky_Sue_111 showed [Ks As] and lost with a pair of Aces
Seat 8: arsenyaspbsb folded before Flop (didn't bet)
Seat 9: Dorex2007 (button) folded before Flop (didn't bet)



PokerStars Hand #232558033772:  Hold'em No Limit ($0.01/$0.02 USD) - 2021/12/26 18:40:23 PT [2021/12/26 21:40:23 ET]
Table 'Melitta IV' 9-max Seat #2 is the button
Seat 1: abufirs ($1.98 in chips) 
Seat 2: Luck0utHo ($0.71 in chips) 
Seat 3: PedroAlsc ($0.95 in chips) 
Seat 4: isem919 ($4.74 in chips) 
Seat 6: beast3369 ($3.31 in chips) 
Seat 8: arsenyaspbsb ($2 in chips) 
Seat 9: Dorex2007 ($2.86 in chips) 
PedroAlsc: posts small blind $0.01
isem919: posts big blind $0.02
abufirs: posts small blind $0.01
*** HOLE CARDS ***
Dealt to Dorex2007 [5d Kh]
beast3369: folds 
arsenyaspbsb: raises $0.04 to $0.06
Dorex2007: folds 
abufirs: calls $0.06
WifeyGG leaves the table
Luck0utHo: folds 
PedroAlsc: folds 
isem919: calls $0.04
*** FLOP *** [3c 7h 7c]
isem919: checks 
arsenyaspbsb: checks 
abufirs: bets $0.10
isem919: calls $0.10
arsenyaspbsb: folds 
*** TURN *** [3c 7h 7c] [4s]
isem919: checks 
abufirs: checks 
*** RIVER *** [3c 7h 7c 4s] [Ad]
isem919: checks 
abufirs: bets $0.20
isem919: folds 
Uncalled bet ($0.20) returned to abufirs
abufirs collected $0.39 from pot
abufirs: doesn't show hand 
*** SUMMARY ***
Total pot $0.40 | Rake $0.01 
Board [3c 7h 7c 4s Ad]
Seat 1: abufirs collected ($0.39)
Seat 2: Luck0utHo (button) folded before Flop (didn't bet)
Seat 3: PedroAlsc (small blind) folded before Flop
Seat 4: isem919 (big blind) folded on the River
Seat 6: beast3369 folded before Flop (didn't bet)
Seat 8: arsenyaspbsb folded on the Flop
Seat 9: Dorex2007 folded before Flop (didn't bet)



PokerStars Hand #232558047694:  Hold'em No Limit ($0.01/$0.02 USD) - 2021/12/26 18:41:17 PT [2021/12/26 21:41:17 ET]
Table 'Melitta IV' 9-max Seat #3 is the button
Seat 1: abufirs ($2.20 in chips) 
Seat 2: Luck0utHo ($0.71 in chips) 
Seat 3: PedroAlsc ($0.94 in chips) 
Seat 4: isem919 ($4.58 in chips) 
Seat 8: arsenyaspbsb ($2 in chips) 
Seat 9: Dorex2007 ($2.86 in chips) 
isem919: posts small blind $0.01
beast3369: is sitting out 
arsenyaspbsb: posts big blind $0.02
*** HOLE CARDS ***
Dealt to Dorex2007 [Ts Jc]
Dorex2007: folds 
abufirs: calls $0.02
Luck0utHo: raises $0.06 to $0.08
PedroAlsc: folds 
isem919: folds 
mathplayer joins the table at seat #5 
arsenyaspbsb: folds 
abufirs: folds 
Uncalled bet ($0.06) returned to Luck0utHo
Luck0utHo collected $0.07 from pot
Luck0utHo: doesn't show hand 
*** SUMMARY ***
Total pot $0.07 | Rake $0 
Seat 1: abufirs folded before Flop
Seat 2: Luck0utHo collected ($0.07)
Seat 3: PedroAlsc (button) folded before Flop (didn't bet)
Seat 4: isem919 (small blind) folded before Flop
Seat 8: arsenyaspbsb (big blind) folded before Flop
Seat 9: Dorex2007 folded before Flop (didn't bet)



PokerStars Hand #232558052643:  Hold'em No Limit ($0.01/$0.02 USD) - 2021/12/26 18:41:36 PT [2021/12/26 21:41:36 ET]
Table 'Melitta IV' 9-max Seat #4 is the button
Seat 1: abufirs ($2.18 in chips) 
Seat 2: Luck0utHo ($0.76 in chips) 
Seat 3: PedroAlsc ($0.94 in chips) 
Seat 4: isem919 ($4.57 in chips) 
Seat 8: arsenyaspbsb ($2 in chips) 
Seat 9: Dorex2007 ($2.86 in chips) 
arsenyaspbsb: posts small blind $0.01
Dorex2007: posts big blind $0.02
*** HOLE CARDS ***
Dealt to Dorex2007 [Ts 2s]
abufirs: folds 
Luck0utHo: folds 
Luck0utHo leaves the table
PedroAlsc: raises $0.02 to $0.04
isem919: folds 
arsenyaspbsb: folds 
Dorex2007: folds 
Uncalled bet ($0.02) returned to PedroAlsc
PedroAlsc collected $0.05 from pot
PedroAlsc: doesn't show hand 
*** SUMMARY ***
Total pot $0.05 | Rake $0 
Seat 1: abufirs folded before Flop (didn't bet)
Seat 2: Luck0utHo folded before Flop (didn't bet)
Seat 3: PedroAlsc collected ($0.05)
Seat 4: isem919 (button) folded before Flop (didn't bet)
Seat 8: arsenyaspbsb (small blind) folded before Flop
Seat 9: Dorex2007 (big blind) folded before Flop



PokerStars Hand #232558056504:  Hold'em No Limit ($0.01/$0.02 USD) - 2021/12/26 18:41:51 PT [2021/12/26 21:41:51 ET]
Table 'Melitta IV' 9-max Seat #8 is the button
Seat 1: abufirs ($2.18 in chips) 
Seat 3: PedroAlsc ($0.97 in chips) 
Seat 4: isem919 ($4.57 in chips) 
Seat 8: arsenyaspbsb ($2 in chips) 
Seat 9: Dorex2007 ($2.84 in chips) 
Dorex2007: posts small blind $0.01
abufirs: posts big blind $0.02
mathplayer: sits out 
Lucky_Sue_111: sits out 
*** HOLE CARDS ***
Dealt to Dorex2007 [Ad 7h]
beast3369 leaves the table
PedroAlsc: raises $0.02 to $0.04
isem919: folds 
arsenyaspbsb: folds 
Dorex2007: folds 
abufirs: calls $0.02
*** FLOP *** [4h 2h Ac]
abufirs: checks 
PedroAlsc: bets $0.05
abufirs: calls $0.05
*** TURN *** [4h 2h Ac] [3h]
abufirs: bets $0.09
PedroAlsc: calls $0.09
*** RIVER *** [4h 2h Ac 3h] [9d]
abufirs: bets $0.18
bezzy14 joins the table at seat #2 
PedroAlsc: calls $0.18
*** SHOW DOWN ***
abufirs: shows [5h 4d] (a straight, Ace to Five)
PedroAlsc: mucks hand 
abufirs collected $0.70 from pot
*** SUMMARY ***
Total pot $0.73 | Rake $0.03 
Board [4h 2h Ac 3h 9d]
Seat 1: abufirs (big blind) showed [5h 4d] and won ($0.70) with a straight, Ace to Five
Seat 3: PedroAlsc mucked [Ks Ah]
Seat 4: isem919 folded before Flop (didn't bet)
Seat 8: arsenyaspbsb (button) folded before Flop (didn't bet)
Seat 9: Dorex2007 (small blind) folded before Flop



PokerStars Hand #232558065999:  Hold'em No Limit ($0.01/$0.02 USD) - 2021/12/26 18:42:27 PT [2021/12/26 21:42:27 ET]
Table 'Melitta IV' 9-max Seat #9 is the button
Seat 1: abufirs ($2.52 in chips) 
Seat 2: bezzy14 ($2 in chips) 
Seat 3: PedroAlsc ($0.61 in chips) 
Seat 4: isem919 ($4.57 in chips) 
Seat 7: Lucky_Sue_111 ($2 in chips) 
Seat 8: arsenyaspbsb ($2 in chips) 
Seat 9: Dorex2007 ($2.83 in chips) 
abufirs: posts small blind $0.01
bezzy14: posts big blind $0.02
mathplayer: sits out 
Lucky_Sue_111: posts small & big blinds $0.03
*** HOLE CARDS ***
Dealt to Dorex2007 [3c Jd]
PedroAlsc: calls $0.02
isem919: folds 
Lucky_Sue_111: checks 
arsenyaspbsb: calls $0.02
Dorex2007: folds 
abufirs: calls $0.01
bezzy14: checks 
*** FLOP *** [Ac 4h 7s]
scarface0880 joins the table at seat #6 
abufirs: checks 
bezzy14: checks 
PedroAlsc: checks 
Lucky_Sue_111: checks 
arsenyaspbsb: bets $0.06
abufirs: folds 
bezzy14: folds 
PedroAlsc: folds 
Lucky_Sue_111: calls $0.06
*** TURN *** [Ac 4h 7s] [Qh]
Lucky_Sue_111: checks 
arsenyaspbsb: bets $0.11
Lucky_Sue_111: folds 
Uncalled bet ($0.11) returned to arsenyaspbsb
arsenyaspbsb collected $0.22 from pot
arsenyaspbsb: doesn't show hand 
*** SUMMARY ***
Total pot $0.23 | Rake $0.01 
Board [Ac 4h 7s Qh]
Seat 1: abufirs (small blind) folded on the Flop
Seat 2: bezzy14 (big blind) folded on the Flop
Seat 3: PedroAlsc folded on the Flop
Seat 4: isem919 folded before Flop (didn't bet)
Seat 7: Lucky_Sue_111 folded on the Turn
Seat 8: arsenyaspbsb collected ($0.22)
Seat 9: Dorex2007 (button) folded before Flop (didn't bet)



PokerStars Hand #232558083141:  Hold'em No Limit ($0.01/$0.02 USD) - 2021/12/26 18:43:33 PT [2021/12/26 21:43:33 ET]
Table 'Melitta IV' 9-max Seat #1 is the button
Seat 1: abufirs ($2.50 in chips) 
Seat 2: bezzy14 ($1.98 in chips) 
Seat 3: PedroAlsc ($1.19 in chips) 
Seat 4: isem919 ($4.57 in chips) 
Seat 6: scarface0880 ($0.80 in chips) 
Seat 7: Lucky_Sue_111 ($1.91 in chips) 
Seat 8: arsenyaspbsb ($2.14 in chips) 
Seat 9: Dorex2007 ($2.83 in chips) 
bezzy14: posts small blind $0.01
PedroAlsc: posts big blind $0.02
mathplayer: sits out 
scarface0880: posts big blind $0.02
*** HOLE CARDS ***
Dealt to Dorex2007 [As 2d]
isem919: folds 
scarface0880: checks 
Lucky_Sue_111: calls $0.02
arsenyaspbsb: folds 
Dorex2007: folds 
abufirs: calls $0.02
bezzy14: calls $0.01
isem919 leaves the table
PedroAlsc: checks 
*** FLOP *** [Th Tc 9d]
bezzy14: checks 
PedroAlsc: checks 
scarface0880: checks 
Lucky_Sue_111: checks 
abufirs: bets $0.05
bezzy14: folds 
PedroAlsc: folds 
scarface0880: folds 
Lucky_Sue_111: calls $0.05
*** TURN *** [Th Tc 9d] [Qh]
Lucky_Sue_111: checks 
abufirs: checks 
*** RIVER *** [Th Tc 9d Qh] [2s]
Lucky_Sue_111: checks 
abufirs: checks 
*** SHOW DOWN ***
Lucky_Sue_111: shows [4h Jh] (a pair of Tens)
abufirs: shows [9c 5c] (two pair, Tens and Nines)
abufirs collected $0.19 from pot
*** SUMMARY ***
Total pot $0.20 | Rake $0.01 
Board [Th Tc 9d Qh 2s]
Seat 1: abufirs (button) showed [9c 5c] and won ($0.19) with two pair, Tens and Nines
Seat 2: bezzy14 (small blind) folded on the Flop
Seat 3: PedroAlsc (big blind) folded on the Flop
Seat 4: isem919 folded before Flop (didn't bet)
Seat 6: scarface0880 folded on the Flop (didn't bet)
Seat 7: Lucky_Sue_111 showed [4h Jh] and lost with a pair of Tens
Seat 8: arsenyaspbsb folded before Flop (didn't bet)
Seat 9: Dorex2007 folded before Flop (didn't bet)



PokerStars Hand #232558106656:  Hold'em No Limit ($0.01/$0.02 USD) - 2021/12/26 18:44:31 PT [2021/12/26 21:44:31 ET]
Table 'Melitta IV' 9-max Seat #2 is the button
Seat 1: abufirs ($2.62 in chips) 
Seat 2: bezzy14 ($1.96 in chips) 
Seat 3: PedroAlsc ($1.17 in chips) 
Seat 5: mathplayer ($0.80 in chips) 
Seat 6: scarface0880 ($0.78 in chips) 
Seat 7: Lucky_Sue_111 ($1.84 in chips) 
Seat 8: arsenyaspbsb ($2.14 in chips) 
Seat 9: Dorex2007 ($2.83 in chips) 
PedroAlsc: posts small blind $0.01
mathplayer: posts big blind $0.02
*** HOLE CARDS ***
Dealt to Dorex2007 [Ah Qh]
scarface0880: folds 
Lucky_Sue_111: calls $0.02
arsenyaspbsb: folds 
Dorex2007: raises $0.04 to $0.06
abufirs: folds 
bezzy14: calls $0.06
PedroAlsc: folds 
mathplayer: folds 
Lucky_Sue_111: calls $0.04
*** FLOP *** [8s Kc 6c]
Lucky_Sue_111: checks 
Dorex2007: checks 
bezzy14: checks 
*** TURN *** [8s Kc 6c] [4h]
Lucky_Sue_111: checks 
Dorex2007: bets $0.10
bezzy14: folds 
Lucky_Sue_111: folds 
Uncalled bet ($0.10) returned to Dorex2007
Dorex2007 collected $0.20 from pot
Dorex2007: doesn't show hand 
*** SUMMARY ***
Total pot $0.21 | Rake $0.01 
Board [8s Kc 6c 4h]
Seat 1: abufirs folded before Flop (didn't bet)
Seat 2: bezzy14 (button) folded on the Turn
Seat 3: PedroAlsc (small blind) folded before Flop
Seat 5: mathplayer (big blind) folded before Flop
Seat 6: scarface0880 folded before Flop (didn't bet)
Seat 7: Lucky_Sue_111 folded on the Turn
Seat 8: arsenyaspbsb folded before Flop (didn't bet)
Seat 9: Dorex2007 collected ($0.20)



PokerStars Hand #232558116106:  Hold'em No Limit ($0.01/$0.02 USD) - 2021/12/26 18:45:08 PT [2021/12/26 21:45:08 ET]
Table 'Melitta IV' 9-max Seat #3 is the button
Seat 1: abufirs ($2.62 in chips) 
Seat 2: bezzy14 ($1.90 in chips) 
Seat 3: PedroAlsc ($1.16 in chips) 
Seat 5: mathplayer ($0.78 in chips) 
Seat 6: scarface0880 ($0.78 in chips) 
Seat 7: Lucky_Sue_111 ($1.78 in chips) 
Seat 8: arsenyaspbsb ($2.14 in chips) 
Seat 9: Dorex2007 ($2.97 in chips) 
mathplayer: posts small blind $0.01
scarface0880: posts big blind $0.02
*** HOLE CARDS ***
Dealt to Dorex2007 [Qd 9c]
Lucky_Sue_111: folds 
arsenyaspbsb: folds 
Dorex2007: folds 
abufirs: folds 
bezzy14: calls $0.02
PedroAlsc: folds 
PedroAlsc leaves the table
mathplayer: calls $0.01
scarface0880: checks 
*** FLOP *** [Jc 4d Qs]
mathplayer: bets $0.02
scarface0880: folds 
bezzy14: calls $0.02
*** TURN *** [Jc 4d Qs] [6h]
mathplayer: bets $0.03
bezzy14: folds 
Uncalled bet ($0.03) returned to mathplayer
mathplayer collected $0.10 from pot
*** SUMMARY ***
Total pot $0.10 | Rake $0 
Board [Jc 4d Qs 6h]
Seat 1: abufirs folded before Flop (didn't bet)
Seat 2: bezzy14 folded on the Turn
Seat 3: PedroAlsc (button) folded before Flop (didn't bet)
Seat 5: mathplayer (small blind) collected ($0.10)
Seat 6: scarface0880 (big blind) folded on the Flop
Seat 7: Lucky_Sue_111 folded before Flop (didn't bet)
Seat 8: arsenyaspbsb folded before Flop (didn't bet)
Seat 9: Dorex2007 folded before Flop (didn't bet)



PokerStars Hand #232558125871:  Hold'em No Limit ($0.01/$0.02 USD) - 2021/12/26 18:45:46 PT [2021/12/26 21:45:46 ET]
Table 'Melitta IV' 9-max Seat #5 is the button
Seat 1: abufirs ($2.62 in chips) 
Seat 2: bezzy14 ($1.86 in chips) 
Seat 5: mathplayer ($0.84 in chips) 
Seat 6: scarface0880 ($0.76 in chips) 
Seat 7: Lucky_Sue_111 ($1.78 in chips) 
Seat 8: arsenyaspbsb ($2.14 in chips) 
Seat 9: Dorex2007 ($2.97 in chips) 
scarface0880: posts small blind $0.01
Lucky_Sue_111: posts big blind $0.02
*** HOLE CARDS ***
Dealt to Dorex2007 [2h Ks]
arsenyaspbsb: folds 
Dorex2007: folds 
abufirs: calls $0.02
bezzy14: folds 
mathplayer: folds 
scarface0880: calls $0.01
Lucky_Sue_111: checks 
*** FLOP *** [4h 3h 3s]
scarface0880: bets $0.02
Lucky_Sue_111: calls $0.02
abufirs: folds 
*** TURN *** [4h 3h 3s] [3d]
scarface0880: bets $0.08
Canguru19 joins the table at seat #3 
Lucky_Sue_111: folds 
Uncalled bet ($0.08) returned to scarface0880
scarface0880 collected $0.10 from pot
scarface0880: doesn't show hand 
*** SUMMARY ***
Total pot $0.10 | Rake $0 
Board [4h 3h 3s 3d]
Seat 1: abufirs folded on the Flop
Seat 2: bezzy14 folded before Flop (didn't bet)
Seat 5: mathplayer (button) folded before Flop (didn't bet)
Seat 6: scarface0880 (small blind) collected ($0.10)
Seat 7: Lucky_Sue_111 (big blind) folded on the Turn
Seat 8: arsenyaspbsb folded before Flop (didn't bet)
Seat 9: Dorex2007 folded before Flop (didn't bet)



PokerStars Hand #232558135056:  Hold'em No Limit ($0.01/$0.02 USD) - 2021/12/26 18:46:22 PT [2021/12/26 21:46:22 ET]
Table 'Melitta IV' 9-max Seat #6 is the button
Seat 1: abufirs ($2.60 in chips) 
Seat 2: bezzy14 ($1.86 in chips) 
Seat 5: mathplayer ($0.84 in chips) 
Seat 6: scarface0880 ($0.82 in chips) 
Seat 7: Lucky_Sue_111 ($1.74 in chips) 
Seat 8: arsenyaspbsb ($2.14 in chips) 
Seat 9: Dorex2007 ($2.97 in chips) 
Lucky_Sue_111: posts small blind $0.01
arsenyaspbsb: posts big blind $0.02
Canguru19: sits out 
*** HOLE CARDS ***
Dealt to Dorex2007 [9s 7h]
Dorex2007: folds 
abufirs: calls $0.02
bezzy14: calls $0.02
mathplayer: folds 
scarface0880: calls $0.02
Lucky_Sue_111: calls $0.01
arsenyaspbsb: checks 
*** FLOP *** [8s Ts 4h]
Lucky_Sue_111: checks 
arsenyaspbsb: bets $0.05
abufirs: folds 
bezzy14: calls $0.05
scarface0880: folds 
Lucky_Sue_111: calls $0.05
*** TURN *** [8s Ts 4h] [2h]
Lucky_Sue_111: checks 
WifeyGG joins the table at seat #4 
arsenyaspbsb: checks 
bezzy14: checks 
*** RIVER *** [8s Ts 4h 2h] [Jd]
Lucky_Sue_111: checks 
arsenyaspbsb: checks 
bezzy14: checks 
*** SHOW DOWN ***
Lucky_Sue_111: shows [Qs 2s] (a pair of Deuces)
arsenyaspbsb: shows [Qd Td] (a pair of Tens)
bezzy14: mucks hand 
arsenyaspbsb collected $0.24 from pot
*** SUMMARY ***
Total pot $0.25 | Rake $0.01 
Board [8s Ts 4h 2h Jd]
Seat 1: abufirs folded on the Flop
Seat 2: bezzy14 mucked [4d Ks]
Seat 5: mathplayer folded before Flop (didn't bet)
Seat 6: scarface0880 (button) folded on the Flop
Seat 7: Lucky_Sue_111 (small blind) showed [Qs 2s] and lost with a pair of Deuces
Seat 8: arsenyaspbsb (big blind) showed [Qd Td] and won ($0.24) with a pair of Tens
Seat 9: Dorex2007 folded before Flop (didn't bet)



PokerStars Hand #232558148251:  Hold'em No Limit ($0.01/$0.02 USD) - 2021/12/26 18:47:14 PT [2021/12/26 21:47:14 ET]
Table 'Melitta IV' 9-max Seat #7 is the button
Seat 1: abufirs ($2.58 in chips) 
Seat 2: bezzy14 ($1.79 in chips) 
Seat 3: Canguru19 ($1.60 in chips) 
Seat 5: mathplayer ($0.84 in chips) 
Seat 6: scarface0880 ($0.80 in chips) 
Seat 7: Lucky_Sue_111 ($1.67 in chips) 
Seat 8: arsenyaspbsb ($2.31 in chips) 
Seat 9: Dorex2007 ($2.97 in chips) 
arsenyaspbsb: posts small blind $0.01
Dorex2007: posts big blind $0.02
Canguru19: posts big blind $0.02
WifeyGG: sits out 
*** HOLE CARDS ***
Dealt to Dorex2007 [Ac 4s]
abufirs: raises $0.07 to $0.09
bezzy14: calls $0.09
Canguru19: folds 
mathplayer: folds 
scarface0880: calls $0.09
Lucky_Sue_111: folds 
arsenyaspbsb: folds 
Dorex2007: folds 
*** FLOP *** [8c 8s Kh]
abufirs: bets $0.16
bezzy14: folds 
scarface0880: raises $0.55 to $0.71 and is all-in
abufirs: folds 
Uncalled bet ($0.55) returned to scarface0880
scarface0880 collected $0.62 from pot
scarface0880: doesn't show hand 
*** SUMMARY ***
Total pot $0.64 | Rake $0.02 
Board [8c 8s Kh]
Seat 1: abufirs folded on the Flop
Seat 2: bezzy14 folded on the Flop
Seat 3: Canguru19 folded before Flop (didn't bet)
Seat 5: mathplayer folded before Flop (didn't bet)
Seat 6: scarface0880 collected ($0.62)
Seat 7: Lucky_Sue_111 (button) folded before Flop (didn't bet)
Seat 8: arsenyaspbsb (small blind) folded before Flop
Seat 9: Dorex2007 (big blind) folded before Flop



PokerStars Hand #232558156368:  Hold'em No Limit ($0.01/$0.02 USD) - 2021/12/26 18:47:46 PT [2021/12/26 21:47:46 ET]
Table 'Melitta IV' 9-max Seat #8 is the button
Seat 1: abufirs ($2.33 in chips) 
Seat 2: bezzy14 ($1.70 in chips) 
Seat 3: Canguru19 ($1.58 in chips) 
Seat 5: mathplayer ($0.84 in chips) 
Seat 6: scarface0880 ($1.17 in chips) 
Seat 8: arsenyaspbsb ($2.30 in chips) 
Seat 9: Dorex2007 ($2.95 in chips) 
Dorex2007: posts small blind $0.01
abufirs: posts big blind $0.02
WifeyGG: sits out 
*** HOLE CARDS ***
Dealt to Dorex2007 [7s 5s]
bezzy14: calls $0.02
Canguru19: calls $0.02
mathplayer: folds 
scarface0880: calls $0.02
arsenyaspbsb: folds 
Dorex2007: folds 
abufirs: checks 
*** FLOP *** [5c 2d 4s]
abufirs: checks 
bezzy14: bets $0.06
Canguru19: folds 
scarface0880: folds 
abufirs: calls $0.06
*** TURN *** [5c 2d 4s] [Ac]
abufirs: checks 
bezzy14: checks 
*** RIVER *** [5c 2d 4s Ac] [Ad]
abufirs: checks 
bezzy14: checks 
*** SHOW DOWN ***
abufirs: shows [6h 5d] (two pair, Aces and Fives)
bezzy14: mucks hand 
abufirs collected $0.20 from pot
*** SUMMARY ***
Total pot $0.21 | Rake $0.01 
Board [5c 2d 4s Ac Ad]
Seat 1: abufirs (big blind) showed [6h 5d] and won ($0.20) with two pair, Aces and Fives
Seat 2: bezzy14 mucked [Kc 9c]
Seat 3: Canguru19 folded on the Flop
Seat 5: mathplayer folded before Flop (didn't bet)
Seat 6: scarface0880 folded on the Flop
Seat 8: arsenyaspbsb (button) folded before Flop (didn't bet)
Seat 9: Dorex2007 (small blind) folded before Flop



PokerStars Hand #232558172713:  Hold'em No Limit ($0.01/$0.02 USD) - 2021/12/26 18:48:29 PT [2021/12/26 21:48:29 ET]
Table 'Melitta IV' 9-max Seat #9 is the button
Seat 1: abufirs ($2.45 in chips) 
Seat 2: bezzy14 ($1.62 in chips) 
Seat 3: Canguru19 ($1.56 in chips) 
Seat 5: mathplayer ($0.84 in chips) 
Seat 6: scarface0880 ($1.15 in chips) 
Seat 8: arsenyaspbsb ($2.30 in chips) 
Seat 9: Dorex2007 ($2.94 in chips) 
abufirs: posts small blind $0.01
bezzy14: posts big blind $0.02
WifeyGG: sits out 
*** HOLE CARDS ***
Dealt to Dorex2007 [7s Kh]
Canguru19: folds 
mathplayer: calls $0.02
scarface0880: calls $0.02
arsenyaspbsb: folds 
Dorex2007: folds 
abufirs: calls $0.01
bezzy14: checks 
*** FLOP *** [Ks 2d 5d]
abufirs: checks 
bezzy14: checks 
mathplayer: bets $0.07
scarface0880: calls $0.07
abufirs: calls $0.07
bezzy14: folds 
*** TURN *** [Ks 2d 5d] [Qs]
abufirs: checks 
mathplayer: bets $0.75 and is all-in
scarface0880: folds 
abufirs: folds 
Uncalled bet ($0.75) returned to mathplayer
mathplayer collected $0.28 from pot
*** SUMMARY ***
Total pot $0.29 | Rake $0.01 
Board [Ks 2d 5d Qs]
Seat 1: abufirs (small blind) folded on the Turn
Seat 2: bezzy14 (big blind) folded on the Flop
Seat 3: Canguru19 folded before Flop (didn't bet)
Seat 5: mathplayer collected ($0.28)
Seat 6: scarface0880 folded on the Turn
Seat 8: arsenyaspbsb folded before Flop (didn't bet)
Seat 9: Dorex2007 (button) folded before Flop (didn't bet)



PokerStars Hand #232558184981:  Hold'em No Limit ($0.01/$0.02 USD) - 2021/12/26 18:49:18 PT [2021/12/26 21:49:18 ET]
Table 'Melitta IV' 9-max Seat #1 is the button
Seat 1: abufirs ($2.36 in chips) 
Seat 2: bezzy14 ($1.60 in chips) 
Seat 3: Canguru19 ($1.56 in chips) 
Seat 5: mathplayer ($1.03 in chips) 
Seat 6: scarface0880 ($1.06 in chips) 
Seat 7: Lucky_Sue_111 ($1.67 in chips) 
Seat 8: arsenyaspbsb ($2.30 in chips) 
Seat 9: Dorex2007 ($2.94 in chips) 
bezzy14: posts small blind $0.01
Canguru19: posts big blind $0.02
WifeyGG: sits out 
*** HOLE CARDS ***
Dealt to Dorex2007 [8c 2h]
mathplayer: folds 
scarface0880: calls $0.02
Lucky_Sue_111: calls $0.02
arsenyaspbsb: folds 
Dorex2007: folds 
abufirs: folds 
bezzy14: calls $0.01
Canguru19: checks 
*** FLOP *** [Kc 9h 4d]
bezzy14: checks 
Canguru19: checks 
scarface0880: bets $0.02
Lucky_Sue_111: calls $0.02
bezzy14: calls $0.02
Canguru19: folds 
*** TURN *** [Kc 9h 4d] [3c]
bezzy14: checks 
scarface0880: bets $0.05
Lucky_Sue_111: calls $0.05
bezzy14: folds 
*** RIVER *** [Kc 9h 4d 3c] [2s]
scarface0880: bets $0.39
Lucky_Sue_111: folds 
Uncalled bet ($0.39) returned to scarface0880
scarface0880 collected $0.23 from pot
scarface0880: doesn't show hand 
*** SUMMARY ***
Total pot $0.24 | Rake $0.01 
Board [Kc 9h 4d 3c 2s]
Seat 1: abufirs (button) folded before Flop (didn't bet)
Seat 2: bezzy14 (small blind) folded on the Turn
Seat 3: Canguru19 (big blind) folded on the Flop
Seat 5: mathplayer folded before Flop (didn't bet)
Seat 6: scarface0880 collected ($0.23)
Seat 7: Lucky_Sue_111 folded on the River
Seat 8: arsenyaspbsb folded before Flop (didn't bet)
Seat 9: Dorex2007 folded before Flop (didn't bet)



PokerStars Hand #232558196720:  Hold'em No Limit ($0.01/$0.02 USD) - 2021/12/26 18:50:04 PT [2021/12/26 21:50:04 ET]
Table 'Melitta IV' 9-max Seat #2 is the button
Seat 1: abufirs ($2.36 in chips) 
Seat 2: bezzy14 ($1.56 in chips) 
Seat 3: Canguru19 ($1.54 in chips) 
Seat 4: WifeyGG ($2 in chips) 
Seat 5: mathplayer ($1.03 in chips) 
Seat 6: scarface0880 ($1.20 in chips) 
Seat 7: Lucky_Sue_111 ($1.58 in chips) 
Seat 8: arsenyaspbsb ($2.30 in chips) 
Seat 9: Dorex2007 ($2.94 in chips) 
Canguru19: posts small blind $0.01
WifeyGG: posts big blind $0.02
*** HOLE CARDS ***
Dealt to Dorex2007 [5c Qc]
mathplayer: folds 
scarface0880: calls $0.02
Lucky_Sue_111: calls $0.02
arsenyaspbsb: folds 
Dorex2007: folds 
abufirs: calls $0.02
bezzy14: folds 
Canguru19: calls $0.01
WifeyGG: checks 
*** FLOP *** [9d 3d 4d]
Canguru19: checks 
WifeyGG: checks 
scarface0880: checks 
Lucky_Sue_111: checks 
abufirs: checks 
*** TURN *** [9d 3d 4d] [2h]
Canguru19: checks 
WifeyGG: checks 
scarface0880: bets $0.02
Lucky_Sue_111: calls $0.02
abufirs: folds 
Canguru19: calls $0.02
WifeyGG: calls $0.02
*** RIVER *** [9d 3d 4d 2h] [Th]
Canguru19: checks 
WifeyGG: checks 
scarface0880: checks 
Lucky_Sue_111: bets $0.02
Canguru19: folds 
WifeyGG: folds 
scarface0880: calls $0.02
*** SHOW DOWN ***
Lucky_Sue_111: shows [7c Ad] (high card Ace)
scarface0880: shows [2c Kc] (a pair of Deuces)
scarface0880 collected $0.21 from pot
*** SUMMARY ***
Total pot $0.22 | Rake $0.01 
Board [9d 3d 4d 2h Th]
Seat 1: abufirs folded on the Turn
Seat 2: bezzy14 (button) folded before Flop (didn't bet)
Seat 3: Canguru19 (small blind) folded on the River
Seat 4: WifeyGG (big blind) folded on the River
Seat 5: mathplayer folded before Flop (didn't bet)
Seat 6: scarface0880 showed [2c Kc] and won ($0.21) with a pair of Deuces
Seat 7: Lucky_Sue_111 showed [7c Ad] and lost with high card Ace
Seat 8: arsenyaspbsb folded before Flop (didn't bet)
Seat 9: Dorex2007 folded before Flop (didn't bet)



PokerStars Hand #232558210762:  Hold'em No Limit ($0.01/$0.02 USD) - 2021/12/26 18:51:00 PT [2021/12/26 21:51:00 ET]
Table 'Melitta IV' 9-max Seat #3 is the button
Seat 1: abufirs ($2.34 in chips) 
Seat 2: bezzy14 ($1.56 in chips) 
Seat 3: Canguru19 ($1.50 in chips) 
Seat 4: WifeyGG ($1.96 in chips) 
Seat 5: mathplayer ($1.03 in chips) 
Seat 6: scarface0880 ($1.35 in chips) 
Seat 7: Lucky_Sue_111 ($1.52 in chips) 
Seat 8: arsenyaspbsb ($2.30 in chips) 
Seat 9: Dorex2007 ($2.94 in chips) 
WifeyGG: posts small blind $0.01
mathplayer: posts big blind $0.02
*** HOLE CARDS ***
Dealt to Dorex2007 [2d Qs]
scarface0880: folds 
Lucky_Sue_111: calls $0.02
arsenyaspbsb: folds 
Dorex2007: folds 
abufirs: folds 
bezzy14: folds 
Canguru19: calls $0.02
WifeyGG: calls $0.01
mathplayer: checks 
*** FLOP *** [6s 4d Ah]
WifeyGG: checks 
mathplayer: checks 
Lucky_Sue_111: checks 
Canguru19: checks 
*** TURN *** [6s 4d Ah] [6c]
WifeyGG: checks 
mathplayer: checks 
Lucky_Sue_111: bets $0.02
Canguru19: folds 
WifeyGG: calls $0.02
mathplayer: folds 
*** RIVER *** [6s 4d Ah 6c] [3h]
WifeyGG: checks 
Lucky_Sue_111: bets $0.02
WifeyGG: calls $0.02
*** SHOW DOWN ***
Lucky_Sue_111: shows [Ac 6d] (a full house, Sixes full of Aces)
WifeyGG: mucks hand 
Lucky_Sue_111 collected $0.15 from pot
*** SUMMARY ***
Total pot $0.16 | Rake $0.01 
Board [6s 4d Ah 6c 3h]
Seat 1: abufirs folded before Flop (didn't bet)
Seat 2: bezzy14 folded before Flop (didn't bet)
Seat 3: Canguru19 (button) folded on the Turn
Seat 4: WifeyGG (small blind) mucked [Qd 4s]
Seat 5: mathplayer (big blind) folded on the Turn
Seat 6: scarface0880 folded before Flop (didn't bet)
Seat 7: Lucky_Sue_111 showed [Ac 6d] and won ($0.15) with a full house, Sixes full of Aces
Seat 8: arsenyaspbsb folded before Flop (didn't bet)
Seat 9: Dorex2007 folded before Flop (didn't bet)



PokerStars Hand #232558225908:  Hold'em No Limit ($0.01/$0.02 USD) - 2021/12/26 18:52:00 PT [2021/12/26 21:52:00 ET]
Table 'Melitta IV' 9-max Seat #4 is the button
Seat 1: abufirs ($2.34 in chips) 
Seat 2: bezzy14 ($1.56 in chips) 
Seat 3: Canguru19 ($1.48 in chips) 
Seat 4: WifeyGG ($1.90 in chips) 
Seat 5: mathplayer ($1.01 in chips) 
Seat 6: scarface0880 ($1.35 in chips) 
Seat 7: Lucky_Sue_111 ($1.61 in chips) 
Seat 8: arsenyaspbsb ($2.30 in chips) 
Seat 9: Dorex2007 ($2.94 in chips) 
mathplayer: posts small blind $0.01
scarface0880: posts big blind $0.02
*** HOLE CARDS ***
Dealt to Dorex2007 [6h Kh]
Lucky_Sue_111: folds 
arsenyaspbsb: folds 
Dorex2007: folds 
abufirs: folds 
bezzy14: folds 
Canguru19: calls $0.02
WifeyGG: raises $0.06 to $0.08
mathplayer: folds 
scarface0880: calls $0.06
Canguru19: folds 
*** FLOP *** [9s 6c Ad]
scarface0880: checks 
WifeyGG: bets $0.09
scarface0880: calls $0.09
*** TURN *** [9s 6c Ad] [5s]
scarface0880: checks 
WifeyGG: checks 
*** RIVER *** [9s 6c Ad 5s] [2d]
scarface0880: checks 
WifeyGG: checks 
*** SHOW DOWN ***
scarface0880: shows [8d 7d] (a straight, Five to Nine)
WifeyGG: mucks hand 
scarface0880 collected $0.36 from pot
*** SUMMARY ***
Total pot $0.37 | Rake $0.01 
Board [9s 6c Ad 5s 2d]
Seat 1: abufirs folded before Flop (didn't bet)
Seat 2: bezzy14 folded before Flop (didn't bet)
Seat 3: Canguru19 folded before Flop
Seat 4: WifeyGG (button) mucked [Qc Jc]
Seat 5: mathplayer (small blind) folded before Flop
Seat 6: scarface0880 (big blind) showed [8d 7d] and won ($0.36) with a straight, Five to Nine
Seat 7: Lucky_Sue_111 folded before Flop (didn't bet)
Seat 8: arsenyaspbsb folded before Flop (didn't bet)
Seat 9: Dorex2007 folded before Flop (didn't bet)



PokerStars Hand #232558238536:  Hold'em No Limit ($0.01/$0.02 USD) - 2021/12/26 18:52:51 PT [2021/12/26 21:52:51 ET]
Table 'Melitta IV' 9-max Seat #5 is the button
Seat 1: abufirs ($2.34 in chips) 
Seat 2: bezzy14 ($1.56 in chips) 
Seat 3: Canguru19 ($1.46 in chips) 
Seat 4: WifeyGG ($1.73 in chips) 
Seat 5: mathplayer ($1 in chips) 
Seat 6: scarface0880 ($1.54 in chips) 
Seat 8: arsenyaspbsb ($2.30 in chips) 
Seat 9: Dorex2007 ($2.94 in chips) 
scarface0880: posts small blind $0.01
arsenyaspbsb: posts big blind $0.02
*** HOLE CARDS ***
Dealt to Dorex2007 [Ah Kd]
Dorex2007: raises $0.04 to $0.06
abufirs: folds 
bezzy14: calls $0.06
Canguru19: folds 
WifeyGG: folds 
mathplayer: folds 
scarface0880: folds 
arsenyaspbsb: folds 
*** FLOP *** [Th 9h Jh]
Dorex2007: bets $0.14
bezzy14: calls $0.14
*** TURN *** [Th 9h Jh] [8h]
Dorex2007: bets $0.27
bezzy14: calls $0.27
*** RIVER *** [Th 9h Jh 8h] [9c]
Dorex2007 said, "royal flush??"
Dorex2007: checks 
bezzy14: bets $0.94
Dorex2007: calls $0.94
*** SHOW DOWN ***
bezzy14: shows [Ac Kh] (a flush, King high)
Dorex2007: shows [Ah Kd] (a flush, Ace high)
Dorex2007 collected $2.75 from pot
*** SUMMARY ***
Total pot $2.85 | Rake $0.10 
Board [Th 9h Jh 8h 9c]
Seat 1: abufirs folded before Flop (didn't bet)
Seat 2: bezzy14 showed [Ac Kh] and lost with a flush, King high
Seat 3: Canguru19 folded before Flop (didn't bet)
Seat 4: WifeyGG folded before Flop (didn't bet)
Seat 5: mathplayer (button) folded before Flop (didn't bet)
Seat 6: scarface0880 (small blind) folded before Flop
Seat 8: arsenyaspbsb (big blind) folded before Flop
Seat 9: Dorex2007 showed [Ah Kd] and won ($2.75) with a flush, Ace high



PokerStars Hand #232558254196:  Hold'em No Limit ($0.01/$0.02 USD) - 2021/12/26 18:53:54 PT [2021/12/26 21:53:54 ET]
Table 'Melitta IV' 9-max Seat #6 is the button
Seat 1: abufirs ($2.34 in chips) 
Seat 2: bezzy14 ($0.15 in chips) 
Seat 3: Canguru19 ($1.46 in chips) 
Seat 4: WifeyGG ($1.73 in chips) 
Seat 5: mathplayer ($1 in chips) 
Seat 6: scarface0880 ($1.53 in chips) 
Seat 8: arsenyaspbsb ($2.28 in chips) 
Seat 9: Dorex2007 ($4.28 in chips) 
arsenyaspbsb: posts small blind $0.01
Dorex2007: posts big blind $0.02
*** HOLE CARDS ***
Dealt to Dorex2007 [2h Js]
abufirs: folds 
bezzy14: calls $0.02
Canguru19: calls $0.02
bezzy14 said, "wow"
WifeyGG: folds 
mathplayer: calls $0.02
scarface0880: calls $0.02
arsenyaspbsb: folds 
Dorex2007: checks 
*** FLOP *** [Ts 7c 6h]
Dorex2007: checks 
Dorex2007 said, "so close"
bezzy14: checks 
Canguru19: checks 
mathplayer: checks 
scarface0880: checks 
*** TURN *** [Ts 7c 6h] [Kc]
Dorex2007 said, "had a royal a few weeks ago.. Make .12  LOL"
Dorex2007: checks 
bezzy14: checks 
Canguru19: checks 
mathplayer: checks 
scarface0880: checks 
*** RIVER *** [Ts 7c 6h Kc] [Jc]
Dorex2007: checks 
bezzy14: bets $0.13 and is all-in
Canguru19: folds 
mathplayer: folds 
scarface0880: calls $0.13
Dorex2007: folds 
*** SHOW DOWN ***
bezzy14: shows [Qs As] (a straight, Ten to Ace)
scarface0880: shows [4h Ac] (high card Ace)
bezzy14 collected $0.36 from pot
*** SUMMARY ***
Total pot $0.37 | Rake $0.01 
Board [Ts 7c 6h Kc Jc]
Seat 1: abufirs folded before Flop (didn't bet)
Seat 2: bezzy14 showed [Qs As] and won ($0.36) with a straight, Ten to Ace
Seat 3: Canguru19 folded on the River
Seat 4: WifeyGG folded before Flop (didn't bet)
Seat 5: mathplayer folded on the River
Seat 6: scarface0880 (button) showed [4h Ac] and lost with high card Ace
Seat 8: arsenyaspbsb (small blind) folded before Flop
Seat 9: Dorex2007 (big blind) folded on the River



PokerStars Hand #232558273308:  Hold'em No Limit ($0.01/$0.02 USD) - 2021/12/26 18:55:12 PT [2021/12/26 21:55:12 ET]
Table 'Melitta IV' 9-max Seat #9 is the button
Seat 1: abufirs ($2.34 in chips) 
Seat 2: bezzy14 ($0.36 in chips) 
Seat 3: Canguru19 ($1.44 in chips) 
Seat 4: WifeyGG ($1.73 in chips) 
Seat 5: mathplayer ($0.98 in chips) 
Seat 6: scarface0880 ($1.38 in chips) 
Seat 7: Lucky_Sue_111 ($1.61 in chips) 
Seat 9: Dorex2007 ($4.26 in chips) 
abufirs: posts small blind $0.01
bezzy14: posts big blind $0.02
Lucky_Sue_111: posts small & big blinds $0.03
*** HOLE CARDS ***
Dealt to Dorex2007 [4d 9s]
Canguru19: calls $0.02
WifeyGG has timed out
WifeyGG: folds 
mathplayer: folds 
scarface0880: calls $0.02
Lucky_Sue_111: checks 
Dorex2007: folds 
abufirs: calls $0.01
bezzy14: checks 
*** FLOP *** [Ad 8d 3c]
abufirs: checks 
bezzy14: bets $0.10
Canguru19: folds 
scarface0880: folds 
Lucky_Sue_111: folds 
abufirs: folds 
Uncalled bet ($0.10) returned to bezzy14
Lucky_Sue_111 leaves the table
bezzy14 collected $0.11 from pot
bezzy14: doesn't show hand 
*** SUMMARY ***
Total pot $0.11 | Rake $0 
Board [Ad 8d 3c]
Seat 1: abufirs (small blind) folded on the Flop
Seat 2: bezzy14 (big blind) collected ($0.11)
Seat 3: Canguru19 folded on the Flop
Seat 4: WifeyGG folded before Flop (didn't bet)
Seat 5: mathplayer folded before Flop (didn't bet)
Seat 6: scarface0880 folded on the Flop
Seat 7: Lucky_Sue_111 folded on the Flop (didn't bet)
Seat 9: Dorex2007 (button) folded before Flop (didn't bet)



PokerStars Hand #232558283484:  Hold'em No Limit ($0.01/$0.02 USD) - 2021/12/26 18:56:04 PT [2021/12/26 21:56:04 ET]
Table 'Melitta IV' 9-max Seat #1 is the button
Seat 1: abufirs ($2.32 in chips) 
Seat 2: bezzy14 ($0.45 in chips) 
Seat 3: Canguru19 ($1.42 in chips) 
Seat 4: WifeyGG ($1.73 in chips) 
Seat 5: mathplayer ($0.98 in chips) 
Seat 6: scarface0880 ($1.36 in chips) 
Seat 9: Dorex2007 ($4.26 in chips) 
bezzy14: posts small blind $0.01
Canguru19: posts big blind $0.02
*** HOLE CARDS ***
Dealt to Dorex2007 [Ks 9h]
WifeyGG: folds 
mathplayer: folds 
scarface0880: calls $0.02
sergei123158 joins the table at seat #7 
Dorex2007: folds 
abufirs: folds 
bezzy14: calls $0.01
Canguru19: checks 
*** FLOP *** [Qh 9c Th]
bezzy14: bets $0.10
Canguru19: folds 
scarface0880: calls $0.10
*** TURN *** [Qh 9c Th] [9s]
bezzy14: bets $0.10
scarface0880: calls $0.10
*** RIVER *** [Qh 9c Th 9s] [Kc]
bezzy14: bets $0.23 and is all-in
scarface0880: calls $0.23
*** SHOW DOWN ***
bezzy14: shows [8d Ah] (a pair of Nines)
scarface0880: shows [Ad Kd] (two pair, Kings and Nines)
scarface0880 collected $0.89 from pot
*** SUMMARY ***
Total pot $0.92 | Rake $0.03 
Board [Qh 9c Th 9s Kc]
Seat 1: abufirs (button) folded before Flop (didn't bet)
Seat 2: bezzy14 (small blind) showed [8d Ah] and lost with a pair of Nines
Seat 3: Canguru19 (big blind) folded on the Flop
Seat 4: WifeyGG folded before Flop (didn't bet)
Seat 5: mathplayer folded before Flop (didn't bet)
Seat 6: scarface0880 showed [Ad Kd] and won ($0.89) with two pair, Kings and Nines
Seat 9: Dorex2007 folded before Flop (didn't bet)



PokerStars Hand #232558294972:  Hold'em No Limit ($0.01/$0.02 USD) - 2021/12/26 18:56:52 PT [2021/12/26 21:56:52 ET]
Table 'Melitta IV' 9-max Seat #3 is the button
Seat 1: abufirs ($2.32 in chips) 
Seat 3: Canguru19 ($1.40 in chips) 
Seat 4: WifeyGG ($1.73 in chips) 
Seat 5: mathplayer ($0.98 in chips) 
Seat 6: scarface0880 ($1.80 in chips) 
Seat 9: Dorex2007 ($4.26 in chips) 
WifeyGG: posts small blind $0.01
mathplayer: posts big blind $0.02
sergei123158: sits out 
*** HOLE CARDS ***
Dealt to Dorex2007 [9s Qh]
scarface0880: calls $0.02
Dorex2007: folds 
bezzy14 leaves the table
abufirs: calls $0.02
Canguru19: calls $0.02
WifeyGG: calls $0.01
mathplayer: checks 
*** FLOP *** [Jc 2s 6s]
ManLikeEzzwaldo joins the table at seat #2 
WifeyGG: checks 
mathplayer: checks 
scarface0880: bets $0.08
abufirs: calls $0.08
Canguru19: folds 
WifeyGG: folds 
mathplayer: folds 
*** TURN *** [Jc 2s 6s] [8c]
scarface0880: bets $0.10
abufirs: raises $0.10 to $0.20
scarface0880: calls $0.10
*** RIVER *** [Jc 2s 6s 8c] [As]
scarface0880: checks 
abufirs: bets $0.20
scarface0880: folds 
Uncalled bet ($0.20) returned to abufirs
abufirs collected $0.64 from pot
abufirs: doesn't show hand 
*** SUMMARY ***
Total pot $0.66 | Rake $0.02 
Board [Jc 2s 6s 8c As]
Seat 1: abufirs collected ($0.64)
Seat 3: Canguru19 (button) folded on the Flop
Seat 4: WifeyGG (small blind) folded on the Flop
Seat 5: mathplayer (big blind) folded on the Flop
Seat 6: scarface0880 folded on the River
Seat 9: Dorex2007 folded before Flop (didn't bet)



PokerStars Hand #232558311544:  Hold'em No Limit ($0.01/$0.02 USD) - 2021/12/26 18:58:15 PT [2021/12/26 21:58:15 ET]
Table 'Melitta IV' 9-max Seat #4 is the button
Seat 1: abufirs ($2.66 in chips) 
Seat 2: ManLikeEzzwaldo ($1.59 in chips) 
Seat 3: Canguru19 ($1.38 in chips) 
Seat 4: WifeyGG ($1.71 in chips) 
Seat 5: mathplayer ($0.96 in chips) 
Seat 6: scarface0880 ($1.50 in chips) 
Seat 8: arsenyaspbsb ($2.27 in chips) 
Seat 9: Dorex2007 ($4.26 in chips) 
mathplayer: posts small blind $0.01
scarface0880: posts big blind $0.02
sergei123158: sits out 
ManLikeEzzwaldo: posts big blind $0.02
*** HOLE CARDS ***
Dealt to Dorex2007 [Ac Qd]
arsenyaspbsb: folds 
Dorex2007: raises $0.04 to $0.06
abufirs: folds 
ManLikeEzzwaldo: calls $0.04
Canguru19: folds 
WifeyGG: folds 
mathplayer: folds 
scarface0880: calls $0.04
*** FLOP *** [2c 4h Ad]
scarface0880: checks 
Dorex2007: bets $0.12
ManLikeEzzwaldo: calls $0.12
scarface0880: folds 
*** TURN *** [2c 4h Ad] [Ts]
Dorex2007: checks 
ManLikeEzzwaldo: bets $0.21
Dorex2007: folds 
Uncalled bet ($0.21) returned to ManLikeEzzwaldo
ManLikeEzzwaldo collected $0.41 from pot
ManLikeEzzwaldo: doesn't show hand 
*** SUMMARY ***
Total pot $0.43 | Rake $0.02 
Board [2c 4h Ad Ts]
Seat 1: abufirs folded before Flop (didn't bet)
Seat 2: ManLikeEzzwaldo collected ($0.41)
Seat 3: Canguru19 folded before Flop (didn't bet)
Seat 4: WifeyGG (button) folded before Flop (didn't bet)
Seat 5: mathplayer (small blind) folded before Flop
Seat 6: scarface0880 (big blind) folded on the Flop
Seat 8: arsenyaspbsb folded before Flop (didn't bet)
Seat 9: Dorex2007 folded on the Turn



PokerStars Hand #232558320911:  Hold'em No Limit ($0.01/$0.02 USD) - 2021/12/26 18:59:02 PT [2021/12/26 21:59:02 ET]
Table 'Melitta IV' 9-max Seat #5 is the button
Seat 1: abufirs ($2.66 in chips) 
Seat 2: ManLikeEzzwaldo ($1.82 in chips) 
Seat 3: Canguru19 ($1.38 in chips) 
Seat 4: WifeyGG ($1.71 in chips) 
Seat 5: mathplayer ($0.95 in chips) 
Seat 6: scarface0880 ($1.44 in chips) 
Seat 7: sergei123158 ($2 in chips) 
Seat 8: arsenyaspbsb ($2.27 in chips) 
Seat 9: Dorex2007 ($4.08 in chips) 
scarface0880: posts small blind $0.01
sergei123158: posts big blind $0.02
*** HOLE CARDS ***
Dealt to Dorex2007 [9c 4d]
arsenyaspbsb: folds 
Dorex2007: folds 
abufirs: folds 
ManLikeEzzwaldo: calls $0.02
Canguru19: folds 
WifeyGG: folds 
mathplayer: raises $0.04 to $0.06
scarface0880: folds 
sergei123158: folds 
ManLikeEzzwaldo: calls $0.04
*** FLOP *** [Tc Td Ad]
ManLikeEzzwaldo: checks 
mathplayer: checks 
*** TURN *** [Tc Td Ad] [Js]
ManLikeEzzwaldo: bets $0.10
mathplayer: calls $0.10
*** RIVER *** [Tc Td Ad Js] [2d]
ManLikeEzzwaldo: bets $0.34
mathplayer: folds [Qc As]
Uncalled bet ($0.34) returned to ManLikeEzzwaldo
ManLikeEzzwaldo collected $0.34 from pot
ManLikeEzzwaldo: doesn't show hand 
*** SUMMARY ***
Total pot $0.35 | Rake $0.01 
Board [Tc Td Ad Js 2d]
Seat 1: abufirs folded before Flop (didn't bet)
Seat 2: ManLikeEzzwaldo collected ($0.34)
Seat 3: Canguru19 folded before Flop (didn't bet)
Seat 4: WifeyGG folded before Flop (didn't bet)
Seat 5: mathplayer (button) folded on the River
Seat 6: scarface0880 (small blind) folded before Flop
Seat 7: sergei123158 (big blind) folded before Flop
Seat 8: arsenyaspbsb folded before Flop (didn't bet)
Seat 9: Dorex2007 folded before Flop (didn't bet)



PokerStars Hand #232558335966:  Hold'em No Limit ($0.01/$0.02 USD) - 2021/12/26 18:59:58 PT [2021/12/26 21:59:58 ET]
Table 'Melitta IV' 9-max Seat #6 is the button
Seat 1: abufirs ($2.66 in chips) 
Seat 2: ManLikeEzzwaldo ($2 in chips) 
Seat 3: Canguru19 ($1.38 in chips) 
Seat 4: WifeyGG ($1.71 in chips) 
Seat 5: mathplayer ($0.79 in chips) 
Seat 6: scarface0880 ($1.43 in chips) 
Seat 7: sergei123158 ($2 in chips) 
Seat 8: arsenyaspbsb ($2.27 in chips) 
Seat 9: Dorex2007 ($4.08 in chips) 
sergei123158: posts small blind $0.01
arsenyaspbsb: posts big blind $0.02
*** HOLE CARDS ***
Dealt to Dorex2007 [2s 7c]
Dorex2007: folds 
abufirs: folds 
ManLikeEzzwaldo: folds 
Canguru19: folds 
WifeyGG: raises $0.04 to $0.06
mathplayer: folds 
scarface0880: folds 
sergei123158: folds 
arsenyaspbsb: folds 
Uncalled bet ($0.04) returned to WifeyGG
WifeyGG collected $0.05 from pot
WifeyGG: doesn't show hand 
*** SUMMARY ***
Total pot $0.05 | Rake $0 
Seat 1: abufirs folded before Flop (didn't bet)
Seat 2: ManLikeEzzwaldo folded before Flop (didn't bet)
Seat 3: Canguru19 folded before Flop (didn't bet)
Seat 4: WifeyGG collected ($0.05)
Seat 5: mathplayer folded before Flop (didn't bet)
Seat 6: scarface0880 (button) folded before Flop (didn't bet)
Seat 7: sergei123158 (small blind) folded before Flop
Seat 8: arsenyaspbsb (big blind) folded before Flop
Seat 9: Dorex2007 folded before Flop (didn't bet)



PokerStars Hand #232558342785:  Hold'em No Limit ($0.01/$0.02 USD) - 2021/12/26 19:00:31 PT [2021/12/26 22:00:31 ET]
Table 'Melitta IV' 9-max Seat #7 is the button
Seat 1: abufirs ($2.66 in chips) 
Seat 2: ManLikeEzzwaldo ($2 in chips) 
Seat 3: Canguru19 ($1.38 in chips) 
Seat 4: WifeyGG ($1.74 in chips) 
Seat 5: mathplayer ($0.79 in chips) 
Seat 6: scarface0880 ($1.43 in chips) 
Seat 7: sergei123158 ($2 in chips) 
Seat 8: arsenyaspbsb ($2.25 in chips) 
Seat 9: Dorex2007 ($4.08 in chips) 
arsenyaspbsb: posts small blind $0.01
Dorex2007: posts big blind $0.02
*** HOLE CARDS ***
Dealt to Dorex2007 [8c 3c]
abufirs: folds 
ManLikeEzzwaldo: folds 
Canguru19: folds 
WifeyGG: raises $0.04 to $0.06
mathplayer: folds 
scarface0880: calls $0.06
sergei123158: folds 
arsenyaspbsb: folds 
Dorex2007: folds 
*** FLOP *** [2h 5c 7h]
WifeyGG: bets $0.07
scarface0880: calls $0.07
*** TURN *** [2h 5c 7h] [9d]
WifeyGG: bets $0.12
scarface0880: calls $0.12
*** RIVER *** [2h 5c 7h 9d] [Ah]
WifeyGG: bets $0.29
scarface0880: folds 
Uncalled bet ($0.29) returned to WifeyGG
WifeyGG collected $0.51 from pot
WifeyGG: doesn't show hand 
*** SUMMARY ***
Total pot $0.53 | Rake $0.02 
Board [2h 5c 7h 9d Ah]
Seat 1: abufirs folded before Flop (didn't bet)
Seat 2: ManLikeEzzwaldo folded before Flop (didn't bet)
Seat 3: Canguru19 folded before Flop (didn't bet)
Seat 4: WifeyGG collected ($0.51)
Seat 5: mathplayer folded before Flop (didn't bet)
Seat 6: scarface0880 folded on the River
Seat 7: sergei123158 (button) folded before Flop (didn't bet)
Seat 8: arsenyaspbsb (small blind) folded before Flop
Seat 9: Dorex2007 (big blind) folded before Flop



PokerStars Hand #232558354887:  Hold'em No Limit ($0.01/$0.02 USD) - 2021/12/26 19:01:23 PT [2021/12/26 22:01:23 ET]
Table 'Melitta IV' 9-max Seat #8 is the button
Seat 1: abufirs ($2.66 in chips) 
Seat 2: ManLikeEzzwaldo ($2 in chips) 
Seat 3: Canguru19 ($1.38 in chips) 
Seat 4: WifeyGG ($2 in chips) 
Seat 5: mathplayer ($0.79 in chips) 
Seat 6: scarface0880 ($1.18 in chips) 
Seat 7: sergei123158 ($2 in chips) 
Seat 8: arsenyaspbsb ($2.24 in chips) 
Seat 9: Dorex2007 ($4.06 in chips) 
Dorex2007: posts small blind $0.01
abufirs: posts big blind $0.02
*** HOLE CARDS ***
Dealt to Dorex2007 [4s 9s]
ManLikeEzzwaldo: calls $0.02
Canguru19: calls $0.02
WifeyGG has timed out
WifeyGG: folds 
mathplayer: folds 
scarface0880: calls $0.02
sergei123158: folds 
arsenyaspbsb: folds 
Dorex2007: folds 
abufirs: raises $0.06 to $0.08
ManLikeEzzwaldo: calls $0.06
Canguru19: folds 
scarface0880: calls $0.06
*** FLOP *** [4d Kd Tc]
abufirs: checks 
ManLikeEzzwaldo: bets $0.13
scarface0880: folds 
abufirs: calls $0.13
*** TURN *** [4d Kd Tc] [7s]
abufirs: checks 
ManLikeEzzwaldo: bets $0.30
abufirs: folds 
Uncalled bet ($0.30) returned to ManLikeEzzwaldo
ManLikeEzzwaldo collected $0.51 from pot
ManLikeEzzwaldo: doesn't show hand 
*** SUMMARY ***
Total pot $0.53 | Rake $0.02 
Board [4d Kd Tc 7s]
Seat 1: abufirs (big blind) folded on the Turn
Seat 2: ManLikeEzzwaldo collected ($0.51)
Seat 3: Canguru19 folded before Flop
Seat 4: WifeyGG folded before Flop (didn't bet)
Seat 5: mathplayer folded before Flop (didn't bet)
Seat 6: scarface0880 folded on the Flop
Seat 7: sergei123158 folded before Flop (didn't bet)
Seat 8: arsenyaspbsb (button) folded before Flop (didn't bet)
Seat 9: Dorex2007 (small blind) folded before Flop



PokerStars Hand #232558373417:  Hold'em No Limit ($0.01/$0.02 USD) - 2021/12/26 19:02:30 PT [2021/12/26 22:02:30 ET]
Table 'Melitta IV' 9-max Seat #9 is the button
Seat 1: abufirs ($2.45 in chips) 
Seat 2: ManLikeEzzwaldo ($2.30 in chips) 
Seat 3: Canguru19 ($1.36 in chips) 
Seat 4: WifeyGG ($2 in chips) 
Seat 5: mathplayer ($0.79 in chips) 
Seat 6: scarface0880 ($1.10 in chips) 
Seat 7: sergei123158 ($2 in chips) 
Seat 8: arsenyaspbsb ($2.24 in chips) 
Seat 9: Dorex2007 ($4.05 in chips) 
abufirs: posts small blind $0.01
ManLikeEzzwaldo: posts big blind $0.02
*** HOLE CARDS ***
Dealt to Dorex2007 [4d Jh]
Canguru19: folds 
WifeyGG: folds 
mathplayer: folds 
scarface0880: calls $0.02
sergei123158: folds 
arsenyaspbsb: folds 
Dorex2007: folds 
abufirs: calls $0.01
ManLikeEzzwaldo: checks 
*** FLOP *** [6h 3s 4c]
abufirs: checks 
ManLikeEzzwaldo: checks 
scarface0880: bets $0.04
abufirs: calls $0.04
ManLikeEzzwaldo: calls $0.04
*** TURN *** [6h 3s 4c] [Tc]
abufirs: checks 
ManLikeEzzwaldo: checks 
scarface0880: bets $0.17
abufirs: folds 
ManLikeEzzwaldo: folds 
Uncalled bet ($0.17) returned to scarface0880
Canguru19 is disconnected 
scarface0880 collected $0.17 from pot
scarface0880: doesn't show hand 
*** SUMMARY ***
Total pot $0.18 | Rake $0.01 
Board [6h 3s 4c Tc]
Seat 1: abufirs (small blind) folded on the Turn
Seat 2: ManLikeEzzwaldo (big blind) folded on the Turn
Seat 3: Canguru19 folded before Flop (didn't bet)
Seat 4: WifeyGG folded before Flop (didn't bet)
Seat 5: mathplayer folded before Flop (didn't bet)
Seat 6: scarface0880 collected ($0.17)
Seat 7: sergei123158 folded before Flop (didn't bet)
Seat 8: arsenyaspbsb folded before Flop (didn't bet)
Seat 9: Dorex2007 (button) folded before Flop (didn't bet)



PokerStars Hand #232558383337:  Hold'em No Limit ($0.01/$0.02 USD) - 2021/12/26 19:03:11 PT [2021/12/26 22:03:11 ET]
Table 'Melitta IV' 9-max Seat #1 is the button
Seat 1: abufirs ($2.39 in chips) 
Seat 2: ManLikeEzzwaldo ($2.24 in chips) 
Seat 4: WifeyGG ($2 in chips) 
Seat 5: mathplayer ($0.79 in chips) 
Seat 6: scarface0880 ($1.21 in chips) 
Seat 7: sergei123158 ($2 in chips) 
Seat 8: arsenyaspbsb ($2.24 in chips) 
Seat 9: Dorex2007 ($4.05 in chips) 
ManLikeEzzwaldo: posts small blind $0.01
Canguru19 has timed out while disconnected
Canguru19: is sitting out 
WifeyGG: posts big blind $0.02
*** HOLE CARDS ***
Dealt to Dorex2007 [As Ks]
mathplayer: folds 
scarface0880: calls $0.02
sergei123158: raises $0.06 to $0.08
arsenyaspbsb: folds 
Dorex2007: calls $0.08
abufirs: folds 
ManLikeEzzwaldo: calls $0.07
WifeyGG: folds 
scarface0880: calls $0.06
*** FLOP *** [2c Kc 2d]
ManLikeEzzwaldo: checks 
scarface0880: checks 
sergei123158: checks 
Dorex2007: bets $0.33
ManLikeEzzwaldo: calls $0.33
scarface0880: folds 
sergei123158: folds 
*** TURN *** [2c Kc 2d] [Th]
ManLikeEzzwaldo: checks 
Dorex2007: checks 
*** RIVER *** [2c Kc 2d Th] [8s]
ManLikeEzzwaldo: bets $0.30
Dorex2007: calls $0.30
*** SHOW DOWN ***
ManLikeEzzwaldo: shows [8h Kh] (two pair, Kings and Eights)
Dorex2007: mucks hand 
ManLikeEzzwaldo collected $1.54 from pot
*** SUMMARY ***
Total pot $1.60 | Rake $0.06 
Board [2c Kc 2d Th 8s]
Seat 1: abufirs (button) folded before Flop (didn't bet)
Seat 2: ManLikeEzzwaldo (small blind) showed [8h Kh] and won ($1.54) with two pair, Kings and Eights
Seat 4: WifeyGG (big blind) folded before Flop
Seat 5: mathplayer folded before Flop (didn't bet)
Seat 6: scarface0880 folded on the Flop
Seat 7: sergei123158 folded on the Flop
Seat 8: arsenyaspbsb folded before Flop (didn't bet)
Seat 9: Dorex2007 mucked [As Ks]



PokerStars Hand #232558398643:  Hold'em No Limit ($0.01/$0.02 USD) - 2021/12/26 19:04:14 PT [2021/12/26 22:04:14 ET]
Table 'Melitta IV' 9-max Seat #2 is the button
Seat 1: abufirs ($2.39 in chips) 
Seat 2: ManLikeEzzwaldo ($3.07 in chips) 
Seat 4: WifeyGG ($1.98 in chips) 
Seat 5: mathplayer ($0.79 in chips) 
Seat 6: scarface0880 ($1.13 in chips) 
Seat 7: sergei123158 ($2 in chips) 
Seat 8: arsenyaspbsb ($2.24 in chips) 
Seat 9: Dorex2007 ($3.34 in chips) 
WifeyGG: posts small blind $0.01
mathplayer: posts big blind $0.02
*** HOLE CARDS ***
Dealt to Dorex2007 [3h 8d]
scarface0880: calls $0.02
sergei123158: folds 
arsenyaspbsb: folds 
Dorex2007: folds 
abufirs: calls $0.02
ManLikeEzzwaldo: calls $0.02
WifeyGG: folds 
mathplayer: checks 
*** FLOP *** [4d 2h Jc]
mathplayer: bets $0.05
scarface0880: folds 
abufirs: folds 
ManLikeEzzwaldo: calls $0.05
*** TURN *** [4d 2h Jc] [5s]
mathplayer: checks 
ManLikeEzzwaldo: checks 
*** RIVER *** [4d 2h Jc 5s] [Kh]
mathplayer: checks 
ManLikeEzzwaldo: bets $0.18
mathplayer: folds 
Uncalled bet ($0.18) returned to ManLikeEzzwaldo
ManLikeEzzwaldo collected $0.18 from pot
ManLikeEzzwaldo: doesn't show hand 
*** SUMMARY ***
Total pot $0.19 | Rake $0.01 
Board [4d 2h Jc 5s Kh]
Seat 1: abufirs folded on the Flop
Seat 2: ManLikeEzzwaldo (button) collected ($0.18)
Seat 4: WifeyGG (small blind) folded before Flop
Seat 5: mathplayer (big blind) folded on the River
Seat 6: scarface0880 folded on the Flop
Seat 7: sergei123158 folded before Flop (didn't bet)
Seat 8: arsenyaspbsb folded before Flop (didn't bet)
Seat 9: Dorex2007 folded before Flop (didn't bet)



PokerStars Hand #232558416443:  Hold'em No Limit ($0.01/$0.02 USD) - 2021/12/26 19:05:26 PT [2021/12/26 22:05:26 ET]
Table 'Melitta IV' 9-max Seat #4 is the button
Seat 1: abufirs ($2.37 in chips) 
Seat 2: ManLikeEzzwaldo ($3.18 in chips) 
Seat 4: WifeyGG ($1.97 in chips) 
Seat 5: mathplayer ($0.72 in chips) 
Seat 6: scarface0880 ($1.11 in chips) 
Seat 7: sergei123158 ($2 in chips) 
Seat 8: arsenyaspbsb ($2.24 in chips) 
Seat 9: Dorex2007 ($3.34 in chips) 
mathplayer: posts small blind $0.01
scarface0880: posts big blind $0.02
*** HOLE CARDS ***
Dealt to Dorex2007 [Kd Js]
sergei123158: folds 
arsenyaspbsb: raises $0.04 to $0.06
Dorex2007: folds 
abufirs: folds 
ManLikeEzzwaldo: calls $0.06
WifeyGG: folds 
mathplayer: folds 
scarface0880: calls $0.04
*** FLOP *** [Qd 5d Td]
scarface0880: checks 
arsenyaspbsb: checks 
ManLikeEzzwaldo: checks 
*** TURN *** [Qd 5d Td] [7s]
scarface0880: checks 
arsenyaspbsb: checks 
ManLikeEzzwaldo: bets $0.09
scarface0880: folds 
arsenyaspbsb: folds 
Uncalled bet ($0.09) returned to ManLikeEzzwaldo
ManLikeEzzwaldo collected $0.18 from pot
ManLikeEzzwaldo: doesn't show hand 
*** SUMMARY ***
Total pot $0.19 | Rake $0.01 
Board [Qd 5d Td 7s]
Seat 1: abufirs folded before Flop (didn't bet)
Seat 2: ManLikeEzzwaldo collected ($0.18)
Seat 4: WifeyGG (button) folded before Flop (didn't bet)
Seat 5: mathplayer (small blind) folded before Flop
Seat 6: scarface0880 (big blind) folded on the Turn
Seat 7: sergei123158 folded before Flop (didn't bet)
Seat 8: arsenyaspbsb folded on the Turn
Seat 9: Dorex2007 folded before Flop (didn't bet)



PokerStars Hand #232558432787:  Hold'em No Limit ($0.01/$0.02 USD) - 2021/12/26 19:06:14 PT [2021/12/26 22:06:14 ET]
Table 'Melitta IV' 9-max Seat #5 is the button
Seat 1: abufirs ($2.37 in chips) 
Seat 2: ManLikeEzzwaldo ($3.30 in chips) 
Seat 4: WifeyGG ($1.97 in chips) 
Seat 5: mathplayer ($0.71 in chips) 
Seat 6: scarface0880 ($1.05 in chips) 
Seat 7: sergei123158 ($2 in chips) 
Seat 8: arsenyaspbsb ($2.18 in chips) 
Seat 9: Dorex2007 ($3.34 in chips) 
scarface0880: posts small blind $0.01
sergei123158: posts big blind $0.02
*** HOLE CARDS ***
Dealt to Dorex2007 [As 3h]
arsenyaspbsb: folds 
Dorex2007: folds 
abufirs: folds 
ManLikeEzzwaldo: calls $0.02
WifeyGG has timed out
WifeyGG: folds 
mathplayer: folds 
scarface0880: calls $0.01
sergei123158: checks 
*** FLOP *** [6h 7d 8c]
scarface0880: bets $0.03
sergei123158: folds 
ManLikeEzzwaldo: calls $0.03
*** TURN *** [6h 7d 8c] [Qs]
scarface0880: bets $0.12
ManLikeEzzwaldo: calls $0.12
*** RIVER *** [6h 7d 8c Qs] [2d]
scarface0880: bets $0.35
ManLikeEzzwaldo: calls $0.35
*** SHOW DOWN ***
scarface0880: shows [9c 2h] (a pair of Deuces)
ManLikeEzzwaldo: mucks hand 
scarface0880 collected $1.02 from pot
*** SUMMARY ***
Total pot $1.06 | Rake $0.04 
Board [6h 7d 8c Qs 2d]
Seat 1: abufirs folded before Flop (didn't bet)
Seat 2: ManLikeEzzwaldo mucked [Ac Jh]
Seat 4: WifeyGG folded before Flop (didn't bet)
Seat 5: mathplayer (button) folded before Flop (didn't bet)
Seat 6: scarface0880 (small blind) showed [9c 2h] and won ($1.02) with a pair of Deuces
Seat 7: sergei123158 (big blind) folded on the Flop
Seat 8: arsenyaspbsb folded before Flop (didn't bet)
Seat 9: Dorex2007 folded before Flop (didn't bet)



PokerStars Hand #232558449104:  Hold'em No Limit ($0.01/$0.02 USD) - 2021/12/26 19:07:16 PT [2021/12/26 22:07:16 ET]
Table 'Melitta IV' 9-max Seat #6 is the button
Seat 1: abufirs ($2.37 in chips) 
Seat 2: ManLikeEzzwaldo ($2.78 in chips) 
Seat 4: WifeyGG ($1.97 in chips) 
Seat 5: mathplayer ($0.71 in chips) 
Seat 6: scarface0880 ($1.55 in chips) 
Seat 7: sergei123158 ($2 in chips) 
Seat 8: arsenyaspbsb ($2.18 in chips) 
Seat 9: Dorex2007 ($3.34 in chips) 
sergei123158: posts small blind $0.01
arsenyaspbsb: posts big blind $0.02
*** HOLE CARDS ***
Dealt to Dorex2007 [6h 3h]
Dorex2007: folds 
abufirs: folds 
ManLikeEzzwaldo: calls $0.02
WifeyGG: raises $0.06 to $0.08
mathplayer: folds 
mathplayer said, "HKAHAHA"
scarface0880: calls $0.08
sergei123158: folds 
arsenyaspbsb: folds 
ManLikeEzzwaldo: calls $0.06
*** FLOP *** [5d Qs 6d]
ManLikeEzzwaldo: checks 
WifeyGG: bets $0.13
scarface0880: folds 
ManLikeEzzwaldo: calls $0.13
*** TURN *** [5d Qs 6d] [Ts]
ManLikeEzzwaldo: bets $0.30
WifeyGG: folds 
Uncalled bet ($0.30) returned to ManLikeEzzwaldo
ManLikeEzzwaldo collected $0.51 from pot
ManLikeEzzwaldo: doesn't show hand 
*** SUMMARY ***
Total pot $0.53 | Rake $0.02 
Board [5d Qs 6d Ts]
Seat 1: abufirs folded before Flop (didn't bet)
Seat 2: ManLikeEzzwaldo collected ($0.51)
Seat 4: WifeyGG folded on the Turn
Seat 5: mathplayer folded before Flop (didn't bet)
Seat 6: scarface0880 (button) folded on the Flop
Seat 7: sergei123158 (small blind) folded before Flop
Seat 8: arsenyaspbsb (big blind) folded before Flop
Seat 9: Dorex2007 folded before Flop (didn't bet)



PokerStars Hand #232558473846:  Hold'em No Limit ($0.01/$0.02 USD) - 2021/12/26 19:08:29 PT [2021/12/26 22:08:29 ET]
Table 'Melitta IV' 9-max Seat #7 is the button
Seat 1: abufirs ($2.37 in chips) 
Seat 2: ManLikeEzzwaldo ($3.08 in chips) 
Seat 4: WifeyGG ($1.76 in chips) 
Seat 5: mathplayer ($0.71 in chips) 
Seat 6: scarface0880 ($1.47 in chips) 
Seat 7: sergei123158 ($2 in chips) 
Seat 8: arsenyaspbsb ($2.16 in chips) 
Seat 9: Dorex2007 ($3.34 in chips) 
arsenyaspbsb: posts small blind $0.01
Dorex2007: posts big blind $0.02
*** HOLE CARDS ***
Dealt to Dorex2007 [9h Td]
abufirs: raises $0.06 to $0.08
ManLikeEzzwaldo: folds 
WifeyGG: folds 
mathplayer: folds 
scarface0880: calls $0.08
sergei123158: folds 
arsenyaspbsb: folds 
Dorex2007: folds 
*** FLOP *** [5s Qc 9d]
abufirs: bets $0.09
scarface0880: calls $0.09
*** TURN *** [5s Qc 9d] [7d]
abufirs: checks 
scarface0880: checks 
*** RIVER *** [5s Qc 9d 7d] [7s]
abufirs: checks 
scarface0880: checks 
*** SHOW DOWN ***
abufirs: shows [Kc Ac] (a pair of Sevens)
scarface0880: shows [9c 4c] (two pair, Nines and Sevens)
scarface0880 collected $0.36 from pot
*** SUMMARY ***
Total pot $0.37 | Rake $0.01 
Board [5s Qc 9d 7d 7s]
Seat 1: abufirs showed [Kc Ac] and lost with a pair of Sevens
Seat 2: ManLikeEzzwaldo folded before Flop (didn't bet)
Seat 4: WifeyGG folded before Flop (didn't bet)
Seat 5: mathplayer folded before Flop (didn't bet)
Seat 6: scarface0880 showed [9c 4c] and won ($0.36) with two pair, Nines and Sevens
Seat 7: sergei123158 (button) folded before Flop (didn't bet)
Seat 8: arsenyaspbsb (small blind) folded before Flop
Seat 9: Dorex2007 (big blind) folded before Flop



PokerStars Hand #232558488301:  Hold'em No Limit ($0.01/$0.02 USD) - 2021/12/26 19:09:09 PT [2021/12/26 22:09:09 ET]
Table 'Melitta IV' 9-max Seat #8 is the button
Seat 1: abufirs ($2.20 in chips) 
Seat 2: ManLikeEzzwaldo ($3.08 in chips) 
Seat 4: WifeyGG ($1.76 in chips) 
Seat 5: mathplayer ($0.71 in chips) 
Seat 6: scarface0880 ($1.66 in chips) 
Seat 7: sergei123158 ($2 in chips) 
Seat 8: arsenyaspbsb ($2.15 in chips) 
Seat 9: Dorex2007 ($3.32 in chips) 
Dorex2007: posts small blind $0.01
abufirs: posts big blind $0.02
*** HOLE CARDS ***
Dealt to Dorex2007 [8h 9d]
ManLikeEzzwaldo: calls $0.02
WifeyGG: folds 
mathplayer: folds 
scarface0880: calls $0.02
sergei123158: folds 
arsenyaspbsb: folds 
Dorex2007: folds 
abufirs: checks 
*** FLOP *** [Jd Kd 4s]
abufirs: checks 
ManLikeEzzwaldo: checks 
scarface0880: checks 
*** TURN *** [Jd Kd 4s] [9c]
abufirs: checks 
ManLikeEzzwaldo: bets $0.02
scarface0880: calls $0.02
abufirs: folds 
*** RIVER *** [Jd Kd 4s 9c] [Kh]
ManLikeEzzwaldo: bets $0.11
scarface0880: calls $0.11
*** SHOW DOWN ***
ManLikeEzzwaldo: shows [6d 2c] (a pair of Kings)
scarface0880: shows [6h As] (a pair of Kings - Ace kicker)
scarface0880 collected $0.32 from pot
*** SUMMARY ***
Total pot $0.33 | Rake $0.01 
Board [Jd Kd 4s 9c Kh]
Seat 1: abufirs (big blind) folded on the Turn
Seat 2: ManLikeEzzwaldo showed [6d 2c] and lost with a pair of Kings
Seat 4: WifeyGG folded before Flop (didn't bet)
Seat 5: mathplayer folded before Flop (didn't bet)
Seat 6: scarface0880 showed [6h As] and won ($0.32) with a pair of Kings
Seat 7: sergei123158 folded before Flop (didn't bet)
Seat 8: arsenyaspbsb (button) folded before Flop (didn't bet)
Seat 9: Dorex2007 (small blind) folded before Flop



PokerStars Hand #232558499678:  Hold'em No Limit ($0.01/$0.02 USD) - 2021/12/26 19:09:56 PT [2021/12/26 22:09:56 ET]
Table 'Melitta IV' 9-max Seat #9 is the button
Seat 1: abufirs ($2.18 in chips) 
Seat 2: ManLikeEzzwaldo ($2.93 in chips) 
Seat 4: WifeyGG ($1.76 in chips) 
Seat 5: mathplayer ($0.71 in chips) 
Seat 6: scarface0880 ($1.83 in chips) 
Seat 7: sergei123158 ($2 in chips) 
Seat 8: arsenyaspbsb ($2.15 in chips) 
Seat 9: Dorex2007 ($3.31 in chips) 
abufirs: posts small blind $0.01
ManLikeEzzwaldo: posts big blind $0.02
*** HOLE CARDS ***
Dealt to Dorex2007 [5h 9d]
WifeyGG: folds 
mathplayer: folds 
scarface0880: folds 
sergei123158: folds 
arsenyaspbsb: raises $0.04 to $0.06
Dorex2007: folds 
abufirs: folds 
ManLikeEzzwaldo: raises $0.04 to $0.10
arsenyaspbsb: calls $0.04
*** FLOP *** [9c 2c Td]
ManLikeEzzwaldo: checks 
arsenyaspbsb: checks 
*** TURN *** [9c 2c Td] [5d]
ManLikeEzzwaldo: bets $0.10
arsenyaspbsb: folds 
Uncalled bet ($0.10) returned to ManLikeEzzwaldo
ManLikeEzzwaldo collected $0.20 from pot
ManLikeEzzwaldo: doesn't show hand 
*** SUMMARY ***
Total pot $0.21 | Rake $0.01 
Board [9c 2c Td 5d]
Seat 1: abufirs (small blind) folded before Flop
Seat 2: ManLikeEzzwaldo (big blind) collected ($0.20)
Seat 4: WifeyGG folded before Flop (didn't bet)
Seat 5: mathplayer folded before Flop (didn't bet)
Seat 6: scarface0880 folded before Flop (didn't bet)
Seat 7: sergei123158 folded before Flop (didn't bet)
Seat 8: arsenyaspbsb folded on the Turn
Seat 9: Dorex2007 (button) folded before Flop (didn't bet)



PokerStars Hand #232558508105:  Hold'em No Limit ($0.01/$0.02 USD) - 2021/12/26 19:10:32 PT [2021/12/26 22:10:32 ET]
Table 'Melitta IV' 9-max Seat #1 is the button
Seat 1: abufirs ($2.17 in chips) 
Seat 2: ManLikeEzzwaldo ($3.03 in chips) 
Seat 3: Canguru19 ($1.36 in chips) 
Seat 4: WifeyGG ($1.76 in chips) 
Seat 5: mathplayer ($0.71 in chips) 
Seat 6: scarface0880 ($1.83 in chips) 
Seat 7: sergei123158 ($2 in chips) 
Seat 8: arsenyaspbsb ($2.05 in chips) 
Seat 9: Dorex2007 ($3.31 in chips) 
ManLikeEzzwaldo: posts small blind $0.01
Canguru19: posts big blind $0.02
*** HOLE CARDS ***
Dealt to Dorex2007 [As 8d]
WifeyGG: folds 
mathplayer: folds 
scarface0880: calls $0.02
sergei123158: folds 
arsenyaspbsb: folds 
Dorex2007: folds 
abufirs: calls $0.02
ManLikeEzzwaldo: calls $0.01
Canguru19 has timed out
Canguru19: checks 
*** FLOP *** [4s 3h 3s]
Canguru19 is disconnected 
ManLikeEzzwaldo: checks 
Canguru19 has timed out while disconnected
Canguru19: checks 
scarface0880: bets $0.02
abufirs: folds 
ManLikeEzzwaldo: folds 
Canguru19 has timed out while disconnected
Canguru19: folds 
Uncalled bet ($0.02) returned to scarface0880
scarface0880 collected $0.08 from pot
scarface0880: doesn't show hand 
*** SUMMARY ***
Total pot $0.08 | Rake $0 
Board [4s 3h 3s]
Seat 1: abufirs (button) folded on the Flop
Seat 2: ManLikeEzzwaldo (small blind) folded on the Flop
Seat 3: Canguru19 (big blind) folded on the Flop
Seat 4: WifeyGG folded before Flop (didn't bet)
Seat 5: mathplayer folded before Flop (didn't bet)
Seat 6: scarface0880 collected ($0.08)
Seat 7: sergei123158 folded before Flop (didn't bet)
Seat 8: arsenyaspbsb folded before Flop (didn't bet)
Seat 9: Dorex2007 folded before Flop (didn't bet)



PokerStars Hand #232558532309:  Hold'em No Limit ($0.01/$0.02 USD) - 2021/12/26 19:12:13 PT [2021/12/26 22:12:13 ET]
Table 'Melitta IV' 9-max Seat #2 is the button
Seat 1: abufirs ($2.15 in chips) 
Seat 2: ManLikeEzzwaldo ($3.01 in chips) 
Seat 4: WifeyGG ($1.76 in chips) 
Seat 5: mathplayer ($0.71 in chips) 
Seat 6: scarface0880 ($1.89 in chips) 
Seat 7: sergei123158 ($2 in chips) 
Seat 8: arsenyaspbsb ($2.05 in chips) 
Seat 9: Dorex2007 ($3.31 in chips) 
WifeyGG: posts small blind $0.01
mathplayer: posts big blind $0.02
*** HOLE CARDS ***
Dealt to Dorex2007 [6s Ts]
scarface0880: folds 
sergei123158: folds 
arsenyaspbsb: folds 
Dorex2007: folds 
abufirs: folds 
ManLikeEzzwaldo: folds 
WifeyGG: raises $0.04 to $0.06
mathplayer: folds 
Uncalled bet ($0.04) returned to WifeyGG
WifeyGG collected $0.04 from pot
WifeyGG: doesn't show hand 
*** SUMMARY ***
Total pot $0.04 | Rake $0 
Seat 1: abufirs folded before Flop (didn't bet)
Seat 2: ManLikeEzzwaldo (button) folded before Flop (didn't bet)
Seat 4: WifeyGG (small blind) collected ($0.04)
Seat 5: mathplayer (big blind) folded before Flop
Seat 6: scarface0880 folded before Flop (didn't bet)
Seat 7: sergei123158 folded before Flop (didn't bet)
Seat 8: arsenyaspbsb folded before Flop (didn't bet)
Seat 9: Dorex2007 folded before Flop (didn't bet)



PokerStars Hand #232558538275:  Hold'em No Limit ($0.01/$0.02 USD) - 2021/12/26 19:12:39 PT [2021/12/26 22:12:39 ET]
Table 'Melitta IV' 9-max Seat #4 is the button
Seat 1: abufirs ($2.15 in chips) 
Seat 2: ManLikeEzzwaldo ($3.01 in chips) 
Seat 4: WifeyGG ($1.78 in chips) 
Seat 5: mathplayer ($0.69 in chips) 
Seat 6: scarface0880 ($1.89 in chips) 
Seat 7: sergei123158 ($2 in chips) 
Seat 8: arsenyaspbsb ($2.05 in chips) 
Seat 9: Dorex2007 ($3.31 in chips) 
mathplayer: posts small blind $0.01
scarface0880: posts big blind $0.02
*** HOLE CARDS ***
Dealt to Dorex2007 [9h 7s]
sergei123158: folds 
arsenyaspbsb: folds 
Dorex2007: folds 
abufirs: folds 
ManLikeEzzwaldo: folds 
WifeyGG: raises $0.04 to $0.06
mathplayer: folds 
scarface0880: calls $0.04
*** FLOP *** [Tc As 4h]
scarface0880: checks 
WifeyGG: checks 
*** TURN *** [Tc As 4h] [Jd]
scarface0880: checks 
WifeyGG: checks 
*** RIVER *** [Tc As 4h Jd] [Ac]
scarface0880: checks 
WifeyGG: checks 
*** SHOW DOWN ***
scarface0880: shows [5s Kd] (a pair of Aces)
WifeyGG: mucks hand 
scarface0880 collected $0.13 from pot
*** SUMMARY ***
Total pot $0.13 | Rake $0 
Board [Tc As 4h Jd Ac]
Seat 1: abufirs folded before Flop (didn't bet)
Seat 2: ManLikeEzzwaldo folded before Flop (didn't bet)
Seat 4: WifeyGG (button) mucked [6c 5d]
Seat 5: mathplayer (small blind) folded before Flop
Seat 6: scarface0880 (big blind) showed [5s Kd] and won ($0.13) with a pair of Aces
Seat 7: sergei123158 folded before Flop (didn't bet)
Seat 8: arsenyaspbsb folded before Flop (didn't bet)
Seat 9: Dorex2007 folded before Flop (didn't bet)



PokerStars Hand #232558549811:  Hold'em No Limit ($0.01/$0.02 USD) - 2021/12/26 19:13:27 PT [2021/12/26 22:13:27 ET]
Table 'Melitta IV' 9-max Seat #5 is the button
Seat 1: abufirs ($2.15 in chips) 
Seat 2: ManLikeEzzwaldo ($3.01 in chips) 
Seat 4: WifeyGG ($1.72 in chips) 
Seat 5: mathplayer ($0.68 in chips) 
Seat 6: scarface0880 ($1.96 in chips) 
Seat 7: sergei123158 ($2 in chips) 
Seat 8: arsenyaspbsb ($2.05 in chips) 
Seat 9: Dorex2007 ($3.31 in chips) 
scarface0880: posts small blind $0.01
sergei123158: posts big blind $0.02
*** HOLE CARDS ***
Dealt to Dorex2007 [7c Th]
arsenyaspbsb: folds 
Dorex2007: folds 
abufirs: folds 
ManLikeEzzwaldo: calls $0.02
WifeyGG: folds 
mathplayer: folds 
scarface0880: calls $0.01
sergei123158: checks 
*** FLOP *** [Jd Qd 5h]
scarface0880: bets $0.05
sergei123158: folds 
ManLikeEzzwaldo: calls $0.05
*** TURN *** [Jd Qd 5h] [4h]
scarface0880: bets $0.07
ManLikeEzzwaldo: raises $0.07 to $0.14
scarface0880: calls $0.07
*** RIVER *** [Jd Qd 5h 4h] [Kc]
scarface0880: bets $0.42
ManLikeEzzwaldo: folds 
Uncalled bet ($0.42) returned to scarface0880
scarface0880 collected $0.42 from pot
scarface0880: doesn't show hand 
*** SUMMARY ***
Total pot $0.44 | Rake $0.02 
Board [Jd Qd 5h 4h Kc]
Seat 1: abufirs folded before Flop (didn't bet)
Seat 2: ManLikeEzzwaldo folded on the River
Seat 4: WifeyGG folded before Flop (didn't bet)
Seat 5: mathplayer (button) folded before Flop (didn't bet)
Seat 6: scarface0880 (small blind) collected ($0.42)
Seat 7: sergei123158 (big blind) folded on the Flop
Seat 8: arsenyaspbsb folded before Flop (didn't bet)
Seat 9: Dorex2007 folded before Flop (didn't bet)



PokerStars Hand #232558563978:  Hold'em No Limit ($0.01/$0.02 USD) - 2021/12/26 19:14:27 PT [2021/12/26 22:14:27 ET]
Table 'Melitta IV' 9-max Seat #6 is the button
Seat 1: abufirs ($2.15 in chips) 
Seat 2: ManLikeEzzwaldo ($2.80 in chips) 
Seat 4: WifeyGG ($1.72 in chips) 
Seat 5: mathplayer ($0.68 in chips) 
Seat 6: scarface0880 ($2.17 in chips) 
Seat 7: sergei123158 ($2 in chips) 
Seat 8: arsenyaspbsb ($2.05 in chips) 
Seat 9: Dorex2007 ($3.31 in chips) 
sergei123158: posts small blind $0.01
arsenyaspbsb: posts big blind $0.02
*** HOLE CARDS ***
Dealt to Dorex2007 [5h 4h]
Dorex2007: folds 
abufirs: folds 
ManLikeEzzwaldo: calls $0.02
WifeyGG: folds 
mathplayer: raises $0.66 to $0.68 and is all-in
scarface0880: folds 
sergei123158: folds 
arsenyaspbsb: folds 
ManLikeEzzwaldo: calls $0.66
*** FLOP *** [7h Kh Jc]
*** TURN *** [7h Kh Jc] [Qs]
*** RIVER *** [7h Kh Jc Qs] [2h]
*** SHOW DOWN ***
ManLikeEzzwaldo: shows [Qc 8d] (a pair of Queens)
mathplayer: shows [As Kd] (a pair of Kings)
scarface0880 leaves the table
mathplayer cashed out the hand for $0.88 | Cash Out Fee $0.01
*** SUMMARY ***
Total pot $1.39 | Rake $0.05 
Board [7h Kh Jc Qs 2h]
Seat 1: abufirs folded before Flop (didn't bet)
Seat 2: ManLikeEzzwaldo showed [Qc 8d] and lost with a pair of Queens
Seat 4: WifeyGG folded before Flop (didn't bet)
Seat 5: mathplayer showed [As Kd] and won ($1.34) with a pair of Kings (pot not awarded as player cashed out)
Seat 6: scarface0880 (button) folded before Flop (didn't bet)
Seat 7: sergei123158 (small blind) folded before Flop
Seat 8: arsenyaspbsb (big blind) folded before Flop
Seat 9: Dorex2007 folded before Flop (didn't bet)



PokerStars Hand #232558573170:  Hold'em No Limit ($0.01/$0.02 USD) - 2021/12/26 19:15:05 PT [2021/12/26 22:15:05 ET]
Table 'Melitta IV' 9-max Seat #7 is the button
Seat 1: abufirs ($2.15 in chips) 
Seat 2: ManLikeEzzwaldo ($2.12 in chips) 
Seat 4: WifeyGG ($1.72 in chips) 
Seat 5: mathplayer ($0.88 in chips) 
Seat 7: sergei123158 ($2 in chips) 
Seat 8: arsenyaspbsb ($2.03 in chips) 
Seat 9: Dorex2007 ($3.31 in chips) 
arsenyaspbsb: posts small blind $0.01
Dorex2007: posts big blind $0.02
*** HOLE CARDS ***
Dealt to Dorex2007 [Qd 8h]
abufirs: calls $0.02
ManLikeEzzwaldo: calls $0.02
WifeyGG has timed out
WifeyGG: folds 
mathplayer: folds 
sergei123158: folds 
arsenyaspbsb: calls $0.01
Dorex2007: checks 
*** FLOP *** [4s 4h 3s]
arsenyaspbsb: checks 
Dorex2007: checks 
abufirs: checks 
ManLikeEzzwaldo: bets $0.08
arsenyaspbsb: folds 
Dorex2007: folds 
abufirs: calls $0.08
*** TURN *** [4s 4h 3s] [Qs]
abufirs: checks 
ManLikeEzzwaldo: checks 
*** RIVER *** [4s 4h 3s Qs] [7h]
abufirs: bets $0.14
ManLikeEzzwaldo: calls $0.14
*** SHOW DOWN ***
abufirs: shows [As 9s] (a flush, Ace high)
ManLikeEzzwaldo: mucks hand 
abufirs collected $0.50 from pot
*** SUMMARY ***
Total pot $0.52 | Rake $0.02 
Board [4s 4h 3s Qs 7h]
Seat 1: abufirs showed [As 9s] and won ($0.50) with a flush, Ace high
Seat 2: ManLikeEzzwaldo mucked [7d 6c]
Seat 4: WifeyGG folded before Flop (didn't bet)
Seat 5: mathplayer folded before Flop (didn't bet)
Seat 7: sergei123158 (button) folded before Flop (didn't bet)
Seat 8: arsenyaspbsb (small blind) folded on the Flop
Seat 9: Dorex2007 (big blind) folded on the Flop



PokerStars Hand #232558589317:  Hold'em No Limit ($0.01/$0.02 USD) - 2021/12/26 19:16:13 PT [2021/12/26 22:16:13 ET]
Table 'Melitta IV' 9-max Seat #8 is the button
Seat 1: abufirs ($2.41 in chips) 
Seat 2: ManLikeEzzwaldo ($1.88 in chips) 
Seat 5: mathplayer ($0.88 in chips) 
Seat 7: sergei123158 ($2 in chips) 
Seat 8: arsenyaspbsb ($2.01 in chips) 
Seat 9: Dorex2007 ($3.29 in chips) 
Dorex2007: posts small blind $0.01
abufirs: posts big blind $0.02
*** HOLE CARDS ***
Dealt to Dorex2007 [5s Kd]
ManLikeEzzwaldo: calls $0.02
mathplayer: folds 
sergei123158: folds 
arsenyaspbsb: folds 
Dorex2007: folds 
abufirs: checks 
*** FLOP *** [Js 8d Kh]
abufirs: checks 
PepperDM joins the table at seat #6 
ManLikeEzzwaldo: checks 
*** TURN *** [Js 8d Kh] [2h]
abufirs: checks 
ManLikeEzzwaldo: bets $0.05
abufirs: folds 
Uncalled bet ($0.05) returned to ManLikeEzzwaldo
ManLikeEzzwaldo collected $0.05 from pot
ManLikeEzzwaldo: doesn't show hand 
*** SUMMARY ***
Total pot $0.05 | Rake $0 
Board [Js 8d Kh 2h]
Seat 1: abufirs (big blind) folded on the Turn
Seat 2: ManLikeEzzwaldo collected ($0.05)
Seat 5: mathplayer folded before Flop (didn't bet)
Seat 7: sergei123158 folded before Flop (didn't bet)
Seat 8: arsenyaspbsb (button) folded before Flop (didn't bet)
Seat 9: Dorex2007 (small blind) folded before Flop



PokerStars Hand #232558603300:  Hold'em No Limit ($0.01/$0.02 USD) - 2021/12/26 19:16:49 PT [2021/12/26 22:16:49 ET]
Table 'Melitta IV' 9-max Seat #9 is the button
Seat 1: abufirs ($2.39 in chips) 
Seat 2: ManLikeEzzwaldo ($1.91 in chips) 
Seat 5: mathplayer ($0.88 in chips) 
Seat 6: PepperDM ($1.60 in chips) 
Seat 7: sergei123158 ($2 in chips) 
Seat 8: arsenyaspbsb ($2.01 in chips) 
Seat 9: Dorex2007 ($3.28 in chips) 
abufirs: posts small blind $0.01
ManLikeEzzwaldo: posts big blind $0.02
PepperDM: posts big blind $0.02
*** HOLE CARDS ***
Dealt to Dorex2007 [3d Qs]
mathplayer: folds 
PepperDM: checks 
sergei123158: folds 
arsenyaspbsb: folds 
Dorex2007: folds 
abufirs: calls $0.01
ManLikeEzzwaldo: checks 
*** FLOP *** [9h 5d 8s]
abufirs: checks 
ManLikeEzzwaldo: checks 
PepperDM: checks 
*** TURN *** [9h 5d 8s] [2s]
abufirs: checks 
ManLikeEzzwaldo: bets $0.02
PepperDM: folds 
abufirs: calls $0.02
*** RIVER *** [9h 5d 8s 2s] [Qh]
abufirs: checks 
ManLikeEzzwaldo: bets $0.10
abufirs: folds 
Uncalled bet ($0.10) returned to ManLikeEzzwaldo
ManLikeEzzwaldo collected $0.10 from pot
ManLikeEzzwaldo: doesn't show hand 
*** SUMMARY ***
Total pot $0.10 | Rake $0 
Board [9h 5d 8s 2s Qh]
Seat 1: abufirs (small blind) folded on the River
Seat 2: ManLikeEzzwaldo (big blind) collected ($0.10)
Seat 5: mathplayer folded before Flop (didn't bet)
Seat 6: PepperDM folded on the Turn (didn't bet)
Seat 7: sergei123158 folded before Flop (didn't bet)
Seat 8: arsenyaspbsb folded before Flop (didn't bet)
Seat 9: Dorex2007 (button) folded before Flop (didn't bet)



PokerStars Hand #232558612118:  Hold'em No Limit ($0.01/$0.02 USD) - 2021/12/26 19:17:27 PT [2021/12/26 22:17:27 ET]
Table 'Melitta IV' 9-max Seat #1 is the button
Seat 1: abufirs ($2.35 in chips) 
Seat 2: ManLikeEzzwaldo ($1.97 in chips) 
Seat 5: mathplayer ($0.88 in chips) 
Seat 6: PepperDM ($1.58 in chips) 
Seat 7: sergei123158 ($2 in chips) 
Seat 8: arsenyaspbsb ($2.01 in chips) 
Seat 9: Dorex2007 ($3.28 in chips) 
ManLikeEzzwaldo: posts small blind $0.01
mathplayer: posts big blind $0.02
*** HOLE CARDS ***
Dealt to Dorex2007 [Qs Qc]
PepperDM: folds 
sergei123158: folds 
arsenyaspbsb: folds 
Dorex2007: raises $0.04 to $0.06
abufirs: calls $0.06
ManLikeEzzwaldo: calls $0.05
mathplayer: calls $0.04
*** FLOP *** [2d 6h 3h]
ManLikeEzzwaldo: checks 
mathplayer: bets $0.82 and is all-in
Dorex2007: folds 
abufirs: folds 
ManLikeEzzwaldo: folds 
Uncalled bet ($0.82) returned to mathplayer
mathplayer collected $0.23 from pot
*** SUMMARY ***
Total pot $0.24 | Rake $0.01 
Board [2d 6h 3h]
Seat 1: abufirs (button) folded on the Flop
Seat 2: ManLikeEzzwaldo (small blind) folded on the Flop
Seat 5: mathplayer (big blind) collected ($0.23)
Seat 6: PepperDM folded before Flop (didn't bet)
Seat 7: sergei123158 folded before Flop (didn't bet)
Seat 8: arsenyaspbsb folded before Flop (didn't bet)
Seat 9: Dorex2007 folded on the Flop



PokerStars Hand #232558622570:  Hold'em No Limit ($0.01/$0.02 USD) - 2021/12/26 19:18:11 PT [2021/12/26 22:18:11 ET]
Table 'Melitta IV' 9-max Seat #2 is the button
Seat 1: abufirs ($2.29 in chips) 
Seat 2: ManLikeEzzwaldo ($1.91 in chips) 
Seat 5: mathplayer ($1.05 in chips) 
Seat 6: PepperDM ($1.58 in chips) 
Seat 7: sergei123158 ($2 in chips) 
Seat 8: arsenyaspbsb ($2.01 in chips) 
Seat 9: Dorex2007 ($3.22 in chips) 
mathplayer: posts small blind $0.01
PepperDM: posts big blind $0.02
*** HOLE CARDS ***
Dealt to Dorex2007 [3h 9s]
sergei123158: folds 
arsenyaspbsb: folds 
Dorex2007: folds 
abufirs: calls $0.02
ManLikeEzzwaldo: folds 
mathplayer: calls $0.01
PepperDM: checks 
*** FLOP *** [8c 9h Ah]
mathplayer: checks 
PepperDM: checks 
abufirs: checks 
*** TURN *** [8c 9h Ah] [As]
mathplayer: checks 
PepperDM: checks 
abufirs: checks 
*** RIVER *** [8c 9h Ah As] [7d]
mathplayer: checks 
PepperDM: checks 
abufirs: bets $0.04
mathplayer: folds 
PepperDM: folds 
Uncalled bet ($0.04) returned to abufirs
abufirs collected $0.06 from pot
abufirs: doesn't show hand 
*** SUMMARY ***
Total pot $0.06 | Rake $0 
Board [8c 9h Ah As 7d]
Seat 1: abufirs collected ($0.06)
Seat 2: ManLikeEzzwaldo (button) folded before Flop (didn't bet)
Seat 5: mathplayer (small blind) folded on the River
Seat 6: PepperDM (big blind) folded on the River
Seat 7: sergei123158 folded before Flop (didn't bet)
Seat 8: arsenyaspbsb folded before Flop (didn't bet)
Seat 9: Dorex2007 folded before Flop (didn't bet)



PokerStars Hand #232558632650:  Hold'em No Limit ($0.01/$0.02 USD) - 2021/12/26 19:18:54 PT [2021/12/26 22:18:54 ET]
Table 'Melitta IV' 9-max Seat #5 is the button
Seat 1: abufirs ($2.33 in chips) 
Seat 2: ManLikeEzzwaldo ($1.91 in chips) 
Seat 5: mathplayer ($1.03 in chips) 
Seat 6: PepperDM ($1.56 in chips) 
Seat 7: sergei123158 ($2 in chips) 
Seat 8: arsenyaspbsb ($2.01 in chips) 
Seat 9: Dorex2007 ($3.22 in chips) 
PepperDM: posts small blind $0.01
sergei123158: posts big blind $0.02
*** HOLE CARDS ***
Dealt to Dorex2007 [4s 2c]
arsenyaspbsb: folds 
Dorex2007: folds 
abufirs: folds 
ManLikeEzzwaldo: calls $0.02
mathplayer: folds 
PepperDM: calls $0.01
sergei123158: checks 
*** FLOP *** [5d 4d 9c]
PepperDM: checks 
sergei123158: checks 
ManLikeEzzwaldo: checks 
*** TURN *** [5d 4d 9c] [Qc]
PepperDM: checks 
sergei123158: checks 
ManLikeEzzwaldo: bets $0.02
PepperDM: calls $0.02
sergei123158: folds 
*** RIVER *** [5d 4d 9c Qc] [3s]
PepperDM: checks 
ManLikeEzzwaldo: bets $0.05
PepperDM: folds 
Uncalled bet ($0.05) returned to ManLikeEzzwaldo
ManLikeEzzwaldo collected $0.10 from pot
ManLikeEzzwaldo: doesn't show hand 
*** SUMMARY ***
Total pot $0.10 | Rake $0 
Board [5d 4d 9c Qc 3s]
Seat 1: abufirs folded before Flop (didn't bet)
Seat 2: ManLikeEzzwaldo collected ($0.10)
Seat 5: mathplayer (button) folded before Flop (didn't bet)
Seat 6: PepperDM (small blind) folded on the River
Seat 7: sergei123158 (big blind) folded on the Turn
Seat 8: arsenyaspbsb folded before Flop (didn't bet)
Seat 9: Dorex2007 folded before Flop (didn't bet)



PokerStars Hand #232558641386:  Hold'em No Limit ($0.01/$0.02 USD) - 2021/12/26 19:19:31 PT [2021/12/26 22:19:31 ET]
Table 'Melitta IV' 9-max Seat #6 is the button
Seat 1: abufirs ($2.33 in chips) 
Seat 2: ManLikeEzzwaldo ($1.97 in chips) 
Seat 5: mathplayer ($1.03 in chips) 
Seat 6: PepperDM ($1.52 in chips) 
Seat 7: sergei123158 ($2 in chips) 
Seat 8: arsenyaspbsb ($2.01 in chips) 
Seat 9: Dorex2007 ($3.22 in chips) 
sergei123158: posts small blind $0.01
arsenyaspbsb: posts big blind $0.02
*** HOLE CARDS ***
Dealt to Dorex2007 [6d 7c]
Dorex2007: folds 
abufirs: folds 
ManLikeEzzwaldo: calls $0.02
mathplayer: folds 
PepperDM: folds 
sergei123158: folds 
arsenyaspbsb: checks 
*** FLOP *** [Th 7d 7h]
arsenyaspbsb: checks 
ManLikeEzzwaldo: bets $0.02
arsenyaspbsb: folds 
Uncalled bet ($0.02) returned to ManLikeEzzwaldo
ManLikeEzzwaldo collected $0.05 from pot
ManLikeEzzwaldo: doesn't show hand 
*** SUMMARY ***
Total pot $0.05 | Rake $0 
Board [Th 7d 7h]
Seat 1: abufirs folded before Flop (didn't bet)
Seat 2: ManLikeEzzwaldo collected ($0.05)
Seat 5: mathplayer folded before Flop (didn't bet)
Seat 6: PepperDM (button) folded before Flop (didn't bet)
Seat 7: sergei123158 (small blind) folded before Flop
Seat 8: arsenyaspbsb (big blind) folded on the Flop
Seat 9: Dorex2007 folded before Flop (didn't bet)



PokerStars Hand #232558645512:  Hold'em No Limit ($0.01/$0.02 USD) - 2021/12/26 19:19:49 PT [2021/12/26 22:19:49 ET]
Table 'Melitta IV' 9-max Seat #7 is the button
Seat 1: abufirs ($2.33 in chips) 
Seat 2: ManLikeEzzwaldo ($2 in chips) 
Seat 5: mathplayer ($1.03 in chips) 
Seat 6: PepperDM ($1.52 in chips) 
Seat 7: sergei123158 ($2 in chips) 
Seat 8: arsenyaspbsb ($2 in chips) 
Seat 9: Dorex2007 ($3.22 in chips) 
arsenyaspbsb: posts small blind $0.01
Dorex2007: posts big blind $0.02
*** HOLE CARDS ***
Dealt to Dorex2007 [Qc 2c]
abufirs: folds 
ManLikeEzzwaldo: folds 
mathplayer: folds 
PepperDM: calls $0.02
sergei123158: raises $0.05 to $0.07
arsenyaspbsb: folds 
Dorex2007: folds 
PepperDM: folds 
Uncalled bet ($0.05) returned to sergei123158
sergei123158 collected $0.07 from pot
sergei123158: doesn't show hand 
*** SUMMARY ***
Total pot $0.07 | Rake $0 
Seat 1: abufirs folded before Flop (didn't bet)
Seat 2: ManLikeEzzwaldo folded before Flop (didn't bet)
Seat 5: mathplayer folded before Flop (didn't bet)
Seat 6: PepperDM folded before Flop
Seat 7: sergei123158 (button) collected ($0.07)
Seat 8: arsenyaspbsb (small blind) folded before Flop
Seat 9: Dorex2007 (big blind) folded before Flop



PokerStars Hand #232558648987:  Hold'em No Limit ($0.01/$0.02 USD) - 2021/12/26 19:20:04 PT [2021/12/26 22:20:04 ET]
Table 'Melitta IV' 9-max Seat #8 is the button
Seat 1: abufirs ($2.33 in chips) 
Seat 2: ManLikeEzzwaldo ($2 in chips) 
Seat 5: mathplayer ($1.03 in chips) 
Seat 6: PepperDM ($1.50 in chips) 
Seat 7: sergei123158 ($2.05 in chips) 
Seat 8: arsenyaspbsb ($2 in chips) 
Seat 9: Dorex2007 ($3.20 in chips) 
Dorex2007: posts small blind $0.01
abufirs: posts big blind $0.02
*** HOLE CARDS ***
Dealt to Dorex2007 [7d Td]
ManLikeEzzwaldo: calls $0.02
mathplayer: raises $0.04 to $0.06
PepperDM: folds 
sergei123158: folds 
arsenyaspbsb: folds 
Dorex2007: folds 
abufirs: folds 
ManLikeEzzwaldo: calls $0.04
*** FLOP *** [4h 5c Jh]
ManLikeEzzwaldo: checks 
mathplayer: checks 
*** TURN *** [4h 5c Jh] [Qs]
ManLikeEzzwaldo: bets $0.07
mathplayer: raises $0.90 to $0.97 and is all-in
ManLikeEzzwaldo: folds 
Uncalled bet ($0.90) returned to mathplayer
mathplayer collected $0.28 from pot
*** SUMMARY ***
Total pot $0.29 | Rake $0.01 
Board [4h 5c Jh Qs]
Seat 1: abufirs (big blind) folded before Flop
Seat 2: ManLikeEzzwaldo folded on the Turn
Seat 5: mathplayer collected ($0.28)
Seat 6: PepperDM folded before Flop (didn't bet)
Seat 7: sergei123158 folded before Flop (didn't bet)
Seat 8: arsenyaspbsb (button) folded before Flop (didn't bet)
Seat 9: Dorex2007 (small blind) folded before Flop



PokerStars Hand #232558657695:  Hold'em No Limit ($0.01/$0.02 USD) - 2021/12/26 19:20:40 PT [2021/12/26 22:20:40 ET]
Table 'Melitta IV' 9-max Seat #9 is the button
Seat 1: abufirs ($2.31 in chips) 
Seat 2: ManLikeEzzwaldo ($1.87 in chips) 
Seat 5: mathplayer ($1.18 in chips) 
Seat 6: PepperDM ($1.50 in chips) 
Seat 7: sergei123158 ($2.05 in chips) 
Seat 8: arsenyaspbsb ($2 in chips) 
Seat 9: Dorex2007 ($3.19 in chips) 
abufirs: posts small blind $0.01
ManLikeEzzwaldo: posts big blind $0.02
*** HOLE CARDS ***
Dealt to Dorex2007 [8s 6h]
mathplayer: folds 
PepperDM: calls $0.02
sergei123158: folds 
arsenyaspbsb: calls $0.02
Dorex2007: folds 
abufirs: folds 
ManLikeEzzwaldo: checks 
*** FLOP *** [8h Qc 3d]
ManLikeEzzwaldo: checks 
PepperDM: checks 
arsenyaspbsb: checks 
*** TURN *** [8h Qc 3d] [2h]
ManLikeEzzwaldo: checks 
PepperDM: checks 
arsenyaspbsb: checks 
*** RIVER *** [8h Qc 3d 2h] [Kd]
ManLikeEzzwaldo: bets $0.06
PepperDM: folds 
arsenyaspbsb: folds 
Uncalled bet ($0.06) returned to ManLikeEzzwaldo
ManLikeEzzwaldo collected $0.07 from pot
ManLikeEzzwaldo: doesn't show hand 
*** SUMMARY ***
Total pot $0.07 | Rake $0 
Board [8h Qc 3d 2h Kd]
Seat 1: abufirs (small blind) folded before Flop
Seat 2: ManLikeEzzwaldo (big blind) collected ($0.07)
Seat 5: mathplayer folded before Flop (didn't bet)
Seat 6: PepperDM folded on the River
Seat 7: sergei123158 folded before Flop (didn't bet)
Seat 8: arsenyaspbsb folded on the River
Seat 9: Dorex2007 (button) folded before Flop (didn't bet)



PokerStars Hand #232558666351:  Hold'em No Limit ($0.01/$0.02 USD) - 2021/12/26 19:21:17 PT [2021/12/26 22:21:17 ET]
Table 'Melitta IV' 9-max Seat #1 is the button
Seat 1: abufirs ($2.30 in chips) 
Seat 2: ManLikeEzzwaldo ($1.92 in chips) 
Seat 5: mathplayer ($1.18 in chips) 
Seat 6: PepperDM ($1.48 in chips) 
Seat 7: sergei123158 ($2.05 in chips) 
Seat 8: arsenyaspbsb ($2 in chips) 
Seat 9: Dorex2007 ($3.19 in chips) 
ManLikeEzzwaldo: posts small blind $0.01
mathplayer: posts big blind $0.02
*** HOLE CARDS ***
Dealt to Dorex2007 [Qc 3h]
PepperDM: calls $0.02
sergei123158: folds 
arsenyaspbsb: folds 
Dorex2007: folds 
abufirs: folds 
ManLikeEzzwaldo: calls $0.01
mathplayer: raises $1.16 to $1.18 and is all-in
PepperDM: folds 
ManLikeEzzwaldo: folds 
Uncalled bet ($1.16) returned to mathplayer
mathplayer collected $0.06 from pot
*** SUMMARY ***
Total pot $0.06 | Rake $0 
Seat 1: abufirs (button) folded before Flop (didn't bet)
Seat 2: ManLikeEzzwaldo (small blind) folded before Flop
Seat 5: mathplayer (big blind) collected ($0.06)
Seat 6: PepperDM folded before Flop
Seat 7: sergei123158 folded before Flop (didn't bet)
Seat 8: arsenyaspbsb folded before Flop (didn't bet)
Seat 9: Dorex2007 folded before Flop (didn't bet)



PokerStars Hand #232558670756:  Hold'em No Limit ($0.01/$0.02 USD) - 2021/12/26 19:21:36 PT [2021/12/26 22:21:36 ET]
Table 'Melitta IV' 9-max Seat #2 is the button
Seat 1: abufirs ($2.30 in chips) 
Seat 2: ManLikeEzzwaldo ($1.90 in chips) 
Seat 5: mathplayer ($1.22 in chips) 
Seat 6: PepperDM ($1.46 in chips) 
Seat 7: sergei123158 ($2.05 in chips) 
Seat 8: arsenyaspbsb ($2 in chips) 
Seat 9: Dorex2007 ($3.19 in chips) 
mathplayer: posts small blind $0.01
PepperDM: posts big blind $0.02
*** HOLE CARDS ***
Dealt to Dorex2007 [6h Qc]
sergei123158: folds 
arsenyaspbsb has timed out
arsenyaspbsb: folds 
Dorex2007: folds 
abufirs: folds 
ManLikeEzzwaldo: folds 
mathplayer: calls $0.01
PepperDM: checks 
*** FLOP *** [Tc 8d Th]
mathplayer: bets $0.03
PepperDM: folds 
Uncalled bet ($0.03) returned to mathplayer
mathplayer collected $0.04 from pot
mathplayer: doesn't show hand 
*** SUMMARY ***
Total pot $0.04 | Rake $0 
Board [Tc 8d Th]
Seat 1: abufirs folded before Flop (didn't bet)
Seat 2: ManLikeEzzwaldo (button) folded before Flop (didn't bet)
Seat 5: mathplayer (small blind) collected ($0.04)
Seat 6: PepperDM (big blind) folded on the Flop
Seat 7: sergei123158 folded before Flop (didn't bet)
Seat 8: arsenyaspbsb folded before Flop (didn't bet)
Seat 9: Dorex2007 folded before Flop (didn't bet)



PokerStars Hand #232558677783:  Hold'em No Limit ($0.01/$0.02 USD) - 2021/12/26 19:22:07 PT [2021/12/26 22:22:07 ET]
Table 'Melitta IV' 9-max Seat #5 is the button
Seat 1: abufirs ($2.30 in chips) 
Seat 2: ManLikeEzzwaldo ($1.90 in chips) 
Seat 5: mathplayer ($1.24 in chips) 
Seat 6: PepperDM ($1.44 in chips) 
Seat 7: sergei123158 ($2.05 in chips) 
Seat 8: arsenyaspbsb ($2 in chips) 
Seat 9: Dorex2007 ($3.19 in chips) 
PepperDM: posts small blind $0.01
sergei123158: posts big blind $0.02
*** HOLE CARDS ***
Dealt to Dorex2007 [3s Jd]
arsenyaspbsb: raises $0.04 to $0.06
Canguru19 leaves the table
Dorex2007: folds 
abufirs: raises $0.10 to $0.16
ManLikeEzzwaldo: folds 
mathplayer: folds 
PepperDM: folds 
sergei123158: folds 
arsenyaspbsb: calls $0.10
*** FLOP *** [5h Js 5s]
arsenyaspbsb: checks 
abufirs: checks 
*** TURN *** [5h Js 5s] [4c]
arsenyaspbsb: checks 
abufirs: checks 
*** RIVER *** [5h Js 5s 4c] [8c]
arsenyaspbsb: checks 
abufirs: bets $0.17
arsenyaspbsb: calls $0.17
*** SHOW DOWN ***
abufirs: shows [Ah Ac] (two pair, Aces and Fives)
arsenyaspbsb: mucks hand 
abufirs collected $0.67 from pot
*** SUMMARY ***
Total pot $0.69 | Rake $0.02 
Board [5h Js 5s 4c 8c]
Seat 1: abufirs showed [Ah Ac] and won ($0.67) with two pair, Aces and Fives
Seat 2: ManLikeEzzwaldo folded before Flop (didn't bet)
Seat 5: mathplayer (button) folded before Flop (didn't bet)
Seat 6: PepperDM (small blind) folded before Flop
Seat 7: sergei123158 (big blind) folded before Flop
Seat 8: arsenyaspbsb mucked [Tc Td]
Seat 9: Dorex2007 folded before Flop (didn't bet)



PokerStars Hand #232558685169:  Hold'em No Limit ($0.01/$0.02 USD) - 2021/12/26 19:22:38 PT [2021/12/26 22:22:38 ET]
Table 'Melitta IV' 9-max Seat #6 is the button
Seat 1: abufirs ($2.64 in chips) 
Seat 2: ManLikeEzzwaldo ($1.90 in chips) 
Seat 5: mathplayer ($1.24 in chips) 
Seat 6: PepperDM ($1.43 in chips) 
Seat 7: sergei123158 ($2.03 in chips) 
Seat 8: arsenyaspbsb ($2 in chips) 
Seat 9: Dorex2007 ($3.19 in chips) 
sergei123158: posts small blind $0.01
arsenyaspbsb: posts big blind $0.02
*** HOLE CARDS ***
Dealt to Dorex2007 [5s 4c]
Dorex2007: folds 
abufirs: folds 
ManLikeEzzwaldo: calls $0.02
mathplayer: raises $1.22 to $1.24 and is all-in
PepperDM: folds 
sergei123158: folds 
arsenyaspbsb: folds 
ManLikeEzzwaldo: folds 
Uncalled bet ($1.22) returned to mathplayer
mathplayer collected $0.07 from pot
*** SUMMARY ***
Total pot $0.07 | Rake $0 
Seat 1: abufirs folded before Flop (didn't bet)
Seat 2: ManLikeEzzwaldo folded before Flop
Seat 5: mathplayer collected ($0.07)
Seat 6: PepperDM (button) folded before Flop (didn't bet)
Seat 7: sergei123158 (small blind) folded before Flop
Seat 8: arsenyaspbsb (big blind) folded before Flop
Seat 9: Dorex2007 folded before Flop (didn't bet)



PokerStars Hand #232558689605:  Hold'em No Limit ($0.01/$0.02 USD) - 2021/12/26 19:22:57 PT [2021/12/26 22:22:57 ET]
Table 'Melitta IV' 9-max Seat #7 is the button
Seat 1: abufirs ($2.64 in chips) 
Seat 2: ManLikeEzzwaldo ($1.88 in chips) 
Seat 5: mathplayer ($1.29 in chips) 
Seat 6: PepperDM ($1.43 in chips) 
Seat 7: sergei123158 ($2.02 in chips) 
Seat 8: arsenyaspbsb ($2 in chips) 
Seat 9: Dorex2007 ($3.19 in chips) 
arsenyaspbsb: posts small blind $0.01
Dorex2007: posts big blind $0.02
*** HOLE CARDS ***
Dealt to Dorex2007 [7s Qh]
abufirs: calls $0.02
ManLikeEzzwaldo: calls $0.02
mathplayer: folds 
PepperDM: calls $0.02
sergei123158: calls $0.02
arsenyaspbsb: raises $0.14 to $0.16
Dorex2007: folds 
abufirs: folds 
ManLikeEzzwaldo: calls $0.14
PepperDM: calls $0.14
sergei123158: folds 
*** FLOP *** [Ad 2h 2d]
arsenyaspbsb: checks 
ManLikeEzzwaldo: checks 
PepperDM: bets $0.52
arsenyaspbsb: folds 
ManLikeEzzwaldo: raises $1.20 to $1.72 and is all-in
PepperDM: calls $0.75 and is all-in
Uncalled bet ($0.45) returned to ManLikeEzzwaldo
*** TURN *** [Ad 2h 2d] [Qc]
*** RIVER *** [Ad 2h 2d Qc] [4h]
*** SHOW DOWN ***
ManLikeEzzwaldo: shows [Qd 7d] (two pair, Queens and Deuces)
PepperDM: shows [As 6s] (two pair, Aces and Deuces)
PepperDM collected $2.97 from pot
*** SUMMARY ***
Total pot $3.08 | Rake $0.11 
Board [Ad 2h 2d Qc 4h]
Seat 1: abufirs folded before Flop
Seat 2: ManLikeEzzwaldo showed [Qd 7d] and lost with two pair, Queens and Deuces
Seat 5: mathplayer folded before Flop (didn't bet)
Seat 6: PepperDM showed [As 6s] and won ($2.97) with two pair, Aces and Deuces
Seat 7: sergei123158 (button) folded before Flop
Seat 8: arsenyaspbsb (small blind) folded on the Flop
Seat 9: Dorex2007 (big blind) folded before Flop



PokerStars Hand #232558705307:  Hold'em No Limit ($0.01/$0.02 USD) - 2021/12/26 19:23:58 PT [2021/12/26 22:23:58 ET]
Table 'Melitta IV' 9-max Seat #8 is the button
Seat 1: abufirs ($2.62 in chips) 
Seat 2: ManLikeEzzwaldo ($0.45 in chips) 
Seat 5: mathplayer ($1.29 in chips) 
Seat 6: PepperDM ($2.97 in chips) 
Seat 7: sergei123158 ($2 in chips) 
Seat 8: arsenyaspbsb ($2 in chips) 
Seat 9: Dorex2007 ($3.17 in chips) 
Dorex2007: posts small blind $0.01
abufirs: posts big blind $0.02
*** HOLE CARDS ***
Dealt to Dorex2007 [Th 3d]
ManLikeEzzwaldo: folds 
mathplayer: folds 
PepperDM: calls $0.02
sergei123158: folds 
arsenyaspbsb: folds 
Dorex2007: folds 
abufirs: checks 
*** FLOP *** [As 6h 8s]
abufirs: bets $0.04
PepperDM: folds 
Uncalled bet ($0.04) returned to abufirs
abufirs collected $0.05 from pot
abufirs: doesn't show hand 
*** SUMMARY ***
Total pot $0.05 | Rake $0 
Board [As 6h 8s]
Seat 1: abufirs (big blind) collected ($0.05)
Seat 2: ManLikeEzzwaldo folded before Flop (didn't bet)
Seat 5: mathplayer folded before Flop (didn't bet)
Seat 6: PepperDM folded on the Flop
Seat 7: sergei123158 folded before Flop (didn't bet)
Seat 8: arsenyaspbsb (button) folded before Flop (didn't bet)
Seat 9: Dorex2007 (small blind) folded before Flop



PokerStars Hand #232558710055:  Hold'em No Limit ($0.01/$0.02 USD) - 2021/12/26 19:24:19 PT [2021/12/26 22:24:19 ET]
Table 'Melitta IV' 9-max Seat #9 is the button
Seat 1: abufirs ($2.65 in chips) 
Seat 2: ManLikeEzzwaldo ($0.45 in chips) 
Seat 5: mathplayer ($1.29 in chips) 
Seat 6: PepperDM ($2.95 in chips) 
Seat 7: sergei123158 ($2 in chips) 
Seat 8: arsenyaspbsb ($2 in chips) 
Seat 9: Dorex2007 ($3.16 in chips) 
abufirs: posts small blind $0.01
ManLikeEzzwaldo: posts big blind $0.02
*** HOLE CARDS ***
Dealt to Dorex2007 [7s 2c]
mathplayer: raises $0.04 to $0.06
PepperDM: folds 
sergei123158: folds 
arsenyaspbsb: folds 
Dorex2007: folds 
abufirs: calls $0.05
ManLikeEzzwaldo: raises $0.39 to $0.45 and is all-in
Zuban442 joins the table at seat #3 
mathplayer: calls $0.39
abufirs: folds 
*** FLOP *** [6s 6h 2s]
*** TURN *** [6s 6h 2s] [Qc]
*** RIVER *** [6s 6h 2s Qc] [9c]
*** SHOW DOWN ***
ManLikeEzzwaldo: shows [Jc Kd] (a pair of Sixes)
mathplayer: shows [As Jh] (a pair of Sixes - Ace kicker)
mathplayer cashed out the hand for $0.67 | Cash Out Fee $0.01
*** SUMMARY ***
Total pot $0.96 | Rake $0.03 
Board [6s 6h 2s Qc 9c]
Seat 1: abufirs (small blind) folded before Flop
Seat 2: ManLikeEzzwaldo (big blind) showed [Jc Kd] and lost with a pair of Sixes
Seat 5: mathplayer showed [As Jh] and won ($0.93) with a pair of Sixes (pot not awarded as player cashed out)
Seat 6: PepperDM folded before Flop (didn't bet)
Seat 7: sergei123158 folded before Flop (didn't bet)
Seat 8: arsenyaspbsb folded before Flop (didn't bet)
Seat 9: Dorex2007 (button) folded before Flop (didn't bet)



PokerStars Hand #232558716499:  Hold'em No Limit ($0.01/$0.02 USD) - 2021/12/26 19:24:46 PT [2021/12/26 22:24:46 ET]
Table 'Melitta IV' 9-max Seat #1 is the button
Seat 1: abufirs ($2.59 in chips) 
Seat 5: mathplayer ($1.51 in chips) 
Seat 8: arsenyaspbsb ($2 in chips) 
Seat 9: Dorex2007 ($3.16 in chips) 
mathplayer: posts small blind $0.01
PepperDM: is sitting out 
sergei123158: is sitting out 
arsenyaspbsb: posts big blind $0.02
*** HOLE CARDS ***
Dealt to Dorex2007 [4h 8s]
Dorex2007: folds 
abufirs: calls $0.02
mathplayer: folds 
arsenyaspbsb: checks 
*** FLOP *** [2h 6d Qs]
PepperDM leaves the table
arsenyaspbsb: bets $0.03
abufirs: folds 
Uncalled bet ($0.03) returned to arsenyaspbsb
arsenyaspbsb collected $0.05 from pot
arsenyaspbsb: doesn't show hand 
*** SUMMARY ***
Total pot $0.05 | Rake $0 
Board [2h 6d Qs]
Seat 1: abufirs (button) folded on the Flop
Seat 5: mathplayer (small blind) folded before Flop
Seat 8: arsenyaspbsb (big blind) collected ($0.05)
Seat 9: Dorex2007 folded before Flop (didn't bet)



PokerStars Hand #232558719067:  Hold'em No Limit ($0.01/$0.02 USD) - 2021/12/26 19:24:58 PT [2021/12/26 22:24:58 ET]
Table 'Melitta IV' 9-max Seat #5 is the button
Seat 1: abufirs ($2.57 in chips) 
Seat 3: Zuban442 ($1.01 in chips) 
Seat 5: mathplayer ($1.50 in chips) 
Seat 8: arsenyaspbsb ($2.03 in chips) 
Seat 9: Dorex2007 ($3.16 in chips) 
ManLikeEzzwaldo leaves the table
arsenyaspbsb: posts small blind $0.01
Dorex2007: posts big blind $0.02
Zuban442: posts big blind $0.02
*** HOLE CARDS ***
Dealt to Dorex2007 [9h Qc]
abufirs: folds 
Zuban442: checks 
mathplayer: folds 
arsenyaspbsb: folds 
Dorex2007: checks 
*** FLOP *** [Kc 8d 8c]
Dorex2007: checks 
Zuban442: checks 
*** TURN *** [Kc 8d 8c] [As]
Dorex2007: checks 
Zuban442: checks 
*** RIVER *** [Kc 8d 8c As] [5d]
Dorex2007: checks 
Zuban442: checks 
*** SHOW DOWN ***
Dorex2007: shows [9h Qc] (a pair of Eights)
Zuban442: mucks hand 
Dorex2007 collected $0.05 from pot
*** SUMMARY ***
Total pot $0.05 | Rake $0 
Board [Kc 8d 8c As 5d]
Seat 1: abufirs folded before Flop (didn't bet)
Seat 3: Zuban442 mucked [Jd 6s]
Seat 5: mathplayer (button) folded before Flop (didn't bet)
Seat 8: arsenyaspbsb (small blind) folded before Flop
Seat 9: Dorex2007 (big blind) showed [9h Qc] and won ($0.05) with a pair of Eights



PokerStars Hand #232558744180:  Hold'em No Limit ($0.01/$0.02 USD) - 2021/12/26 19:25:41 PT [2021/12/26 22:25:41 ET]
Table 'Melitta IV' 9-max Seat #8 is the button
Seat 1: abufirs ($2.57 in chips) 
Seat 3: Zuban442 ($0.99 in chips) 
Seat 5: mathplayer ($1.50 in chips) 
Seat 8: arsenyaspbsb ($2.02 in chips) 
Seat 9: Dorex2007 ($3.19 in chips) 
Dorex2007: posts small blind $0.01
abufirs: posts big blind $0.02
*** HOLE CARDS ***
Dealt to Dorex2007 [Tc 5h]
Zuban442: folds 
mathplayer: raises $0.03 to $0.05
arsenyaspbsb: folds 
Dorex2007: folds 
abufirs: folds 
Uncalled bet ($0.03) returned to mathplayer
mathplayer collected $0.05 from pot
*** SUMMARY ***
Total pot $0.05 | Rake $0 
Seat 1: abufirs (big blind) folded before Flop
Seat 3: Zuban442 folded before Flop (didn't bet)
Seat 5: mathplayer collected ($0.05)
Seat 8: arsenyaspbsb (button) folded before Flop (didn't bet)
Seat 9: Dorex2007 (small blind) folded before Flop



PokerStars Hand #232558748007:  Hold'em No Limit ($0.01/$0.02 USD) - 2021/12/26 19:25:58 PT [2021/12/26 22:25:58 ET]
Table 'Melitta IV' 9-max Seat #9 is the button
Seat 1: abufirs ($2.55 in chips) 
Seat 3: Zuban442 ($0.99 in chips) 
Seat 5: mathplayer ($1.53 in chips) 
Seat 8: arsenyaspbsb ($2.02 in chips) 
Seat 9: Dorex2007 ($3.18 in chips) 
abufirs: posts small blind $0.01
Zuban442: posts big blind $0.02
*** HOLE CARDS ***
Dealt to Dorex2007 [Js 9c]
mathplayer: folds 
arsenyaspbsb: folds 
Dorex2007: folds 
abufirs: raises $0.02 to $0.04
Zuban442: folds 
Uncalled bet ($0.02) returned to abufirs
abufirs collected $0.04 from pot
abufirs: doesn't show hand 
*** SUMMARY ***
Total pot $0.04 | Rake $0 
Seat 1: abufirs (small blind) collected ($0.04)
Seat 3: Zuban442 (big blind) folded before Flop
Seat 5: mathplayer folded before Flop (didn't bet)
Seat 8: arsenyaspbsb folded before Flop (didn't bet)
Seat 9: Dorex2007 (button) folded before Flop (didn't bet)



PokerStars Hand #232558752864:  Hold'em No Limit ($0.01/$0.02 USD) - 2021/12/26 19:26:19 PT [2021/12/26 22:26:19 ET]
Table 'Melitta IV' 9-max Seat #1 is the button
Seat 1: abufirs ($2.57 in chips) 
Seat 3: Zuban442 ($0.97 in chips) 
Seat 8: arsenyaspbsb ($2.02 in chips) 
Seat 9: Dorex2007 ($3.18 in chips) 
Zuban442: posts small blind $0.01
mathplayer: is sitting out 
arsenyaspbsb: posts big blind $0.02
*** HOLE CARDS ***
Dealt to Dorex2007 [5s Tc]
Dorex2007: folds 
abufirs: calls $0.02
Zuban442: raises $0.06 to $0.08
arsenyaspbsb: folds 
abufirs: folds 
Uncalled bet ($0.06) returned to Zuban442
Zuban442 collected $0.06 from pot
WifeyGG leaves the table
Zuban442: doesn't show hand 
*** SUMMARY ***
Total pot $0.06 | Rake $0 
Seat 1: abufirs (button) folded before Flop
Seat 3: Zuban442 (small blind) collected ($0.06)
Seat 8: arsenyaspbsb (big blind) folded before Flop
Seat 9: Dorex2007 folded before Flop (didn't bet)



PokerStars Hand #232558755936:  Hold'em No Limit ($0.01/$0.02 USD) - 2021/12/26 19:26:33 PT [2021/12/26 22:26:33 ET]
Table 'Melitta IV' 9-max Seat #3 is the button
Seat 1: abufirs ($2.55 in chips) 
Seat 3: Zuban442 ($1.01 in chips) 
Seat 8: arsenyaspbsb ($2 in chips) 
Seat 9: Dorex2007 ($3.18 in chips) 
arsenyaspbsb: posts small blind $0.01
Dorex2007: posts big blind $0.02
*** HOLE CARDS ***
Dealt to Dorex2007 [6c Qc]
abufirs: folds 
Zuban442: folds 
arsenyaspbsb: raises $0.04 to $0.06
abufirs leaves the table
Dorex2007: folds 
Uncalled bet ($0.04) returned to arsenyaspbsb
arsenyaspbsb collected $0.04 from pot
arsenyaspbsb: doesn't show hand 
*** SUMMARY ***
Total pot $0.04 | Rake $0 
Seat 1: abufirs folded before Flop (didn't bet)
Seat 3: Zuban442 (button) folded before Flop (didn't bet)
Seat 8: arsenyaspbsb (small blind) collected ($0.04)
Seat 9: Dorex2007 (big blind) folded before Flop



PokerStars Hand #232558759324:  Hold'em No Limit ($0.01/$0.02 USD) - 2021/12/26 19:26:47 PT [2021/12/26 22:26:47 ET]
Table 'Melitta IV' 9-max Seat #8 is the button
Seat 3: Zuban442 ($1.01 in chips) 
Seat 8: arsenyaspbsb ($2.02 in chips) 
Seat 9: Dorex2007 ($3.16 in chips) 
Dorex2007: posts small blind $0.01
Zuban442: posts big blind $0.02
*** HOLE CARDS ***
Dealt to Dorex2007 [Kd 2c]
arsenyaspbsb: folds 
Dorex2007: folds 
Uncalled bet ($0.01) returned to Zuban442
Zuban442 collected $0.02 from pot
*** SUMMARY ***
Total pot $0.02 | Rake $0 
Seat 3: Zuban442 (big blind) collected ($0.02)
Seat 8: arsenyaspbsb (button) folded before Flop (didn't bet)
Seat 9: Dorex2007 (small blind) folded before Flop



