PokerStars Hand #230661706040:  Hold'em No Limit ($0.01/$0.02 USD) - 2021/10/16 15:09:33 PT [2021/10/16 18:09:33 ET]
Table 'Dejan III' 9-max Seat #9 is the button
Seat 1: nyunyisnyunyo ($2.95 in chips) 
Seat 2: rupertaa ($2.76 in chips) 
Seat 3: serg197211 ($2.17 in chips) 
Seat 4: Gold-Tern ($2.07 in chips) 
Seat 6: Dorex2007 ($2 in chips) 
Seat 7: Uchitel666 ($2 in chips) 
Seat 9: Dusmulacis ($3.56 in chips) 
nyunyisnyunyo: posts small blind $0.01
rupertaa: posts big blind $0.02
zyaleniyeg: sits out 
Dorex2007: posts big blind $0.02
alestilo_21: sits out 
*** HOLE CARDS ***
Dealt to Dorex2007 [8h 3h]
serg197211: folds 
Gold-Tern: folds 
Dorex2007: checks 
Uchitel666: calls $0.02
Dusmulacis: folds 
nyunyisnyunyo: calls $0.01
rupertaa: checks 
*** FLOP *** [Jd Qh 3c]
nyunyisnyunyo: checks 
rupertaa: checks 
Dorex2007: checks 
Uchitel666: checks 
*** TURN *** [Jd Qh 3c] [Td]
nyunyisnyunyo: checks 
rupertaa: checks 
Dorex2007: checks 
Uchitel666: bets $0.04
nyunyisnyunyo: folds 
rupertaa: calls $0.04
Dorex2007: folds 
*** RIVER *** [Jd Qh 3c Td] [Jh]
rupertaa: checks 
Uchitel666: checks 
*** SHOW DOWN ***
rupertaa: shows [Th 4c] (two pair, Jacks and Tens)
Uchitel666: mucks hand 
rupertaa collected $0.15 from pot
*** SUMMARY ***
Total pot $0.16 | Rake $0.01 
Board [Jd Qh 3c Td Jh]
Seat 1: nyunyisnyunyo (small blind) folded on the Turn
Seat 2: rupertaa (big blind) showed [Th 4c] and won ($0.15) with two pair, Jacks and Tens
Seat 3: serg197211 folded before Flop (didn't bet)
Seat 4: Gold-Tern folded before Flop (didn't bet)
Seat 6: Dorex2007 folded on the Turn (didn't bet)
Seat 7: Uchitel666 mucked [9d Ad]
Seat 9: Dusmulacis (button) folded before Flop (didn't bet)



PokerStars Hand #230661726521:  Hold'em No Limit ($0.01/$0.02 USD) - 2021/10/16 15:10:23 PT [2021/10/16 18:10:23 ET]
Table 'Dejan III' 9-max Seat #1 is the button
Seat 1: nyunyisnyunyo ($2.93 in chips) 
Seat 2: rupertaa ($2.85 in chips) 
Seat 3: serg197211 ($2.17 in chips) 
Seat 4: Gold-Tern ($2.07 in chips) 
Seat 6: Dorex2007 ($1.98 in chips) 
Seat 7: Uchitel666 ($2 in chips) 
Seat 9: Dusmulacis ($3.56 in chips) 
rupertaa: posts small blind $0.01
serg197211: posts big blind $0.02
zyaleniyeg: sits out 
alestilo_21: sits out 
*** HOLE CARDS ***
Dealt to Dorex2007 [Kd Js]
Gold-Tern: calls $0.02
Dorex2007: raises $0.04 to $0.06
Uchitel666: folds 
Dusmulacis: folds 
nyunyisnyunyo: calls $0.06
rupertaa: folds 
serg197211: folds 
Gold-Tern: calls $0.04
*** FLOP *** [7c 8c 6s]
Gold-Tern: checks 
Dorex2007: bets $0.13
nyunyisnyunyo: calls $0.13
Gold-Tern: folds 
*** TURN *** [7c 8c 6s] [3s]
Dorex2007: bets $0.23
nyunyisnyunyo: folds 
Uncalled bet ($0.23) returned to Dorex2007
Dorex2007 collected $0.45 from pot
Dorex2007: doesn't show hand 
*** SUMMARY ***
Total pot $0.47 | Rake $0.02 
Board [7c 8c 6s 3s]
Seat 1: nyunyisnyunyo (button) folded on the Turn
Seat 2: rupertaa (small blind) folded before Flop
Seat 3: serg197211 (big blind) folded before Flop
Seat 4: Gold-Tern folded on the Flop
Seat 6: Dorex2007 collected ($0.45)
Seat 7: Uchitel666 folded before Flop (didn't bet)
Seat 9: Dusmulacis folded before Flop (didn't bet)



PokerStars Hand #230661751282:  Hold'em No Limit ($0.01/$0.02 USD) - 2021/10/16 15:11:04 PT [2021/10/16 18:11:04 ET]
Table 'Dejan III' 9-max Seat #2 is the button
Seat 1: nyunyisnyunyo ($2.74 in chips) 
Seat 2: rupertaa ($2.84 in chips) 
Seat 3: serg197211 ($2.15 in chips) 
Seat 4: Gold-Tern ($2.01 in chips) 
Seat 6: Dorex2007 ($2.24 in chips) 
Seat 7: Uchitel666 ($2 in chips) 
Seat 9: Dusmulacis ($3.56 in chips) 
serg197211: posts small blind $0.01
Gold-Tern: posts big blind $0.02
zyaleniyeg: sits out 
alestilo_21: sits out 
*** HOLE CARDS ***
Dealt to Dorex2007 [4s Ks]
Dorex2007: folds 
Uchitel666: folds 
Dusmulacis: folds 
nyunyisnyunyo: calls $0.02
rupertaa: folds 
serg197211: folds 
Gold-Tern: checks 
*** FLOP *** [5d 8d 4h]
Gold-Tern: bets $0.04
nyunyisnyunyo: folds 
Uncalled bet ($0.04) returned to Gold-Tern
Gold-Tern collected $0.05 from pot
*** SUMMARY ***
Total pot $0.05 | Rake $0 
Board [5d 8d 4h]
Seat 1: nyunyisnyunyo folded on the Flop
Seat 2: rupertaa (button) folded before Flop (didn't bet)
Seat 3: serg197211 (small blind) folded before Flop
Seat 4: Gold-Tern (big blind) collected ($0.05)
Seat 6: Dorex2007 folded before Flop (didn't bet)
Seat 7: Uchitel666 folded before Flop (didn't bet)
Seat 9: Dusmulacis folded before Flop (didn't bet)



PokerStars Hand #230661761136:  Hold'em No Limit ($0.01/$0.02 USD) - 2021/10/16 15:11:28 PT [2021/10/16 18:11:28 ET]
Table 'Dejan III' 9-max Seat #3 is the button
Seat 1: nyunyisnyunyo ($2.72 in chips) 
Seat 2: rupertaa ($2.84 in chips) 
Seat 3: serg197211 ($2.14 in chips) 
Seat 4: Gold-Tern ($2.04 in chips) 
Seat 5: zyaleniyeg ($2 in chips) 
Seat 6: Dorex2007 ($2.24 in chips) 
Seat 7: Uchitel666 ($2 in chips) 
Seat 9: Dusmulacis ($3.56 in chips) 
Gold-Tern: posts small blind $0.01
zyaleniyeg: posts big blind $0.02
alestilo_21: sits out 
*** HOLE CARDS ***
Dealt to Dorex2007 [5d Jd]
Dorex2007: folds 
Uchitel666: folds 
Dusmulacis: folds 
nyunyisnyunyo: folds 
rupertaa: raises $0.02 to $0.04
serg197211: folds 
Gold-Tern: folds 
zyaleniyeg has timed out
zyaleniyeg: folds 
Uncalled bet ($0.02) returned to rupertaa
rupertaa collected $0.05 from pot
rupertaa: doesn't show hand 
*** SUMMARY ***
Total pot $0.05 | Rake $0 
Seat 1: nyunyisnyunyo folded before Flop (didn't bet)
Seat 2: rupertaa collected ($0.05)
Seat 3: serg197211 (button) folded before Flop (didn't bet)
Seat 4: Gold-Tern (small blind) folded before Flop
Seat 5: zyaleniyeg (big blind) folded before Flop
Seat 6: Dorex2007 folded before Flop (didn't bet)
Seat 7: Uchitel666 folded before Flop (didn't bet)
Seat 9: Dusmulacis folded before Flop (didn't bet)



PokerStars Hand #230661785142:  Hold'em No Limit ($0.01/$0.02 USD) - 2021/10/16 15:12:28 PT [2021/10/16 18:12:28 ET]
Table 'Dejan III' 9-max Seat #4 is the button
Seat 1: nyunyisnyunyo ($2.72 in chips) 
Seat 2: rupertaa ($2.87 in chips) 
Seat 3: serg197211 ($2.14 in chips) 
Seat 4: Gold-Tern ($2.03 in chips) 
Seat 6: Dorex2007 ($2.24 in chips) 
Seat 7: Uchitel666 ($2 in chips) 
Seat 9: Dusmulacis ($3.56 in chips) 
Dorex2007: posts small blind $0.01
Uchitel666: posts big blind $0.02
alestilo_21: sits out 
*** HOLE CARDS ***
Dealt to Dorex2007 [2h Qc]
Dusmulacis: folds 
nyunyisnyunyo: calls $0.02
rupertaa: calls $0.02
serg197211: folds 
Gold-Tern: raises $0.04 to $0.06
Dorex2007: folds 
Uchitel666: folds 
nyunyisnyunyo: calls $0.04
rupertaa: folds 
*** FLOP *** [Jd 5h Th]
nyunyisnyunyo: bets $0.04
Gold-Tern: calls $0.04
*** TURN *** [Jd 5h Th] [9c]
nyunyisnyunyo: bets $0.06
Gold-Tern: raises $0.36 to $0.42
nyunyisnyunyo: folds 
Uncalled bet ($0.36) returned to Gold-Tern
Gold-Tern collected $0.36 from pot
*** SUMMARY ***
Total pot $0.37 | Rake $0.01 
Board [Jd 5h Th 9c]
Seat 1: nyunyisnyunyo folded on the Turn
Seat 2: rupertaa folded before Flop
Seat 3: serg197211 folded before Flop (didn't bet)
Seat 4: Gold-Tern (button) collected ($0.36)
Seat 6: Dorex2007 (small blind) folded before Flop
Seat 7: Uchitel666 (big blind) folded before Flop
Seat 9: Dusmulacis folded before Flop (didn't bet)



PokerStars Hand #230661855896:  Hold'em No Limit ($0.01/$0.02 USD) - 2021/10/16 15:15:24 PT [2021/10/16 18:15:24 ET]
Table 'Dejan III' 9-max Seat #3 is the button
Seat 1: nyunyisnyunyo ($2.53 in chips) 
Seat 2: rupertaa ($2.05 in chips) 
Seat 3: serg197211 ($2.11 in chips) 
Seat 4: Gold-Tern ($2.65 in chips) 
Seat 6: Dorex2007 ($2.23 in chips) 
Seat 7: Uchitel666 ($2.32 in chips) 
Seat 9: Dusmulacis ($3.61 in chips) 
Gold-Tern: posts small blind $0.01
Dorex2007: posts big blind $0.02
alestilo_21: sits out 
*** HOLE CARDS ***
Dealt to Dorex2007 [Jd Qs]
Uchitel666: folds 
Dusmulacis: folds 
nyunyisnyunyo: calls $0.02
rupertaa: folds 
serg197211: folds 
Gold-Tern: calls $0.01
Dorex2007: checks 
*** FLOP *** [Jh Qd 2c]
Gold-Tern: checks 
Dorex2007: checks 
nyunyisnyunyo: checks 
*** TURN *** [Jh Qd 2c] [4d]
Gold-Tern: checks 
Dorex2007: bets $0.04
nyunyisnyunyo: folds 
Gold-Tern: folds 
Uncalled bet ($0.04) returned to Dorex2007
Dorex2007 collected $0.06 from pot
Dorex2007: doesn't show hand 
*** SUMMARY ***
Total pot $0.06 | Rake $0 
Board [Jh Qd 2c 4d]
Seat 1: nyunyisnyunyo folded on the Turn
Seat 2: rupertaa folded before Flop (didn't bet)
Seat 3: serg197211 (button) folded before Flop (didn't bet)
Seat 4: Gold-Tern (small blind) folded on the Turn
Seat 6: Dorex2007 (big blind) collected ($0.06)
Seat 7: Uchitel666 folded before Flop (didn't bet)
Seat 9: Dusmulacis folded before Flop (didn't bet)



PokerStars Hand #230661869916:  Hold'em No Limit ($0.01/$0.02 USD) - 2021/10/16 15:15:59 PT [2021/10/16 18:15:59 ET]
Table 'Dejan III' 9-max Seat #4 is the button
Seat 1: nyunyisnyunyo ($2.51 in chips) 
Seat 2: rupertaa ($2.05 in chips) 
Seat 3: serg197211 ($2.11 in chips) 
Seat 4: Gold-Tern ($2.63 in chips) 
Seat 6: Dorex2007 ($2.27 in chips) 
Seat 7: Uchitel666 ($2.32 in chips) 
Seat 9: Dusmulacis ($3.61 in chips) 
Dorex2007: posts small blind $0.01
Uchitel666: posts big blind $0.02
alestilo_21: sits out 
*** HOLE CARDS ***
Dealt to Dorex2007 [Kh 8s]
Dusmulacis: folds 
nyunyisnyunyo: calls $0.02
rupertaa: folds 
serg197211: folds 
Gold-Tern: raises $0.02 to $0.04
Dorex2007: folds 
Uchitel666: folds 
nyunyisnyunyo: calls $0.02
*** FLOP *** [Kc 7s Ks]
nyunyisnyunyo: bets $0.04
Gold-Tern: folds 
Uncalled bet ($0.04) returned to nyunyisnyunyo
nyunyisnyunyo collected $0.11 from pot
nyunyisnyunyo: doesn't show hand 
*** SUMMARY ***
Total pot $0.11 | Rake $0 
Board [Kc 7s Ks]
Seat 1: nyunyisnyunyo collected ($0.11)
Seat 2: rupertaa folded before Flop (didn't bet)
Seat 3: serg197211 folded before Flop (didn't bet)
Seat 4: Gold-Tern (button) folded on the Flop
Seat 6: Dorex2007 (small blind) folded before Flop
Seat 7: Uchitel666 (big blind) folded before Flop
Seat 9: Dusmulacis folded before Flop (didn't bet)



PokerStars Hand #230661883472:  Hold'em No Limit ($0.01/$0.02 USD) - 2021/10/16 15:16:33 PT [2021/10/16 18:16:33 ET]
Table 'Dejan III' 9-max Seat #6 is the button
Seat 1: nyunyisnyunyo ($2.58 in chips) 
Seat 2: rupertaa ($2.05 in chips) 
Seat 3: serg197211 ($2.11 in chips) 
Seat 4: Gold-Tern ($2.59 in chips) 
Seat 6: Dorex2007 ($2.26 in chips) 
Seat 7: Uchitel666 ($2.30 in chips) 
Seat 8: alestilo_21 ($1 in chips) 
Seat 9: Dusmulacis ($3.61 in chips) 
Uchitel666: posts small blind $0.01
alestilo_21: posts big blind $0.02
*** HOLE CARDS ***
Dealt to Dorex2007 [8d 4d]
Dusmulacis: folds 
nyunyisnyunyo: calls $0.02
rupertaa: calls $0.02
serg197211: folds 
Gold-Tern: folds 
Dorex2007: folds 
Uchitel666: folds 
alestilo_21: checks 
*** FLOP *** [Th Tc 2c]
alestilo_21: bets $0.04
nyunyisnyunyo: folds 
rupertaa: calls $0.04
*** TURN *** [Th Tc 2c] [6h]
alestilo_21: bets $0.08
rupertaa: calls $0.08
*** RIVER *** [Th Tc 2c 6h] [Td]
alestilo_21: bets $0.16
rupertaa: raises $0.16 to $0.32
alestilo_21: folds 
Uncalled bet ($0.16) returned to rupertaa
rupertaa collected $0.61 from pot
rupertaa: doesn't show hand 
*** SUMMARY ***
Total pot $0.63 | Rake $0.02 
Board [Th Tc 2c 6h Td]
Seat 1: nyunyisnyunyo folded on the Flop
Seat 2: rupertaa collected ($0.61)
Seat 3: serg197211 folded before Flop (didn't bet)
Seat 4: Gold-Tern folded before Flop (didn't bet)
Seat 6: Dorex2007 (button) folded before Flop (didn't bet)
Seat 7: Uchitel666 (small blind) folded before Flop
Seat 8: alestilo_21 (big blind) folded on the River
Seat 9: Dusmulacis folded before Flop (didn't bet)



PokerStars Hand #230661909414:  Hold'em No Limit ($0.01/$0.02 USD) - 2021/10/16 15:17:38 PT [2021/10/16 18:17:38 ET]
Table 'Dejan III' 9-max Seat #7 is the button
Seat 1: nyunyisnyunyo ($2.56 in chips) 
Seat 2: rupertaa ($2.36 in chips) 
Seat 3: serg197211 ($2.11 in chips) 
Seat 4: Gold-Tern ($2.59 in chips) 
Seat 6: Dorex2007 ($2.26 in chips) 
Seat 7: Uchitel666 ($2.29 in chips) 
Seat 8: alestilo_21 ($0.70 in chips) 
Seat 9: Dusmulacis ($3.61 in chips) 
alestilo_21: posts small blind $0.01
Dusmulacis: posts big blind $0.02
*** HOLE CARDS ***
Dealt to Dorex2007 [Kd 5c]
nyunyisnyunyo: folds 
rupertaa: folds 
serg197211: folds 
Gold-Tern: raises $0.02 to $0.04
Dorex2007: folds 
Uchitel666: folds 
alestilo_21: folds 
Dusmulacis: folds 
Uncalled bet ($0.02) returned to Gold-Tern
Gold-Tern collected $0.05 from pot
*** SUMMARY ***
Total pot $0.05 | Rake $0 
Seat 1: nyunyisnyunyo folded before Flop (didn't bet)
Seat 2: rupertaa folded before Flop (didn't bet)
Seat 3: serg197211 folded before Flop (didn't bet)
Seat 4: Gold-Tern collected ($0.05)
Seat 6: Dorex2007 folded before Flop (didn't bet)
Seat 7: Uchitel666 (button) folded before Flop (didn't bet)
Seat 8: alestilo_21 (small blind) folded before Flop
Seat 9: Dusmulacis (big blind) folded before Flop



PokerStars Hand #230661916283:  Hold'em No Limit ($0.01/$0.02 USD) - 2021/10/16 15:17:55 PT [2021/10/16 18:17:55 ET]
Table 'Dejan III' 9-max Seat #8 is the button
Seat 1: nyunyisnyunyo ($2.56 in chips) 
Seat 2: rupertaa ($2.36 in chips) 
Seat 3: serg197211 ($2.11 in chips) 
Seat 4: Gold-Tern ($2.62 in chips) 
Seat 6: Dorex2007 ($2.26 in chips) 
Seat 7: Uchitel666 ($2.29 in chips) 
Seat 8: alestilo_21 ($0.69 in chips) 
Seat 9: Dusmulacis ($3.59 in chips) 
Dusmulacis: posts small blind $0.01
nyunyisnyunyo: posts big blind $0.02
*** HOLE CARDS ***
Dealt to Dorex2007 [7s Qc]
rupertaa: folds 
serg197211: folds 
Gold-Tern: folds 
Dorex2007: folds 
Uchitel666: folds 
alestilo_21: folds 
Dusmulacis: raises $0.03 to $0.05
nyunyisnyunyo: folds 
Uncalled bet ($0.03) returned to Dusmulacis
Dusmulacis collected $0.04 from pot
Dusmulacis: doesn't show hand 
*** SUMMARY ***
Total pot $0.04 | Rake $0 
Seat 1: nyunyisnyunyo (big blind) folded before Flop
Seat 2: rupertaa folded before Flop (didn't bet)
Seat 3: serg197211 folded before Flop (didn't bet)
Seat 4: Gold-Tern folded before Flop (didn't bet)
Seat 6: Dorex2007 folded before Flop (didn't bet)
Seat 7: Uchitel666 folded before Flop (didn't bet)
Seat 8: alestilo_21 (button) folded before Flop (didn't bet)
Seat 9: Dusmulacis (small blind) collected ($0.04)



PokerStars Hand #230661921865:  Hold'em No Limit ($0.01/$0.02 USD) - 2021/10/16 15:18:09 PT [2021/10/16 18:18:09 ET]
Table 'Dejan III' 9-max Seat #9 is the button
Seat 1: nyunyisnyunyo ($2.54 in chips) 
Seat 2: rupertaa ($2.36 in chips) 
Seat 3: serg197211 ($2.11 in chips) 
Seat 4: Gold-Tern ($2.62 in chips) 
Seat 6: Dorex2007 ($2.26 in chips) 
Seat 7: Uchitel666 ($2.29 in chips) 
Seat 8: alestilo_21 ($0.69 in chips) 
Seat 9: Dusmulacis ($3.61 in chips) 
nyunyisnyunyo: posts small blind $0.01
rupertaa: posts big blind $0.02
*** HOLE CARDS ***
Dealt to Dorex2007 [3d 6h]
serg197211: folds 
Gold-Tern: calls $0.02
Dorex2007: folds 
Uchitel666: folds 
alestilo_21: folds 
Dusmulacis: folds 
nyunyisnyunyo: folds 
rupertaa: checks 
*** FLOP *** [2d Ad Qs]
rupertaa: bets $0.02
Gold-Tern: folds 
Uncalled bet ($0.02) returned to rupertaa
rupertaa collected $0.05 from pot
rupertaa: doesn't show hand 
*** SUMMARY ***
Total pot $0.05 | Rake $0 
Board [2d Ad Qs]
Seat 1: nyunyisnyunyo (small blind) folded before Flop
Seat 2: rupertaa (big blind) collected ($0.05)
Seat 3: serg197211 folded before Flop (didn't bet)
Seat 4: Gold-Tern folded on the Flop
Seat 6: Dorex2007 folded before Flop (didn't bet)
Seat 7: Uchitel666 folded before Flop (didn't bet)
Seat 8: alestilo_21 folded before Flop (didn't bet)
Seat 9: Dusmulacis (button) folded before Flop (didn't bet)



PokerStars Hand #230661931148:  Hold'em No Limit ($0.01/$0.02 USD) - 2021/10/16 15:18:32 PT [2021/10/16 18:18:32 ET]
Table 'Dejan III' 9-max Seat #1 is the button
Seat 1: nyunyisnyunyo ($2.53 in chips) 
Seat 2: rupertaa ($2.39 in chips) 
Seat 3: serg197211 ($2.11 in chips) 
Seat 4: Gold-Tern ($2.60 in chips) 
Seat 6: Dorex2007 ($2.26 in chips) 
Seat 7: Uchitel666 ($2.29 in chips) 
Seat 8: alestilo_21 ($0.69 in chips) 
Seat 9: Dusmulacis ($3.61 in chips) 
rupertaa: posts small blind $0.01
serg197211: posts big blind $0.02
zyaleniyeg: sits out 
*** HOLE CARDS ***
Dealt to Dorex2007 [4c 7c]
Gold-Tern: folds 
Dorex2007: folds 
Uchitel666: folds 
alestilo_21 is disconnected 
alestilo_21 is connected 
alestilo_21 has timed out
alestilo_21: folds 
Dusmulacis: folds 
nyunyisnyunyo: calls $0.02
rupertaa: calls $0.01
serg197211: checks 
*** FLOP *** [Kd Qs 3d]
rupertaa: bets $0.02
serg197211: folds 
nyunyisnyunyo: calls $0.02
*** TURN *** [Kd Qs 3d] [5s]
rupertaa: bets $0.04
nyunyisnyunyo: folds 
Uncalled bet ($0.04) returned to rupertaa
rupertaa collected $0.10 from pot
rupertaa: doesn't show hand 
*** SUMMARY ***
Total pot $0.10 | Rake $0 
Board [Kd Qs 3d 5s]
Seat 1: nyunyisnyunyo (button) folded on the Turn
Seat 2: rupertaa (small blind) collected ($0.10)
Seat 3: serg197211 (big blind) folded on the Flop
Seat 4: Gold-Tern folded before Flop (didn't bet)
Seat 6: Dorex2007 folded before Flop (didn't bet)
Seat 7: Uchitel666 folded before Flop (didn't bet)
Seat 8: alestilo_21 folded before Flop (didn't bet)
Seat 9: Dusmulacis folded before Flop (didn't bet)



PokerStars Hand #230661949733:  Hold'em No Limit ($0.01/$0.02 USD) - 2021/10/16 15:19:18 PT [2021/10/16 18:19:18 ET]
Table 'Dejan III' 9-max Seat #2 is the button
Seat 1: nyunyisnyunyo ($2.49 in chips) 
Seat 2: rupertaa ($2.45 in chips) 
Seat 3: serg197211 ($2.09 in chips) 
Seat 4: Gold-Tern ($2.60 in chips) 
Seat 6: Dorex2007 ($2.26 in chips) 
Seat 7: Uchitel666 ($2.29 in chips) 
Seat 8: alestilo_21 ($0.69 in chips) 
Seat 9: Dusmulacis ($3.61 in chips) 
serg197211: posts small blind $0.01
Gold-Tern: posts big blind $0.02
zyaleniyeg: sits out 
*** HOLE CARDS ***
Dealt to Dorex2007 [Ks Jd]
Dorex2007: raises $0.02 to $0.04
Uchitel666: calls $0.04
alestilo_21: folds 
Dusmulacis: folds 
nyunyisnyunyo: folds 
rupertaa: folds 
serg197211: folds 
Gold-Tern: raises $0.02 to $0.06
Dorex2007: calls $0.02
Uchitel666: calls $0.02
*** FLOP *** [3s Kh Qc]
Gold-Tern: bets $0.20
Dorex2007: calls $0.20
Uchitel666: folds 
*** TURN *** [3s Kh Qc] [6d]
Gold-Tern: bets $0.57
Dorex2007: calls $0.57
*** RIVER *** [3s Kh Qc 6d] [Jh]
Gold-Tern: bets $0.84
Dorex2007: raises $0.59 to $1.43 and is all-in
Gold-Tern: calls $0.59
*** SHOW DOWN ***
Dorex2007: shows [Ks Jd] (two pair, Kings and Jacks)
Gold-Tern: shows [Kc Qd] (two pair, Kings and Queens)
Gold-Tern collected $4.43 from pot
*** SUMMARY ***
Total pot $4.59 | Rake $0.16 
Board [3s Kh Qc 6d Jh]
Seat 1: nyunyisnyunyo folded before Flop (didn't bet)
Seat 2: rupertaa (button) folded before Flop (didn't bet)
Seat 3: serg197211 (small blind) folded before Flop
Seat 4: Gold-Tern (big blind) showed [Kc Qd] and won ($4.43) with two pair, Kings and Queens
Seat 6: Dorex2007 showed [Ks Jd] and lost with two pair, Kings and Jacks
Seat 7: Uchitel666 folded on the Flop
Seat 8: alestilo_21 folded before Flop (didn't bet)
Seat 9: Dusmulacis folded before Flop (didn't bet)



PokerStars Hand #230661992344:  Hold'em No Limit ($0.01/$0.02 USD) - 2021/10/16 15:21:06 PT [2021/10/16 18:21:06 ET]
Table 'Dejan III' 9-max Seat #4 is the button
Seat 1: nyunyisnyunyo ($2.64 in chips) 
Seat 2: rupertaa ($2.45 in chips) 
Seat 3: serg197211 ($2.08 in chips) 
Seat 4: Gold-Tern ($4.76 in chips) 
Seat 5: zyaleniyeg ($2 in chips) 
Seat 6: Dorex2007 ($2 in chips) 
Seat 7: Uchitel666 ($2.23 in chips) 
Seat 8: alestilo_21 ($0.58 in chips) 
Seat 9: Dusmulacis ($3.61 in chips) 
zyaleniyeg: posts small blind $0.01
Dorex2007: posts big blind $0.02
*** HOLE CARDS ***
Dealt to Dorex2007 [Qh 9h]
Uchitel666: folds 
alestilo_21: folds 
Dusmulacis: folds 
nyunyisnyunyo: folds 
rupertaa: calls $0.02
serg197211: folds 
Gold-Tern: folds 
zyaleniyeg: calls $0.01
Dorex2007: checks 
*** FLOP *** [6h Ac Kc]
zyaleniyeg: checks 
Dorex2007: checks 
rupertaa: checks 
*** TURN *** [6h Ac Kc] [7s]
zyaleniyeg: checks 
Dorex2007: checks 
rupertaa: bets $0.02
zyaleniyeg: calls $0.02
Dorex2007: folds 
*** RIVER *** [6h Ac Kc 7s] [Qd]
zyaleniyeg: checks 
rupertaa: checks 
*** SHOW DOWN ***
zyaleniyeg: shows [2s Ks] (a pair of Kings)
rupertaa: mucks hand 
zyaleniyeg collected $0.10 from pot
*** SUMMARY ***
Total pot $0.10 | Rake $0 
Board [6h Ac Kc 7s Qd]
Seat 1: nyunyisnyunyo folded before Flop (didn't bet)
Seat 2: rupertaa mucked [4c 4d]
Seat 3: serg197211 folded before Flop (didn't bet)
Seat 4: Gold-Tern (button) folded before Flop (didn't bet)
Seat 5: zyaleniyeg (small blind) showed [2s Ks] and won ($0.10) with a pair of Kings
Seat 6: Dorex2007 (big blind) folded on the Turn
Seat 7: Uchitel666 folded before Flop (didn't bet)
Seat 8: alestilo_21 folded before Flop (didn't bet)
Seat 9: Dusmulacis folded before Flop (didn't bet)



PokerStars Hand #230662006786:  Hold'em No Limit ($0.01/$0.02 USD) - 2021/10/16 15:21:42 PT [2021/10/16 18:21:42 ET]
Table 'Dejan III' 9-max Seat #5 is the button
Seat 1: nyunyisnyunyo ($2.64 in chips) 
Seat 2: rupertaa ($2.41 in chips) 
Seat 3: serg197211 ($2.08 in chips) 
Seat 4: Gold-Tern ($4.76 in chips) 
Seat 5: zyaleniyeg ($2.06 in chips) 
Seat 6: Dorex2007 ($1.98 in chips) 
Seat 7: Uchitel666 ($2.23 in chips) 
Seat 8: alestilo_21 ($0.58 in chips) 
Seat 9: Dusmulacis ($3.61 in chips) 
Dorex2007: posts small blind $0.01
Uchitel666: posts big blind $0.02
*** HOLE CARDS ***
Dealt to Dorex2007 [Jd 2d]
alestilo_21: folds 
Dusmulacis: folds 
nyunyisnyunyo: folds 
rupertaa: raises $0.02 to $0.04
serg197211: folds 
Gold-Tern: raises $0.06 to $0.10
zyaleniyeg: folds 
Dorex2007: folds 
Uchitel666: folds 
rupertaa: raises $2.31 to $2.41 and is all-in
Gold-Tern: calls $2.31
*** FLOP *** [Qd 4d 9d]
*** TURN *** [Qd 4d 9d] [6h]
*** RIVER *** [Qd 4d 9d 6h] [Ah]
*** SHOW DOWN ***
rupertaa: shows [Kh Ac] (a pair of Aces)
Gold-Tern: shows [Qs Qh] (three of a kind, Queens)
Gold-Tern collected $4.68 from pot
rupertaa cashed out the hand for $2.01 | Cash Out Fee $0.02
*** SUMMARY ***
Total pot $4.85 | Rake $0.17 
Board [Qd 4d 9d 6h Ah]
Seat 1: nyunyisnyunyo folded before Flop (didn't bet)
Seat 2: rupertaa showed [Kh Ac] and lost with a pair of Aces (cashed out).
Seat 3: serg197211 folded before Flop (didn't bet)
Seat 4: Gold-Tern showed [Qs Qh] and won ($4.68) with three of a kind, Queens
Seat 5: zyaleniyeg (button) folded before Flop (didn't bet)
Seat 6: Dorex2007 (small blind) folded before Flop
Seat 7: Uchitel666 (big blind) folded before Flop
Seat 8: alestilo_21 folded before Flop (didn't bet)
Seat 9: Dusmulacis folded before Flop (didn't bet)



PokerStars Hand #230662034067:  Hold'em No Limit ($0.01/$0.02 USD) - 2021/10/16 15:22:31 PT [2021/10/16 18:22:31 ET]
Table 'Dejan III' 9-max Seat #6 is the button
Seat 1: nyunyisnyunyo ($2.64 in chips) 
Seat 2: rupertaa ($2.01 in chips) 
Seat 3: serg197211 ($2.08 in chips) 
Seat 4: Gold-Tern ($7.03 in chips) 
Seat 5: zyaleniyeg ($2.06 in chips) 
Seat 6: Dorex2007 ($1.97 in chips) 
Seat 7: Uchitel666 ($2.21 in chips) 
Seat 8: alestilo_21 ($0.58 in chips) 
Seat 9: Dusmulacis ($3.61 in chips) 
Uchitel666: posts small blind $0.01
alestilo_21: posts big blind $0.02
*** HOLE CARDS ***
Dealt to Dorex2007 [Ks 2s]
Dusmulacis: raises $0.04 to $0.06
nyunyisnyunyo: folds 
rupertaa: folds 
serg197211: folds 
Gold-Tern: calls $0.06
zyaleniyeg: folds 
Dorex2007: folds 
Uchitel666: folds 
alestilo_21: folds 
*** FLOP *** [Kh 2d 8c]
Dusmulacis: bets $0.11
Gold-Tern: calls $0.11
*** TURN *** [Kh 2d 8c] [9c]
Dusmulacis: checks 
Gold-Tern: checks 
*** RIVER *** [Kh 2d 8c 9c] [9h]
Dusmulacis: checks 
Gold-Tern: checks 
*** SHOW DOWN ***
Dusmulacis: shows [As Qh] (a pair of Nines)
Gold-Tern: shows [5h 2h] (two pair, Nines and Deuces)
Gold-Tern collected $0.36 from pot
*** SUMMARY ***
Total pot $0.37 | Rake $0.01 
Board [Kh 2d 8c 9c 9h]
Seat 1: nyunyisnyunyo folded before Flop (didn't bet)
Seat 2: rupertaa folded before Flop (didn't bet)
Seat 3: serg197211 folded before Flop (didn't bet)
Seat 4: Gold-Tern showed [5h 2h] and won ($0.36) with two pair, Nines and Deuces
Seat 5: zyaleniyeg folded before Flop (didn't bet)
Seat 6: Dorex2007 (button) folded before Flop (didn't bet)
Seat 7: Uchitel666 (small blind) folded before Flop
Seat 8: alestilo_21 (big blind) folded before Flop
Seat 9: Dusmulacis showed [As Qh] and lost with a pair of Nines



PokerStars Hand #230662054691:  Hold'em No Limit ($0.01/$0.02 USD) - 2021/10/16 15:23:23 PT [2021/10/16 18:23:23 ET]
Table 'Dejan III' 9-max Seat #7 is the button
Seat 1: nyunyisnyunyo ($2.64 in chips) 
Seat 2: rupertaa ($2.01 in chips) 
Seat 3: serg197211 ($2.08 in chips) 
Seat 4: Gold-Tern ($7.22 in chips) 
Seat 5: zyaleniyeg ($2.06 in chips) 
Seat 6: Dorex2007 ($1.97 in chips) 
Seat 7: Uchitel666 ($2.20 in chips) 
Seat 8: alestilo_21 ($0.56 in chips) 
Seat 9: Dusmulacis ($3.44 in chips) 
alestilo_21: posts small blind $0.01
Dusmulacis: posts big blind $0.02
*** HOLE CARDS ***
Dealt to Dorex2007 [9d 5h]
nyunyisnyunyo: folds 
rupertaa: folds 
serg197211: folds 
Gold-Tern: folds 
zyaleniyeg: folds 
Dorex2007: folds 
Uchitel666: folds 
alestilo_21: calls $0.01
Dusmulacis: checks 
*** FLOP *** [Jd 4c 4d]
alestilo_21: checks 
Dusmulacis: checks 
*** TURN *** [Jd 4c 4d] [2h]
alestilo_21: bets $0.02
Dusmulacis: calls $0.02
*** RIVER *** [Jd 4c 4d 2h] [7d]
alestilo_21: bets $0.08
Dusmulacis: calls $0.08
*** SHOW DOWN ***
alestilo_21: shows [Kh Js] (two pair, Jacks and Fours)
Dusmulacis: mucks hand 
alestilo_21 collected $0.23 from pot
*** SUMMARY ***
Total pot $0.24 | Rake $0.01 
Board [Jd 4c 4d 2h 7d]
Seat 1: nyunyisnyunyo folded before Flop (didn't bet)
Seat 2: rupertaa folded before Flop (didn't bet)
Seat 3: serg197211 folded before Flop (didn't bet)
Seat 4: Gold-Tern folded before Flop (didn't bet)
Seat 5: zyaleniyeg folded before Flop (didn't bet)
Seat 6: Dorex2007 folded before Flop (didn't bet)
Seat 7: Uchitel666 (button) folded before Flop (didn't bet)
Seat 8: alestilo_21 (small blind) showed [Kh Js] and won ($0.23) with two pair, Jacks and Fours
Seat 9: Dusmulacis (big blind) mucked [2s Qd]



PokerStars Hand #230662068059:  Hold'em No Limit ($0.01/$0.02 USD) - 2021/10/16 15:23:57 PT [2021/10/16 18:23:57 ET]
Table 'Dejan III' 9-max Seat #8 is the button
Seat 1: nyunyisnyunyo ($2.64 in chips) 
Seat 2: rupertaa ($2.01 in chips) 
Seat 3: serg197211 ($2.08 in chips) 
Seat 4: Gold-Tern ($7.22 in chips) 
Seat 5: zyaleniyeg ($2.06 in chips) 
Seat 6: Dorex2007 ($1.97 in chips) 
Seat 7: Uchitel666 ($2.20 in chips) 
Seat 8: alestilo_21 ($0.67 in chips) 
Seat 9: Dusmulacis ($3.32 in chips) 
Dusmulacis: posts small blind $0.01
nyunyisnyunyo: posts big blind $0.02
*** HOLE CARDS ***
Dealt to Dorex2007 [9s 5c]
rupertaa: raises $0.06 to $0.08
serg197211: folds 
Gold-Tern: folds 
zyaleniyeg: folds 
Dorex2007: folds 
Uchitel666: folds 
alestilo_21: calls $0.08
Dusmulacis: calls $0.07
nyunyisnyunyo: folds 
*** FLOP *** [Qh Qc 2h]
Dusmulacis: checks 
rupertaa: bets $0.06
alestilo_21: raises $0.53 to $0.59 and is all-in
Dusmulacis: calls $0.59
rupertaa: folds 
*** TURN *** [Qh Qc 2h] [Ac]
*** RIVER *** [Qh Qc 2h Ac] [3s]
*** SHOW DOWN ***
Dusmulacis: shows [Ts Tc] (two pair, Queens and Tens)
alestilo_21: shows [6c 6d] (two pair, Queens and Sixes)
Dusmulacis collected $1.45 from pot
*** SUMMARY ***
Total pot $1.50 | Rake $0.05 
Board [Qh Qc 2h Ac 3s]
Seat 1: nyunyisnyunyo (big blind) folded before Flop
Seat 2: rupertaa folded on the Flop
Seat 3: serg197211 folded before Flop (didn't bet)
Seat 4: Gold-Tern folded before Flop (didn't bet)
Seat 5: zyaleniyeg folded before Flop (didn't bet)
Seat 6: Dorex2007 folded before Flop (didn't bet)
Seat 7: Uchitel666 folded before Flop (didn't bet)
Seat 8: alestilo_21 (button) showed [6c 6d] and lost with two pair, Queens and Sixes
Seat 9: Dusmulacis (small blind) showed [Ts Tc] and won ($1.45) with two pair, Queens and Tens



PokerStars Hand #230662091974:  Hold'em No Limit ($0.01/$0.02 USD) - 2021/10/16 15:24:58 PT [2021/10/16 18:24:58 ET]
Table 'Dejan III' 9-max Seat #9 is the button
Seat 1: nyunyisnyunyo ($2.62 in chips) 
Seat 2: rupertaa ($1.87 in chips) 
Seat 3: serg197211 ($2.08 in chips) 
Seat 4: Gold-Tern ($7.22 in chips) 
Seat 5: zyaleniyeg ($2.06 in chips) 
Seat 6: Dorex2007 ($1.97 in chips) 
Seat 7: Uchitel666 ($2.20 in chips) 
Seat 9: Dusmulacis ($4.10 in chips) 
nyunyisnyunyo: posts small blind $0.01
rupertaa: posts big blind $0.02
*** HOLE CARDS ***
Dealt to Dorex2007 [5s Qs]
serg197211: folds 
Gold-Tern: folds 
zyaleniyeg: folds 
alestilo_21 leaves the table
Dorex2007: folds 
Uchitel666: folds 
Dusmulacis: raises $0.02 to $0.04
nyunyisnyunyo: folds 
mathplayer joins the table at seat #8 
rupertaa: calls $0.02
*** FLOP *** [Kh 7h Ks]
rupertaa: checks 
Dusmulacis: checks 
*** TURN *** [Kh 7h Ks] [6h]
rupertaa: checks 
Dusmulacis: checks 
*** RIVER *** [Kh 7h Ks 6h] [2h]
rupertaa: checks 
Dusmulacis: checks 
*** SHOW DOWN ***
rupertaa: shows [Th Ad] (a flush, King high)
Dusmulacis: mucks hand 
rupertaa collected $0.09 from pot
*** SUMMARY ***
Total pot $0.09 | Rake $0 
Board [Kh 7h Ks 6h 2h]
Seat 1: nyunyisnyunyo (small blind) folded before Flop
Seat 2: rupertaa (big blind) showed [Th Ad] and won ($0.09) with a flush, King high
Seat 3: serg197211 folded before Flop (didn't bet)
Seat 4: Gold-Tern folded before Flop (didn't bet)
Seat 5: zyaleniyeg folded before Flop (didn't bet)
Seat 6: Dorex2007 folded before Flop (didn't bet)
Seat 7: Uchitel666 folded before Flop (didn't bet)
Seat 9: Dusmulacis (button) mucked [Ac 7s]



PokerStars Hand #230662281671:  Hold'em No Limit ($0.01/$0.02 USD) - 2021/10/16 15:33:06 PT [2021/10/16 18:33:06 ET]
Table 'Dejan III' 9-max Seat #8 is the button
Seat 1: nyunyisnyunyo ($2.46 in chips) 
Seat 2: rupertaa ($1.98 in chips) 
Seat 3: serg197211 ($2.33 in chips) 
Seat 4: Gold-Tern ($7.13 in chips) 
Seat 5: zyaleniyeg ($2 in chips) 
Seat 6: Dorex2007 ($1.97 in chips) 
Seat 7: Uchitel666 ($2 in chips) 
Seat 8: mathplayer ($0.95 in chips) 
Seat 9: Dusmulacis ($4.27 in chips) 
Dusmulacis: posts small blind $0.01
nyunyisnyunyo: posts big blind $0.02
Dorex2007: posts small & big blinds $0.03
*** HOLE CARDS ***
Dealt to Dorex2007 [6s 5d]
rupertaa: folds 
serg197211: folds 
Gold-Tern: folds 
zyaleniyeg: calls $0.02
Dorex2007: checks 
Uchitel666: folds 
mathplayer: folds 
Dusmulacis: calls $0.01
nyunyisnyunyo: checks 
*** FLOP *** [Js Kh Qh]
Dusmulacis: checks 
nyunyisnyunyo: checks 
zyaleniyeg: bets $0.05
Dorex2007: folds 
Dusmulacis: folds 
nyunyisnyunyo: calls $0.05
*** TURN *** [Js Kh Qh] [2d]
nyunyisnyunyo: checks 
zyaleniyeg: checks 
*** RIVER *** [Js Kh Qh 2d] [4s]
nyunyisnyunyo: bets $0.10
zyaleniyeg: calls $0.10
*** SHOW DOWN ***
nyunyisnyunyo: shows [Ac Ts] (a straight, Ten to Ace)
zyaleniyeg: mucks hand 
nyunyisnyunyo collected $0.38 from pot
*** SUMMARY ***
Total pot $0.39 | Rake $0.01 
Board [Js Kh Qh 2d 4s]
Seat 1: nyunyisnyunyo (big blind) showed [Ac Ts] and won ($0.38) with a straight, Ten to Ace
Seat 2: rupertaa folded before Flop (didn't bet)
Seat 3: serg197211 folded before Flop (didn't bet)
Seat 4: Gold-Tern folded before Flop (didn't bet)
Seat 5: zyaleniyeg mucked [Kd 9d]
Seat 6: Dorex2007 folded on the Flop (didn't bet)
Seat 7: Uchitel666 folded before Flop (didn't bet)
Seat 8: mathplayer (button) folded before Flop (didn't bet)
Seat 9: Dusmulacis (small blind) folded on the Flop



PokerStars Hand #230662314213:  Hold'em No Limit ($0.01/$0.02 USD) - 2021/10/16 15:34:09 PT [2021/10/16 18:34:09 ET]
Table 'Dejan III' 9-max Seat #9 is the button
Seat 1: nyunyisnyunyo ($2.67 in chips) 
Seat 2: rupertaa ($1.98 in chips) 
Seat 3: serg197211 ($2.33 in chips) 
Seat 4: Gold-Tern ($7.13 in chips) 
Seat 5: zyaleniyeg ($2 in chips) 
Seat 6: Dorex2007 ($2 in chips) 
Seat 7: Uchitel666 ($2 in chips) 
Seat 8: mathplayer ($0.95 in chips) 
Seat 9: Dusmulacis ($4.25 in chips) 
nyunyisnyunyo: posts small blind $0.01
rupertaa: posts big blind $0.02
*** HOLE CARDS ***
Dealt to Dorex2007 [Jd 4c]
serg197211: folds 
Gold-Tern: raises $0.02 to $0.04
zyaleniyeg: folds 
Dorex2007: folds 
Uchitel666: folds 
mathplayer: folds 
Dusmulacis: folds 
nyunyisnyunyo: folds 
rupertaa: calls $0.02
*** FLOP *** [3h 7s Th]
rupertaa: bets $0.04
Gold-Tern: calls $0.04
*** TURN *** [3h 7s Th] [7h]
rupertaa: bets $0.08
Gold-Tern: folds 
Uncalled bet ($0.08) returned to rupertaa
rupertaa collected $0.16 from pot
rupertaa: doesn't show hand 
*** SUMMARY ***
Total pot $0.17 | Rake $0.01 
Board [3h 7s Th 7h]
Seat 1: nyunyisnyunyo (small blind) folded before Flop
Seat 2: rupertaa (big blind) collected ($0.16)
Seat 3: serg197211 folded before Flop (didn't bet)
Seat 4: Gold-Tern folded on the Turn
Seat 5: zyaleniyeg folded before Flop (didn't bet)
Seat 6: Dorex2007 folded before Flop (didn't bet)
Seat 7: Uchitel666 folded before Flop (didn't bet)
Seat 8: mathplayer folded before Flop (didn't bet)
Seat 9: Dusmulacis (button) folded before Flop (didn't bet)



PokerStars Hand #230662334863:  Hold'em No Limit ($0.01/$0.02 USD) - 2021/10/16 15:35:02 PT [2021/10/16 18:35:02 ET]
Table 'Dejan III' 9-max Seat #1 is the button
Seat 1: nyunyisnyunyo ($2.66 in chips) 
Seat 2: rupertaa ($2.06 in chips) 
Seat 3: serg197211 ($2.33 in chips) 
Seat 4: Gold-Tern ($7.05 in chips) 
Seat 5: zyaleniyeg ($2 in chips) 
Seat 6: Dorex2007 ($2 in chips) 
Seat 7: Uchitel666 ($2 in chips) 
Seat 8: mathplayer ($0.95 in chips) 
Seat 9: Dusmulacis ($4.25 in chips) 
rupertaa: posts small blind $0.01
serg197211: posts big blind $0.02
*** HOLE CARDS ***
Dealt to Dorex2007 [Ah Qc]
Gold-Tern: raises $0.02 to $0.04
zyaleniyeg: folds 
Dorex2007: calls $0.04
Uchitel666: folds 
mathplayer: folds 
Dusmulacis: folds 
nyunyisnyunyo: folds 
rupertaa: folds 
serg197211: folds 
*** FLOP *** [9d 9h Ad]
Gold-Tern: checks 
Dorex2007: bets $0.11
Gold-Tern: calls $0.11
*** TURN *** [9d 9h Ad] [6h]
Gold-Tern: checks 
Dorex2007: bets $0.32
Gold-Tern: calls $0.32
*** RIVER *** [9d 9h Ad 6h] [3c]
Gold-Tern: checks 
Dorex2007: checks 
*** SHOW DOWN ***
Gold-Tern: shows [Jh Kh] (a pair of Nines)
Dorex2007: shows [Ah Qc] (two pair, Aces and Nines)
Dorex2007 collected $0.94 from pot
*** SUMMARY ***
Total pot $0.97 | Rake $0.03 
Board [9d 9h Ad 6h 3c]
Seat 1: nyunyisnyunyo (button) folded before Flop (didn't bet)
Seat 2: rupertaa (small blind) folded before Flop
Seat 3: serg197211 (big blind) folded before Flop
Seat 4: Gold-Tern showed [Jh Kh] and lost with a pair of Nines
Seat 5: zyaleniyeg folded before Flop (didn't bet)
Seat 6: Dorex2007 showed [Ah Qc] and won ($0.94) with two pair, Aces and Nines
Seat 7: Uchitel666 folded before Flop (didn't bet)
Seat 8: mathplayer folded before Flop (didn't bet)
Seat 9: Dusmulacis folded before Flop (didn't bet)



PokerStars Hand #230662360145:  Hold'em No Limit ($0.01/$0.02 USD) - 2021/10/16 15:36:07 PT [2021/10/16 18:36:07 ET]
Table 'Dejan III' 9-max Seat #2 is the button
Seat 1: nyunyisnyunyo ($2.66 in chips) 
Seat 2: rupertaa ($2.05 in chips) 
Seat 3: serg197211 ($2.31 in chips) 
Seat 4: Gold-Tern ($6.58 in chips) 
Seat 5: zyaleniyeg ($2 in chips) 
Seat 6: Dorex2007 ($2.47 in chips) 
Seat 7: Uchitel666 ($2 in chips) 
Seat 8: mathplayer ($0.95 in chips) 
Seat 9: Dusmulacis ($4.25 in chips) 
serg197211: posts small blind $0.01
Gold-Tern: posts big blind $0.02
*** HOLE CARDS ***
Dealt to Dorex2007 [As Tc]
zyaleniyeg: folds 
Dorex2007: calls $0.02
Uchitel666: folds 
mathplayer: raises $0.93 to $0.95 and is all-in
Dusmulacis: folds 
nyunyisnyunyo: folds 
rupertaa: folds 
serg197211: folds 
Gold-Tern: folds 
Dorex2007: folds 
Uncalled bet ($0.93) returned to mathplayer
mathplayer collected $0.07 from pot
*** SUMMARY ***
Total pot $0.07 | Rake $0 
Seat 1: nyunyisnyunyo folded before Flop (didn't bet)
Seat 2: rupertaa (button) folded before Flop (didn't bet)
Seat 3: serg197211 (small blind) folded before Flop
Seat 4: Gold-Tern (big blind) folded before Flop
Seat 5: zyaleniyeg folded before Flop (didn't bet)
Seat 6: Dorex2007 folded before Flop
Seat 7: Uchitel666 folded before Flop (didn't bet)
Seat 8: mathplayer collected ($0.07)
Seat 9: Dusmulacis folded before Flop (didn't bet)



PokerStars Hand #230662367447:  Hold'em No Limit ($0.01/$0.02 USD) - 2021/10/16 15:36:26 PT [2021/10/16 18:36:26 ET]
Table 'Dejan III' 9-max Seat #3 is the button
Seat 1: nyunyisnyunyo ($2.66 in chips) 
Seat 2: rupertaa ($2.05 in chips) 
Seat 3: serg197211 ($2.30 in chips) 
Seat 4: Gold-Tern ($6.56 in chips) 
Seat 5: zyaleniyeg ($2 in chips) 
Seat 6: Dorex2007 ($2.45 in chips) 
Seat 7: Uchitel666 ($2 in chips) 
Seat 8: mathplayer ($1 in chips) 
Seat 9: Dusmulacis ($4.25 in chips) 
Gold-Tern: posts small blind $0.01
zyaleniyeg: posts big blind $0.02
*** HOLE CARDS ***
Dealt to Dorex2007 [Js 8s]
Dorex2007: folds 
Uchitel666: folds 
mathplayer: folds 
Dusmulacis: folds 
nyunyisnyunyo: folds 
rupertaa: calls $0.02
serg197211: folds 
Gold-Tern: raises $0.04 to $0.06
zyaleniyeg: folds 
rupertaa: folds 
Uncalled bet ($0.04) returned to Gold-Tern
Gold-Tern collected $0.06 from pot
*** SUMMARY ***
Total pot $0.06 | Rake $0 
Seat 1: nyunyisnyunyo folded before Flop (didn't bet)
Seat 2: rupertaa folded before Flop
Seat 3: serg197211 (button) folded before Flop (didn't bet)
Seat 4: Gold-Tern (small blind) collected ($0.06)
Seat 5: zyaleniyeg (big blind) folded before Flop
Seat 6: Dorex2007 folded before Flop (didn't bet)
Seat 7: Uchitel666 folded before Flop (didn't bet)
Seat 8: mathplayer folded before Flop (didn't bet)
Seat 9: Dusmulacis folded before Flop (didn't bet)



PokerStars Hand #230662376067:  Hold'em No Limit ($0.01/$0.02 USD) - 2021/10/16 15:36:48 PT [2021/10/16 18:36:48 ET]
Table 'Dejan III' 9-max Seat #4 is the button
Seat 1: nyunyisnyunyo ($2.66 in chips) 
Seat 2: rupertaa ($2.03 in chips) 
Seat 3: serg197211 ($2.30 in chips) 
Seat 4: Gold-Tern ($6.60 in chips) 
Seat 5: zyaleniyeg ($2 in chips) 
Seat 6: Dorex2007 ($2.45 in chips) 
Seat 7: Uchitel666 ($2 in chips) 
Seat 8: mathplayer ($1 in chips) 
Seat 9: Dusmulacis ($4.25 in chips) 
zyaleniyeg: posts small blind $0.01
Dorex2007: posts big blind $0.02
*** HOLE CARDS ***
Dealt to Dorex2007 [Ah Qc]
Uchitel666: folds 
mathplayer: folds 
Dusmulacis: folds 
nyunyisnyunyo: folds 
rupertaa: raises $0.02 to $0.04
serg197211: folds 
Gold-Tern: folds 
zyaleniyeg: raises $0.08 to $0.12
Dorex2007: folds 
rupertaa: calls $0.08
*** FLOP *** [Kc Jd 4c]
zyaleniyeg: bets $0.13
rupertaa: calls $0.13
*** TURN *** [Kc Jd 4c] [Js]
zyaleniyeg: bets $0.15
rupertaa: calls $0.15
*** RIVER *** [Kc Jd 4c Js] [Qh]
zyaleniyeg: bets $1.60 and is all-in
rupertaa: calls $1.60
*** SHOW DOWN ***
zyaleniyeg: shows [Ks Kd] (a full house, Kings full of Jacks)
rupertaa: shows [Ac Td] (a straight, Ten to Ace)
zyaleniyeg collected $3.88 from pot
*** SUMMARY ***
Total pot $4.02 | Rake $0.14 
Board [Kc Jd 4c Js Qh]
Seat 1: nyunyisnyunyo folded before Flop (didn't bet)
Seat 2: rupertaa showed [Ac Td] and lost with a straight, Ten to Ace
Seat 3: serg197211 folded before Flop (didn't bet)
Seat 4: Gold-Tern (button) folded before Flop (didn't bet)
Seat 5: zyaleniyeg (small blind) showed [Ks Kd] and won ($3.88) with a full house, Kings full of Jacks
Seat 6: Dorex2007 (big blind) folded before Flop
Seat 7: Uchitel666 folded before Flop (didn't bet)
Seat 8: mathplayer folded before Flop (didn't bet)
Seat 9: Dusmulacis folded before Flop (didn't bet)



PokerStars Hand #230662391200:  Hold'em No Limit ($0.01/$0.02 USD) - 2021/10/16 15:37:28 PT [2021/10/16 18:37:28 ET]
Table 'Dejan III' 9-max Seat #5 is the button
Seat 1: nyunyisnyunyo ($2.66 in chips) 
Seat 2: rupertaa ($0.03 in chips) 
Seat 3: serg197211 ($2.30 in chips) 
Seat 4: Gold-Tern ($6.60 in chips) 
Seat 5: zyaleniyeg ($3.88 in chips) 
Seat 6: Dorex2007 ($2.43 in chips) 
Seat 7: Uchitel666 ($2 in chips) 
Seat 8: mathplayer ($1 in chips) 
Seat 9: Dusmulacis ($4.25 in chips) 
Dorex2007: posts small blind $0.01
Uchitel666: posts big blind $0.02
*** HOLE CARDS ***
Dealt to Dorex2007 [Tc 7s]
mathplayer: folds 
Dusmulacis: raises $0.04 to $0.06
nyunyisnyunyo: calls $0.06
rupertaa: folds 
serg197211: folds 
mathplayer said, "THIS SITE IS SO RIGGED"
Gold-Tern: calls $0.06
zyaleniyeg: folds 
Dorex2007: folds 
mathplayer said, "THIS SITE IS A BIG SCAM"
Uchitel666: raises $0.24 to $0.30
mathplayer said, "JOKERSTARS"
mathplayer said, "RIGGED SCAM"
Dorex2007 said, "so leave then"
Dusmulacis: folds 
nyunyisnyunyo: calls $0.24
Gold-Tern: folds 
*** FLOP *** [3d Td 2d]
Uchitel666: checks 
nyunyisnyunyo: checks 
*** TURN *** [3d Td 2d] [2c]
Uchitel666: checks 
nyunyisnyunyo: bets $0.08
Uchitel666: calls $0.08
*** RIVER *** [3d Td 2d 2c] [4c]
Uchitel666: checks 
nyunyisnyunyo: bets $0.10
Uchitel666: folds 
Uncalled bet ($0.10) returned to nyunyisnyunyo
nyunyisnyunyo collected $0.86 from pot
nyunyisnyunyo: doesn't show hand 
*** SUMMARY ***
Total pot $0.89 | Rake $0.03 
Board [3d Td 2d 2c 4c]
Seat 1: nyunyisnyunyo collected ($0.86)
Seat 2: rupertaa folded before Flop (didn't bet)
Seat 3: serg197211 folded before Flop (didn't bet)
Seat 4: Gold-Tern folded before Flop
Seat 5: zyaleniyeg (button) folded before Flop (didn't bet)
Seat 6: Dorex2007 (small blind) folded before Flop
Seat 7: Uchitel666 (big blind) folded on the River
Seat 8: mathplayer folded before Flop (didn't bet)
Seat 9: Dusmulacis folded before Flop



PokerStars Hand #230662419214:  Hold'em No Limit ($0.01/$0.02 USD) - 2021/10/16 15:38:41 PT [2021/10/16 18:38:41 ET]
Table 'Dejan III' 9-max Seat #6 is the button
Seat 1: nyunyisnyunyo ($3.14 in chips) 
Seat 2: rupertaa ($0.03 in chips) 
Seat 3: serg197211 ($2.30 in chips) 
Seat 4: Gold-Tern ($6.54 in chips) 
Seat 5: zyaleniyeg ($3.88 in chips) 
Seat 6: Dorex2007 ($2.42 in chips) 
Seat 7: Uchitel666 ($2 in chips) 
Seat 8: mathplayer ($1 in chips) 
Seat 9: Dusmulacis ($4.19 in chips) 
Uchitel666: posts small blind $0.01
mathplayer: posts big blind $0.02
*** HOLE CARDS ***
Dealt to Dorex2007 [8s 7d]
Dusmulacis: raises $0.04 to $0.06
mathplayer said, "IN EVERY HAND THERE IS A STRAIGHT AND A FULL HOUSE"
nyunyisnyunyo: calls $0.06
rupertaa: folds 
serg197211: folds 
Gold-Tern: folds 
Gold-Tern leaves the table
zyaleniyeg: folds 
Dorex2007: folds 
Uchitel666: calls $0.05
mathplayer: folds 
*** FLOP *** [8h As Ac]
Uchitel666: checks 
Dusmulacis: bets $0.08
nyunyisnyunyo: folds 
KoRusol joins the table at seat #4 
Uchitel666: folds 
Uncalled bet ($0.08) returned to Dusmulacis
Dusmulacis collected $0.19 from pot
Dusmulacis: doesn't show hand 
*** SUMMARY ***
Total pot $0.20 | Rake $0.01 
Board [8h As Ac]
Seat 1: nyunyisnyunyo folded on the Flop
Seat 2: rupertaa folded before Flop (didn't bet)
Seat 3: serg197211 folded before Flop (didn't bet)
Seat 4: Gold-Tern folded before Flop (didn't bet)
Seat 5: zyaleniyeg folded before Flop (didn't bet)
Seat 6: Dorex2007 (button) folded before Flop (didn't bet)
Seat 7: Uchitel666 (small blind) folded on the Flop
Seat 8: mathplayer (big blind) folded before Flop
Seat 9: Dusmulacis collected ($0.19)



PokerStars Hand #230662431782:  Hold'em No Limit ($0.01/$0.02 USD) - 2021/10/16 15:39:14 PT [2021/10/16 18:39:14 ET]
Table 'Dejan III' 9-max Seat #7 is the button
Seat 1: nyunyisnyunyo ($3.08 in chips) 
Seat 2: rupertaa ($0.03 in chips) 
Seat 3: serg197211 ($2.30 in chips) 
Seat 5: zyaleniyeg ($3.88 in chips) 
Seat 6: Dorex2007 ($2.42 in chips) 
Seat 7: Uchitel666 ($2 in chips) 
Seat 8: mathplayer ($0.98 in chips) 
mathplayer: posts small blind $0.01
Dusmulacis: is sitting out 
nyunyisnyunyo: posts big blind $0.02
Dusmulacis leaves the table
KoRusol: sits out 
*** HOLE CARDS ***
Dealt to Dorex2007 [9c 2h]
rupertaa: folds 
serg197211: raises $0.04 to $0.06
zyaleniyeg: folds 
Dorex2007: folds 
Uchitel666: folds 
mathplayer: folds 
nyunyisnyunyo: folds 
Uncalled bet ($0.04) returned to serg197211
serg197211 collected $0.05 from pot
serg197211: doesn't show hand 
*** SUMMARY ***
Total pot $0.05 | Rake $0 
Seat 1: nyunyisnyunyo (big blind) folded before Flop
Seat 2: rupertaa folded before Flop (didn't bet)
Seat 3: serg197211 collected ($0.05)
Seat 5: zyaleniyeg folded before Flop (didn't bet)
Seat 6: Dorex2007 folded before Flop (didn't bet)
Seat 7: Uchitel666 (button) folded before Flop (didn't bet)
Seat 8: mathplayer (small blind) folded before Flop



PokerStars Hand #230662444899:  Hold'em No Limit ($0.01/$0.02 USD) - 2021/10/16 15:39:27 PT [2021/10/16 18:39:27 ET]
Table 'Dejan III' 9-max Seat #8 is the button
Seat 1: nyunyisnyunyo ($3.06 in chips) 
Seat 2: rupertaa ($0.03 in chips) 
Seat 3: serg197211 ($2.33 in chips) 
Seat 4: KoRusol ($2 in chips) 
Seat 5: zyaleniyeg ($3.88 in chips) 
Seat 6: Dorex2007 ($2.42 in chips) 
Seat 7: Uchitel666 ($2 in chips) 
Seat 8: mathplayer ($0.97 in chips) 
nyunyisnyunyo: posts small blind $0.01
rupertaa: posts big blind $0.02
KoRusol: posts big blind $0.02
*** HOLE CARDS ***
Dealt to Dorex2007 [Tc 3d]
serg197211: folds 
KoRusol: checks 
zyaleniyeg: folds 
Dorex2007: folds 
Uchitel666: folds 
mathplayer: raises $0.04 to $0.06
nyunyisnyunyo: folds 
rupertaa: calls $0.01 and is all-in
KoRusol: calls $0.04
*** FLOP *** [Jh 9s Ac]
Daniel46855 joins the table at seat #9 
KoRusol: checks 
mathplayer: checks 
*** TURN *** [Jh 9s Ac] [5h]
KoRusol: checks 
mathplayer: bets $0.05
Daniel46855 leaves the table
KoRusol: calls $0.05
*** RIVER *** [Jh 9s Ac 5h] [6h]
KoRusol: checks 
mathplayer: checks 
*** SHOW DOWN ***
KoRusol: shows [Jc 3h] (a pair of Jacks)
mathplayer: shows [Ad Ts] (a pair of Aces)
mathplayer collected $0.15 from side pot
rupertaa: shows [6c 5c] (two pair, Sixes and Fives)
rupertaa collected $0.10 from main pot
*** SUMMARY ***
Total pot $0.26 Main pot $0.10. Side pot $0.15. | Rake $0.01 
Board [Jh 9s Ac 5h 6h]
Seat 1: nyunyisnyunyo (small blind) folded before Flop
Seat 2: rupertaa (big blind) showed [6c 5c] and won ($0.10) with two pair, Sixes and Fives
Seat 3: serg197211 folded before Flop (didn't bet)
Seat 4: KoRusol showed [Jc 3h] and lost with a pair of Jacks
Seat 5: zyaleniyeg folded before Flop (didn't bet)
Seat 6: Dorex2007 folded before Flop (didn't bet)
Seat 7: Uchitel666 folded before Flop (didn't bet)
Seat 8: mathplayer (button) showed [Ad Ts] and won ($0.15) with a pair of Aces



PokerStars Hand #230662459735:  Hold'em No Limit ($0.01/$0.02 USD) - 2021/10/16 15:40:06 PT [2021/10/16 18:40:06 ET]
Table 'Dejan III' 9-max Seat #1 is the button
Seat 1: nyunyisnyunyo ($3.05 in chips) 
Seat 2: rupertaa ($0.10 in chips) 
Seat 3: serg197211 ($2.33 in chips) 
Seat 4: KoRusol ($1.89 in chips) 
Seat 5: zyaleniyeg ($3.88 in chips) 
Seat 6: Dorex2007 ($2.42 in chips) 
Seat 7: Uchitel666 ($2 in chips) 
Seat 8: mathplayer ($1.01 in chips) 
rupertaa: posts small blind $0.01
serg197211: posts big blind $0.02
*** HOLE CARDS ***
Dealt to Dorex2007 [Qs Jd]
KoRusol: folds 
zyaleniyeg: folds 
abobora33 joins the table at seat #9 
Dorex2007: calls $0.02
Uchitel666: folds 
mathplayer: folds 
nyunyisnyunyo: calls $0.02
KoRusol leaves the table
rupertaa: calls $0.01
serg197211: checks 
*** FLOP *** [8h 3c 9c]
rupertaa: bets $0.08 and is all-in
serg197211: calls $0.08
Dxniex1 joins the table at seat #4 
Dorex2007: folds 
nyunyisnyunyo: folds 
Dxniex1 leaves the table
*** TURN *** [8h 3c 9c] [Kh]
*** RIVER *** [8h 3c 9c Kh] [7d]
*** SHOW DOWN ***
rupertaa: shows [8s 6c] (a pair of Eights)
serg197211: shows [Kc 5c] (a pair of Kings)
serg197211 collected $0.23 from pot
rupertaa cashed out the hand for $0.14
*** SUMMARY ***
Total pot $0.24 | Rake $0.01 
Board [8h 3c 9c Kh 7d]
Seat 1: nyunyisnyunyo (button) folded on the Flop
Seat 2: rupertaa (small blind) showed [8s 6c] and lost with a pair of Eights (cashed out).
Seat 3: serg197211 (big blind) showed [Kc 5c] and won ($0.23) with a pair of Kings
Seat 4: KoRusol folded before Flop (didn't bet)
Seat 5: zyaleniyeg folded before Flop (didn't bet)
Seat 6: Dorex2007 folded on the Flop
Seat 7: Uchitel666 folded before Flop (didn't bet)
Seat 8: mathplayer folded before Flop (didn't bet)



PokerStars Hand #230662478742:  Hold'em No Limit ($0.01/$0.02 USD) - 2021/10/16 15:40:56 PT [2021/10/16 18:40:56 ET]
Table 'Dejan III' 9-max Seat #2 is the button
Seat 1: nyunyisnyunyo ($3.03 in chips) 
Seat 2: rupertaa ($0.14 in chips) 
Seat 3: serg197211 ($2.46 in chips) 
Seat 5: zyaleniyeg ($3.88 in chips) 
Seat 6: Dorex2007 ($2.40 in chips) 
Seat 7: Uchitel666 ($2 in chips) 
Seat 8: mathplayer ($1.01 in chips) 
serg197211: posts small blind $0.01
zyaleniyeg: posts big blind $0.02
abobora33: sits out 
*** HOLE CARDS ***
Dealt to Dorex2007 [Td 5h]
Dorex2007: folds 
Uchitel666: folds 
mathplayer: folds 
nyunyisnyunyo: folds 
rupertaa: calls $0.02
serg197211: folds 
zyaleniyeg: checks 
*** FLOP *** [9c 2d Ah]
zyaleniyeg: checks 
rupertaa: bets $0.04
zyaleniyeg: calls $0.04
*** TURN *** [9c 2d Ah] [4h]
zyaleniyeg: bets $0.08
rupertaa: calls $0.08 and is all-in
*** RIVER *** [9c 2d Ah 4h] [8c]
*** SHOW DOWN ***
zyaleniyeg: shows [7c 9d] (a pair of Nines)
rupertaa: shows [4s As] (two pair, Aces and Fours)
rupertaa cashed out the hand for $0.26
*** SUMMARY ***
Total pot $0.29 | Rake $0.01 
Board [9c 2d Ah 4h 8c]
Seat 1: nyunyisnyunyo folded before Flop (didn't bet)
Seat 2: rupertaa (button) showed [4s As] and won ($0.28) with two pair, Aces and Fours (pot not awarded as player cashed out)
Seat 3: serg197211 (small blind) folded before Flop
Seat 5: zyaleniyeg (big blind) showed [7c 9d] and lost with a pair of Nines
Seat 6: Dorex2007 folded before Flop (didn't bet)
Seat 7: Uchitel666 folded before Flop (didn't bet)
Seat 8: mathplayer folded before Flop (didn't bet)



PokerStars Hand #230662491767:  Hold'em No Limit ($0.01/$0.02 USD) - 2021/10/16 15:41:30 PT [2021/10/16 18:41:30 ET]
Table 'Dejan III' 9-max Seat #3 is the button
Seat 1: nyunyisnyunyo ($3.03 in chips) 
Seat 2: rupertaa ($0.26 in chips) 
Seat 3: serg197211 ($2.45 in chips) 
Seat 5: zyaleniyeg ($3.74 in chips) 
Seat 6: Dorex2007 ($2.40 in chips) 
Seat 7: Uchitel666 ($2 in chips) 
Seat 8: mathplayer ($1.01 in chips) 
zyaleniyeg: posts small blind $0.01
Dorex2007: posts big blind $0.02
abobora33: sits out 
*** HOLE CARDS ***
Dealt to Dorex2007 [6c 4d]
Uchitel666: raises $0.04 to $0.06
mathplayer: folds 
nyunyisnyunyo: folds 
Nick.Siloff joins the table at seat #4 
rupertaa: folds 
serg197211: calls $0.06
zyaleniyeg: folds 
Dorex2007: folds 
*** FLOP *** [8s 9c Td]
Uchitel666: bets $0.09
serg197211: folds 
Uncalled bet ($0.09) returned to Uchitel666
Uchitel666 collected $0.14 from pot
*** SUMMARY ***
Total pot $0.15 | Rake $0.01 
Board [8s 9c Td]
Seat 1: nyunyisnyunyo folded before Flop (didn't bet)
Seat 2: rupertaa folded before Flop (didn't bet)
Seat 3: serg197211 (button) folded on the Flop
Seat 5: zyaleniyeg (small blind) folded before Flop
Seat 6: Dorex2007 (big blind) folded before Flop
Seat 7: Uchitel666 collected ($0.14)
Seat 8: mathplayer folded before Flop (didn't bet)



PokerStars Hand #230662500056:  Hold'em No Limit ($0.01/$0.02 USD) - 2021/10/16 15:41:52 PT [2021/10/16 18:41:52 ET]
Table 'Dejan III' 9-max Seat #5 is the button
Seat 1: nyunyisnyunyo ($3.03 in chips) 
Seat 2: rupertaa ($0.26 in chips) 
Seat 3: serg197211 ($2.39 in chips) 
Seat 4: Nick.Siloff ($2 in chips) 
Seat 5: zyaleniyeg ($3.73 in chips) 
Seat 6: Dorex2007 ($2.38 in chips) 
Seat 8: mathplayer ($1.01 in chips) 
Dorex2007: posts small blind $0.01
Uchitel666: is sitting out 
mathplayer: posts big blind $0.02
abobora33: sits out 
Nick.Siloff: posts big blind $0.02
*** HOLE CARDS ***
Dealt to Dorex2007 [6h Jd]
nyunyisnyunyo: folds 
rupertaa: folds 
serg197211: folds 
Nick.Siloff: checks 
zyaleniyeg: folds 
Dorex2007: calls $0.01
mathplayer: checks 
*** FLOP *** [5h 3c 9d]
Dorex2007: checks 
mathplayer: checks 
Nick.Siloff: checks 
*** TURN *** [5h 3c 9d] [7c]
Dorex2007: checks 
mathplayer: checks 
Nick.Siloff: checks 
*** RIVER *** [5h 3c 9d 7c] [7h]
Dorex2007: checks 
mathplayer: checks 
Nick.Siloff: checks 
*** SHOW DOWN ***
Dorex2007: shows [6h Jd] (a pair of Sevens)
mathplayer: shows [Ac Js] (a pair of Sevens - Ace kicker)
Nick.Siloff: shows [5c 2h] (two pair, Sevens and Fives)
Nick.Siloff collected $0.06 from pot
*** SUMMARY ***
Total pot $0.06 | Rake $0 
Board [5h 3c 9d 7c 7h]
Seat 1: nyunyisnyunyo folded before Flop (didn't bet)
Seat 2: rupertaa folded before Flop (didn't bet)
Seat 3: serg197211 folded before Flop (didn't bet)
Seat 4: Nick.Siloff showed [5c 2h] and won ($0.06) with two pair, Sevens and Fives
Seat 5: zyaleniyeg (button) folded before Flop (didn't bet)
Seat 6: Dorex2007 (small blind) showed [6h Jd] and lost with a pair of Sevens
Seat 8: mathplayer (big blind) showed [Ac Js] and lost with a pair of Sevens



PokerStars Hand #230662516454:  Hold'em No Limit ($0.01/$0.02 USD) - 2021/10/16 15:42:35 PT [2021/10/16 18:42:35 ET]
Table 'Dejan III' 9-max Seat #6 is the button
Seat 1: nyunyisnyunyo ($3.03 in chips) 
Seat 2: rupertaa ($0.26 in chips) 
Seat 3: serg197211 ($2.39 in chips) 
Seat 4: Nick.Siloff ($2.04 in chips) 
Seat 5: zyaleniyeg ($3.73 in chips) 
Seat 6: Dorex2007 ($2.36 in chips) 
Seat 8: mathplayer ($0.99 in chips) 
Seat 9: abobora33 ($2 in chips) 
mathplayer: posts small blind $0.01
abobora33: posts big blind $0.02
*** HOLE CARDS ***
Dealt to Dorex2007 [7d Ts]
nyunyisnyunyo: calls $0.02
rupertaa: calls $0.02
serg197211: calls $0.02
Nick.Siloff: folds 
zyaleniyeg: folds 
Dorex2007: folds 
mathplayer: folds 
abobora33: checks 
*** FLOP *** [6c 7s 8s]
abobora33: checks 
nyunyisnyunyo: bets $0.10
rupertaa: folds 
serg197211: folds 
abobora33: folds 
Uncalled bet ($0.10) returned to nyunyisnyunyo
nyunyisnyunyo collected $0.09 from pot
nyunyisnyunyo: doesn't show hand 
*** SUMMARY ***
Total pot $0.09 | Rake $0 
Board [6c 7s 8s]
Seat 1: nyunyisnyunyo collected ($0.09)
Seat 2: rupertaa folded on the Flop
Seat 3: serg197211 folded on the Flop
Seat 4: Nick.Siloff folded before Flop (didn't bet)
Seat 5: zyaleniyeg folded before Flop (didn't bet)
Seat 6: Dorex2007 (button) folded before Flop (didn't bet)
Seat 8: mathplayer (small blind) folded before Flop
Seat 9: abobora33 (big blind) folded on the Flop



PokerStars Hand #230662534602:  Hold'em No Limit ($0.01/$0.02 USD) - 2021/10/16 15:43:23 PT [2021/10/16 18:43:23 ET]
Table 'Dejan III' 9-max Seat #8 is the button
Seat 1: nyunyisnyunyo ($3.10 in chips) 
Seat 2: rupertaa ($0.24 in chips) 
Seat 3: serg197211 ($2.37 in chips) 
Seat 4: Nick.Siloff ($2.04 in chips) 
Seat 5: zyaleniyeg ($3.73 in chips) 
Seat 6: Dorex2007 ($2.36 in chips) 
Seat 8: mathplayer ($0.98 in chips) 
Seat 9: abobora33 ($1.98 in chips) 
abobora33: posts small blind $0.01
nyunyisnyunyo: posts big blind $0.02
*** HOLE CARDS ***
Dealt to Dorex2007 [9h Tc]
rupertaa: folds 
serg197211: folds 
Nick.Siloff: folds 
zyaleniyeg: folds 
Dorex2007: folds 
mathplayer: folds 
abobora33: raises $0.02 to $0.04
nyunyisnyunyo: calls $0.02
*** FLOP *** [9c 4c 9s]
abobora33: bets $0.04
nyunyisnyunyo: folds 
Uncalled bet ($0.04) returned to abobora33
abobora33 collected $0.08 from pot
abobora33: doesn't show hand 
*** SUMMARY ***
Total pot $0.08 | Rake $0 
Board [9c 4c 9s]
Seat 1: nyunyisnyunyo (big blind) folded on the Flop
Seat 2: rupertaa folded before Flop (didn't bet)
Seat 3: serg197211 folded before Flop (didn't bet)
Seat 4: Nick.Siloff folded before Flop (didn't bet)
Seat 5: zyaleniyeg folded before Flop (didn't bet)
Seat 6: Dorex2007 folded before Flop (didn't bet)
Seat 8: mathplayer (button) folded before Flop (didn't bet)
Seat 9: abobora33 (small blind) collected ($0.08)



PokerStars Hand #230662544354:  Hold'em No Limit ($0.01/$0.02 USD) - 2021/10/16 15:43:48 PT [2021/10/16 18:43:48 ET]
Table 'Dejan III' 9-max Seat #9 is the button
Seat 1: nyunyisnyunyo ($3.06 in chips) 
Seat 2: rupertaa ($0.24 in chips) 
Seat 3: serg197211 ($2.37 in chips) 
Seat 4: Nick.Siloff ($2.04 in chips) 
Seat 5: zyaleniyeg ($3.73 in chips) 
Seat 6: Dorex2007 ($2.36 in chips) 
Seat 8: mathplayer ($0.98 in chips) 
Seat 9: abobora33 ($2.02 in chips) 
nyunyisnyunyo: posts small blind $0.01
rupertaa: posts big blind $0.02
*** HOLE CARDS ***
Dealt to Dorex2007 [Td Jc]
serg197211: folds 
Nick.Siloff: raises $0.02 to $0.04
zyaleniyeg: folds 
Dorex2007: folds 
mathplayer: folds 
abobora33: folds 
nyunyisnyunyo: folds 
rupertaa: folds 
Uncalled bet ($0.02) returned to Nick.Siloff
Nick.Siloff collected $0.05 from pot
*** SUMMARY ***
Total pot $0.05 | Rake $0 
Seat 1: nyunyisnyunyo (small blind) folded before Flop
Seat 2: rupertaa (big blind) folded before Flop
Seat 3: serg197211 folded before Flop (didn't bet)
Seat 4: Nick.Siloff collected ($0.05)
Seat 5: zyaleniyeg folded before Flop (didn't bet)
Seat 6: Dorex2007 folded before Flop (didn't bet)
Seat 8: mathplayer folded before Flop (didn't bet)
Seat 9: abobora33 (button) folded before Flop (didn't bet)



PokerStars Hand #230662552543:  Hold'em No Limit ($0.01/$0.02 USD) - 2021/10/16 15:44:09 PT [2021/10/16 18:44:09 ET]
Table 'Dejan III' 9-max Seat #1 is the button
Seat 1: nyunyisnyunyo ($3.05 in chips) 
Seat 2: rupertaa ($0.22 in chips) 
Seat 3: serg197211 ($2.37 in chips) 
Seat 4: Nick.Siloff ($2.07 in chips) 
Seat 5: zyaleniyeg ($3.73 in chips) 
Seat 6: Dorex2007 ($2.36 in chips) 
Seat 8: mathplayer ($0.98 in chips) 
Seat 9: abobora33 ($2.02 in chips) 
rupertaa: posts small blind $0.01
serg197211: posts big blind $0.02
*** HOLE CARDS ***
Dealt to Dorex2007 [2d Ts]
Nick.Siloff: folds 
zyaleniyeg: folds 
Dorex2007: folds 
mathplayer: folds 
abobora33: folds 
nyunyisnyunyo: folds 
rupertaa: calls $0.01
serg197211: checks 
*** FLOP *** [Td Qc 4c]
rupertaa: bets $0.02
serg197211: folds 
Uncalled bet ($0.02) returned to rupertaa
rupertaa collected $0.04 from pot
rupertaa: doesn't show hand 
*** SUMMARY ***
Total pot $0.04 | Rake $0 
Board [Td Qc 4c]
Seat 1: nyunyisnyunyo (button) folded before Flop (didn't bet)
Seat 2: rupertaa (small blind) collected ($0.04)
Seat 3: serg197211 (big blind) folded on the Flop
Seat 4: Nick.Siloff folded before Flop (didn't bet)
Seat 5: zyaleniyeg folded before Flop (didn't bet)
Seat 6: Dorex2007 folded before Flop (didn't bet)
Seat 8: mathplayer folded before Flop (didn't bet)
Seat 9: abobora33 folded before Flop (didn't bet)



PokerStars Hand #230662561395:  Hold'em No Limit ($0.01/$0.02 USD) - 2021/10/16 15:44:33 PT [2021/10/16 18:44:33 ET]
Table 'Dejan III' 9-max Seat #2 is the button
Seat 1: nyunyisnyunyo ($3.05 in chips) 
Seat 2: rupertaa ($0.24 in chips) 
Seat 3: serg197211 ($2.35 in chips) 
Seat 4: Nick.Siloff ($2.07 in chips) 
Seat 5: zyaleniyeg ($3.73 in chips) 
Seat 6: Dorex2007 ($2.36 in chips) 
Seat 8: mathplayer ($0.98 in chips) 
Seat 9: abobora33 ($2.02 in chips) 
serg197211: posts small blind $0.01
Nick.Siloff: posts big blind $0.02
*** HOLE CARDS ***
Dealt to Dorex2007 [7h 7c]
zyaleniyeg: folds 
Dorex2007: raises $0.02 to $0.04
mathplayer: folds 
abobora33: calls $0.04
nyunyisnyunyo: folds 
rupertaa: folds 
serg197211: folds 
Nick.Siloff: folds 
*** FLOP *** [Jc 6s 4c]
Dorex2007: bets $0.06
abobora33: folds 
Uncalled bet ($0.06) returned to Dorex2007
Dorex2007 collected $0.11 from pot
Dorex2007: doesn't show hand 
*** SUMMARY ***
Total pot $0.11 | Rake $0 
Board [Jc 6s 4c]
Seat 1: nyunyisnyunyo folded before Flop (didn't bet)
Seat 2: rupertaa (button) folded before Flop (didn't bet)
Seat 3: serg197211 (small blind) folded before Flop
Seat 4: Nick.Siloff (big blind) folded before Flop
Seat 5: zyaleniyeg folded before Flop (didn't bet)
Seat 6: Dorex2007 collected ($0.11)
Seat 8: mathplayer folded before Flop (didn't bet)
Seat 9: abobora33 folded on the Flop



PokerStars Hand #230662569815:  Hold'em No Limit ($0.01/$0.02 USD) - 2021/10/16 15:44:55 PT [2021/10/16 18:44:55 ET]
Table 'Dejan III' 9-max Seat #3 is the button
Seat 1: nyunyisnyunyo ($3.05 in chips) 
Seat 2: rupertaa ($0.24 in chips) 
Seat 3: serg197211 ($2.34 in chips) 
Seat 4: Nick.Siloff ($2.05 in chips) 
Seat 5: zyaleniyeg ($3.73 in chips) 
Seat 6: Dorex2007 ($2.43 in chips) 
Seat 8: mathplayer ($0.98 in chips) 
Seat 9: abobora33 ($1.98 in chips) 
Nick.Siloff: posts small blind $0.01
zyaleniyeg: posts big blind $0.02
*** HOLE CARDS ***
Dealt to Dorex2007 [2d 5s]
Dorex2007: folds 
mathplayer: raises $0.04 to $0.06
abobora33: folds 
nyunyisnyunyo: calls $0.06
rupertaa: folds 
serg197211: folds 
Nick.Siloff: folds 
zyaleniyeg: calls $0.04
*** FLOP *** [Ac Js Qc]
zyaleniyeg: checks 
mathplayer: checks 
nyunyisnyunyo: bets $0.10
zyaleniyeg: folds 
mathplayer: folds 
Uncalled bet ($0.10) returned to nyunyisnyunyo
nyunyisnyunyo collected $0.18 from pot
nyunyisnyunyo: doesn't show hand 
*** SUMMARY ***
Total pot $0.19 | Rake $0.01 
Board [Ac Js Qc]
Seat 1: nyunyisnyunyo collected ($0.18)
Seat 2: rupertaa folded before Flop (didn't bet)
Seat 3: serg197211 (button) folded before Flop (didn't bet)
Seat 4: Nick.Siloff (small blind) folded before Flop
Seat 5: zyaleniyeg (big blind) folded on the Flop
Seat 6: Dorex2007 folded before Flop (didn't bet)
Seat 8: mathplayer folded on the Flop
Seat 9: abobora33 folded before Flop (didn't bet)



PokerStars Hand #230662580570:  Hold'em No Limit ($0.01/$0.02 USD) - 2021/10/16 15:45:23 PT [2021/10/16 18:45:23 ET]
Table 'Dejan III' 9-max Seat #4 is the button
Seat 1: nyunyisnyunyo ($3.17 in chips) 
Seat 2: rupertaa ($0.24 in chips) 
Seat 3: serg197211 ($2.34 in chips) 
Seat 4: Nick.Siloff ($2.04 in chips) 
Seat 5: zyaleniyeg ($3.67 in chips) 
Seat 6: Dorex2007 ($2.43 in chips) 
Seat 8: mathplayer ($0.92 in chips) 
Seat 9: abobora33 ($1.98 in chips) 
zyaleniyeg: posts small blind $0.01
Dorex2007: posts big blind $0.02
*** HOLE CARDS ***
Dealt to Dorex2007 [7d 3c]
mathplayer: folds 
abobora33: folds 
nyunyisnyunyo: folds 
rupertaa: folds 
serg197211: folds 
Nick.Siloff: folds 
zyaleniyeg: calls $0.01
Dorex2007: checks 
*** FLOP *** [5s Qc 4d]
zyaleniyeg: checks 
Uchitel666 leaves the table
Dorex2007: checks 
*** TURN *** [5s Qc 4d] [9h]
zyaleniyeg: checks 
Dorex2007: checks 
*** RIVER *** [5s Qc 4d 9h] [Kd]
zyaleniyeg: checks 
palmrobert60 joins the table at seat #7 
Dorex2007: bets $0.04
zyaleniyeg: calls $0.04
*** SHOW DOWN ***
Dorex2007: shows [7d 3c] (high card King)
zyaleniyeg: shows [2c 2h] (a pair of Deuces)
zyaleniyeg collected $0.12 from pot
*** SUMMARY ***
Total pot $0.12 | Rake $0 
Board [5s Qc 4d 9h Kd]
Seat 1: nyunyisnyunyo folded before Flop (didn't bet)
Seat 2: rupertaa folded before Flop (didn't bet)
Seat 3: serg197211 folded before Flop (didn't bet)
Seat 4: Nick.Siloff (button) folded before Flop (didn't bet)
Seat 5: zyaleniyeg (small blind) showed [2c 2h] and won ($0.12) with a pair of Deuces
Seat 6: Dorex2007 (big blind) showed [7d 3c] and lost with high card King
Seat 8: mathplayer folded before Flop (didn't bet)
Seat 9: abobora33 folded before Flop (didn't bet)



PokerStars Hand #230662595063:  Hold'em No Limit ($0.01/$0.02 USD) - 2021/10/16 15:46:01 PT [2021/10/16 18:46:01 ET]
Table 'Dejan III' 9-max Seat #5 is the button
Seat 1: nyunyisnyunyo ($3.17 in chips) 
Seat 2: rupertaa ($0.24 in chips) 
Seat 3: serg197211 ($2.34 in chips) 
Seat 4: Nick.Siloff ($2.04 in chips) 
Seat 5: zyaleniyeg ($3.73 in chips) 
Seat 6: Dorex2007 ($2.37 in chips) 
Seat 7: palmrobert60 ($2 in chips) 
Seat 8: mathplayer ($0.92 in chips) 
Seat 9: abobora33 ($1.98 in chips) 
Dorex2007: posts small blind $0.01
palmrobert60: posts big blind $0.02
*** HOLE CARDS ***
Dealt to Dorex2007 [Qh Ah]
mathplayer: folds 
abobora33: raises $0.02 to $0.04
nyunyisnyunyo: calls $0.04
rupertaa: folds 
serg197211: folds 
Nick.Siloff: folds 
zyaleniyeg: folds 
Dorex2007: calls $0.03
palmrobert60: folds 
*** FLOP *** [2c 6h 8c]
Dorex2007: checks 
abobora33: checks 
nyunyisnyunyo: bets $0.06
Dorex2007: calls $0.06
abobora33: calls $0.06
*** TURN *** [2c 6h 8c] [Td]
Dorex2007: bets $0.16
abobora33: folds 
nyunyisnyunyo: folds 
Uncalled bet ($0.16) returned to Dorex2007
Dorex2007 collected $0.31 from pot
Dorex2007: doesn't show hand 
*** SUMMARY ***
Total pot $0.32 | Rake $0.01 
Board [2c 6h 8c Td]
Seat 1: nyunyisnyunyo folded on the Turn
Seat 2: rupertaa folded before Flop (didn't bet)
Seat 3: serg197211 folded before Flop (didn't bet)
Seat 4: Nick.Siloff folded before Flop (didn't bet)
Seat 5: zyaleniyeg (button) folded before Flop (didn't bet)
Seat 6: Dorex2007 (small blind) collected ($0.31)
Seat 7: palmrobert60 (big blind) folded before Flop
Seat 8: mathplayer folded before Flop (didn't bet)
Seat 9: abobora33 folded on the Turn



PokerStars Hand #230662610450:  Hold'em No Limit ($0.01/$0.02 USD) - 2021/10/16 15:46:42 PT [2021/10/16 18:46:42 ET]
Table 'Dejan III' 9-max Seat #6 is the button
Seat 1: nyunyisnyunyo ($3.07 in chips) 
Seat 2: rupertaa ($0.24 in chips) 
Seat 3: serg197211 ($2.34 in chips) 
Seat 4: Nick.Siloff ($2.04 in chips) 
Seat 5: zyaleniyeg ($3.73 in chips) 
Seat 6: Dorex2007 ($2.58 in chips) 
Seat 7: palmrobert60 ($1.98 in chips) 
Seat 8: mathplayer ($0.92 in chips) 
Seat 9: abobora33 ($1.88 in chips) 
palmrobert60: posts small blind $0.01
mathplayer: posts big blind $0.02
*** HOLE CARDS ***
Dealt to Dorex2007 [8h 6c]
abobora33: folds 
nyunyisnyunyo: folds 
rupertaa: folds 
serg197211: raises $0.04 to $0.06
Nick.Siloff: raises $0.15 to $0.21
zyaleniyeg: folds 
Dorex2007: folds 
palmrobert60: calls $0.20
mathplayer: folds 
serg197211: calls $0.15
*** FLOP *** [8d 5s 2s]
palmrobert60: checks 
serg197211: bets $0.21
Nick.Siloff: raises $0.46 to $0.67
palmrobert60: folds 
serg197211: folds 
Uncalled bet ($0.46) returned to Nick.Siloff
Nick.Siloff collected $1.03 from pot
*** SUMMARY ***
Total pot $1.07 | Rake $0.04 
Board [8d 5s 2s]
Seat 1: nyunyisnyunyo folded before Flop (didn't bet)
Seat 2: rupertaa folded before Flop (didn't bet)
Seat 3: serg197211 folded on the Flop
Seat 4: Nick.Siloff collected ($1.03)
Seat 5: zyaleniyeg folded before Flop (didn't bet)
Seat 6: Dorex2007 (button) folded before Flop (didn't bet)
Seat 7: palmrobert60 (small blind) folded on the Flop
Seat 8: mathplayer (big blind) folded before Flop
Seat 9: abobora33 folded before Flop (didn't bet)



PokerStars Hand #230662632801:  Hold'em No Limit ($0.01/$0.02 USD) - 2021/10/16 15:47:41 PT [2021/10/16 18:47:41 ET]
Table 'Dejan III' 9-max Seat #7 is the button
Seat 1: nyunyisnyunyo ($3.07 in chips) 
Seat 2: rupertaa ($0.24 in chips) 
Seat 3: serg197211 ($2 in chips) 
Seat 4: Nick.Siloff ($2.65 in chips) 
Seat 5: zyaleniyeg ($3.73 in chips) 
Seat 6: Dorex2007 ($2.58 in chips) 
Seat 7: palmrobert60 ($1.77 in chips) 
Seat 8: mathplayer ($0.90 in chips) 
Seat 9: abobora33 ($2 in chips) 
mathplayer: posts small blind $0.01
abobora33: posts big blind $0.02
*** HOLE CARDS ***
Dealt to Dorex2007 [Td 5c]
nyunyisnyunyo: calls $0.02
rupertaa: folds 
serg197211: folds 
Nick.Siloff: folds 
zyaleniyeg: folds 
Dorex2007: folds 
palmrobert60: folds 
mathplayer: folds 
abobora33: checks 
*** FLOP *** [6s 3s 5s]
abobora33: checks 
nyunyisnyunyo: checks 
*** TURN *** [6s 3s 5s] [4d]
abobora33: checks 
nyunyisnyunyo: bets $0.02
abobora33: calls $0.02
*** RIVER *** [6s 3s 5s 4d] [9d]
abobora33: checks 
nyunyisnyunyo: checks 
*** SHOW DOWN ***
abobora33: shows [Tc 6c] (a pair of Sixes)
nyunyisnyunyo: mucks hand 
abobora33 collected $0.09 from pot
*** SUMMARY ***
Total pot $0.09 | Rake $0 
Board [6s 3s 5s 4d 9d]
Seat 1: nyunyisnyunyo mucked [Js Kh]
Seat 2: rupertaa folded before Flop (didn't bet)
Seat 3: serg197211 folded before Flop (didn't bet)
Seat 4: Nick.Siloff folded before Flop (didn't bet)
Seat 5: zyaleniyeg folded before Flop (didn't bet)
Seat 6: Dorex2007 folded before Flop (didn't bet)
Seat 7: palmrobert60 (button) folded before Flop (didn't bet)
Seat 8: mathplayer (small blind) folded before Flop
Seat 9: abobora33 (big blind) showed [Tc 6c] and won ($0.09) with a pair of Sixes



PokerStars Hand #230662650258:  Hold'em No Limit ($0.01/$0.02 USD) - 2021/10/16 15:48:27 PT [2021/10/16 18:48:27 ET]
Table 'Dejan III' 9-max Seat #8 is the button
Seat 1: nyunyisnyunyo ($3.03 in chips) 
Seat 2: rupertaa ($0.24 in chips) 
Seat 3: serg197211 ($2 in chips) 
Seat 4: Nick.Siloff ($2.65 in chips) 
Seat 5: zyaleniyeg ($3.73 in chips) 
Seat 6: Dorex2007 ($2.58 in chips) 
Seat 7: palmrobert60 ($1.77 in chips) 
Seat 8: mathplayer ($0.89 in chips) 
Seat 9: abobora33 ($2.05 in chips) 
abobora33: posts small blind $0.01
nyunyisnyunyo: posts big blind $0.02
*** HOLE CARDS ***
Dealt to Dorex2007 [4c 9c]
rupertaa: folds 
serg197211: raises $0.04 to $0.06
Nick.Siloff: folds 
zyaleniyeg: folds 
Dorex2007: folds 
palmrobert60: calls $0.06
mathplayer: folds 
abobora33: folds 
nyunyisnyunyo: folds 
*** FLOP *** [Ts 8c Ks]
serg197211: checks 
palmrobert60: checks 
*** TURN *** [Ts 8c Ks] [7c]
serg197211: checks 
palmrobert60: checks 
*** RIVER *** [Ts 8c Ks 7c] [4d]
serg197211: checks 
palmrobert60: checks 
*** SHOW DOWN ***
serg197211: shows [Qh As] (high card Ace)
palmrobert60: mucks hand 
serg197211 collected $0.14 from pot
*** SUMMARY ***
Total pot $0.15 | Rake $0.01 
Board [Ts 8c Ks 7c 4d]
Seat 1: nyunyisnyunyo (big blind) folded before Flop
Seat 2: rupertaa folded before Flop (didn't bet)
Seat 3: serg197211 showed [Qh As] and won ($0.14) with high card Ace
Seat 4: Nick.Siloff folded before Flop (didn't bet)
Seat 5: zyaleniyeg folded before Flop (didn't bet)
Seat 6: Dorex2007 folded before Flop (didn't bet)
Seat 7: palmrobert60 mucked [Ad 5s]
Seat 8: mathplayer (button) folded before Flop (didn't bet)
Seat 9: abobora33 (small blind) folded before Flop



PokerStars Hand #230662670667:  Hold'em No Limit ($0.01/$0.02 USD) - 2021/10/16 15:49:21 PT [2021/10/16 18:49:21 ET]
Table 'Dejan III' 9-max Seat #9 is the button
Seat 1: nyunyisnyunyo ($3.01 in chips) 
Seat 2: rupertaa ($0.24 in chips) 
Seat 3: serg197211 ($2.08 in chips) 
Seat 4: Nick.Siloff ($2.65 in chips) 
Seat 5: zyaleniyeg ($3.73 in chips) 
Seat 6: Dorex2007 ($2.58 in chips) 
Seat 7: palmrobert60 ($1.71 in chips) 
Seat 8: mathplayer ($0.89 in chips) 
Seat 9: abobora33 ($2.04 in chips) 
nyunyisnyunyo: posts small blind $0.01
rupertaa: posts big blind $0.02
*** HOLE CARDS ***
Dealt to Dorex2007 [2s 6h]
serg197211: raises $0.04 to $0.06
Nick.Siloff: folds 
zyaleniyeg: folds 
Dorex2007: folds 
palmrobert60: calls $0.06
mathplayer: folds 
abobora33: folds 
nyunyisnyunyo: folds 
rupertaa: folds 
*** FLOP *** [Ks 4c 8h]
serg197211: bets $0.08
palmrobert60: folds 
Uncalled bet ($0.08) returned to serg197211
serg197211 collected $0.14 from pot
serg197211: doesn't show hand 
*** SUMMARY ***
Total pot $0.15 | Rake $0.01 
Board [Ks 4c 8h]
Seat 1: nyunyisnyunyo (small blind) folded before Flop
Seat 2: rupertaa (big blind) folded before Flop
Seat 3: serg197211 collected ($0.14)
Seat 4: Nick.Siloff folded before Flop (didn't bet)
Seat 5: zyaleniyeg folded before Flop (didn't bet)
Seat 6: Dorex2007 folded before Flop (didn't bet)
Seat 7: palmrobert60 folded on the Flop
Seat 8: mathplayer folded before Flop (didn't bet)
Seat 9: abobora33 (button) folded before Flop (didn't bet)



PokerStars Hand #230662680798:  Hold'em No Limit ($0.01/$0.02 USD) - 2021/10/16 15:49:49 PT [2021/10/16 18:49:49 ET]
Table 'Dejan III' 9-max Seat #1 is the button
Seat 1: nyunyisnyunyo ($3 in chips) 
Seat 2: rupertaa ($0.22 in chips) 
Seat 3: serg197211 ($2.16 in chips) 
Seat 4: Nick.Siloff ($2.65 in chips) 
Seat 5: zyaleniyeg ($3.73 in chips) 
Seat 6: Dorex2007 ($2.58 in chips) 
Seat 7: palmrobert60 ($1.65 in chips) 
Seat 8: mathplayer ($0.89 in chips) 
Seat 9: abobora33 ($2.04 in chips) 
rupertaa: posts small blind $0.01
serg197211: posts big blind $0.02
*** HOLE CARDS ***
Dealt to Dorex2007 [8d 3s]
Nick.Siloff: folds 
zyaleniyeg: folds 
Dorex2007: folds 
palmrobert60: folds 
mathplayer: folds 
abobora33: folds 
nyunyisnyunyo: folds 
rupertaa: calls $0.01
serg197211: checks 
*** FLOP *** [Ad 4c Th]
nyunyisnyunyo said, "1"
rupertaa: bets $0.02
serg197211: folds 
Uncalled bet ($0.02) returned to rupertaa
rupertaa collected $0.04 from pot
rupertaa: doesn't show hand 
*** SUMMARY ***
Total pot $0.04 | Rake $0 
Board [Ad 4c Th]
Seat 1: nyunyisnyunyo (button) folded before Flop (didn't bet)
Seat 2: rupertaa (small blind) collected ($0.04)
Seat 3: serg197211 (big blind) folded on the Flop
Seat 4: Nick.Siloff folded before Flop (didn't bet)
Seat 5: zyaleniyeg folded before Flop (didn't bet)
Seat 6: Dorex2007 folded before Flop (didn't bet)
Seat 7: palmrobert60 folded before Flop (didn't bet)
Seat 8: mathplayer folded before Flop (didn't bet)
Seat 9: abobora33 folded before Flop (didn't bet)



PokerStars Hand #230662690459:  Hold'em No Limit ($0.01/$0.02 USD) - 2021/10/16 15:50:14 PT [2021/10/16 18:50:14 ET]
Table 'Dejan III' 9-max Seat #2 is the button
Seat 1: nyunyisnyunyo ($3 in chips) 
Seat 2: rupertaa ($0.24 in chips) 
Seat 3: serg197211 ($2.14 in chips) 
Seat 4: Nick.Siloff ($2.65 in chips) 
Seat 5: zyaleniyeg ($3.73 in chips) 
Seat 6: Dorex2007 ($2.58 in chips) 
Seat 7: palmrobert60 ($1.65 in chips) 
Seat 8: mathplayer ($0.89 in chips) 
Seat 9: abobora33 ($2.04 in chips) 
serg197211: posts small blind $0.01
Nick.Siloff: posts big blind $0.02
*** HOLE CARDS ***
Dealt to Dorex2007 [Kh As]
zyaleniyeg: folds 
Dorex2007: raises $0.04 to $0.06
palmrobert60: folds 
mathplayer: folds 
abobora33: folds 
nyunyisnyunyo has timed out
nyunyisnyunyo: folds 
rupertaa: folds 
serg197211: folds 
Nick.Siloff: folds 
Uncalled bet ($0.04) returned to Dorex2007
Dorex2007 collected $0.05 from pot
Dorex2007: doesn't show hand 
*** SUMMARY ***
Total pot $0.05 | Rake $0 
Seat 1: nyunyisnyunyo folded before Flop (didn't bet)
Seat 2: rupertaa (button) folded before Flop (didn't bet)
Seat 3: serg197211 (small blind) folded before Flop
Seat 4: Nick.Siloff (big blind) folded before Flop
Seat 5: zyaleniyeg folded before Flop (didn't bet)
Seat 6: Dorex2007 collected ($0.05)
Seat 7: palmrobert60 folded before Flop (didn't bet)
Seat 8: mathplayer folded before Flop (didn't bet)
Seat 9: abobora33 folded before Flop (didn't bet)



PokerStars Hand #230662701527:  Hold'em No Limit ($0.01/$0.02 USD) - 2021/10/16 15:50:44 PT [2021/10/16 18:50:44 ET]
Table 'Dejan III' 9-max Seat #3 is the button
Seat 2: rupertaa ($0.24 in chips) 
Seat 3: serg197211 ($2.13 in chips) 
Seat 4: Nick.Siloff ($2.63 in chips) 
Seat 5: zyaleniyeg ($3.73 in chips) 
Seat 6: Dorex2007 ($2.61 in chips) 
Seat 7: palmrobert60 ($1.65 in chips) 
Seat 8: mathplayer ($0.89 in chips) 
Seat 9: abobora33 ($2.04 in chips) 
Nick.Siloff: posts small blind $0.01
zyaleniyeg: posts big blind $0.02
*** HOLE CARDS ***
Dealt to Dorex2007 [Jd 3h]
Dorex2007: folds 
palmrobert60: folds 
mathplayer: folds 
abobora33: folds 
rupertaa: folds 
serg197211: folds 
Nick.Siloff: folds 
Uncalled bet ($0.01) returned to zyaleniyeg
zyaleniyeg collected $0.02 from pot
zyaleniyeg: doesn't show hand 
*** SUMMARY ***
Total pot $0.02 | Rake $0 
Seat 2: rupertaa folded before Flop (didn't bet)
Seat 3: serg197211 (button) folded before Flop (didn't bet)
Seat 4: Nick.Siloff (small blind) folded before Flop
Seat 5: zyaleniyeg (big blind) collected ($0.02)
Seat 6: Dorex2007 folded before Flop (didn't bet)
Seat 7: palmrobert60 folded before Flop (didn't bet)
Seat 8: mathplayer folded before Flop (didn't bet)
Seat 9: abobora33 folded before Flop (didn't bet)



PokerStars Hand #230662709047:  Hold'em No Limit ($0.01/$0.02 USD) - 2021/10/16 15:51:04 PT [2021/10/16 18:51:04 ET]
Table 'Dejan III' 9-max Seat #4 is the button
Seat 2: rupertaa ($0.24 in chips) 
Seat 3: serg197211 ($2.13 in chips) 
Seat 4: Nick.Siloff ($2.62 in chips) 
Seat 5: zyaleniyeg ($3.74 in chips) 
Seat 6: Dorex2007 ($2.61 in chips) 
Seat 7: palmrobert60 ($1.65 in chips) 
Seat 8: mathplayer ($0.89 in chips) 
Seat 9: abobora33 ($2.04 in chips) 
zyaleniyeg: posts small blind $0.01
Dorex2007: posts big blind $0.02
*** HOLE CARDS ***
Dealt to Dorex2007 [8c Qh]
palmrobert60: folds 
mathplayer: folds 
abobora33: calls $0.02
rupertaa: calls $0.02
serg197211: calls $0.02
Nick.Siloff: folds 
zyaleniyeg: folds 
Dorex2007: checks 
*** FLOP *** [Ts 9d 9c]
Dorex2007: checks 
abobora33: bets $0.05
rupertaa: folds 
serg197211: folds 
Dorex2007: folds 
Uncalled bet ($0.05) returned to abobora33
abobora33 collected $0.09 from pot
abobora33: doesn't show hand 
*** SUMMARY ***
Total pot $0.09 | Rake $0 
Board [Ts 9d 9c]
Seat 2: rupertaa folded on the Flop
Seat 3: serg197211 folded on the Flop
Seat 4: Nick.Siloff (button) folded before Flop (didn't bet)
Seat 5: zyaleniyeg (small blind) folded before Flop
Seat 6: Dorex2007 (big blind) folded on the Flop
Seat 7: palmrobert60 folded before Flop (didn't bet)
Seat 8: mathplayer folded before Flop (didn't bet)
Seat 9: abobora33 collected ($0.09)



PokerStars Hand #230662720310:  Hold'em No Limit ($0.01/$0.02 USD) - 2021/10/16 15:51:35 PT [2021/10/16 18:51:35 ET]
Table 'Dejan III' 9-max Seat #5 is the button
Seat 2: rupertaa ($0.22 in chips) 
Seat 3: serg197211 ($2.11 in chips) 
Seat 4: Nick.Siloff ($2.62 in chips) 
Seat 5: zyaleniyeg ($3.73 in chips) 
Seat 6: Dorex2007 ($2.59 in chips) 
Seat 7: palmrobert60 ($1.65 in chips) 
Seat 8: mathplayer ($0.89 in chips) 
Dorex2007: posts small blind $0.01
palmrobert60: posts big blind $0.02
*** HOLE CARDS ***
Dealt to Dorex2007 [Ah 2c]
mathplayer: folds 
rupertaa: folds 
serg197211: folds 
Nick.Siloff: folds 
zyaleniyeg: folds 
Dorex2007: raises $0.02 to $0.04
palmrobert60: folds 
Uncalled bet ($0.02) returned to Dorex2007
Dorex2007 collected $0.04 from pot
Dorex2007: doesn't show hand 
*** SUMMARY ***
Total pot $0.04 | Rake $0 
Seat 2: rupertaa folded before Flop (didn't bet)
Seat 3: serg197211 folded before Flop (didn't bet)
Seat 4: Nick.Siloff folded before Flop (didn't bet)
Seat 5: zyaleniyeg (button) folded before Flop (didn't bet)
Seat 6: Dorex2007 (small blind) collected ($0.04)
Seat 7: palmrobert60 (big blind) folded before Flop
Seat 8: mathplayer folded before Flop (didn't bet)



PokerStars Hand #230662726147:  Hold'em No Limit ($0.01/$0.02 USD) - 2021/10/16 15:51:51 PT [2021/10/16 18:51:51 ET]
Table 'Dejan III' 9-max Seat #6 is the button
Seat 1: nyunyisnyunyo ($3 in chips) 
Seat 2: rupertaa ($0.22 in chips) 
Seat 3: serg197211 ($2.11 in chips) 
Seat 4: Nick.Siloff ($2.62 in chips) 
Seat 5: zyaleniyeg ($3.73 in chips) 
Seat 6: Dorex2007 ($2.61 in chips) 
Seat 7: palmrobert60 ($1.63 in chips) 
palmrobert60: posts small blind $0.01
mathplayer: is sitting out 
nyunyisnyunyo: posts big blind $0.02
*** HOLE CARDS ***
Dealt to Dorex2007 [Qh Jd]
rupertaa: folds 
serg197211: folds 
Nick.Siloff: folds 
zyaleniyeg: folds 
Dorex2007: raises $0.04 to $0.06
palmrobert60: folds 
mathplayer leaves the table
nyunyisnyunyo: folds 
Uncalled bet ($0.04) returned to Dorex2007
Dorex2007 collected $0.05 from pot
Dorex2007: doesn't show hand 
*** SUMMARY ***
Total pot $0.05 | Rake $0 
Seat 1: nyunyisnyunyo (big blind) folded before Flop
Seat 2: rupertaa folded before Flop (didn't bet)
Seat 3: serg197211 folded before Flop (didn't bet)
Seat 4: Nick.Siloff folded before Flop (didn't bet)
Seat 5: zyaleniyeg folded before Flop (didn't bet)
Seat 6: Dorex2007 (button) collected ($0.05)
Seat 7: palmrobert60 (small blind) folded before Flop



PokerStars Hand #230662745947:  Hold'em No Limit ($0.01/$0.02 USD) - 2021/10/16 15:52:44 PT [2021/10/16 18:52:44 ET]
Table 'Dejan III' 9-max Seat #7 is the button
Seat 1: nyunyisnyunyo ($2.98 in chips) 
Seat 2: rupertaa ($0.22 in chips) 
Seat 3: serg197211 ($2.11 in chips) 
Seat 4: Nick.Siloff ($2.62 in chips) 
Seat 5: zyaleniyeg ($3.73 in chips) 
Seat 6: Dorex2007 ($2.64 in chips) 
Seat 7: palmrobert60 ($1.62 in chips) 
nyunyisnyunyo: posts small blind $0.01
rupertaa: posts big blind $0.02
*** HOLE CARDS ***
Dealt to Dorex2007 [3d Kc]
serg197211: folds 
Nick.Siloff: raises $0.02 to $0.04
zyaleniyeg: folds 
Dorex2007: folds 
palmrobert60: folds 
nyunyisnyunyo: folds 
rupertaa: folds 
Uncalled bet ($0.02) returned to Nick.Siloff
Nick.Siloff collected $0.05 from pot
*** SUMMARY ***
Total pot $0.05 | Rake $0 
Seat 1: nyunyisnyunyo (small blind) folded before Flop
Seat 2: rupertaa (big blind) folded before Flop
Seat 3: serg197211 folded before Flop (didn't bet)
Seat 4: Nick.Siloff collected ($0.05)
Seat 5: zyaleniyeg folded before Flop (didn't bet)
Seat 6: Dorex2007 folded before Flop (didn't bet)
Seat 7: palmrobert60 (button) folded before Flop (didn't bet)



PokerStars Hand #230662750319:  Hold'em No Limit ($0.01/$0.02 USD) - 2021/10/16 15:52:56 PT [2021/10/16 18:52:56 ET]
Table 'Dejan III' 9-max Seat #1 is the button
Seat 1: nyunyisnyunyo ($2.97 in chips) 
Seat 2: rupertaa ($0.20 in chips) 
Seat 3: serg197211 ($2.11 in chips) 
Seat 4: Nick.Siloff ($2.65 in chips) 
Seat 5: zyaleniyeg ($3.73 in chips) 
Seat 6: Dorex2007 ($2.64 in chips) 
Seat 7: palmrobert60 ($1.62 in chips) 
rupertaa: posts small blind $0.01
serg197211: posts big blind $0.02
*** HOLE CARDS ***
Dealt to Dorex2007 [8d Qh]
Nick.Siloff: folds 
zyaleniyeg: folds 
Dorex2007: folds 
palmrobert60: folds 
Noah2039 joins the table at seat #8 
nyunyisnyunyo: folds 
rupertaa: raises $0.02 to $0.04
serg197211: folds 
Uncalled bet ($0.02) returned to rupertaa
rupertaa collected $0.04 from pot
rupertaa: doesn't show hand 
*** SUMMARY ***
Total pot $0.04 | Rake $0 
Seat 1: nyunyisnyunyo (button) folded before Flop (didn't bet)
Seat 2: rupertaa (small blind) collected ($0.04)
Seat 3: serg197211 (big blind) folded before Flop
Seat 4: Nick.Siloff folded before Flop (didn't bet)
Seat 5: zyaleniyeg folded before Flop (didn't bet)
Seat 6: Dorex2007 folded before Flop (didn't bet)
Seat 7: palmrobert60 folded before Flop (didn't bet)



PokerStars Hand #230662755381:  Hold'em No Limit ($0.01/$0.02 USD) - 2021/10/16 15:53:09 PT [2021/10/16 18:53:09 ET]
Table 'Dejan III' 9-max Seat #2 is the button
Seat 1: nyunyisnyunyo ($2.97 in chips) 
Seat 2: rupertaa ($0.22 in chips) 
Seat 3: serg197211 ($2.09 in chips) 
Seat 4: Nick.Siloff ($2.65 in chips) 
Seat 5: zyaleniyeg ($3.73 in chips) 
Seat 6: Dorex2007 ($2.64 in chips) 
Seat 7: palmrobert60 ($1.62 in chips) 
serg197211: posts small blind $0.01
Nick.Siloff: posts big blind $0.02
Noah2039: sits out 
*** HOLE CARDS ***
Dealt to Dorex2007 [Js 5c]
zyaleniyeg: folds 
Dorex2007: folds 
palmrobert60: folds 
nyunyisnyunyo: folds 
rupertaa: folds 
serg197211: raises $0.04 to $0.06
Nick.Siloff: raises $0.12 to $0.18
serg197211: folds 
Uncalled bet ($0.12) returned to Nick.Siloff
Nick.Siloff collected $0.12 from pot
*** SUMMARY ***
Total pot $0.12 | Rake $0 
Seat 1: nyunyisnyunyo folded before Flop (didn't bet)
Seat 2: rupertaa (button) folded before Flop (didn't bet)
Seat 3: serg197211 (small blind) folded before Flop
Seat 4: Nick.Siloff (big blind) collected ($0.12)
Seat 5: zyaleniyeg folded before Flop (didn't bet)
Seat 6: Dorex2007 folded before Flop (didn't bet)
Seat 7: palmrobert60 folded before Flop (didn't bet)



PokerStars Hand #230662763758:  Hold'em No Limit ($0.01/$0.02 USD) - 2021/10/16 15:53:32 PT [2021/10/16 18:53:32 ET]
Table 'Dejan III' 9-max Seat #3 is the button
Seat 1: nyunyisnyunyo ($2.97 in chips) 
Seat 2: rupertaa ($0.22 in chips) 
Seat 3: serg197211 ($2.03 in chips) 
Seat 4: Nick.Siloff ($2.71 in chips) 
Seat 5: zyaleniyeg ($3.73 in chips) 
Seat 6: Dorex2007 ($2.64 in chips) 
Seat 7: palmrobert60 ($1.62 in chips) 
Nick.Siloff: posts small blind $0.01
zyaleniyeg: posts big blind $0.02
Noah2039: sits out 
*** HOLE CARDS ***
Dealt to Dorex2007 [4h 6s]
Dorex2007: folds 
palmrobert60: raises $0.05 to $0.07
nyunyisnyunyo: folds 
rupertaa: folds 
serg197211: folds 
Nick.Siloff: folds 
zyaleniyeg: folds 
Uncalled bet ($0.05) returned to palmrobert60
palmrobert60 collected $0.05 from pot
palmrobert60: doesn't show hand 
*** SUMMARY ***
Total pot $0.05 | Rake $0 
Seat 1: nyunyisnyunyo folded before Flop (didn't bet)
Seat 2: rupertaa folded before Flop (didn't bet)
Seat 3: serg197211 (button) folded before Flop (didn't bet)
Seat 4: Nick.Siloff (small blind) folded before Flop
Seat 5: zyaleniyeg (big blind) folded before Flop
Seat 6: Dorex2007 folded before Flop (didn't bet)
Seat 7: palmrobert60 collected ($0.05)



PokerStars Hand #230662770075:  Hold'em No Limit ($0.01/$0.02 USD) - 2021/10/16 15:53:49 PT [2021/10/16 18:53:49 ET]
Table 'Dejan III' 9-max Seat #4 is the button
Seat 1: nyunyisnyunyo ($2.97 in chips) 
Seat 2: rupertaa ($0.22 in chips) 
Seat 3: serg197211 ($2.03 in chips) 
Seat 4: Nick.Siloff ($2.70 in chips) 
Seat 5: zyaleniyeg ($3.71 in chips) 
Seat 6: Dorex2007 ($2.64 in chips) 
Seat 7: palmrobert60 ($1.65 in chips) 
zyaleniyeg: posts small blind $0.01
Dorex2007: posts big blind $0.02
Noah2039: sits out 
*** HOLE CARDS ***
Dealt to Dorex2007 [4h Jd]
palmrobert60: calls $0.02
nyunyisnyunyo: folds 
rupertaa: calls $0.02
serg197211: folds 
Nick.Siloff: folds 
zyaleniyeg: folds 
Dorex2007: checks 
*** FLOP *** [3c 2c 5h]
Dorex2007: checks 
palmrobert60: checks 
rupertaa: bets $0.02
Dorex2007: calls $0.02
palmrobert60: folds 
*** TURN *** [3c 2c 5h] [2d]
Dorex2007: bets $0.07
rupertaa: raises $0.11 to $0.18 and is all-in
Dorex2007: calls $0.11
*** RIVER *** [3c 2c 5h 2d] [5d]
*** SHOW DOWN ***
Dorex2007: shows [4h Jd] (two pair, Fives and Deuces)
rupertaa: shows [Ks 9d] (two pair, Fives and Deuces - King kicker)
rupertaa cashed out the hand for $0.30
*** SUMMARY ***
Total pot $0.47 | Rake $0.02 
Board [3c 2c 5h 2d 5d]
Seat 1: nyunyisnyunyo folded before Flop (didn't bet)
Seat 2: rupertaa showed [Ks 9d] and won ($0.45) with two pair, Fives and Deuces (pot not awarded as player cashed out)
Seat 3: serg197211 folded before Flop (didn't bet)
Seat 4: Nick.Siloff (button) folded before Flop (didn't bet)
Seat 5: zyaleniyeg (small blind) folded before Flop
Seat 6: Dorex2007 (big blind) showed [4h Jd] and lost with two pair, Fives and Deuces
Seat 7: palmrobert60 folded on the Flop



PokerStars Hand #230662787577:  Hold'em No Limit ($0.01/$0.02 USD) - 2021/10/16 15:54:37 PT [2021/10/16 18:54:37 ET]
Table 'Dejan III' 9-max Seat #5 is the button
Seat 1: nyunyisnyunyo ($2.97 in chips) 
Seat 2: rupertaa ($0.30 in chips) 
Seat 3: serg197211 ($2.03 in chips) 
Seat 4: Nick.Siloff ($2.70 in chips) 
Seat 5: zyaleniyeg ($3.70 in chips) 
Seat 6: Dorex2007 ($2.42 in chips) 
Seat 7: palmrobert60 ($1.63 in chips) 
Dorex2007: posts small blind $0.01
palmrobert60: posts big blind $0.02
Noah2039: sits out 
abobora33: sits out 
*** HOLE CARDS ***
Dealt to Dorex2007 [As Tc]
nyunyisnyunyo: folds 
rupertaa: folds 
serg197211: folds 
Nick.Siloff: folds 
zyaleniyeg: raises $0.04 to $0.06
Dorex2007: calls $0.05
palmrobert60: folds 
*** FLOP *** [Ah Kc 6c]
Dorex2007: bets $0.14
zyaleniyeg: folds 
Uncalled bet ($0.14) returned to Dorex2007
Dorex2007 collected $0.14 from pot
Dorex2007: doesn't show hand 
*** SUMMARY ***
Total pot $0.14 | Rake $0 
Board [Ah Kc 6c]
Seat 1: nyunyisnyunyo folded before Flop (didn't bet)
Seat 2: rupertaa folded before Flop (didn't bet)
Seat 3: serg197211 folded before Flop (didn't bet)
Seat 4: Nick.Siloff folded before Flop (didn't bet)
Seat 5: zyaleniyeg (button) folded on the Flop
Seat 6: Dorex2007 (small blind) collected ($0.14)
Seat 7: palmrobert60 (big blind) folded before Flop



PokerStars Hand #230662799763:  Hold'em No Limit ($0.01/$0.02 USD) - 2021/10/16 15:55:12 PT [2021/10/16 18:55:12 ET]
Table 'Dejan III' 9-max Seat #6 is the button
Seat 1: nyunyisnyunyo ($2.97 in chips) 
Seat 2: rupertaa ($0.30 in chips) 
Seat 3: serg197211 ($2.03 in chips) 
Seat 4: Nick.Siloff ($2.70 in chips) 
Seat 5: zyaleniyeg ($3.64 in chips) 
Seat 6: Dorex2007 ($2.50 in chips) 
Seat 7: palmrobert60 ($1.61 in chips) 
Seat 8: Noah2039 ($2 in chips) 
palmrobert60: posts small blind $0.01
Noah2039: posts big blind $0.02
abobora33: sits out 
*** HOLE CARDS ***
Dealt to Dorex2007 [7h Jd]
nyunyisnyunyo: folds 
rupertaa: folds 
serg197211: folds 
Nick.Siloff: folds 
zyaleniyeg: folds 
Dorex2007: folds 
palmrobert60: calls $0.01
Noah2039: checks 
*** FLOP *** [7s 4d 5d]
palmrobert60: checks 
Noah2039: bets $0.02
palmrobert60: calls $0.02
*** TURN *** [7s 4d 5d] [6h]
palmrobert60: checks 
Noah2039: checks 
*** RIVER *** [7s 4d 5d 6h] [4s]
palmrobert60: checks 
Noah2039: bets $0.02
palmrobert60: calls $0.02
*** SHOW DOWN ***
Noah2039: shows [Ah 4c] (three of a kind, Fours)
palmrobert60: mucks hand 
Noah2039 collected $0.12 from pot
*** SUMMARY ***
Total pot $0.12 | Rake $0 
Board [7s 4d 5d 6h 4s]
Seat 1: nyunyisnyunyo folded before Flop (didn't bet)
Seat 2: rupertaa folded before Flop (didn't bet)
Seat 3: serg197211 folded before Flop (didn't bet)
Seat 4: Nick.Siloff folded before Flop (didn't bet)
Seat 5: zyaleniyeg folded before Flop (didn't bet)
Seat 6: Dorex2007 (button) folded before Flop (didn't bet)
Seat 7: palmrobert60 (small blind) mucked [6s As]
Seat 8: Noah2039 (big blind) showed [Ah 4c] and won ($0.12) with three of a kind, Fours



PokerStars Hand #230662816930:  Hold'em No Limit ($0.01/$0.02 USD) - 2021/10/16 15:56:13 PT [2021/10/16 18:56:13 ET]
Table 'Dejan III' 9-max Seat #7 is the button
Seat 1: nyunyisnyunyo ($2.97 in chips) 
Seat 2: rupertaa ($0.30 in chips) 
Seat 3: serg197211 ($2.03 in chips) 
Seat 4: Nick.Siloff ($2.70 in chips) 
Seat 5: zyaleniyeg ($3.64 in chips) 
Seat 6: Dorex2007 ($2.50 in chips) 
Seat 7: palmrobert60 ($1.55 in chips) 
Seat 8: Noah2039 ($2.06 in chips) 
Seat 9: abobora33 ($2.11 in chips) 
Noah2039: posts small blind $0.01
abobora33: posts big blind $0.02
*** HOLE CARDS ***
Dealt to Dorex2007 [Ah 9h]
nyunyisnyunyo has timed out
nyunyisnyunyo: folds 
rupertaa: folds 
serg197211: folds 
Nick.Siloff: folds 
zyaleniyeg: folds 
Dorex2007: raises $0.04 to $0.06
palmrobert60: calls $0.06
Noah2039: raises $0.12 to $0.18
abobora33: folds 
Dorex2007: folds 
palmrobert60: calls $0.12
*** FLOP *** [8c 3c 7h]
Noah2039: bets $0.21
palmrobert60: folds 
Uncalled bet ($0.21) returned to Noah2039
Noah2039 collected $0.42 from pot
Noah2039: doesn't show hand 
*** SUMMARY ***
Total pot $0.44 | Rake $0.02 
Board [8c 3c 7h]
Seat 1: nyunyisnyunyo folded before Flop (didn't bet)
Seat 2: rupertaa folded before Flop (didn't bet)
Seat 3: serg197211 folded before Flop (didn't bet)
Seat 4: Nick.Siloff folded before Flop (didn't bet)
Seat 5: zyaleniyeg folded before Flop (didn't bet)
Seat 6: Dorex2007 folded before Flop
Seat 7: palmrobert60 (button) folded on the Flop
Seat 8: Noah2039 (small blind) collected ($0.42)
Seat 9: abobora33 (big blind) folded before Flop



PokerStars Hand #230662830693:  Hold'em No Limit ($0.01/$0.02 USD) - 2021/10/16 15:57:02 PT [2021/10/16 18:57:02 ET]
Table 'Dejan III' 9-max Seat #8 is the button
Seat 1: nyunyisnyunyo ($2.97 in chips) 
Seat 2: rupertaa ($0.30 in chips) 
Seat 3: serg197211 ($2.03 in chips) 
Seat 4: Nick.Siloff ($2.70 in chips) 
Seat 5: zyaleniyeg ($3.64 in chips) 
Seat 6: Dorex2007 ($2.44 in chips) 
Seat 7: palmrobert60 ($1.37 in chips) 
Seat 8: Noah2039 ($2.30 in chips) 
Seat 9: abobora33 ($2.09 in chips) 
abobora33: posts small blind $0.01
nyunyisnyunyo: posts big blind $0.02
*** HOLE CARDS ***
Dealt to Dorex2007 [Qd 5c]
rupertaa: calls $0.02
serg197211: folds 
Nick.Siloff: folds 
zyaleniyeg: folds 
Dorex2007: folds 
palmrobert60: folds 
Noah2039: calls $0.02
abobora33: folds 
nyunyisnyunyo: checks 
*** FLOP *** [6h 4h As]
nyunyisnyunyo: checks 
rupertaa: bets $0.04
Noah2039: folds 
nyunyisnyunyo: folds 
Uncalled bet ($0.04) returned to rupertaa
rupertaa collected $0.07 from pot
rupertaa: doesn't show hand 
*** SUMMARY ***
Total pot $0.07 | Rake $0 
Board [6h 4h As]
Seat 1: nyunyisnyunyo (big blind) folded on the Flop
Seat 2: rupertaa collected ($0.07)
Seat 3: serg197211 folded before Flop (didn't bet)
Seat 4: Nick.Siloff folded before Flop (didn't bet)
Seat 5: zyaleniyeg folded before Flop (didn't bet)
Seat 6: Dorex2007 folded before Flop (didn't bet)
Seat 7: palmrobert60 folded before Flop (didn't bet)
Seat 8: Noah2039 (button) folded on the Flop
Seat 9: abobora33 (small blind) folded before Flop



PokerStars Hand #230662842392:  Hold'em No Limit ($0.01/$0.02 USD) - 2021/10/16 15:57:43 PT [2021/10/16 18:57:43 ET]
Table 'Dejan III' 9-max Seat #9 is the button
Seat 1: nyunyisnyunyo ($2.95 in chips) 
Seat 2: rupertaa ($0.35 in chips) 
Seat 3: serg197211 ($2.03 in chips) 
Seat 4: Nick.Siloff ($2.70 in chips) 
Seat 5: zyaleniyeg ($3.64 in chips) 
Seat 6: Dorex2007 ($2.44 in chips) 
Seat 7: palmrobert60 ($1.37 in chips) 
Seat 8: Noah2039 ($2.28 in chips) 
Seat 9: abobora33 ($2.08 in chips) 
nyunyisnyunyo: posts small blind $0.01
rupertaa: posts big blind $0.02
*** HOLE CARDS ***
Dealt to Dorex2007 [Ts 5c]
serg197211: folds 
Nick.Siloff: folds 
zyaleniyeg: folds 
Dorex2007: folds 
palmrobert60: folds 
Noah2039: folds 
abobora33 has timed out
abobora33: folds 
nyunyisnyunyo: folds 
Uncalled bet ($0.01) returned to rupertaa
rupertaa collected $0.02 from pot
rupertaa: doesn't show hand 
*** SUMMARY ***
Total pot $0.02 | Rake $0 
Seat 1: nyunyisnyunyo (small blind) folded before Flop
Seat 2: rupertaa (big blind) collected ($0.02)
Seat 3: serg197211 folded before Flop (didn't bet)
Seat 4: Nick.Siloff folded before Flop (didn't bet)
Seat 5: zyaleniyeg folded before Flop (didn't bet)
Seat 6: Dorex2007 folded before Flop (didn't bet)
Seat 7: palmrobert60 folded before Flop (didn't bet)
Seat 8: Noah2039 folded before Flop (didn't bet)
Seat 9: abobora33 (button) folded before Flop (didn't bet)



PokerStars Hand #230662850158:  Hold'em No Limit ($0.01/$0.02 USD) - 2021/10/16 15:58:11 PT [2021/10/16 18:58:11 ET]
Table 'Dejan III' 9-max Seat #1 is the button
Seat 1: nyunyisnyunyo ($2.94 in chips) 
Seat 2: rupertaa ($0.36 in chips) 
Seat 3: serg197211 ($2.03 in chips) 
Seat 4: Nick.Siloff ($2.70 in chips) 
Seat 5: zyaleniyeg ($3.64 in chips) 
Seat 6: Dorex2007 ($2.44 in chips) 
Seat 7: palmrobert60 ($1.37 in chips) 
Seat 8: Noah2039 ($2.28 in chips) 
Seat 9: abobora33 ($2.08 in chips) 
rupertaa: posts small blind $0.01
serg197211: posts big blind $0.02
*** HOLE CARDS ***
Dealt to Dorex2007 [7d 5d]
Nick.Siloff: folds 
zyaleniyeg: folds 
Dorex2007: folds 
palmrobert60: calls $0.02
Noah2039: raises $0.04 to $0.06
abobora33: folds 
nyunyisnyunyo: calls $0.06
rupertaa: folds 
serg197211: folds 
palmrobert60: calls $0.04
*** FLOP *** [3d 7c 9d]
palmrobert60: checks 
Noah2039: checks 
nyunyisnyunyo: checks 
*** TURN *** [3d 7c 9d] [2s]
palmrobert60: checks 
Noah2039: checks 
nyunyisnyunyo: bets $0.06
palmrobert60: calls $0.06
Noah2039: folds 
*** RIVER *** [3d 7c 9d 2s] [Th]
palmrobert60: checks 
nyunyisnyunyo: checks 
*** SHOW DOWN ***
palmrobert60: shows [Ad 2d] (a pair of Deuces)
nyunyisnyunyo: mucks hand 
palmrobert60 collected $0.32 from pot
*** SUMMARY ***
Total pot $0.33 | Rake $0.01 
Board [3d 7c 9d 2s Th]
Seat 1: nyunyisnyunyo (button) mucked [Js Ah]
Seat 2: rupertaa (small blind) folded before Flop
Seat 3: serg197211 (big blind) folded before Flop
Seat 4: Nick.Siloff folded before Flop (didn't bet)
Seat 5: zyaleniyeg folded before Flop (didn't bet)
Seat 6: Dorex2007 folded before Flop (didn't bet)
Seat 7: palmrobert60 showed [Ad 2d] and won ($0.32) with a pair of Deuces
Seat 8: Noah2039 folded on the Turn
Seat 9: abobora33 folded before Flop (didn't bet)



PokerStars Hand #230662871243:  Hold'em No Limit ($0.01/$0.02 USD) - 2021/10/16 15:59:26 PT [2021/10/16 18:59:26 ET]
Table 'Dejan III' 9-max Seat #2 is the button
Seat 1: nyunyisnyunyo ($2.82 in chips) 
Seat 2: rupertaa ($0.35 in chips) 
Seat 3: serg197211 ($2.01 in chips) 
Seat 4: Nick.Siloff ($2.70 in chips) 
Seat 5: zyaleniyeg ($3.64 in chips) 
Seat 6: Dorex2007 ($2.44 in chips) 
Seat 7: palmrobert60 ($1.57 in chips) 
Seat 8: Noah2039 ($2.22 in chips) 
Seat 9: abobora33 ($2.08 in chips) 
serg197211: posts small blind $0.01
Nick.Siloff: posts big blind $0.02
*** HOLE CARDS ***
Dealt to Dorex2007 [Jh 2h]
zyaleniyeg: folds 
Dorex2007: folds 
palmrobert60: calls $0.02
Noah2039: raises $0.04 to $0.06
abobora33: folds 
nyunyisnyunyo: folds 
rupertaa: folds 
serg197211: calls $0.05
Nick.Siloff: calls $0.04
palmrobert60: calls $0.04
*** FLOP *** [6s 5s Kc]
serg197211: checks 
Nick.Siloff: checks 
palmrobert60: checks 
Noah2039: checks 
*** TURN *** [6s 5s Kc] [Kh]
serg197211: checks 
Nick.Siloff: checks 
palmrobert60: checks 
Noah2039: checks 
*** RIVER *** [6s 5s Kc Kh] [7d]
serg197211: checks 
Nick.Siloff: bets $0.14
palmrobert60: folds 
Noah2039: folds 
serg197211: calls $0.14
*** SHOW DOWN ***
Nick.Siloff: shows [Kd Jd] (three of a kind, Kings)
serg197211: mucks hand 
Nick.Siloff collected $0.50 from pot
*** SUMMARY ***
Total pot $0.52 | Rake $0.02 
Board [6s 5s Kc Kh 7d]
Seat 1: nyunyisnyunyo folded before Flop (didn't bet)
Seat 2: rupertaa (button) folded before Flop (didn't bet)
Seat 3: serg197211 (small blind) mucked [Tc Ts]
Seat 4: Nick.Siloff (big blind) showed [Kd Jd] and won ($0.50) with three of a kind, Kings
Seat 5: zyaleniyeg folded before Flop (didn't bet)
Seat 6: Dorex2007 folded before Flop (didn't bet)
Seat 7: palmrobert60 folded on the River
Seat 8: Noah2039 folded on the River
Seat 9: abobora33 folded before Flop (didn't bet)



PokerStars Hand #230662903712:  Hold'em No Limit ($0.01/$0.02 USD) - 2021/10/16 16:01:13 PT [2021/10/16 19:01:13 ET]
Table 'Dejan III' 9-max Seat #3 is the button
Seat 1: nyunyisnyunyo ($2.82 in chips) 
Seat 2: rupertaa ($0.35 in chips) 
Seat 3: serg197211 ($2 in chips) 
Seat 4: Nick.Siloff ($3 in chips) 
Seat 5: zyaleniyeg ($3.64 in chips) 
Seat 6: Dorex2007 ($2.44 in chips) 
Seat 7: palmrobert60 ($1.51 in chips) 
Seat 8: Noah2039 ($2.16 in chips) 
Seat 9: abobora33 ($2.08 in chips) 
Nick.Siloff: posts small blind $0.01
zyaleniyeg: posts big blind $0.02
*** HOLE CARDS ***
Dealt to Dorex2007 [5c Ad]
Dorex2007: folds 
palmrobert60: folds 
Noah2039: folds 
abobora33: folds 
nyunyisnyunyo: folds 
rupertaa: raises $0.02 to $0.04
serg197211: folds 
Nick.Siloff: folds 
zyaleniyeg: folds 
Uncalled bet ($0.02) returned to rupertaa
rupertaa collected $0.05 from pot
rupertaa: doesn't show hand 
*** SUMMARY ***
Total pot $0.05 | Rake $0 
Seat 1: nyunyisnyunyo folded before Flop (didn't bet)
Seat 2: rupertaa collected ($0.05)
Seat 3: serg197211 (button) folded before Flop (didn't bet)
Seat 4: Nick.Siloff (small blind) folded before Flop
Seat 5: zyaleniyeg (big blind) folded before Flop
Seat 6: Dorex2007 folded before Flop (didn't bet)
Seat 7: palmrobert60 folded before Flop (didn't bet)
Seat 8: Noah2039 folded before Flop (didn't bet)
Seat 9: abobora33 folded before Flop (didn't bet)



PokerStars Hand #230662912706:  Hold'em No Limit ($0.01/$0.02 USD) - 2021/10/16 16:01:38 PT [2021/10/16 19:01:38 ET]
Table 'Dejan III' 9-max Seat #4 is the button
Seat 1: nyunyisnyunyo ($2.82 in chips) 
Seat 2: rupertaa ($0.38 in chips) 
Seat 3: serg197211 ($2 in chips) 
Seat 4: Nick.Siloff ($2.99 in chips) 
Seat 5: zyaleniyeg ($3.62 in chips) 
Seat 6: Dorex2007 ($2.44 in chips) 
Seat 7: palmrobert60 ($1.51 in chips) 
Seat 8: Noah2039 ($2.16 in chips) 
Seat 9: abobora33 ($2.08 in chips) 
zyaleniyeg: posts small blind $0.01
Dorex2007: posts big blind $0.02
*** HOLE CARDS ***
Dealt to Dorex2007 [Qd Js]
palmrobert60: folds 
Noah2039: folds 
abobora33: raises $0.02 to $0.04
nyunyisnyunyo: folds 
rupertaa: folds 
serg197211: folds 
Nick.Siloff: calls $0.04
zyaleniyeg: raises $0.16 to $0.20
Dorex2007: folds 
abobora33: folds 
Nick.Siloff: folds 
Uncalled bet ($0.16) returned to zyaleniyeg
zyaleniyeg collected $0.14 from pot
zyaleniyeg: doesn't show hand 
*** SUMMARY ***
Total pot $0.14 | Rake $0 
Seat 1: nyunyisnyunyo folded before Flop (didn't bet)
Seat 2: rupertaa folded before Flop (didn't bet)
Seat 3: serg197211 folded before Flop (didn't bet)
Seat 4: Nick.Siloff (button) folded before Flop
Seat 5: zyaleniyeg (small blind) collected ($0.14)
Seat 6: Dorex2007 (big blind) folded before Flop
Seat 7: palmrobert60 folded before Flop (didn't bet)
Seat 8: Noah2039 folded before Flop (didn't bet)
Seat 9: abobora33 folded before Flop



PokerStars Hand #230662924809:  Hold'em No Limit ($0.01/$0.02 USD) - 2021/10/16 16:02:13 PT [2021/10/16 19:02:13 ET]
Table 'Dejan III' 9-max Seat #5 is the button
Seat 1: nyunyisnyunyo ($2.82 in chips) 
Seat 2: rupertaa ($0.38 in chips) 
Seat 3: serg197211 ($2 in chips) 
Seat 4: Nick.Siloff ($2.95 in chips) 
Seat 5: zyaleniyeg ($3.72 in chips) 
Seat 6: Dorex2007 ($2.42 in chips) 
Seat 7: palmrobert60 ($1.51 in chips) 
Seat 8: Noah2039 ($2.16 in chips) 
Seat 9: abobora33 ($2.04 in chips) 
Dorex2007: posts small blind $0.01
palmrobert60: posts big blind $0.02
*** HOLE CARDS ***
Dealt to Dorex2007 [9c Qd]
Noah2039: folds 
abobora33: folds 
nyunyisnyunyo: folds 
rupertaa: calls $0.02
serg197211: folds 
Nick.Siloff: folds 
zyaleniyeg: folds 
Dorex2007: folds 
palmrobert60: checks 
*** FLOP *** [Jc Ac 6h]
palmrobert60: checks 
rupertaa: bets $0.02
palmrobert60: folds 
Uncalled bet ($0.02) returned to rupertaa
rupertaa collected $0.05 from pot
rupertaa: doesn't show hand 
*** SUMMARY ***
Total pot $0.05 | Rake $0 
Board [Jc Ac 6h]
Seat 1: nyunyisnyunyo folded before Flop (didn't bet)
Seat 2: rupertaa collected ($0.05)
Seat 3: serg197211 folded before Flop (didn't bet)
Seat 4: Nick.Siloff folded before Flop (didn't bet)
Seat 5: zyaleniyeg (button) folded before Flop (didn't bet)
Seat 6: Dorex2007 (small blind) folded before Flop
Seat 7: palmrobert60 (big blind) folded on the Flop
Seat 8: Noah2039 folded before Flop (didn't bet)
Seat 9: abobora33 folded before Flop (didn't bet)



PokerStars Hand #230662935085:  Hold'em No Limit ($0.01/$0.02 USD) - 2021/10/16 16:02:42 PT [2021/10/16 19:02:42 ET]
Table 'Dejan III' 9-max Seat #6 is the button
Seat 1: nyunyisnyunyo ($2.82 in chips) 
Seat 2: rupertaa ($0.41 in chips) 
Seat 3: serg197211 ($2 in chips) 
Seat 4: Nick.Siloff ($2.95 in chips) 
Seat 5: zyaleniyeg ($3.72 in chips) 
Seat 6: Dorex2007 ($2.41 in chips) 
Seat 7: palmrobert60 ($1.49 in chips) 
Seat 8: Noah2039 ($2.16 in chips) 
Seat 9: abobora33 ($2.04 in chips) 
palmrobert60: posts small blind $0.01
Noah2039: posts big blind $0.02
*** HOLE CARDS ***
Dealt to Dorex2007 [Ac 6d]
abobora33: folds 
nyunyisnyunyo: folds 
rupertaa: folds 
serg197211: folds 
Nick.Siloff: folds 
zyaleniyeg: folds 
Dorex2007: folds 
palmrobert60: folds 
Uncalled bet ($0.01) returned to Noah2039
Noah2039 collected $0.02 from pot
Noah2039: doesn't show hand 
*** SUMMARY ***
Total pot $0.02 | Rake $0 
Seat 1: nyunyisnyunyo folded before Flop (didn't bet)
Seat 2: rupertaa folded before Flop (didn't bet)
Seat 3: serg197211 folded before Flop (didn't bet)
Seat 4: Nick.Siloff folded before Flop (didn't bet)
Seat 5: zyaleniyeg folded before Flop (didn't bet)
Seat 6: Dorex2007 (button) folded before Flop (didn't bet)
Seat 7: palmrobert60 (small blind) folded before Flop
Seat 8: Noah2039 (big blind) collected ($0.02)
Seat 9: abobora33 folded before Flop (didn't bet)



PokerStars Hand #230662942598:  Hold'em No Limit ($0.01/$0.02 USD) - 2021/10/16 16:03:03 PT [2021/10/16 19:03:03 ET]
Table 'Dejan III' 9-max Seat #7 is the button
Seat 1: nyunyisnyunyo ($2.82 in chips) 
Seat 2: rupertaa ($0.41 in chips) 
Seat 3: serg197211 ($2 in chips) 
Seat 4: Nick.Siloff ($2.95 in chips) 
Seat 5: zyaleniyeg ($3.72 in chips) 
Seat 6: Dorex2007 ($2.41 in chips) 
Seat 7: palmrobert60 ($1.48 in chips) 
Seat 8: Noah2039 ($2.17 in chips) 
Seat 9: abobora33 ($2.04 in chips) 
Noah2039: posts small blind $0.01
abobora33: posts big blind $0.02
*** HOLE CARDS ***
Dealt to Dorex2007 [8s 4s]
nyunyisnyunyo: folds 
rupertaa: folds 
serg197211: folds 
Nick.Siloff: raises $0.02 to $0.04
zyaleniyeg: folds 
Dorex2007: folds 
palmrobert60: folds 
Noah2039: calls $0.03
abobora33: folds 
*** FLOP *** [Kc Tc 5s]
Noah2039: checks 
Nick.Siloff: checks 
*** TURN *** [Kc Tc 5s] [Th]
Noah2039: checks 
Nick.Siloff: bets $0.06
Noah2039: calls $0.06
*** RIVER *** [Kc Tc 5s Th] [Td]
Noah2039: checks 
Nick.Siloff: checks 
*** SHOW DOWN ***
Noah2039: shows [Ah 7h] (three of a kind, Tens)
Nick.Siloff: shows [3d Ad] (three of a kind, Tens)
Noah2039 collected $0.11 from pot
Nick.Siloff collected $0.10 from pot
*** SUMMARY ***
Total pot $0.22 | Rake $0.01 
Board [Kc Tc 5s Th Td]
Seat 1: nyunyisnyunyo folded before Flop (didn't bet)
Seat 2: rupertaa folded before Flop (didn't bet)
Seat 3: serg197211 folded before Flop (didn't bet)
Seat 4: Nick.Siloff showed [3d Ad] and won ($0.10) with three of a kind, Tens
Seat 5: zyaleniyeg folded before Flop (didn't bet)
Seat 6: Dorex2007 folded before Flop (didn't bet)
Seat 7: palmrobert60 (button) folded before Flop (didn't bet)
Seat 8: Noah2039 (small blind) showed [Ah 7h] and won ($0.11) with three of a kind, Tens
Seat 9: abobora33 (big blind) folded before Flop



PokerStars Hand #230662965670:  Hold'em No Limit ($0.01/$0.02 USD) - 2021/10/16 16:04:08 PT [2021/10/16 19:04:08 ET]
Table 'Dejan III' 9-max Seat #8 is the button
Seat 1: nyunyisnyunyo ($2.82 in chips) 
Seat 2: rupertaa ($0.41 in chips) 
Seat 3: serg197211 ($2 in chips) 
Seat 4: Nick.Siloff ($2.95 in chips) 
Seat 5: zyaleniyeg ($3.72 in chips) 
Seat 6: Dorex2007 ($2.41 in chips) 
Seat 7: palmrobert60 ($1.48 in chips) 
Seat 8: Noah2039 ($2.18 in chips) 
Seat 9: abobora33 ($2.02 in chips) 
abobora33: posts small blind $0.01
nyunyisnyunyo: posts big blind $0.02
*** HOLE CARDS ***
Dealt to Dorex2007 [Qh 5c]
rupertaa: calls $0.02
serg197211: folds 
Nick.Siloff: folds 
zyaleniyeg: folds 
Dorex2007: folds 
palmrobert60: calls $0.02
Noah2039: calls $0.02
abobora33: calls $0.01
nyunyisnyunyo: checks 
*** FLOP *** [Jd 8c 2s]
abobora33: checks 
nyunyisnyunyo: checks 
rupertaa: bets $0.04
palmrobert60: calls $0.04
Noah2039: calls $0.04
abobora33: folds 
nyunyisnyunyo: folds 
*** TURN *** [Jd 8c 2s] [Th]
rupertaa: checks 
palmrobert60: checks 
Noah2039: checks 
*** RIVER *** [Jd 8c 2s Th] [9s]
rupertaa: checks 
palmrobert60: bets $0.10
Noah2039: calls $0.10
rupertaa: folds 
*** SHOW DOWN ***
palmrobert60: shows [3h 3s] (a pair of Threes)
Noah2039: shows [Qs Td] (a straight, Eight to Queen)
Noah2039 collected $0.41 from pot
*** SUMMARY ***
Total pot $0.42 | Rake $0.01 
Board [Jd 8c 2s Th 9s]
Seat 1: nyunyisnyunyo (big blind) folded on the Flop
Seat 2: rupertaa folded on the River
Seat 3: serg197211 folded before Flop (didn't bet)
Seat 4: Nick.Siloff folded before Flop (didn't bet)
Seat 5: zyaleniyeg folded before Flop (didn't bet)
Seat 6: Dorex2007 folded before Flop (didn't bet)
Seat 7: palmrobert60 showed [3h 3s] and lost with a pair of Threes
Seat 8: Noah2039 (button) showed [Qs Td] and won ($0.41) with a straight, Eight to Queen
Seat 9: abobora33 (small blind) folded on the Flop



PokerStars Hand #230662994712:  Hold'em No Limit ($0.01/$0.02 USD) - 2021/10/16 16:05:19 PT [2021/10/16 19:05:19 ET]
Table 'Dejan III' 9-max Seat #9 is the button
Seat 1: nyunyisnyunyo ($2.80 in chips) 
Seat 2: rupertaa ($0.35 in chips) 
Seat 3: serg197211 ($2 in chips) 
Seat 4: Nick.Siloff ($2.95 in chips) 
Seat 5: zyaleniyeg ($3.72 in chips) 
Seat 6: Dorex2007 ($2.41 in chips) 
Seat 7: palmrobert60 ($1.32 in chips) 
Seat 8: Noah2039 ($2.43 in chips) 
Seat 9: abobora33 ($2 in chips) 
nyunyisnyunyo: posts small blind $0.01
rupertaa: posts big blind $0.02
*** HOLE CARDS ***
Dealt to Dorex2007 [6h Js]
serg197211: folds 
Nick.Siloff: folds 
zyaleniyeg: folds 
Dorex2007: folds 
palmrobert60: calls $0.02
Noah2039: folds 
abobora33: folds 
nyunyisnyunyo: folds 
rupertaa: checks 
*** FLOP *** [Jh Kh Ac]
rupertaa: checks 
palmrobert60: checks 
*** TURN *** [Jh Kh Ac] [6c]
rupertaa: bets $0.02
palmrobert60: folds 
Uncalled bet ($0.02) returned to rupertaa
rupertaa collected $0.05 from pot
rupertaa: doesn't show hand 
*** SUMMARY ***
Total pot $0.05 | Rake $0 
Board [Jh Kh Ac 6c]
Seat 1: nyunyisnyunyo (small blind) folded before Flop
Seat 2: rupertaa (big blind) collected ($0.05)
Seat 3: serg197211 folded before Flop (didn't bet)
Seat 4: Nick.Siloff folded before Flop (didn't bet)
Seat 5: zyaleniyeg folded before Flop (didn't bet)
Seat 6: Dorex2007 folded before Flop (didn't bet)
Seat 7: palmrobert60 folded on the Turn
Seat 8: Noah2039 folded before Flop (didn't bet)
Seat 9: abobora33 (button) folded before Flop (didn't bet)



PokerStars Hand #230663008953:  Hold'em No Limit ($0.01/$0.02 USD) - 2021/10/16 16:05:59 PT [2021/10/16 19:05:59 ET]
Table 'Dejan III' 9-max Seat #1 is the button
Seat 1: nyunyisnyunyo ($2.79 in chips) 
Seat 2: rupertaa ($0.38 in chips) 
Seat 3: serg197211 ($2 in chips) 
Seat 4: Nick.Siloff ($2.95 in chips) 
Seat 5: zyaleniyeg ($3.72 in chips) 
Seat 6: Dorex2007 ($2.41 in chips) 
Seat 7: palmrobert60 ($1.30 in chips) 
Seat 8: Noah2039 ($2.43 in chips) 
Seat 9: abobora33 ($2 in chips) 
rupertaa: posts small blind $0.01
serg197211: posts big blind $0.02
*** HOLE CARDS ***
Dealt to Dorex2007 [3d 9h]
Nick.Siloff: raises $0.02 to $0.04
zyaleniyeg: folds 
Dorex2007: folds 
palmrobert60: calls $0.04
Noah2039 is disconnected 
Noah2039 has timed out while being disconnected
Noah2039: folds 
abobora33: folds 
nyunyisnyunyo: folds 
rupertaa: folds 
serg197211: folds 
*** FLOP *** [3c 6c 8d]
Nick.Siloff: bets $0.07
palmrobert60: calls $0.07
*** TURN *** [3c 6c 8d] [4c]
Nick.Siloff: bets $0.14
palmrobert60: calls $0.14
*** RIVER *** [3c 6c 8d 4c] [7c]
Nick.Siloff: checks 
palmrobert60: checks 
*** SHOW DOWN ***
Nick.Siloff: shows [Tc 9c] (a flush, Ten high)
palmrobert60: shows [Ad Qc] (a flush, Queen high)
palmrobert60 collected $0.51 from pot
*** SUMMARY ***
Total pot $0.53 | Rake $0.02 
Board [3c 6c 8d 4c 7c]
Seat 1: nyunyisnyunyo (button) folded before Flop (didn't bet)
Seat 2: rupertaa (small blind) folded before Flop
Seat 3: serg197211 (big blind) folded before Flop
Seat 4: Nick.Siloff showed [Tc 9c] and lost with a flush, Ten high
Seat 5: zyaleniyeg folded before Flop (didn't bet)
Seat 6: Dorex2007 folded before Flop (didn't bet)
Seat 7: palmrobert60 showed [Ad Qc] and won ($0.51) with a flush, Queen high
Seat 8: Noah2039 folded before Flop (didn't bet)
Seat 9: abobora33 folded before Flop (didn't bet)



PokerStars Hand #230663033708:  Hold'em No Limit ($0.01/$0.02 USD) - 2021/10/16 16:07:09 PT [2021/10/16 19:07:09 ET]
Table 'Dejan III' 9-max Seat #2 is the button
Seat 1: nyunyisnyunyo ($2.79 in chips) 
Seat 2: rupertaa ($0.37 in chips) 
Seat 3: serg197211 ($2 in chips) 
Seat 4: Nick.Siloff ($2.70 in chips) 
Seat 5: zyaleniyeg ($3.72 in chips) 
Seat 6: Dorex2007 ($2.41 in chips) 
Seat 7: palmrobert60 ($1.56 in chips) 
Seat 8: Noah2039 ($2.43 in chips) 
serg197211: posts small blind $0.01
Nick.Siloff: posts big blind $0.02
*** HOLE CARDS ***
Dealt to Dorex2007 [Td 2s]
zyaleniyeg: calls $0.02
Dorex2007: folds 
palmrobert60: calls $0.02
Noah2039: folds 
nyunyisnyunyo: folds 
rupertaa: folds 
serg197211: folds 
Nick.Siloff: checks 
*** FLOP *** [Ad 9d Kc]
Nick.Siloff: checks 
zyaleniyeg: checks 
palmrobert60: checks 
*** TURN *** [Ad 9d Kc] [Th]
Nick.Siloff: checks 
zyaleniyeg: bets $0.04
palmrobert60: folds 
Nick.Siloff: folds 
Uncalled bet ($0.04) returned to zyaleniyeg
zyaleniyeg collected $0.07 from pot
zyaleniyeg: doesn't show hand 
*** SUMMARY ***
Total pot $0.07 | Rake $0 
Board [Ad 9d Kc Th]
Seat 1: nyunyisnyunyo folded before Flop (didn't bet)
Seat 2: rupertaa (button) folded before Flop (didn't bet)
Seat 3: serg197211 (small blind) folded before Flop
Seat 4: Nick.Siloff (big blind) folded on the Turn
Seat 5: zyaleniyeg collected ($0.07)
Seat 6: Dorex2007 folded before Flop (didn't bet)
Seat 7: palmrobert60 folded on the Turn
Seat 8: Noah2039 folded before Flop (didn't bet)



PokerStars Hand #230663045052:  Hold'em No Limit ($0.01/$0.02 USD) - 2021/10/16 16:07:41 PT [2021/10/16 19:07:41 ET]
Table 'Dejan III' 9-max Seat #3 is the button
Seat 1: nyunyisnyunyo ($2.79 in chips) 
Seat 2: rupertaa ($0.37 in chips) 
Seat 3: serg197211 ($2 in chips) 
Seat 4: Nick.Siloff ($2.68 in chips) 
Seat 5: zyaleniyeg ($3.77 in chips) 
Seat 6: Dorex2007 ($2.41 in chips) 
Seat 7: palmrobert60 ($1.54 in chips) 
Seat 8: Noah2039 ($2.43 in chips) 
Nick.Siloff: posts small blind $0.01
zyaleniyeg: posts big blind $0.02
*** HOLE CARDS ***
Dealt to Dorex2007 [2d 8d]
Dorex2007: folds 
palmrobert60: calls $0.02
Noah2039: calls $0.02
nyunyisnyunyo: folds 
rupertaa: folds 
serg197211: calls $0.02
Nick.Siloff: folds 
zyaleniyeg: checks 
*** FLOP *** [9d 8c 4h]
zyaleniyeg: checks 
palmrobert60: checks 
Noah2039: bets $0.04
serg197211: folds 
zyaleniyeg: folds 
palmrobert60: calls $0.04
*** TURN *** [9d 8c 4h] [Tc]
palmrobert60: checks 
Noah2039: checks 
*** RIVER *** [9d 8c 4h Tc] [Ad]
palmrobert60: checks 
Noah2039: bets $0.04
palmrobert60: folds 
Uncalled bet ($0.04) returned to Noah2039
Noah2039 collected $0.16 from pot
Noah2039: doesn't show hand 
*** SUMMARY ***
Total pot $0.17 | Rake $0.01 
Board [9d 8c 4h Tc Ad]
Seat 1: nyunyisnyunyo folded before Flop (didn't bet)
Seat 2: rupertaa folded before Flop (didn't bet)
Seat 3: serg197211 (button) folded on the Flop
Seat 4: Nick.Siloff (small blind) folded before Flop
Seat 5: zyaleniyeg (big blind) folded on the Flop
Seat 6: Dorex2007 folded before Flop (didn't bet)
Seat 7: palmrobert60 folded on the River
Seat 8: Noah2039 collected ($0.16)



PokerStars Hand #230663083793:  Hold'em No Limit ($0.01/$0.02 USD) - 2021/10/16 16:09:02 PT [2021/10/16 19:09:02 ET]
Table 'Dejan III' 9-max Seat #5 is the button
Seat 1: nyunyisnyunyo ($2.79 in chips) 
Seat 2: rupertaa ($0.37 in chips) 
Seat 3: serg197211 ($2 in chips) 
Seat 5: zyaleniyeg ($3.75 in chips) 
Seat 6: Dorex2007 ($2.41 in chips) 
Seat 7: palmrobert60 ($1.48 in chips) 
Seat 8: Noah2039 ($2.53 in chips) 
Dorex2007: posts small blind $0.01
palmrobert60: posts big blind $0.02
*** HOLE CARDS ***
Dealt to Dorex2007 [6s Ac]
Noah2039: folds 
nyunyisnyunyo: calls $0.02
rupertaa: folds 
serg197211: folds 
zyaleniyeg: folds 
Dorex2007: calls $0.01
palmrobert60: checks 
*** FLOP *** [3s 7h 9d]
Dorex2007: checks 
palmrobert60: checks 
nyunyisnyunyo: bets $0.06
Dorex2007: folds 
palmrobert60: folds 
Uncalled bet ($0.06) returned to nyunyisnyunyo
nyunyisnyunyo collected $0.06 from pot
nyunyisnyunyo: doesn't show hand 
*** SUMMARY ***
Total pot $0.06 | Rake $0 
Board [3s 7h 9d]
Seat 1: nyunyisnyunyo collected ($0.06)
Seat 2: rupertaa folded before Flop (didn't bet)
Seat 3: serg197211 folded before Flop (didn't bet)
Seat 5: zyaleniyeg (button) folded before Flop (didn't bet)
Seat 6: Dorex2007 (small blind) folded on the Flop
Seat 7: palmrobert60 (big blind) folded on the Flop
Seat 8: Noah2039 folded before Flop (didn't bet)



PokerStars Hand #230663094260:  Hold'em No Limit ($0.01/$0.02 USD) - 2021/10/16 16:09:32 PT [2021/10/16 19:09:32 ET]
Table 'Dejan III' 9-max Seat #6 is the button
Seat 1: nyunyisnyunyo ($2.83 in chips) 
Seat 2: rupertaa ($0.37 in chips) 
Seat 3: serg197211 ($2 in chips) 
Seat 5: zyaleniyeg ($3.75 in chips) 
Seat 6: Dorex2007 ($2.39 in chips) 
Seat 7: palmrobert60 ($1.46 in chips) 
Seat 8: Noah2039 ($2.53 in chips) 
palmrobert60: posts small blind $0.01
Noah2039: posts big blind $0.02
*** HOLE CARDS ***
Dealt to Dorex2007 [Jh 7d]
nyunyisnyunyo: folds 
rupertaa: calls $0.02
serg197211: folds 
zyaleniyeg: folds 
Dorex2007: folds 
palmrobert60: folds 
Noah2039: checks 
*** FLOP *** [Ah Ts 8h]
Noah2039: checks 
rupertaa: bets $0.02
Noah2039: folds 
Uncalled bet ($0.02) returned to rupertaa
rupertaa collected $0.05 from pot
rupertaa: doesn't show hand 
*** SUMMARY ***
Total pot $0.05 | Rake $0 
Board [Ah Ts 8h]
Seat 1: nyunyisnyunyo folded before Flop (didn't bet)
Seat 2: rupertaa collected ($0.05)
Seat 3: serg197211 folded before Flop (didn't bet)
Seat 5: zyaleniyeg folded before Flop (didn't bet)
Seat 6: Dorex2007 (button) folded before Flop (didn't bet)
Seat 7: palmrobert60 (small blind) folded before Flop
Seat 8: Noah2039 (big blind) folded on the Flop



PokerStars Hand #230663108943:  Hold'em No Limit ($0.01/$0.02 USD) - 2021/10/16 16:10:14 PT [2021/10/16 19:10:14 ET]
Table 'Dejan III' 9-max Seat #7 is the button
Seat 1: nyunyisnyunyo ($2.83 in chips) 
Seat 2: rupertaa ($0.40 in chips) 
Seat 3: serg197211 ($2 in chips) 
Seat 4: Nick.Siloff ($2.67 in chips) 
Seat 5: zyaleniyeg ($3.75 in chips) 
Seat 6: Dorex2007 ($2.39 in chips) 
Seat 7: palmrobert60 ($1.45 in chips) 
Seat 8: Noah2039 ($2.51 in chips) 
Noah2039: posts small blind $0.01
nyunyisnyunyo: posts big blind $0.02
*** HOLE CARDS ***
Dealt to Dorex2007 [2h Tc]
rupertaa: calls $0.02
serg197211: folds 
Nick.Siloff: folds 
zyaleniyeg: folds 
Dorex2007: folds 
palmrobert60: folds 
Noah2039: folds 
nyunyisnyunyo: checks 
*** FLOP *** [9d Js 5s]
nyunyisnyunyo: checks 
rupertaa: bets $0.02
nyunyisnyunyo: folds 
Uncalled bet ($0.02) returned to rupertaa
rupertaa collected $0.05 from pot
rupertaa: doesn't show hand 
*** SUMMARY ***
Total pot $0.05 | Rake $0 
Board [9d Js 5s]
Seat 1: nyunyisnyunyo (big blind) folded on the Flop
Seat 2: rupertaa collected ($0.05)
Seat 3: serg197211 folded before Flop (didn't bet)
Seat 4: Nick.Siloff folded before Flop (didn't bet)
Seat 5: zyaleniyeg folded before Flop (didn't bet)
Seat 6: Dorex2007 folded before Flop (didn't bet)
Seat 7: palmrobert60 (button) folded before Flop (didn't bet)
Seat 8: Noah2039 (small blind) folded before Flop



PokerStars Hand #230663121352:  Hold'em No Limit ($0.01/$0.02 USD) - 2021/10/16 16:10:50 PT [2021/10/16 19:10:50 ET]
Table 'Dejan III' 9-max Seat #8 is the button
Seat 1: nyunyisnyunyo ($2.81 in chips) 
Seat 2: rupertaa ($0.43 in chips) 
Seat 3: serg197211 ($2 in chips) 
Seat 4: Nick.Siloff ($2.67 in chips) 
Seat 5: zyaleniyeg ($3.75 in chips) 
Seat 6: Dorex2007 ($2.39 in chips) 
Seat 7: palmrobert60 ($1.45 in chips) 
Seat 8: Noah2039 ($2.50 in chips) 
nyunyisnyunyo: posts small blind $0.01
rupertaa: posts big blind $0.02
*** HOLE CARDS ***
Dealt to Dorex2007 [5c 3s]
serg197211: folds 
Nick.Siloff: folds 
zyaleniyeg: folds 
Dorex2007: folds 
palmrobert60: folds 
Noah2039 has timed out
Noah2039: folds 
nyunyisnyunyo: calls $0.01
rupertaa: raises $0.02 to $0.04
nyunyisnyunyo: calls $0.02
*** FLOP *** [2c 8c 4h]
nyunyisnyunyo: checks 
rupertaa: bets $0.04
nyunyisnyunyo: folds 
Uncalled bet ($0.04) returned to rupertaa
rupertaa collected $0.08 from pot
rupertaa: doesn't show hand 
*** SUMMARY ***
Total pot $0.08 | Rake $0 
Board [2c 8c 4h]
Seat 1: nyunyisnyunyo (small blind) folded on the Flop
Seat 2: rupertaa (big blind) collected ($0.08)
Seat 3: serg197211 folded before Flop (didn't bet)
Seat 4: Nick.Siloff folded before Flop (didn't bet)
Seat 5: zyaleniyeg folded before Flop (didn't bet)
Seat 6: Dorex2007 folded before Flop (didn't bet)
Seat 7: palmrobert60 folded before Flop (didn't bet)
Seat 8: Noah2039 (button) folded before Flop (didn't bet)



PokerStars Hand #230663133753:  Hold'em No Limit ($0.01/$0.02 USD) - 2021/10/16 16:11:25 PT [2021/10/16 19:11:25 ET]
Table 'Dejan III' 9-max Seat #1 is the button
Seat 1: nyunyisnyunyo ($2.77 in chips) 
Seat 2: rupertaa ($0.47 in chips) 
Seat 3: serg197211 ($2 in chips) 
Seat 4: Nick.Siloff ($2.67 in chips) 
Seat 5: zyaleniyeg ($3.75 in chips) 
Seat 6: Dorex2007 ($2.39 in chips) 
Seat 7: palmrobert60 ($1.45 in chips) 
Seat 8: Noah2039 ($2.50 in chips) 
rupertaa: posts small blind $0.01
serg197211: posts big blind $0.02
*** HOLE CARDS ***
Dealt to Dorex2007 [7d Qc]
Nick.Siloff: raises $0.02 to $0.04
zyaleniyeg: folds 
Dorex2007: folds 
palmrobert60: folds 
Noah2039: folds 
nyunyisnyunyo: calls $0.04
rupertaa: folds 
serg197211: folds 
*** FLOP *** [3s 3h Kh]
rupertaa leaves the table
Nick.Siloff: bets $0.07
nyunyisnyunyo: calls $0.07
*** TURN *** [3s 3h Kh] [4c]
Nick.Siloff: bets $0.14
nyunyisnyunyo: calls $0.14
*** RIVER *** [3s 3h Kh 4c] [8d]
Nick.Siloff: bets $0.41
nyunyisnyunyo: raises $0.59 to $1
Nick.Siloff: raises $1.42 to $2.42 and is all-in
nyunyisnyunyo: folds 
Uncalled bet ($1.42) returned to Nick.Siloff
Nick.Siloff collected $2.44 from pot
*** SUMMARY ***
Total pot $2.53 | Rake $0.09 
Board [3s 3h Kh 4c 8d]
Seat 1: nyunyisnyunyo (button) folded on the River
Seat 2: rupertaa (small blind) folded before Flop
Seat 3: serg197211 (big blind) folded before Flop
Seat 4: Nick.Siloff collected ($2.44)
Seat 5: zyaleniyeg folded before Flop (didn't bet)
Seat 6: Dorex2007 folded before Flop (didn't bet)
Seat 7: palmrobert60 folded before Flop (didn't bet)
Seat 8: Noah2039 folded before Flop (didn't bet)



PokerStars Hand #230663163482:  Hold'em No Limit ($0.01/$0.02 USD) - 2021/10/16 16:12:51 PT [2021/10/16 19:12:51 ET]
Table 'Dejan III' 9-max Seat #3 is the button
Seat 1: nyunyisnyunyo ($1.52 in chips) 
Seat 3: serg197211 ($2 in chips) 
Seat 4: Nick.Siloff ($3.86 in chips) 
Seat 6: Dorex2007 ($2.39 in chips) 
Seat 7: palmrobert60 ($1.45 in chips) 
Seat 8: Noah2039 ($2.50 in chips) 
Nick.Siloff: posts small blind $0.01
zyaleniyeg: is sitting out 
zyaleniyeg leaves the table
Dorex2007: posts big blind $0.02
*** HOLE CARDS ***
Dealt to Dorex2007 [2d 9s]
palmrobert60: folds 
Noah2039 has timed out
Noah2039: folds 
nyunyisnyunyo: folds 
serg197211: folds 
Nick.Siloff: folds 
Uncalled bet ($0.01) returned to Dorex2007
Dorex2007 collected $0.02 from pot
Dorex2007: doesn't show hand 
*** SUMMARY ***
Total pot $0.02 | Rake $0 
Seat 1: nyunyisnyunyo folded before Flop (didn't bet)
Seat 3: serg197211 (button) folded before Flop (didn't bet)
Seat 4: Nick.Siloff (small blind) folded before Flop
Seat 6: Dorex2007 (big blind) collected ($0.02)
Seat 7: palmrobert60 folded before Flop (didn't bet)
Seat 8: Noah2039 folded before Flop (didn't bet)



PokerStars Hand #230663169529:  Hold'em No Limit ($0.01/$0.02 USD) - 2021/10/16 16:13:09 PT [2021/10/16 19:13:09 ET]
Table 'Dejan III' 9-max Seat #4 is the button
Seat 1: nyunyisnyunyo ($1.52 in chips) 
Seat 3: serg197211 ($2 in chips) 
Seat 4: Nick.Siloff ($3.85 in chips) 
Seat 6: Dorex2007 ($2.40 in chips) 
Seat 7: palmrobert60 ($1.45 in chips) 
Seat 8: Noah2039 ($2.50 in chips) 
Dorex2007: posts small blind $0.01
palmrobert60: posts big blind $0.02
*** HOLE CARDS ***
Dealt to Dorex2007 [Jd 9h]
Noah2039: folds 
nyunyisnyunyo: folds 
serg197211: folds 
Nick.Siloff: folds 
Dorex2007: folds 
Uncalled bet ($0.01) returned to palmrobert60
palmrobert60 collected $0.02 from pot
palmrobert60: doesn't show hand 
*** SUMMARY ***
Total pot $0.02 | Rake $0 
Seat 1: nyunyisnyunyo folded before Flop (didn't bet)
Seat 3: serg197211 folded before Flop (didn't bet)
Seat 4: Nick.Siloff (button) folded before Flop (didn't bet)
Seat 6: Dorex2007 (small blind) folded before Flop
Seat 7: palmrobert60 (big blind) collected ($0.02)
Seat 8: Noah2039 folded before Flop (didn't bet)



PokerStars Hand #230663172589:  Hold'em No Limit ($0.01/$0.02 USD) - 2021/10/16 16:13:18 PT [2021/10/16 19:13:18 ET]
Table 'Dejan III' 9-max Seat #6 is the button
Seat 1: nyunyisnyunyo ($1.52 in chips) 
Seat 3: serg197211 ($2 in chips) 
Seat 4: Nick.Siloff ($3.85 in chips) 
Seat 6: Dorex2007 ($2.39 in chips) 
Seat 7: palmrobert60 ($1.46 in chips) 
Seat 8: Noah2039 ($2.50 in chips) 
palmrobert60: posts small blind $0.01
Noah2039: posts big blind $0.02
*** HOLE CARDS ***
Dealt to Dorex2007 [7d 6h]
nyunyisnyunyo: calls $0.02
serg197211: folds 
Nick.Siloff: folds 
Dorex2007: folds 
palmrobert60: calls $0.01
Noah2039: checks 
*** FLOP *** [Js 8c Qs]
palmrobert60: checks 
Noah2039: checks 
nyunyisnyunyo: bets $0.08
palmrobert60: folds 
Noah2039: folds 
Uncalled bet ($0.08) returned to nyunyisnyunyo
nyunyisnyunyo collected $0.06 from pot
nyunyisnyunyo: doesn't show hand 
*** SUMMARY ***
Total pot $0.06 | Rake $0 
Board [Js 8c Qs]
Seat 1: nyunyisnyunyo collected ($0.06)
Seat 3: serg197211 folded before Flop (didn't bet)
Seat 4: Nick.Siloff folded before Flop (didn't bet)
Seat 6: Dorex2007 (button) folded before Flop (didn't bet)
Seat 7: palmrobert60 (small blind) folded on the Flop
Seat 8: Noah2039 (big blind) folded on the Flop



