PokerStars Hand #232498837281:  Hold'em No Limit ($0.01/$0.02 USD) - 2021/12/24 20:44:09 PT [2021/12/24 23:44:09 ET]
Table 'Mancunia III' 9-max Seat #8 is the button
Seat 1: nadokesh ($2 in chips) 
Seat 2: Boogadaba ($6.76 in chips) 
Seat 4: IlovePoker9089 ($1.69 in chips) 
Seat 5: JosephClimberB ($1.08 in chips) 
Seat 6: abufirs ($2.56 in chips) 
Seat 7: Dorex2007 ($2 in chips) 
Seat 8: kiling1 ($2.01 in chips) 
Seat 9: D.R.Pletsch ($1.66 in chips) 
D.R.Pletsch: posts small blind $0.01
nadokesh: posts big blind $0.02
Dorex2007: posts big blind $0.02
*** HOLE CARDS ***
Dealt to Dorex2007 [Qd 8c]
Boogadaba: folds 
IlovePoker9089: folds 
JosephClimberB has timed out
JosephClimberB: folds 
abufirs: calls $0.02
Dorex2007: checks 
kiling1: folds 
D.R.Pletsch: folds 
nadokesh: checks 
*** FLOP *** [2c Jh Td]
nadokesh: checks 
abufirs: checks 
Dorex2007: checks 
*** TURN *** [2c Jh Td] [9d]
nadokesh: checks 
abufirs: checks 
Dorex2007: bets $0.07
AQUIEGALOPORRA joins the table at seat #3 
nadokesh: folds 
abufirs: folds 
Uncalled bet ($0.07) returned to Dorex2007
Dorex2007 collected $0.07 from pot
Dorex2007: doesn't show hand 
*** SUMMARY ***
Total pot $0.07 | Rake $0 
Board [2c Jh Td 9d]
Seat 1: nadokesh (big blind) folded on the Turn
Seat 2: Boogadaba folded before Flop (didn't bet)
Seat 4: IlovePoker9089 folded before Flop (didn't bet)
Seat 5: JosephClimberB folded before Flop (didn't bet)
Seat 6: abufirs folded on the Turn
Seat 7: Dorex2007 collected ($0.07)
Seat 8: kiling1 (button) folded before Flop (didn't bet)
Seat 9: D.R.Pletsch (small blind) folded before Flop



PokerStars Hand #232498845977:  Hold'em No Limit ($0.01/$0.02 USD) - 2021/12/24 20:45:03 PT [2021/12/24 23:45:03 ET]
Table 'Mancunia III' 9-max Seat #9 is the button
Seat 1: nadokesh ($2 in chips) 
Seat 2: Boogadaba ($6.76 in chips) 
Seat 4: IlovePoker9089 ($1.69 in chips) 
Seat 5: JosephClimberB ($1.08 in chips) 
Seat 6: abufirs ($2.54 in chips) 
Seat 7: Dorex2007 ($2.05 in chips) 
Seat 8: kiling1 ($2.01 in chips) 
Seat 9: D.R.Pletsch ($1.65 in chips) 
nadokesh: posts small blind $0.01
Boogadaba: posts big blind $0.02
AQUIEGALOPORRA: sits out 
*** HOLE CARDS ***
Dealt to Dorex2007 [2s Td]
IlovePoker9089: folds 
JosephClimberB: folds 
abufirs: folds 
Dorex2007: folds 
kiling1: folds 
D.R.Pletsch: calls $0.02
nadokesh: calls $0.01
Boogadaba: checks 
*** FLOP *** [9c 4d 3c]
nadokesh: checks 
Boogadaba: checks 
D.R.Pletsch: checks 
*** TURN *** [9c 4d 3c] [Tc]
nadokesh: checks 
Boogadaba: checks 
D.R.Pletsch: checks 
*** RIVER *** [9c 4d 3c Tc] [Js]
nadokesh: checks 
Boogadaba: bets $0.04
D.R.Pletsch: calls $0.04
nadokesh: folds 
*** SHOW DOWN ***
Boogadaba: shows [2h Jd] (a pair of Jacks)
D.R.Pletsch: mucks hand 
Boogadaba collected $0.14 from pot
*** SUMMARY ***
Total pot $0.14 | Rake $0 
Board [9c 4d 3c Tc Js]
Seat 1: nadokesh (small blind) folded on the River
Seat 2: Boogadaba (big blind) showed [2h Jd] and won ($0.14) with a pair of Jacks
Seat 4: IlovePoker9089 folded before Flop (didn't bet)
Seat 5: JosephClimberB folded before Flop (didn't bet)
Seat 6: abufirs folded before Flop (didn't bet)
Seat 7: Dorex2007 folded before Flop (didn't bet)
Seat 8: kiling1 folded before Flop (didn't bet)
Seat 9: D.R.Pletsch (button) mucked [5c As]



PokerStars Hand #232498855109:  Hold'em No Limit ($0.01/$0.02 USD) - 2021/12/24 20:45:58 PT [2021/12/24 23:45:58 ET]
Table 'Mancunia III' 9-max Seat #1 is the button
Seat 1: nadokesh ($2 in chips) 
Seat 2: Boogadaba ($6.84 in chips) 
Seat 3: AQUIEGALOPORRA ($2 in chips) 
Seat 4: IlovePoker9089 ($1.69 in chips) 
Seat 5: JosephClimberB ($1.08 in chips) 
Seat 6: abufirs ($2.54 in chips) 
Seat 7: Dorex2007 ($2.05 in chips) 
Seat 8: kiling1 ($2.01 in chips) 
Seat 9: D.R.Pletsch ($1.59 in chips) 
Boogadaba: posts small blind $0.01
AQUIEGALOPORRA: posts big blind $0.02
*** HOLE CARDS ***
Dealt to Dorex2007 [9c 2h]
IlovePoker9089: folds 
JosephClimberB: raises $0.04 to $0.06
abufirs: folds 
Dorex2007: folds 
kiling1: folds 
D.R.Pletsch: folds 
nadokesh: folds 
Boogadaba: calls $0.05
D.R.Pletsch leaves the table
AQUIEGALOPORRA: folds 
*** FLOP *** [Th 5h 2c]
tuzzz444 joins the table at seat #9 
Boogadaba: checks 
JosephClimberB: checks 
*** TURN *** [Th 5h 2c] [7s]
Boogadaba: bets $0.07
JosephClimberB: calls $0.07
*** RIVER *** [Th 5h 2c 7s] [As]
Boogadaba: checks 
JosephClimberB: checks 
*** SHOW DOWN ***
Boogadaba: shows [Kc Js] (high card Ace)
JosephClimberB: shows [Kd Tc] (a pair of Tens)
JosephClimberB collected $0.27 from pot
*** SUMMARY ***
Total pot $0.28 | Rake $0.01 
Board [Th 5h 2c 7s As]
Seat 1: nadokesh (button) folded before Flop (didn't bet)
Seat 2: Boogadaba (small blind) showed [Kc Js] and lost with high card Ace
Seat 3: AQUIEGALOPORRA (big blind) folded before Flop
Seat 4: IlovePoker9089 folded before Flop (didn't bet)
Seat 5: JosephClimberB showed [Kd Tc] and won ($0.27) with a pair of Tens
Seat 6: abufirs folded before Flop (didn't bet)
Seat 7: Dorex2007 folded before Flop (didn't bet)
Seat 8: kiling1 folded before Flop (didn't bet)
Seat 9: D.R.Pletsch folded before Flop (didn't bet)



PokerStars Hand #232498865154:  Hold'em No Limit ($0.01/$0.02 USD) - 2021/12/24 20:46:59 PT [2021/12/24 23:46:59 ET]
Table 'Mancunia III' 9-max Seat #2 is the button
Seat 1: nadokesh ($2 in chips) 
Seat 2: Boogadaba ($6.71 in chips) 
Seat 3: AQUIEGALOPORRA ($1.98 in chips) 
Seat 4: IlovePoker9089 ($1.69 in chips) 
Seat 5: JosephClimberB ($1.22 in chips) 
Seat 6: abufirs ($2.54 in chips) 
Seat 7: Dorex2007 ($2.05 in chips) 
Seat 8: kiling1 ($2.01 in chips) 
Seat 9: tuzzz444 ($0.80 in chips) 
AQUIEGALOPORRA: posts small blind $0.01
IlovePoker9089: posts big blind $0.02
tuzzz444: posts big blind $0.02
*** HOLE CARDS ***
Dealt to Dorex2007 [2h 6d]
JosephClimberB: folds 
abufirs: folds 
Dorex2007: folds 
kiling1: folds 
tuzzz444: raises $0.02 to $0.04
nadokesh: folds 
Boogadaba: folds 
AQUIEGALOPORRA: calls $0.03
IlovePoker9089: folds 
*** FLOP *** [5c 7s Qs]
AQUIEGALOPORRA: checks 
tuzzz444: bets $0.05
AQUIEGALOPORRA: folds 
Uncalled bet ($0.05) returned to tuzzz444
tuzzz444 collected $0.10 from pot
*** SUMMARY ***
Total pot $0.10 | Rake $0 
Board [5c 7s Qs]
Seat 1: nadokesh folded before Flop (didn't bet)
Seat 2: Boogadaba (button) folded before Flop (didn't bet)
Seat 3: AQUIEGALOPORRA (small blind) folded on the Flop
Seat 4: IlovePoker9089 (big blind) folded before Flop
Seat 5: JosephClimberB folded before Flop (didn't bet)
Seat 6: abufirs folded before Flop (didn't bet)
Seat 7: Dorex2007 folded before Flop (didn't bet)
Seat 8: kiling1 folded before Flop (didn't bet)
Seat 9: tuzzz444 collected ($0.10)



PokerStars Hand #232498875016:  Hold'em No Limit ($0.01/$0.02 USD) - 2021/12/24 20:48:00 PT [2021/12/24 23:48:00 ET]
Table 'Mancunia III' 9-max Seat #3 is the button
Seat 1: nadokesh ($2 in chips) 
Seat 2: Boogadaba ($6.71 in chips) 
Seat 3: AQUIEGALOPORRA ($1.94 in chips) 
Seat 4: IlovePoker9089 ($1.67 in chips) 
Seat 5: JosephClimberB ($1.22 in chips) 
Seat 6: abufirs ($2.54 in chips) 
Seat 7: Dorex2007 ($2.05 in chips) 
Seat 8: kiling1 ($2.01 in chips) 
Seat 9: tuzzz444 ($0.86 in chips) 
IlovePoker9089: posts small blind $0.01
JosephClimberB: posts big blind $0.02
*** HOLE CARDS ***
Dealt to Dorex2007 [9h Js]
abufirs: calls $0.02
Dorex2007: folds 
kiling1: raises $0.06 to $0.08
tuzzz444: folds 
nadokesh: folds 
Boogadaba: folds 
AQUIEGALOPORRA: raises $0.21 to $0.29
IlovePoker9089: folds 
JosephClimberB: folds 
abufirs: folds 
kiling1: folds 
Uncalled bet ($0.21) returned to AQUIEGALOPORRA
AQUIEGALOPORRA collected $0.21 from pot
AQUIEGALOPORRA: doesn't show hand 
*** SUMMARY ***
Total pot $0.21 | Rake $0 
Seat 1: nadokesh folded before Flop (didn't bet)
Seat 2: Boogadaba folded before Flop (didn't bet)
Seat 3: AQUIEGALOPORRA (button) collected ($0.21)
Seat 4: IlovePoker9089 (small blind) folded before Flop
Seat 5: JosephClimberB (big blind) folded before Flop
Seat 6: abufirs folded before Flop
Seat 7: Dorex2007 folded before Flop (didn't bet)
Seat 8: kiling1 folded before Flop
Seat 9: tuzzz444 folded before Flop (didn't bet)



PokerStars Hand #232498881697:  Hold'em No Limit ($0.01/$0.02 USD) - 2021/12/24 20:48:41 PT [2021/12/24 23:48:41 ET]
Table 'Mancunia III' 9-max Seat #4 is the button
Seat 1: nadokesh ($2 in chips) 
Seat 2: Boogadaba ($6.71 in chips) 
Seat 3: AQUIEGALOPORRA ($2.07 in chips) 
Seat 4: IlovePoker9089 ($1.66 in chips) 
Seat 5: JosephClimberB ($1.20 in chips) 
Seat 6: abufirs ($2.52 in chips) 
Seat 7: Dorex2007 ($2.05 in chips) 
Seat 8: kiling1 ($1.93 in chips) 
Seat 9: tuzzz444 ($0.86 in chips) 
JosephClimberB: posts small blind $0.01
abufirs: posts big blind $0.02
*** HOLE CARDS ***
Dealt to Dorex2007 [Kc Js]
Dorex2007: folds 
kiling1: folds 
tuzzz444: folds 
nadokesh: folds 
Boogadaba: folds 
Boogadaba leaves the table
K_raisyGuy joins the table at seat #2 
AQUIEGALOPORRA: raises $0.04 to $0.06
IlovePoker9089: folds 
JosephClimberB: folds 
abufirs: folds 
Uncalled bet ($0.04) returned to AQUIEGALOPORRA
AQUIEGALOPORRA collected $0.05 from pot
AQUIEGALOPORRA: doesn't show hand 
*** SUMMARY ***
Total pot $0.05 | Rake $0 
Seat 1: nadokesh folded before Flop (didn't bet)
Seat 2: Boogadaba folded before Flop (didn't bet)
Seat 3: AQUIEGALOPORRA collected ($0.05)
Seat 4: IlovePoker9089 (button) folded before Flop (didn't bet)
Seat 5: JosephClimberB (small blind) folded before Flop
Seat 6: abufirs (big blind) folded before Flop
Seat 7: Dorex2007 folded before Flop (didn't bet)
Seat 8: kiling1 folded before Flop (didn't bet)
Seat 9: tuzzz444 folded before Flop (didn't bet)



PokerStars Hand #232498887992:  Hold'em No Limit ($0.01/$0.02 USD) - 2021/12/24 20:49:20 PT [2021/12/24 23:49:20 ET]
Table 'Mancunia III' 9-max Seat #5 is the button
Seat 1: nadokesh ($2 in chips) 
Seat 2: K_raisyGuy ($2 in chips) 
Seat 3: AQUIEGALOPORRA ($2.10 in chips) 
Seat 4: IlovePoker9089 ($1.66 in chips) 
Seat 5: JosephClimberB ($1.19 in chips) 
Seat 6: abufirs ($2.50 in chips) 
Seat 7: Dorex2007 ($2.05 in chips) 
Seat 8: kiling1 ($1.93 in chips) 
Seat 9: tuzzz444 ($0.86 in chips) 
abufirs: posts small blind $0.01
Dorex2007: posts big blind $0.02
K_raisyGuy: posts big blind $0.02
*** HOLE CARDS ***
Dealt to Dorex2007 [Ad Ah]
kiling1: raises $0.07 to $0.09
tuzzz444: folds 
nadokesh: folds 
K_raisyGuy: folds 
AQUIEGALOPORRA: folds 
IlovePoker9089: folds 
JosephClimberB: calls $0.09
abufirs: folds 
Dorex2007: raises $0.13 to $0.22
kiling1: calls $0.13
JosephClimberB: calls $0.13
*** FLOP *** [Qh Qd 8s]
Dorex2007: checks 
kiling1: bets $0.34
JosephClimberB: folds 
Dorex2007: calls $0.34
*** TURN *** [Qh Qd 8s] [8c]
Dorex2007: checks 
kiling1: checks 
*** RIVER *** [Qh Qd 8s 8c] [7h]
Dorex2007: bets $0.66
kiling1: folds 
Uncalled bet ($0.66) returned to Dorex2007
Dorex2007 collected $1.32 from pot
Dorex2007: doesn't show hand 
*** SUMMARY ***
Total pot $1.37 | Rake $0.05 
Board [Qh Qd 8s 8c 7h]
Seat 1: nadokesh folded before Flop (didn't bet)
Seat 2: K_raisyGuy folded before Flop (didn't bet)
Seat 3: AQUIEGALOPORRA folded before Flop (didn't bet)
Seat 4: IlovePoker9089 folded before Flop (didn't bet)
Seat 5: JosephClimberB (button) folded on the Flop
Seat 6: abufirs (small blind) folded before Flop
Seat 7: Dorex2007 (big blind) collected ($1.32)
Seat 8: kiling1 folded on the River
Seat 9: tuzzz444 folded before Flop (didn't bet)



PokerStars Hand #232498907992:  Hold'em No Limit ($0.01/$0.02 USD) - 2021/12/24 20:51:25 PT [2021/12/24 23:51:25 ET]
Table 'Mancunia III' 9-max Seat #6 is the button
Seat 1: nadokesh ($2 in chips) 
Seat 2: K_raisyGuy ($1.98 in chips) 
Seat 3: AQUIEGALOPORRA ($2.10 in chips) 
Seat 4: IlovePoker9089 ($1.66 in chips) 
Seat 5: JosephClimberB ($0.97 in chips) 
Seat 6: abufirs ($2.49 in chips) 
Seat 7: Dorex2007 ($2.81 in chips) 
Seat 8: kiling1 ($1.37 in chips) 
Seat 9: tuzzz444 ($0.86 in chips) 
Dorex2007: posts small blind $0.01
kiling1: posts big blind $0.02
*** HOLE CARDS ***
Dealt to Dorex2007 [8d 3h]
tuzzz444 is disconnected 
K_raisyGuy said, "QK ffs"
tuzzz444 has timed out while disconnected
tuzzz444: folds 
nadokesh: folds 
K_raisyGuy: raises $0.05 to $0.07
Dorex2007 said, "AA"
AQUIEGALOPORRA: folds 
IlovePoker9089: folds 
JosephClimberB: folds 
abufirs: calls $0.07
Dorex2007: folds 
kiling1: folds 
*** FLOP *** [2c 8h 4d]
K_raisyGuy: bets $0.08
abufirs: calls $0.08
*** TURN *** [2c 8h 4d] [Ad]
K_raisyGuy: bets $0.16
abufirs: folds 
Uncalled bet ($0.16) returned to K_raisyGuy
K_raisyGuy collected $0.32 from pot
K_raisyGuy: doesn't show hand 
*** SUMMARY ***
Total pot $0.33 | Rake $0.01 
Board [2c 8h 4d Ad]
Seat 1: nadokesh folded before Flop (didn't bet)
Seat 2: K_raisyGuy collected ($0.32)
Seat 3: AQUIEGALOPORRA folded before Flop (didn't bet)
Seat 4: IlovePoker9089 folded before Flop (didn't bet)
Seat 5: JosephClimberB folded before Flop (didn't bet)
Seat 6: abufirs (button) folded on the Turn
Seat 7: Dorex2007 (small blind) folded before Flop
Seat 8: kiling1 (big blind) folded before Flop
Seat 9: tuzzz444 folded before Flop (didn't bet)



PokerStars Hand #232498922779:  Hold'em No Limit ($0.01/$0.02 USD) - 2021/12/24 20:52:12 PT [2021/12/24 23:52:12 ET]
Table 'Mancunia III' 9-max Seat #7 is the button
Seat 1: nadokesh ($2 in chips) 
Seat 2: K_raisyGuy ($2.15 in chips) 
Seat 3: AQUIEGALOPORRA ($2.10 in chips) 
Seat 4: IlovePoker9089 ($1.66 in chips) 
Seat 5: JosephClimberB ($0.97 in chips) 
Seat 6: abufirs ($2.34 in chips) 
Seat 7: Dorex2007 ($2.80 in chips) 
Seat 8: kiling1 ($1.35 in chips) 
Seat 9: tuzzz444 ($0.86 in chips) 
kiling1: posts small blind $0.01
tuzzz444: posts big blind $0.02
*** HOLE CARDS ***
Dealt to Dorex2007 [6c As]
nadokesh: folds 
K_raisyGuy: folds 
AQUIEGALOPORRA: folds 
IlovePoker9089: folds 
JosephClimberB: calls $0.02
abufirs: raises $0.02 to $0.04
Dorex2007: folds 
kiling1: folds 
tuzzz444: calls $0.02
JosephClimberB: calls $0.02
*** FLOP *** [9c 4h 5d]
kiling1 leaves the table
tuzzz444: checks 
JosephClimberB: bets $0.06
abufirs: calls $0.06
tuzzz444: folds 
*** TURN *** [9c 4h 5d] [Ac]
JosephClimberB: bets $0.12
abufirs: calls $0.12
*** RIVER *** [9c 4h 5d Ac] [Qh]
JosephClimberB: bets $0.75 and is all-in
abufirs: folds 
Uncalled bet ($0.75) returned to JosephClimberB
JosephClimberB collected $0.47 from pot
JosephClimberB: doesn't show hand 
*** SUMMARY ***
Total pot $0.49 | Rake $0.02 
Board [9c 4h 5d Ac Qh]
Seat 1: nadokesh folded before Flop (didn't bet)
Seat 2: K_raisyGuy folded before Flop (didn't bet)
Seat 3: AQUIEGALOPORRA folded before Flop (didn't bet)
Seat 4: IlovePoker9089 folded before Flop (didn't bet)
Seat 5: JosephClimberB collected ($0.47)
Seat 6: abufirs folded on the River
Seat 7: Dorex2007 (button) folded before Flop (didn't bet)
Seat 8: kiling1 (small blind) folded before Flop
Seat 9: tuzzz444 (big blind) folded on the Flop



PokerStars Hand #232498931764:  Hold'em No Limit ($0.01/$0.02 USD) - 2021/12/24 20:53:08 PT [2021/12/24 23:53:08 ET]
Table 'Mancunia III' 9-max Seat #9 is the button
Seat 1: nadokesh ($2 in chips) 
Seat 2: K_raisyGuy ($2.15 in chips) 
Seat 3: AQUIEGALOPORRA ($2.10 in chips) 
Seat 4: IlovePoker9089 ($1.66 in chips) 
Seat 5: JosephClimberB ($1.22 in chips) 
Seat 6: abufirs ($2.12 in chips) 
Seat 7: Dorex2007 ($2.80 in chips) 
Seat 9: tuzzz444 ($0.82 in chips) 
nadokesh: posts small blind $0.01
K_raisyGuy: posts big blind $0.02
*** HOLE CARDS ***
Dealt to Dorex2007 [Kc 9s]
AQUIEGALOPORRA: raises $0.08 to $0.10
IlovePoker9089: folds 
JosephClimberB: folds 
abufirs: folds 
Dorex2007: folds 
tuzzz444: folds 
nadokesh: folds 
K_raisyGuy: folds 
Uncalled bet ($0.08) returned to AQUIEGALOPORRA
AQUIEGALOPORRA collected $0.05 from pot
AQUIEGALOPORRA: doesn't show hand 
*** SUMMARY ***
Total pot $0.05 | Rake $0 
Seat 1: nadokesh (small blind) folded before Flop
Seat 2: K_raisyGuy (big blind) folded before Flop
Seat 3: AQUIEGALOPORRA collected ($0.05)
Seat 4: IlovePoker9089 folded before Flop (didn't bet)
Seat 5: JosephClimberB folded before Flop (didn't bet)
Seat 6: abufirs folded before Flop (didn't bet)
Seat 7: Dorex2007 folded before Flop (didn't bet)
Seat 9: tuzzz444 (button) folded before Flop (didn't bet)



PokerStars Hand #232498937461:  Hold'em No Limit ($0.01/$0.02 USD) - 2021/12/24 20:53:44 PT [2021/12/24 23:53:44 ET]
Table 'Mancunia III' 9-max Seat #1 is the button
Seat 1: nadokesh ($2 in chips) 
Seat 2: K_raisyGuy ($2.13 in chips) 
Seat 3: AQUIEGALOPORRA ($2.13 in chips) 
Seat 4: IlovePoker9089 ($1.66 in chips) 
Seat 5: JosephClimberB ($1.22 in chips) 
Seat 6: abufirs ($2.12 in chips) 
Seat 7: Dorex2007 ($2.80 in chips) 
Seat 9: tuzzz444 ($0.82 in chips) 
K_raisyGuy: posts small blind $0.01
AQUIEGALOPORRA: posts big blind $0.02
*** HOLE CARDS ***
Dealt to Dorex2007 [5d Jh]
IlovePoker9089: folds 
JosephClimberB: calls $0.02
abufirs: folds 
Dorex2007: folds 
tuzzz444: folds 
nadokesh: raises $0.11 to $0.13
K_raisyGuy: folds 
AQUIEGALOPORRA: folds 
JosephClimberB has timed out
JosephClimberB: folds 
Uncalled bet ($0.11) returned to nadokesh
nadokesh collected $0.07 from pot
nadokesh: doesn't show hand 
*** SUMMARY ***
Total pot $0.07 | Rake $0 
Seat 1: nadokesh (button) collected ($0.07)
Seat 2: K_raisyGuy (small blind) folded before Flop
Seat 3: AQUIEGALOPORRA (big blind) folded before Flop
Seat 4: IlovePoker9089 folded before Flop (didn't bet)
Seat 5: JosephClimberB folded before Flop
Seat 6: abufirs folded before Flop (didn't bet)
Seat 7: Dorex2007 folded before Flop (didn't bet)
Seat 9: tuzzz444 folded before Flop (didn't bet)



PokerStars Hand #232498946603:  Hold'em No Limit ($0.01/$0.02 USD) - 2021/12/24 20:54:40 PT [2021/12/24 23:54:40 ET]
Table 'Mancunia III' 9-max Seat #2 is the button
Seat 1: nadokesh ($2.05 in chips) 
Seat 2: K_raisyGuy ($2.12 in chips) 
Seat 3: AQUIEGALOPORRA ($2.11 in chips) 
Seat 4: IlovePoker9089 ($1.66 in chips) 
Seat 6: abufirs ($2.12 in chips) 
Seat 7: Dorex2007 ($2.80 in chips) 
Seat 9: tuzzz444 ($0.82 in chips) 
AQUIEGALOPORRA: posts small blind $0.01
IlovePoker9089: posts big blind $0.02
*** HOLE CARDS ***
Dealt to Dorex2007 [Ah 9h]
abufirs: folds 
Dorex2007: raises $0.04 to $0.06
tuzzz444: calls $0.06
nadokesh: folds 
K_raisyGuy: calls $0.06
AQUIEGALOPORRA: folds 
IlovePoker9089: folds 
*** FLOP *** [4h 3h 8d]
Dorex2007: checks 
tuzzz444: checks 
K_raisyGuy: checks 
*** TURN *** [4h 3h 8d] [7d]
Dorex2007: bets $0.10
tuzzz444: folds 
K_raisyGuy: folds 
Uncalled bet ($0.10) returned to Dorex2007
Dorex2007 collected $0.20 from pot
Dorex2007: doesn't show hand 
*** SUMMARY ***
Total pot $0.21 | Rake $0.01 
Board [4h 3h 8d 7d]
Seat 1: nadokesh folded before Flop (didn't bet)
Seat 2: K_raisyGuy (button) folded on the Turn
Seat 3: AQUIEGALOPORRA (small blind) folded before Flop
Seat 4: IlovePoker9089 (big blind) folded before Flop
Seat 6: abufirs folded before Flop (didn't bet)
Seat 7: Dorex2007 collected ($0.20)
Seat 9: tuzzz444 folded on the Turn



PokerStars Hand #232498955773:  Hold'em No Limit ($0.01/$0.02 USD) - 2021/12/24 20:55:41 PT [2021/12/24 23:55:41 ET]
Table 'Mancunia III' 9-max Seat #3 is the button
Seat 1: nadokesh ($2.05 in chips) 
Seat 2: K_raisyGuy ($2.06 in chips) 
Seat 3: AQUIEGALOPORRA ($2.10 in chips) 
Seat 4: IlovePoker9089 ($1.64 in chips) 
Seat 5: JosephClimberB ($1.20 in chips) 
Seat 6: abufirs ($2.12 in chips) 
Seat 7: Dorex2007 ($2.94 in chips) 
Seat 9: tuzzz444 ($0.76 in chips) 
IlovePoker9089: posts small blind $0.01
JosephClimberB: posts big blind $0.02
*** HOLE CARDS ***
Dealt to Dorex2007 [Jc 7s]
abufirs: folds 
Dorex2007: folds 
tuzzz444: folds 
nadokesh: folds 
K_raisyGuy: folds 
AQUIEGALOPORRA has timed out
AQUIEGALOPORRA: folds 
IlovePoker9089: calls $0.01
JosephClimberB: checks 
*** FLOP *** [3h 4c 3d]
IlovePoker9089: bets $0.02
JosephClimberB: folds 
Uncalled bet ($0.02) returned to IlovePoker9089
4ka0 joins the table at seat #8 
IlovePoker9089 collected $0.04 from pot
*** SUMMARY ***
Total pot $0.04 | Rake $0 
Board [3h 4c 3d]
Seat 1: nadokesh folded before Flop (didn't bet)
Seat 2: K_raisyGuy folded before Flop (didn't bet)
Seat 3: AQUIEGALOPORRA (button) folded before Flop (didn't bet)
Seat 4: IlovePoker9089 (small blind) collected ($0.04)
Seat 5: JosephClimberB (big blind) folded on the Flop
Seat 6: abufirs folded before Flop (didn't bet)
Seat 7: Dorex2007 folded before Flop (didn't bet)
Seat 9: tuzzz444 folded before Flop (didn't bet)



PokerStars Hand #232498962489:  Hold'em No Limit ($0.01/$0.02 USD) - 2021/12/24 20:56:30 PT [2021/12/24 23:56:30 ET]
Table 'Mancunia III' 9-max Seat #4 is the button
Seat 1: nadokesh ($2.05 in chips) 
Seat 2: K_raisyGuy ($2.06 in chips) 
Seat 3: AQUIEGALOPORRA ($2.10 in chips) 
Seat 4: IlovePoker9089 ($1.66 in chips) 
Seat 5: JosephClimberB ($1.18 in chips) 
Seat 6: abufirs ($2.12 in chips) 
Seat 7: Dorex2007 ($2.94 in chips) 
Seat 9: tuzzz444 ($0.76 in chips) 
JosephClimberB: posts small blind $0.01
abufirs: posts big blind $0.02
4ka0: sits out 
*** HOLE CARDS ***
Dealt to Dorex2007 [Td 9d]
Dorex2007: folds 
tuzzz444: folds 
nadokesh: folds 
K_raisyGuy: folds 
AQUIEGALOPORRA: folds 
IlovePoker9089: raises $0.04 to $0.06
JosephClimberB: folds 
abufirs: folds 
Uncalled bet ($0.04) returned to IlovePoker9089
IlovePoker9089 collected $0.05 from pot
*** SUMMARY ***
Total pot $0.05 | Rake $0 
Seat 1: nadokesh folded before Flop (didn't bet)
Seat 2: K_raisyGuy folded before Flop (didn't bet)
Seat 3: AQUIEGALOPORRA folded before Flop (didn't bet)
Seat 4: IlovePoker9089 (button) collected ($0.05)
Seat 5: JosephClimberB (small blind) folded before Flop
Seat 6: abufirs (big blind) folded before Flop
Seat 7: Dorex2007 folded before Flop (didn't bet)
Seat 9: tuzzz444 folded before Flop (didn't bet)



PokerStars Hand #232498965619:  Hold'em No Limit ($0.01/$0.02 USD) - 2021/12/24 20:56:53 PT [2021/12/24 23:56:53 ET]
Table 'Mancunia III' 9-max Seat #5 is the button
Seat 1: nadokesh ($2.05 in chips) 
Seat 2: K_raisyGuy ($2.06 in chips) 
Seat 3: AQUIEGALOPORRA ($2.10 in chips) 
Seat 4: IlovePoker9089 ($1.69 in chips) 
Seat 5: JosephClimberB ($1.17 in chips) 
Seat 6: abufirs ($2.10 in chips) 
Seat 7: Dorex2007 ($2.94 in chips) 
Seat 9: tuzzz444 ($0.76 in chips) 
abufirs: posts small blind $0.01
Dorex2007: posts big blind $0.02
4ka0: sits out 
*** HOLE CARDS ***
Dealt to Dorex2007 [Tc 3s]
tuzzz444: folds 
nadokesh: folds 
K_raisyGuy: folds 
AQUIEGALOPORRA: folds 
IlovePoker9089: raises $0.04 to $0.06
JosephClimberB: folds 
abufirs: calls $0.05
Dorex2007: folds 
*** FLOP *** [Qh 6s Qc]
abufirs: checks 
IlovePoker9089: bets $0.02
tuzzz444 is disconnected 
abufirs: folds 
Uncalled bet ($0.02) returned to IlovePoker9089
IlovePoker9089 collected $0.14 from pot
*** SUMMARY ***
Total pot $0.14 | Rake $0 
Board [Qh 6s Qc]
Seat 1: nadokesh folded before Flop (didn't bet)
Seat 2: K_raisyGuy folded before Flop (didn't bet)
Seat 3: AQUIEGALOPORRA folded before Flop (didn't bet)
Seat 4: IlovePoker9089 collected ($0.14)
Seat 5: JosephClimberB (button) folded before Flop (didn't bet)
Seat 6: abufirs (small blind) folded on the Flop
Seat 7: Dorex2007 (big blind) folded before Flop
Seat 9: tuzzz444 folded before Flop (didn't bet)



PokerStars Hand #232498972735:  Hold'em No Limit ($0.01/$0.02 USD) - 2021/12/24 20:57:44 PT [2021/12/24 23:57:44 ET]
Table 'Mancunia III' 9-max Seat #6 is the button
Seat 1: nadokesh ($2.05 in chips) 
Seat 2: K_raisyGuy ($2.06 in chips) 
Seat 3: AQUIEGALOPORRA ($2.10 in chips) 
Seat 4: IlovePoker9089 ($1.77 in chips) 
Seat 5: JosephClimberB ($1.17 in chips) 
Seat 6: abufirs ($2.04 in chips) 
Seat 7: Dorex2007 ($2.92 in chips) 
Seat 8: 4ka0 ($1.60 in chips) 
Seat 9: tuzzz444 ($0.76 in chips) 
Dorex2007: posts small blind $0.01
4ka0: posts big blind $0.02
*** HOLE CARDS ***
Dealt to Dorex2007 [5c Qs]
tuzzz444 has timed out while disconnected
tuzzz444: folds 
nadokesh: folds 
K_raisyGuy: folds 
AQUIEGALOPORRA has timed out
AQUIEGALOPORRA: folds 
IlovePoker9089: folds 
JosephClimberB: folds 
abufirs: calls $0.02
Dorex2007: folds 
4ka0: checks 
*** FLOP *** [6h Tc 6d]
4ka0: checks 
abufirs: checks 
*** TURN *** [6h Tc 6d] [5s]
4ka0: checks 
abufirs: checks 
*** RIVER *** [6h Tc 6d 5s] [Js]
4ka0: checks 
abufirs: bets $0.04
4ka0: folds 
Uncalled bet ($0.04) returned to abufirs
abufirs collected $0.05 from pot
abufirs: doesn't show hand 
*** SUMMARY ***
Total pot $0.05 | Rake $0 
Board [6h Tc 6d 5s Js]
Seat 1: nadokesh folded before Flop (didn't bet)
Seat 2: K_raisyGuy folded before Flop (didn't bet)
Seat 3: AQUIEGALOPORRA folded before Flop (didn't bet)
Seat 4: IlovePoker9089 folded before Flop (didn't bet)
Seat 5: JosephClimberB folded before Flop (didn't bet)
Seat 6: abufirs (button) collected ($0.05)
Seat 7: Dorex2007 (small blind) folded before Flop
Seat 8: 4ka0 (big blind) folded on the River
Seat 9: tuzzz444 folded before Flop (didn't bet)



PokerStars Hand #232498981115:  Hold'em No Limit ($0.01/$0.02 USD) - 2021/12/24 20:58:41 PT [2021/12/24 23:58:41 ET]
Table 'Mancunia III' 9-max Seat #7 is the button
Seat 1: nadokesh ($2.05 in chips) 
Seat 2: K_raisyGuy ($2.06 in chips) 
Seat 3: AQUIEGALOPORRA ($2.10 in chips) 
Seat 4: IlovePoker9089 ($1.77 in chips) 
Seat 5: JosephClimberB ($1.17 in chips) 
Seat 6: abufirs ($2.07 in chips) 
Seat 7: Dorex2007 ($2.91 in chips) 
Seat 8: 4ka0 ($1.58 in chips) 
Seat 9: tuzzz444 ($0.76 in chips) 
4ka0: posts small blind $0.01
tuzzz444: posts big blind $0.02
*** HOLE CARDS ***
Dealt to Dorex2007 [Ah Qh]
nadokesh: folds 
K_raisyGuy: folds 
AQUIEGALOPORRA: raises $0.02 to $0.04
IlovePoker9089: folds 
JosephClimberB: calls $0.04
abufirs: calls $0.04
Dorex2007: raises $0.14 to $0.18
4ka0: folds 
tuzzz444: folds 
AQUIEGALOPORRA: calls $0.14
JosephClimberB: calls $0.14
abufirs: folds 
*** FLOP *** [Js 5d 6d]
AQUIEGALOPORRA: bets $0.59
JosephClimberB: folds 
Dorex2007: folds 
Uncalled bet ($0.59) returned to AQUIEGALOPORRA
AQUIEGALOPORRA collected $0.59 from pot
AQUIEGALOPORRA: doesn't show hand 
*** SUMMARY ***
Total pot $0.61 | Rake $0.02 
Board [Js 5d 6d]
Seat 1: nadokesh folded before Flop (didn't bet)
Seat 2: K_raisyGuy folded before Flop (didn't bet)
Seat 3: AQUIEGALOPORRA collected ($0.59)
Seat 4: IlovePoker9089 folded before Flop (didn't bet)
Seat 5: JosephClimberB folded on the Flop
Seat 6: abufirs folded before Flop
Seat 7: Dorex2007 (button) folded on the Flop
Seat 8: 4ka0 (small blind) folded before Flop
Seat 9: tuzzz444 (big blind) folded before Flop



