PokerStars Hand #227878922623:  Hold'em No Limit ($0.01/$0.02 USD) - 2021/06/27 1:42:11 PT [2021/06/27 4:42:11 ET]
Table 'Messalina III' 9-max Seat #3 is the button
Seat 1: Dorex2007 ($2 in chips) 
Seat 3: isv777 ($1.41 in chips) 
Seat 4: vas.fegaris ($0.60 in chips) 
Seat 5: xander33911 ($1.22 in chips) 
Seat 6: Alex271828 ($1.72 in chips) 
Seat 7: dinosaur_349 ($1.69 in chips) 
Seat 8: FLOMMASTER ($2.44 in chips) 
Seat 9: Xacra's ($1.61 in chips) 
vas.fegaris: posts small blind $0.01
xander33911: posts big blind $0.02
Dorex2007: posts big blind $0.02
ice245777: sits out 
*** HOLE CARDS ***
Dealt to Dorex2007 [8s 4c]
Alex271828: folds 
dinosaur_349: folds 
FLOMMASTER: folds 
Xacra's: calls $0.02
Dorex2007: checks 
isv777: folds 
vas.fegaris: calls $0.01
xander33911: raises $0.06 to $0.08
Xacra's: folds 
Dorex2007: folds 
vas.fegaris: folds 
Uncalled bet ($0.06) returned to xander33911
xander33911 collected $0.08 from pot
xander33911: doesn't show hand 
*** SUMMARY ***
Total pot $0.08 | Rake $0 
Seat 1: Dorex2007 folded before Flop (didn't bet)
Seat 3: isv777 (button) folded before Flop (didn't bet)
Seat 4: vas.fegaris (small blind) folded before Flop
Seat 5: xander33911 (big blind) collected ($0.08)
Seat 6: Alex271828 folded before Flop (didn't bet)
Seat 7: dinosaur_349 folded before Flop (didn't bet)
Seat 8: FLOMMASTER folded before Flop (didn't bet)
Seat 9: Xacra's folded before Flop



PokerStars Hand #227878930763:  Hold'em No Limit ($0.01/$0.02 USD) - 2021/06/27 1:42:56 PT [2021/06/27 4:42:56 ET]
Table 'Messalina III' 9-max Seat #4 is the button
Seat 1: Dorex2007 ($1.98 in chips) 
Seat 3: isv777 ($1.41 in chips) 
Seat 4: vas.fegaris ($0.58 in chips) 
Seat 5: xander33911 ($1.28 in chips) 
Seat 6: Alex271828 ($1.72 in chips) 
Seat 7: dinosaur_349 ($1.69 in chips) 
Seat 8: FLOMMASTER ($2.44 in chips) 
Seat 9: Xacra's ($1.59 in chips) 
xander33911: posts small blind $0.01
Alex271828: posts big blind $0.02
ice245777: sits out 
*** HOLE CARDS ***
Dealt to Dorex2007 [Td Kh]
dinosaur_349: raises $0.04 to $0.06
FLOMMASTER: calls $0.06
Xacra's: folds 
Dorex2007: folds 
isv777: calls $0.06
vas.fegaris: folds 
xander33911: folds 
Alex271828: folds 
*** FLOP *** [Ah 6d 8c]
dinosaur_349: bets $0.14
FLOMMASTER: folds 
isv777: folds 
Uncalled bet ($0.14) returned to dinosaur_349
dinosaur_349 collected $0.20 from pot
dinosaur_349: doesn't show hand 
*** SUMMARY ***
Total pot $0.21 | Rake $0.01 
Board [Ah 6d 8c]
Seat 1: Dorex2007 folded before Flop (didn't bet)
Seat 3: isv777 folded on the Flop
Seat 4: vas.fegaris (button) folded before Flop (didn't bet)
Seat 5: xander33911 (small blind) folded before Flop
Seat 6: Alex271828 (big blind) folded before Flop
Seat 7: dinosaur_349 collected ($0.20)
Seat 8: FLOMMASTER folded on the Flop
Seat 9: Xacra's folded before Flop (didn't bet)



PokerStars Hand #227878935840:  Hold'em No Limit ($0.01/$0.02 USD) - 2021/06/27 1:43:24 PT [2021/06/27 4:43:24 ET]
Table 'Messalina III' 9-max Seat #6 is the button
Seat 1: Dorex2007 ($1.98 in chips) 
Seat 3: isv777 ($1.35 in chips) 
Seat 4: vas.fegaris ($0.58 in chips) 
Seat 6: Alex271828 ($1.70 in chips) 
Seat 7: dinosaur_349 ($1.83 in chips) 
Seat 8: FLOMMASTER ($2.38 in chips) 
Seat 9: Xacra's ($1.59 in chips) 
dinosaur_349: posts small blind $0.01
FLOMMASTER: posts big blind $0.02
ice245777: sits out 
*** HOLE CARDS ***
Dealt to Dorex2007 [5d 5h]
Xacra's: folds 
Dorex2007: raises $0.04 to $0.06
isv777: folds 
Xacra's leaves the table
vas.fegaris: folds 
Alex271828: folds 
dinosaur_349: folds 
FLOMMASTER: folds 
Uncalled bet ($0.04) returned to Dorex2007
Dorex2007 collected $0.05 from pot
Dorex2007: doesn't show hand 
*** SUMMARY ***
Total pot $0.05 | Rake $0 
Seat 1: Dorex2007 collected ($0.05)
Seat 3: isv777 folded before Flop (didn't bet)
Seat 4: vas.fegaris folded before Flop (didn't bet)
Seat 6: Alex271828 (button) folded before Flop (didn't bet)
Seat 7: dinosaur_349 (small blind) folded before Flop
Seat 8: FLOMMASTER (big blind) folded before Flop
Seat 9: Xacra's folded before Flop (didn't bet)



PokerStars Hand #227878940433:  Hold'em No Limit ($0.01/$0.02 USD) - 2021/06/27 1:43:49 PT [2021/06/27 4:43:49 ET]
Table 'Messalina III' 9-max Seat #7 is the button
Seat 1: Dorex2007 ($2.01 in chips) 
Seat 3: isv777 ($1.35 in chips) 
Seat 4: vas.fegaris ($0.58 in chips) 
Seat 6: Alex271828 ($1.70 in chips) 
Seat 7: dinosaur_349 ($1.82 in chips) 
Seat 8: FLOMMASTER ($2.36 in chips) 
FLOMMASTER: posts small blind $0.01
Dorex2007: posts big blind $0.02
ice245777: sits out 
*** HOLE CARDS ***
Dealt to Dorex2007 [9c 6c]
isv777: folds 
vas.fegaris: folds 
Alex271828: folds 
dinosaur_349: raises $0.06 to $0.08
FLOMMASTER: folds 
Dorex2007: folds 
Uncalled bet ($0.06) returned to dinosaur_349
dinosaur_349 collected $0.05 from pot
dinosaur_349: doesn't show hand 
*** SUMMARY ***
Total pot $0.05 | Rake $0 
Seat 1: Dorex2007 (big blind) folded before Flop
Seat 3: isv777 folded before Flop (didn't bet)
Seat 4: vas.fegaris folded before Flop (didn't bet)
Seat 6: Alex271828 folded before Flop (didn't bet)
Seat 7: dinosaur_349 (button) collected ($0.05)
Seat 8: FLOMMASTER (small blind) folded before Flop



PokerStars Hand #227878945365:  Hold'em No Limit ($0.01/$0.02 USD) - 2021/06/27 1:44:15 PT [2021/06/27 4:44:15 ET]
Table 'Messalina III' 9-max Seat #8 is the button
Seat 1: Dorex2007 ($1.99 in chips) 
Seat 2: ice245777 ($0.80 in chips) 
Seat 3: isv777 ($1.35 in chips) 
Seat 4: vas.fegaris ($0.58 in chips) 
Seat 6: Alex271828 ($1.70 in chips) 
Seat 7: dinosaur_349 ($1.85 in chips) 
Seat 8: FLOMMASTER ($2.35 in chips) 
Dorex2007: posts small blind $0.01
ice245777: posts big blind $0.02
*** HOLE CARDS ***
Dealt to Dorex2007 [Js 7c]
isv777: folds 
vas.fegaris: raises $0.02 to $0.04
Alex271828: folds 
dinosaur_349: folds 
FLOMMASTER: folds 
Dorex2007: folds 
ice245777: calls $0.02
*** FLOP *** [6d Ks Th]
ice245777: checks 
Nuckes_Boss joins the table at seat #9 
vas.fegaris: checks 
*** TURN *** [6d Ks Th] [7d]
ice245777: checks 
vas.fegaris: checks 
*** RIVER *** [6d Ks Th 7d] [As]
ice245777: checks 
vas.fegaris: bets $0.04
ice245777: folds 
Uncalled bet ($0.04) returned to vas.fegaris
vas.fegaris collected $0.09 from pot
vas.fegaris: doesn't show hand 
*** SUMMARY ***
Total pot $0.09 | Rake $0 
Board [6d Ks Th 7d As]
Seat 1: Dorex2007 (small blind) folded before Flop
Seat 2: ice245777 (big blind) folded on the River
Seat 3: isv777 folded before Flop (didn't bet)
Seat 4: vas.fegaris collected ($0.09)
Seat 6: Alex271828 folded before Flop (didn't bet)
Seat 7: dinosaur_349 folded before Flop (didn't bet)
Seat 8: FLOMMASTER (button) folded before Flop (didn't bet)



PokerStars Hand #227878951035:  Hold'em No Limit ($0.01/$0.02 USD) - 2021/06/27 1:44:46 PT [2021/06/27 4:44:46 ET]
Table 'Messalina III' 9-max Seat #1 is the button
Seat 1: Dorex2007 ($1.98 in chips) 
Seat 2: ice245777 ($0.80 in chips) 
Seat 3: isv777 ($1.35 in chips) 
Seat 4: vas.fegaris ($0.63 in chips) 
Seat 5: xander33911 ($1.27 in chips) 
Seat 6: Alex271828 ($1.70 in chips) 
Seat 7: dinosaur_349 ($1.85 in chips) 
Seat 8: FLOMMASTER ($2.35 in chips) 
Seat 9: Nuckes_Boss ($1.60 in chips) 
ice245777: posts small blind $0.01
isv777: posts big blind $0.02
Nuckes_Boss: posts big blind $0.02
*** HOLE CARDS ***
Dealt to Dorex2007 [Th 6d]
vas.fegaris: folds 
xander33911: calls $0.02
Alex271828: folds 
dinosaur_349: folds 
FLOMMASTER: folds 
Nuckes_Boss: checks 
Dorex2007: folds 
ice245777: calls $0.01
isv777: checks 
*** FLOP *** [5s Ad Qh]
ice245777: checks 
isv777: checks 
xander33911: bets $0.02
Nuckes_Boss: calls $0.02
ice245777: folds 
isv777: folds 
*** TURN *** [5s Ad Qh] [8h]
xander33911: bets $0.06
Nuckes_Boss: calls $0.06
*** RIVER *** [5s Ad Qh 8h] [Td]
xander33911: bets $0.12
Nuckes_Boss: folds 
Uncalled bet ($0.12) returned to xander33911
xander33911 collected $0.23 from pot
*** SUMMARY ***
Total pot $0.24 | Rake $0.01 
Board [5s Ad Qh 8h Td]
Seat 1: Dorex2007 (button) folded before Flop (didn't bet)
Seat 2: ice245777 (small blind) folded on the Flop
Seat 3: isv777 (big blind) folded on the Flop
Seat 4: vas.fegaris folded before Flop (didn't bet)
Seat 5: xander33911 collected ($0.23)
Seat 6: Alex271828 folded before Flop (didn't bet)
Seat 7: dinosaur_349 folded before Flop (didn't bet)
Seat 8: FLOMMASTER folded before Flop (didn't bet)
Seat 9: Nuckes_Boss folded on the River



PokerStars Hand #227878963040:  Hold'em No Limit ($0.01/$0.02 USD) - 2021/06/27 1:45:52 PT [2021/06/27 4:45:52 ET]
Table 'Messalina III' 9-max Seat #2 is the button
Seat 1: Dorex2007 ($1.98 in chips) 
Seat 2: ice245777 ($0.80 in chips) 
Seat 3: isv777 ($1.33 in chips) 
Seat 4: vas.fegaris ($0.63 in chips) 
Seat 5: xander33911 ($1.40 in chips) 
Seat 6: Alex271828 ($1.70 in chips) 
Seat 7: dinosaur_349 ($1.85 in chips) 
Seat 8: FLOMMASTER ($2.35 in chips) 
Seat 9: Nuckes_Boss ($1.50 in chips) 
isv777: posts small blind $0.01
vas.fegaris: posts big blind $0.02
*** HOLE CARDS ***
Dealt to Dorex2007 [Ad Jc]
xander33911: calls $0.02
Alex271828: folds 
dinosaur_349: folds 
FLOMMASTER: folds 
Nuckes_Boss: calls $0.02
Dorex2007: calls $0.02
ice245777: folds 
isv777: calls $0.01
vas.fegaris: checks 
*** FLOP *** [8d Th Tc]
isv777: checks 
vas.fegaris: checks 
xander33911: checks 
Nuckes_Boss: checks 
Dorex2007: checks 
*** TURN *** [8d Th Tc] [Ac]
isv777: bets $0.05
vas.fegaris: folds 
xander33911: folds 
Nuckes_Boss: folds 
Dorex2007: calls $0.05
*** RIVER *** [8d Th Tc Ac] [Td]
isv777: bets $0.10
Dorex2007: raises $0.12 to $0.22
isv777: raises $0.63 to $0.85
Dorex2007: calls $0.63
*** SHOW DOWN ***
isv777: shows [Ts 9h] (four of a kind, Tens)
Dorex2007: mucks hand 
isv777 collected $1.83 from pot
*** SUMMARY ***
Total pot $1.90 | Rake $0.07 
Board [8d Th Tc Ac Td]
Seat 1: Dorex2007 mucked [Ad Jc]
Seat 2: ice245777 (button) folded before Flop (didn't bet)
Seat 3: isv777 (small blind) showed [Ts 9h] and won ($1.83) with four of a kind, Tens
Seat 4: vas.fegaris (big blind) folded on the Turn
Seat 5: xander33911 folded on the Turn
Seat 6: Alex271828 folded before Flop (didn't bet)
Seat 7: dinosaur_349 folded before Flop (didn't bet)
Seat 8: FLOMMASTER folded before Flop (didn't bet)
Seat 9: Nuckes_Boss folded on the Turn



PokerStars Hand #227878977001:  Hold'em No Limit ($0.01/$0.02 USD) - 2021/06/27 1:47:07 PT [2021/06/27 4:47:07 ET]
Table 'Messalina III' 9-max Seat #3 is the button
Seat 1: Dorex2007 ($1.06 in chips) 
Seat 2: ice245777 ($0.80 in chips) 
Seat 3: isv777 ($2.24 in chips) 
Seat 4: vas.fegaris ($0.61 in chips) 
Seat 5: xander33911 ($1.38 in chips) 
Seat 6: Alex271828 ($1.70 in chips) 
Seat 7: dinosaur_349 ($1.85 in chips) 
Seat 8: FLOMMASTER ($2.35 in chips) 
Seat 9: Nuckes_Boss ($1.48 in chips) 
vas.fegaris: posts small blind $0.01
xander33911: posts big blind $0.02
*** HOLE CARDS ***
Dealt to Dorex2007 [8h Qd]
Alex271828: raises $0.04 to $0.06
dinosaur_349: folds 
FLOMMASTER: folds 
Nuckes_Boss: calls $0.06
Dorex2007: folds 
ice245777: folds 
isv777: folds 
vas.fegaris: folds 
xander33911: folds 
*** FLOP *** [Js 2d Jd]
Alex271828: bets $0.07
Nuckes_Boss: calls $0.07
*** TURN *** [Js 2d Jd] [9s]
Alex271828: checks 
Nuckes_Boss: checks 
*** RIVER *** [Js 2d Jd 9s] [9c]
Alex271828: checks 
Nuckes_Boss: bets $0.28
Alex271828: calls $0.28
*** SHOW DOWN ***
Nuckes_Boss: shows [Jh Ad] (a full house, Jacks full of Nines)
Alex271828: mucks hand 
Nuckes_Boss collected $0.82 from pot
*** SUMMARY ***
Total pot $0.85 | Rake $0.03 
Board [Js 2d Jd 9s 9c]
Seat 1: Dorex2007 folded before Flop (didn't bet)
Seat 2: ice245777 folded before Flop (didn't bet)
Seat 3: isv777 (button) folded before Flop (didn't bet)
Seat 4: vas.fegaris (small blind) folded before Flop
Seat 5: xander33911 (big blind) folded before Flop
Seat 6: Alex271828 mucked [As Kh]
Seat 7: dinosaur_349 folded before Flop (didn't bet)
Seat 8: FLOMMASTER folded before Flop (didn't bet)
Seat 9: Nuckes_Boss showed [Jh Ad] and won ($0.82) with a full house, Jacks full of Nines



PokerStars Hand #227878990158:  Hold'em No Limit ($0.01/$0.02 USD) - 2021/06/27 1:48:17 PT [2021/06/27 4:48:17 ET]
Table 'Messalina III' 9-max Seat #4 is the button
Seat 1: Dorex2007 ($1.86 in chips) 
Seat 2: ice245777 ($0.80 in chips) 
Seat 3: isv777 ($2.24 in chips) 
Seat 4: vas.fegaris ($0.60 in chips) 
Seat 5: xander33911 ($1.36 in chips) 
Seat 6: Alex271828 ($1.29 in chips) 
Seat 7: dinosaur_349 ($1.85 in chips) 
Seat 8: FLOMMASTER ($2.35 in chips) 
Seat 9: Nuckes_Boss ($1.89 in chips) 
xander33911: posts small blind $0.01
Alex271828: posts big blind $0.02
*** HOLE CARDS ***
Dealt to Dorex2007 [Jc 3c]
dinosaur_349: folds 
FLOMMASTER: folds 
Nuckes_Boss: folds 
Dorex2007: folds 
ice245777: folds 
isv777: raises $0.04 to $0.06
vas.fegaris: folds 
xander33911: folds 
Alex271828: calls $0.04
*** FLOP *** [Qc 5s 9c]
Alex271828: checks 
isv777: bets $0.07
Alex271828: calls $0.07
*** TURN *** [Qc 5s 9c] [9h]
Alex271828: checks 
isv777: checks 
*** RIVER *** [Qc 5s 9c 9h] [3d]
Alex271828: bets $0.13
isv777: folds 
Uncalled bet ($0.13) returned to Alex271828
Alex271828 collected $0.26 from pot
Alex271828: doesn't show hand 
*** SUMMARY ***
Total pot $0.27 | Rake $0.01 
Board [Qc 5s 9c 9h 3d]
Seat 1: Dorex2007 folded before Flop (didn't bet)
Seat 2: ice245777 folded before Flop (didn't bet)
Seat 3: isv777 folded on the River
Seat 4: vas.fegaris (button) folded before Flop (didn't bet)
Seat 5: xander33911 (small blind) folded before Flop
Seat 6: Alex271828 (big blind) collected ($0.26)
Seat 7: dinosaur_349 folded before Flop (didn't bet)
Seat 8: FLOMMASTER folded before Flop (didn't bet)
Seat 9: Nuckes_Boss folded before Flop (didn't bet)



PokerStars Hand #227879001043:  Hold'em No Limit ($0.01/$0.02 USD) - 2021/06/27 1:49:15 PT [2021/06/27 4:49:15 ET]
Table 'Messalina III' 9-max Seat #5 is the button
Seat 1: Dorex2007 ($1.86 in chips) 
Seat 2: ice245777 ($0.80 in chips) 
Seat 3: isv777 ($2.11 in chips) 
Seat 4: vas.fegaris ($0.60 in chips) 
Seat 5: xander33911 ($1.35 in chips) 
Seat 6: Alex271828 ($1.42 in chips) 
Seat 7: dinosaur_349 ($1.85 in chips) 
Seat 8: FLOMMASTER ($2.35 in chips) 
Seat 9: Nuckes_Boss ($1.89 in chips) 
Alex271828: posts small blind $0.01
dinosaur_349: posts big blind $0.02
*** HOLE CARDS ***
Dealt to Dorex2007 [Ks 3d]
FLOMMASTER: folds 
Nuckes_Boss: calls $0.02
Dorex2007: folds 
ice245777: folds 
isv777: folds 
vas.fegaris: folds 
xander33911: folds 
Alex271828: calls $0.01
dinosaur_349: checks 
*** FLOP *** [5s Qc 4s]
Alex271828: checks 
dinosaur_349: bets $0.06
Nuckes_Boss: folds 
Alex271828: folds 
Uncalled bet ($0.06) returned to dinosaur_349
dinosaur_349 collected $0.06 from pot
dinosaur_349: doesn't show hand 
*** SUMMARY ***
Total pot $0.06 | Rake $0 
Board [5s Qc 4s]
Seat 1: Dorex2007 folded before Flop (didn't bet)
Seat 2: ice245777 folded before Flop (didn't bet)
Seat 3: isv777 folded before Flop (didn't bet)
Seat 4: vas.fegaris folded before Flop (didn't bet)
Seat 5: xander33911 (button) folded before Flop (didn't bet)
Seat 6: Alex271828 (small blind) folded on the Flop
Seat 7: dinosaur_349 (big blind) collected ($0.06)
Seat 8: FLOMMASTER folded before Flop (didn't bet)
Seat 9: Nuckes_Boss folded on the Flop



PokerStars Hand #227879007330:  Hold'em No Limit ($0.01/$0.02 USD) - 2021/06/27 1:49:48 PT [2021/06/27 4:49:48 ET]
Table 'Messalina III' 9-max Seat #6 is the button
Seat 1: Dorex2007 ($1.86 in chips) 
Seat 2: ice245777 ($0.80 in chips) 
Seat 3: isv777 ($2.11 in chips) 
Seat 4: vas.fegaris ($0.60 in chips) 
Seat 5: xander33911 ($1.35 in chips) 
Seat 6: Alex271828 ($1.40 in chips) 
Seat 7: dinosaur_349 ($1.89 in chips) 
Seat 8: FLOMMASTER ($2.35 in chips) 
Seat 9: Nuckes_Boss ($1.87 in chips) 
dinosaur_349: posts small blind $0.01
FLOMMASTER: posts big blind $0.02
*** HOLE CARDS ***
Dealt to Dorex2007 [7c 4s]
Nuckes_Boss: folds 
Dorex2007: folds 
ice245777: folds 
isv777: folds 
vas.fegaris: folds 
xander33911: calls $0.02
Alex271828: folds 
dinosaur_349: folds 
FLOMMASTER: checks 
*** FLOP *** [Tc Ah 4d]
dinosaur_349 leaves the table
FLOMMASTER: checks 
xander33911: bets $0.02
FLOMMASTER: folds 
Uncalled bet ($0.02) returned to xander33911
xander33911 collected $0.05 from pot
*** SUMMARY ***
Total pot $0.05 | Rake $0 
Board [Tc Ah 4d]
Seat 1: Dorex2007 folded before Flop (didn't bet)
Seat 2: ice245777 folded before Flop (didn't bet)
Seat 3: isv777 folded before Flop (didn't bet)
Seat 4: vas.fegaris folded before Flop (didn't bet)
Seat 5: xander33911 collected ($0.05)
Seat 6: Alex271828 (button) folded before Flop (didn't bet)
Seat 7: dinosaur_349 (small blind) folded before Flop
Seat 8: FLOMMASTER (big blind) folded on the Flop
Seat 9: Nuckes_Boss folded before Flop (didn't bet)



PokerStars Hand #227879014927:  Hold'em No Limit ($0.01/$0.02 USD) - 2021/06/27 1:50:29 PT [2021/06/27 4:50:29 ET]
Table 'Messalina III' 9-max Seat #8 is the button
Seat 1: Dorex2007 ($1.86 in chips) 
Seat 2: ice245777 ($0.80 in chips) 
Seat 3: isv777 ($2.11 in chips) 
Seat 4: vas.fegaris ($0.60 in chips) 
Seat 5: xander33911 ($1.38 in chips) 
Seat 6: Alex271828 ($1.40 in chips) 
Seat 8: FLOMMASTER ($2.33 in chips) 
Seat 9: Nuckes_Boss ($1.87 in chips) 
Nuckes_Boss: posts small blind $0.01
Dorex2007: posts big blind $0.02
*** HOLE CARDS ***
Dealt to Dorex2007 [Ad 4c]
ice245777: folds 
isv777: folds 
vas.fegaris: folds 
xander33911: folds 
Alex271828: folds 
FLOMMASTER: folds 
shiva747 joins the table at seat #7 
Nuckes_Boss: calls $0.01
Dorex2007: checks 
*** FLOP *** [4d 6c Ks]
Nuckes_Boss: checks 
Dorex2007: bets $0.04
Nuckes_Boss: folds 
Uncalled bet ($0.04) returned to Dorex2007
Dorex2007 collected $0.04 from pot
Dorex2007: doesn't show hand 
*** SUMMARY ***
Total pot $0.04 | Rake $0 
Board [4d 6c Ks]
Seat 1: Dorex2007 (big blind) collected ($0.04)
Seat 2: ice245777 folded before Flop (didn't bet)
Seat 3: isv777 folded before Flop (didn't bet)
Seat 4: vas.fegaris folded before Flop (didn't bet)
Seat 5: xander33911 folded before Flop (didn't bet)
Seat 6: Alex271828 folded before Flop (didn't bet)
Seat 8: FLOMMASTER (button) folded before Flop (didn't bet)
Seat 9: Nuckes_Boss (small blind) folded on the Flop



PokerStars Hand #227879021181:  Hold'em No Limit ($0.01/$0.02 USD) - 2021/06/27 1:51:02 PT [2021/06/27 4:51:02 ET]
Table 'Messalina III' 9-max Seat #9 is the button
Seat 1: Dorex2007 ($1.88 in chips) 
Seat 2: ice245777 ($0.80 in chips) 
Seat 3: isv777 ($2.11 in chips) 
Seat 4: vas.fegaris ($0.60 in chips) 
Seat 5: xander33911 ($1.38 in chips) 
Seat 6: Alex271828 ($1.40 in chips) 
Seat 7: shiva747 ($1.60 in chips) 
Seat 8: FLOMMASTER ($2.33 in chips) 
Seat 9: Nuckes_Boss ($1.85 in chips) 
Dorex2007: posts small blind $0.01
ice245777: posts big blind $0.02
shiva747: posts big blind $0.02
*** HOLE CARDS ***
Dealt to Dorex2007 [2c 4d]
isv777: folds 
vas.fegaris: folds 
xander33911: folds 
Alex271828: folds 
shiva747: checks 
FLOMMASTER: folds 
Nuckes_Boss: raises $0.02 to $0.04
Dorex2007: folds 
ice245777: calls $0.02
shiva747: folds 
*** FLOP *** [8s Kh 7c]
ice245777: checks 
Nuckes_Boss: bets $0.12
shiva747 leaves the table
ice245777: folds 
Uncalled bet ($0.12) returned to Nuckes_Boss
Nuckes_Boss collected $0.11 from pot
Nuckes_Boss: doesn't show hand 
*** SUMMARY ***
Total pot $0.11 | Rake $0 
Board [8s Kh 7c]
Seat 1: Dorex2007 (small blind) folded before Flop
Seat 2: ice245777 (big blind) folded on the Flop
Seat 3: isv777 folded before Flop (didn't bet)
Seat 4: vas.fegaris folded before Flop (didn't bet)
Seat 5: xander33911 folded before Flop (didn't bet)
Seat 6: Alex271828 folded before Flop (didn't bet)
Seat 7: shiva747 folded before Flop (didn't bet)
Seat 8: FLOMMASTER folded before Flop (didn't bet)
Seat 9: Nuckes_Boss (button) collected ($0.11)



PokerStars Hand #227879038081:  Hold'em No Limit ($0.01/$0.02 USD) - 2021/06/27 1:51:54 PT [2021/06/27 4:51:54 ET]
Table 'Messalina III' 9-max Seat #1 is the button
Seat 1: Dorex2007 ($1.87 in chips) 
Seat 2: ice245777 ($0.80 in chips) 
Seat 3: isv777 ($2.11 in chips) 
Seat 4: vas.fegaris ($0.60 in chips) 
Seat 5: xander33911 ($1.38 in chips) 
Seat 6: Alex271828 ($1.40 in chips) 
Seat 8: FLOMMASTER ($2.33 in chips) 
Seat 9: Nuckes_Boss ($1.92 in chips) 
ice245777: posts small blind $0.01
isv777: posts big blind $0.02
*** HOLE CARDS ***
Dealt to Dorex2007 [5c 7d]
vas.fegaris: folds 
xander33911: folds 
Alex271828: folds 
FLOMMASTER: folds 
Nuckes_Boss: folds 
Dorex2007: folds 
shurik23rus joins the table at seat #7 
ice245777: calls $0.01
isv777: raises $0.04 to $0.06
ice245777: calls $0.04
*** FLOP *** [Ac 4s 7c]
ice245777: checks 
isv777: bets $0.06
ice245777: folds 
Uncalled bet ($0.06) returned to isv777
isv777 collected $0.12 from pot
*** SUMMARY ***
Total pot $0.12 | Rake $0 
Board [Ac 4s 7c]
Seat 1: Dorex2007 (button) folded before Flop (didn't bet)
Seat 2: ice245777 (small blind) folded on the Flop
Seat 3: isv777 (big blind) collected ($0.12)
Seat 4: vas.fegaris folded before Flop (didn't bet)
Seat 5: xander33911 folded before Flop (didn't bet)
Seat 6: Alex271828 folded before Flop (didn't bet)
Seat 8: FLOMMASTER folded before Flop (didn't bet)
Seat 9: Nuckes_Boss folded before Flop (didn't bet)



PokerStars Hand #227879044460:  Hold'em No Limit ($0.01/$0.02 USD) - 2021/06/27 1:52:28 PT [2021/06/27 4:52:28 ET]
Table 'Messalina III' 9-max Seat #2 is the button
Seat 1: Dorex2007 ($1.87 in chips) 
Seat 2: ice245777 ($0.80 in chips) 
Seat 3: isv777 ($2.17 in chips) 
Seat 4: vas.fegaris ($0.60 in chips) 
Seat 5: xander33911 ($1.38 in chips) 
Seat 6: Alex271828 ($1.40 in chips) 
Seat 8: FLOMMASTER ($2.33 in chips) 
Seat 9: Nuckes_Boss ($1.92 in chips) 
isv777: posts small blind $0.01
vas.fegaris: posts big blind $0.02
shurik23rus: sits out 
*** HOLE CARDS ***
Dealt to Dorex2007 [Jc Ks]
xander33911: raises $0.04 to $0.06
Alex271828: folds 
FLOMMASTER: folds 
Nuckes_Boss: folds 
Dorex2007: folds 
ice245777: folds 
isv777: folds 
vas.fegaris: calls $0.04
*** FLOP *** [6c 7c 6s]
vas.fegaris: checks 
xander33911: checks 
*** TURN *** [6c 7c 6s] [5d]
vas.fegaris: bets $0.06
xander33911: folds 
Uncalled bet ($0.06) returned to vas.fegaris
vas.fegaris collected $0.13 from pot
vas.fegaris: doesn't show hand 
*** SUMMARY ***
Total pot $0.13 | Rake $0 
Board [6c 7c 6s 5d]
Seat 1: Dorex2007 folded before Flop (didn't bet)
Seat 2: ice245777 (button) folded before Flop (didn't bet)
Seat 3: isv777 (small blind) folded before Flop
Seat 4: vas.fegaris (big blind) collected ($0.13)
Seat 5: xander33911 folded on the Turn
Seat 6: Alex271828 folded before Flop (didn't bet)
Seat 8: FLOMMASTER folded before Flop (didn't bet)
Seat 9: Nuckes_Boss folded before Flop (didn't bet)



PokerStars Hand #227879052972:  Hold'em No Limit ($0.01/$0.02 USD) - 2021/06/27 1:53:12 PT [2021/06/27 4:53:12 ET]
Table 'Messalina III' 9-max Seat #3 is the button
Seat 1: Dorex2007 ($1.87 in chips) 
Seat 2: ice245777 ($0.80 in chips) 
Seat 3: isv777 ($2.16 in chips) 
Seat 4: vas.fegaris ($0.67 in chips) 
Seat 5: xander33911 ($1.32 in chips) 
Seat 6: Alex271828 ($1.40 in chips) 
Seat 8: FLOMMASTER ($2.33 in chips) 
Seat 9: Nuckes_Boss ($1.92 in chips) 
vas.fegaris: posts small blind $0.01
xander33911: posts big blind $0.02
shurik23rus: sits out 
*** HOLE CARDS ***
Dealt to Dorex2007 [Qd 6h]
Alex271828: folds 
FLOMMASTER: folds 
Nuckes_Boss: calls $0.02
Dorex2007: folds 
ice245777: folds 
isv777: calls $0.02
vas.fegaris: calls $0.01
xander33911: checks 
*** FLOP *** [4h 5c 7h]
vas.fegaris: checks 
xander33911: checks 
Nuckes_Boss: bets $0.02
isv777: calls $0.02
vas.fegaris: folds 
xander33911: calls $0.02
*** TURN *** [4h 5c 7h] [Ts]
xander33911: checks 
Nuckes_Boss: bets $0.04
isv777: folds 
xander33911: folds 
Uncalled bet ($0.04) returned to Nuckes_Boss
Nuckes_Boss collected $0.14 from pot
Nuckes_Boss: doesn't show hand 
*** SUMMARY ***
Total pot $0.14 | Rake $0 
Board [4h 5c 7h Ts]
Seat 1: Dorex2007 folded before Flop (didn't bet)
Seat 2: ice245777 folded before Flop (didn't bet)
Seat 3: isv777 (button) folded on the Turn
Seat 4: vas.fegaris (small blind) folded on the Flop
Seat 5: xander33911 (big blind) folded on the Turn
Seat 6: Alex271828 folded before Flop (didn't bet)
Seat 8: FLOMMASTER folded before Flop (didn't bet)
Seat 9: Nuckes_Boss collected ($0.14)



PokerStars Hand #227879064508:  Hold'em No Limit ($0.01/$0.02 USD) - 2021/06/27 1:54:13 PT [2021/06/27 4:54:13 ET]
Table 'Messalina III' 9-max Seat #4 is the button
Seat 1: Dorex2007 ($1.87 in chips) 
Seat 2: ice245777 ($0.80 in chips) 
Seat 3: isv777 ($2.12 in chips) 
Seat 4: vas.fegaris ($0.65 in chips) 
Seat 5: xander33911 ($1.28 in chips) 
Seat 6: Alex271828 ($1.40 in chips) 
Seat 8: FLOMMASTER ($2.33 in chips) 
Seat 9: Nuckes_Boss ($2.02 in chips) 
xander33911: posts small blind $0.01
Alex271828: posts big blind $0.02
shurik23rus: sits out 
*** HOLE CARDS ***
Dealt to Dorex2007 [3c Ks]
FLOMMASTER: folds 
Nuckes_Boss: calls $0.02
Dorex2007: folds 
ice245777: folds 
isv777: folds 
vas.fegaris: folds 
xander33911: calls $0.01
Alex271828: checks 
*** FLOP *** [6s 3d 3h]
xander33911: checks 
Alex271828: bets $0.02
Nuckes_Boss: folds 
xander33911: folds 
Uncalled bet ($0.02) returned to Alex271828
Alex271828 collected $0.06 from pot
Alex271828: doesn't show hand 
*** SUMMARY ***
Total pot $0.06 | Rake $0 
Board [6s 3d 3h]
Seat 1: Dorex2007 folded before Flop (didn't bet)
Seat 2: ice245777 folded before Flop (didn't bet)
Seat 3: isv777 folded before Flop (didn't bet)
Seat 4: vas.fegaris (button) folded before Flop (didn't bet)
Seat 5: xander33911 (small blind) folded on the Flop
Seat 6: Alex271828 (big blind) collected ($0.06)
Seat 8: FLOMMASTER folded before Flop (didn't bet)
Seat 9: Nuckes_Boss folded on the Flop



PokerStars Hand #227879075124:  Hold'em No Limit ($0.01/$0.02 USD) - 2021/06/27 1:55:11 PT [2021/06/27 4:55:11 ET]
Table 'Messalina III' 9-max Seat #5 is the button
Seat 1: Dorex2007 ($1.87 in chips) 
Seat 2: ice245777 ($0.80 in chips) 
Seat 3: isv777 ($2.12 in chips) 
Seat 4: vas.fegaris ($0.65 in chips) 
Seat 5: xander33911 ($1.26 in chips) 
Seat 6: Alex271828 ($1.44 in chips) 
Seat 7: shurik23rus ($0.80 in chips) 
Seat 8: FLOMMASTER ($2.33 in chips) 
Seat 9: Nuckes_Boss ($2 in chips) 
Alex271828: posts small blind $0.01
shurik23rus: posts big blind $0.02
*** HOLE CARDS ***
Dealt to Dorex2007 [Qc 6c]
FLOMMASTER: folds 
Nuckes_Boss: folds 
Dorex2007: folds 
ice245777: folds 
isv777: raises $0.06 to $0.08
vas.fegaris: folds 
xander33911: folds 
Alex271828: folds 
shurik23rus: calls $0.06
*** FLOP *** [5d 8h 2s]
shurik23rus: checks 
isv777: bets $0.08
shurik23rus: folds 
Uncalled bet ($0.08) returned to isv777
isv777 collected $0.16 from pot
*** SUMMARY ***
Total pot $0.17 | Rake $0.01 
Board [5d 8h 2s]
Seat 1: Dorex2007 folded before Flop (didn't bet)
Seat 2: ice245777 folded before Flop (didn't bet)
Seat 3: isv777 collected ($0.16)
Seat 4: vas.fegaris folded before Flop (didn't bet)
Seat 5: xander33911 (button) folded before Flop (didn't bet)
Seat 6: Alex271828 (small blind) folded before Flop
Seat 7: shurik23rus (big blind) folded on the Flop
Seat 8: FLOMMASTER folded before Flop (didn't bet)
Seat 9: Nuckes_Boss folded before Flop (didn't bet)



PokerStars Hand #227879081790:  Hold'em No Limit ($0.01/$0.02 USD) - 2021/06/27 1:55:55 PT [2021/06/27 4:55:55 ET]
Table 'Messalina III' 9-max Seat #6 is the button
Seat 1: Dorex2007 ($1.87 in chips) 
Seat 2: ice245777 ($0.80 in chips) 
Seat 3: isv777 ($2.20 in chips) 
Seat 4: vas.fegaris ($0.65 in chips) 
Seat 5: xander33911 ($1.26 in chips) 
Seat 6: Alex271828 ($1.43 in chips) 
Seat 7: shurik23rus ($0.72 in chips) 
Seat 8: FLOMMASTER ($2.33 in chips) 
Seat 9: Nuckes_Boss ($2 in chips) 
shurik23rus: posts small blind $0.01
FLOMMASTER: posts big blind $0.02
*** HOLE CARDS ***
Dealt to Dorex2007 [7d Js]
Nuckes_Boss: calls $0.02
Dorex2007: folds 
ice245777: raises $0.07 to $0.09
isv777: folds 
vas.fegaris: folds 
xander33911: folds 
Alex271828: folds 
shurik23rus: folds 
FLOMMASTER: calls $0.07
Nuckes_Boss: raises $0.25 to $0.34
ice245777: folds 
FLOMMASTER: folds 
Uncalled bet ($0.25) returned to Nuckes_Boss
Nuckes_Boss collected $0.28 from pot
Nuckes_Boss: doesn't show hand 
*** SUMMARY ***
Total pot $0.28 | Rake $0 
Seat 1: Dorex2007 folded before Flop (didn't bet)
Seat 2: ice245777 folded before Flop
Seat 3: isv777 folded before Flop (didn't bet)
Seat 4: vas.fegaris folded before Flop (didn't bet)
Seat 5: xander33911 folded before Flop (didn't bet)
Seat 6: Alex271828 (button) folded before Flop (didn't bet)
Seat 7: shurik23rus (small blind) folded before Flop
Seat 8: FLOMMASTER (big blind) folded before Flop
Seat 9: Nuckes_Boss collected ($0.28)



PokerStars Hand #227879088514:  Hold'em No Limit ($0.01/$0.02 USD) - 2021/06/27 1:56:37 PT [2021/06/27 4:56:37 ET]
Table 'Messalina III' 9-max Seat #7 is the button
Seat 1: Dorex2007 ($1.87 in chips) 
Seat 2: ice245777 ($0.80 in chips) 
Seat 3: isv777 ($2.20 in chips) 
Seat 4: vas.fegaris ($0.65 in chips) 
Seat 5: xander33911 ($1.26 in chips) 
Seat 6: Alex271828 ($1.43 in chips) 
Seat 7: shurik23rus ($0.71 in chips) 
Seat 8: FLOMMASTER ($2.24 in chips) 
Seat 9: Nuckes_Boss ($2.19 in chips) 
FLOMMASTER: posts small blind $0.01
Nuckes_Boss: posts big blind $0.02
*** HOLE CARDS ***
Dealt to Dorex2007 [3d Jc]
Dorex2007: folds 
ice245777: folds 
isv777: folds 
vas.fegaris: folds 
xander33911: folds 
Alex271828: calls $0.02
shurik23rus: calls $0.02
FLOMMASTER: folds 
Nuckes_Boss: checks 
*** FLOP *** [Kd 5h 6d]
Nuckes_Boss: checks 
Alex271828: bets $0.05
shurik23rus: calls $0.05
Nuckes_Boss: folds 
*** TURN *** [Kd 5h 6d] [Qd]
Alex271828: checks 
shurik23rus: bets $0.02
Alex271828: calls $0.02
*** RIVER *** [Kd 5h 6d Qd] [4d]
Alex271828: checks 
shurik23rus: checks 
*** SHOW DOWN ***
Alex271828: shows [Jh Tc] (high card King)
shurik23rus: shows [Kh 4h] (two pair, Kings and Fours)
shurik23rus collected $0.20 from pot
*** SUMMARY ***
Total pot $0.21 | Rake $0.01 
Board [Kd 5h 6d Qd 4d]
Seat 1: Dorex2007 folded before Flop (didn't bet)
Seat 2: ice245777 folded before Flop (didn't bet)
Seat 3: isv777 folded before Flop (didn't bet)
Seat 4: vas.fegaris folded before Flop (didn't bet)
Seat 5: xander33911 folded before Flop (didn't bet)
Seat 6: Alex271828 showed [Jh Tc] and lost with high card King
Seat 7: shurik23rus (button) showed [Kh 4h] and won ($0.20) with two pair, Kings and Fours
Seat 8: FLOMMASTER (small blind) folded before Flop
Seat 9: Nuckes_Boss (big blind) folded on the Flop



PokerStars Hand #227879099260:  Hold'em No Limit ($0.01/$0.02 USD) - 2021/06/27 1:57:44 PT [2021/06/27 4:57:44 ET]
Table 'Messalina III' 9-max Seat #8 is the button
Seat 1: Dorex2007 ($1.87 in chips) 
Seat 2: ice245777 ($0.80 in chips) 
Seat 3: isv777 ($2.20 in chips) 
Seat 4: vas.fegaris ($0.65 in chips) 
Seat 5: xander33911 ($1.26 in chips) 
Seat 6: Alex271828 ($1.34 in chips) 
Seat 7: shurik23rus ($0.82 in chips) 
Seat 8: FLOMMASTER ($2.23 in chips) 
Seat 9: Nuckes_Boss ($2.17 in chips) 
Nuckes_Boss: posts small blind $0.01
Dorex2007: posts big blind $0.02
*** HOLE CARDS ***
Dealt to Dorex2007 [Kc Jh]
ice245777: folds 
isv777: folds 
vas.fegaris: raises $0.02 to $0.04
xander33911: folds 
Alex271828: calls $0.04
shurik23rus: folds 
FLOMMASTER: folds 
Nuckes_Boss: calls $0.03
Dorex2007: calls $0.02
*** FLOP *** [Kh Jc Ts]
Nuckes_Boss: checks 
Dorex2007: bets $0.10
vas.fegaris: folds 
Alex271828: folds 
Nuckes_Boss: folds 
Uncalled bet ($0.10) returned to Dorex2007
Dorex2007 collected $0.15 from pot
Dorex2007: doesn't show hand 
*** SUMMARY ***
Total pot $0.16 | Rake $0.01 
Board [Kh Jc Ts]
Seat 1: Dorex2007 (big blind) collected ($0.15)
Seat 2: ice245777 folded before Flop (didn't bet)
Seat 3: isv777 folded before Flop (didn't bet)
Seat 4: vas.fegaris folded on the Flop
Seat 5: xander33911 folded before Flop (didn't bet)
Seat 6: Alex271828 folded on the Flop
Seat 7: shurik23rus folded before Flop (didn't bet)
Seat 8: FLOMMASTER (button) folded before Flop (didn't bet)
Seat 9: Nuckes_Boss (small blind) folded on the Flop



PokerStars Hand #227879107319:  Hold'em No Limit ($0.01/$0.02 USD) - 2021/06/27 1:58:35 PT [2021/06/27 4:58:35 ET]
Table 'Messalina III' 9-max Seat #9 is the button
Seat 1: Dorex2007 ($1.98 in chips) 
Seat 2: ice245777 ($0.80 in chips) 
Seat 3: isv777 ($2.20 in chips) 
Seat 4: vas.fegaris ($0.61 in chips) 
Seat 5: xander33911 ($1.26 in chips) 
Seat 6: Alex271828 ($1.30 in chips) 
Seat 7: shurik23rus ($0.82 in chips) 
Seat 8: FLOMMASTER ($2.23 in chips) 
Seat 9: Nuckes_Boss ($2.13 in chips) 
Dorex2007: posts small blind $0.01
ice245777: posts big blind $0.02
*** HOLE CARDS ***
Dealt to Dorex2007 [7s 4c]
isv777: folds 
vas.fegaris: folds 
xander33911: folds 
Alex271828: calls $0.02
shurik23rus: folds 
FLOMMASTER: raises $0.08 to $0.10
Nuckes_Boss: folds 
Dorex2007: folds 
ice245777: folds 
Alex271828: calls $0.08
*** FLOP *** [Qs 8h Ad]
Alex271828: checks 
FLOMMASTER: bets $0.11
Alex271828: folds 
Uncalled bet ($0.11) returned to FLOMMASTER
FLOMMASTER collected $0.22 from pot
FLOMMASTER: doesn't show hand 
*** SUMMARY ***
Total pot $0.23 | Rake $0.01 
Board [Qs 8h Ad]
Seat 1: Dorex2007 (small blind) folded before Flop
Seat 2: ice245777 (big blind) folded before Flop
Seat 3: isv777 folded before Flop (didn't bet)
Seat 4: vas.fegaris folded before Flop (didn't bet)
Seat 5: xander33911 folded before Flop (didn't bet)
Seat 6: Alex271828 folded on the Flop
Seat 7: shurik23rus folded before Flop (didn't bet)
Seat 8: FLOMMASTER collected ($0.22)
Seat 9: Nuckes_Boss (button) folded before Flop (didn't bet)



PokerStars Hand #227879114322:  Hold'em No Limit ($0.01/$0.02 USD) - 2021/06/27 1:59:20 PT [2021/06/27 4:59:20 ET]
Table 'Messalina III' 9-max Seat #1 is the button
Seat 1: Dorex2007 ($1.97 in chips) 
Seat 2: ice245777 ($0.80 in chips) 
Seat 3: isv777 ($2.20 in chips) 
Seat 4: vas.fegaris ($0.61 in chips) 
Seat 5: xander33911 ($1.26 in chips) 
Seat 6: Alex271828 ($1.20 in chips) 
Seat 7: shurik23rus ($0.82 in chips) 
Seat 8: FLOMMASTER ($2.35 in chips) 
Seat 9: Nuckes_Boss ($2.13 in chips) 
ice245777: posts small blind $0.01
isv777: posts big blind $0.02
*** HOLE CARDS ***
Dealt to Dorex2007 [9s 6c]
vas.fegaris: folds 
xander33911: calls $0.02
Alex271828: calls $0.02
shurik23rus: folds 
FLOMMASTER: calls $0.02
Nuckes_Boss: calls $0.02
Dorex2007: folds 
ice245777: calls $0.01
isv777: checks 
*** FLOP *** [8d 8h Tc]
ice245777: bets $0.08
isv777: folds 
xander33911: folds 
Alex271828: calls $0.08
FLOMMASTER: folds 
Nuckes_Boss: folds 
*** TURN *** [8d 8h Tc] [8s]
ice245777: bets $0.17
Alex271828: folds 
Uncalled bet ($0.17) returned to ice245777
ice245777 collected $0.27 from pot
*** SUMMARY ***
Total pot $0.28 | Rake $0.01 
Board [8d 8h Tc 8s]
Seat 1: Dorex2007 (button) folded before Flop (didn't bet)
Seat 2: ice245777 (small blind) collected ($0.27)
Seat 3: isv777 (big blind) folded on the Flop
Seat 4: vas.fegaris folded before Flop (didn't bet)
Seat 5: xander33911 folded on the Flop
Seat 6: Alex271828 folded on the Turn
Seat 7: shurik23rus folded before Flop (didn't bet)
Seat 8: FLOMMASTER folded on the Flop
Seat 9: Nuckes_Boss folded on the Flop



PokerStars Hand #227879126017:  Hold'em No Limit ($0.01/$0.02 USD) - 2021/06/27 2:00:32 PT [2021/06/27 5:00:32 ET]
Table 'Messalina III' 9-max Seat #2 is the button
Seat 1: Dorex2007 ($1.97 in chips) 
Seat 2: ice245777 ($0.97 in chips) 
Seat 3: isv777 ($2.18 in chips) 
Seat 4: vas.fegaris ($0.61 in chips) 
Seat 5: xander33911 ($1.24 in chips) 
Seat 6: Alex271828 ($1.10 in chips) 
Seat 7: shurik23rus ($0.82 in chips) 
Seat 8: FLOMMASTER ($2.33 in chips) 
Seat 9: Nuckes_Boss ($2.11 in chips) 
isv777: posts small blind $0.01
vas.fegaris: posts big blind $0.02
*** HOLE CARDS ***
Dealt to Dorex2007 [3s Qc]
xander33911: folds 
Alex271828: calls $0.02
shurik23rus: folds 
FLOMMASTER: folds 
Nuckes_Boss: calls $0.02
Dorex2007: folds 
ice245777: folds 
isv777: calls $0.01
vas.fegaris: checks 
*** FLOP *** [Qh Td 8d]
isv777: bets $0.08
vas.fegaris: folds 
Alex271828: folds 
Nuckes_Boss: calls $0.08
*** TURN *** [Qh Td 8d] [Jd]
isv777: bets $0.12
Nuckes_Boss: folds 
Uncalled bet ($0.12) returned to isv777
isv777 collected $0.23 from pot
*** SUMMARY ***
Total pot $0.24 | Rake $0.01 
Board [Qh Td 8d Jd]
Seat 1: Dorex2007 folded before Flop (didn't bet)
Seat 2: ice245777 (button) folded before Flop (didn't bet)
Seat 3: isv777 (small blind) collected ($0.23)
Seat 4: vas.fegaris (big blind) folded on the Flop
Seat 5: xander33911 folded before Flop (didn't bet)
Seat 6: Alex271828 folded on the Flop
Seat 7: shurik23rus folded before Flop (didn't bet)
Seat 8: FLOMMASTER folded before Flop (didn't bet)
Seat 9: Nuckes_Boss folded on the Turn



PokerStars Hand #227879135085:  Hold'em No Limit ($0.01/$0.02 USD) - 2021/06/27 2:01:21 PT [2021/06/27 5:01:21 ET]
Table 'Messalina III' 9-max Seat #3 is the button
Seat 1: Dorex2007 ($1.97 in chips) 
Seat 2: ice245777 ($0.97 in chips) 
Seat 3: isv777 ($2.31 in chips) 
Seat 4: vas.fegaris ($0.59 in chips) 
Seat 5: xander33911 ($1.24 in chips) 
Seat 6: Alex271828 ($1.08 in chips) 
Seat 7: shurik23rus ($0.82 in chips) 
Seat 8: FLOMMASTER ($2.33 in chips) 
Seat 9: Nuckes_Boss ($2.01 in chips) 
vas.fegaris: posts small blind $0.01
xander33911: posts big blind $0.02
*** HOLE CARDS ***
Dealt to Dorex2007 [5s 9h]
Alex271828: calls $0.02
shurik23rus: calls $0.02
FLOMMASTER: folds 
Nuckes_Boss: calls $0.02
Dorex2007: folds 
ice245777: folds 
isv777: folds 
vas.fegaris: calls $0.01
xander33911: checks 
*** FLOP *** [6c 6d Qh]
vas.fegaris: checks 
xander33911: checks 
Alex271828: bets $0.05
shurik23rus: folds 
Nuckes_Boss: folds 
vas.fegaris: folds 
xander33911: folds 
Uncalled bet ($0.05) returned to Alex271828
Alex271828 collected $0.10 from pot
Alex271828: doesn't show hand 
*** SUMMARY ***
Total pot $0.10 | Rake $0 
Board [6c 6d Qh]
Seat 1: Dorex2007 folded before Flop (didn't bet)
Seat 2: ice245777 folded before Flop (didn't bet)
Seat 3: isv777 (button) folded before Flop (didn't bet)
Seat 4: vas.fegaris (small blind) folded on the Flop
Seat 5: xander33911 (big blind) folded on the Flop
Seat 6: Alex271828 collected ($0.10)
Seat 7: shurik23rus folded on the Flop
Seat 8: FLOMMASTER folded before Flop (didn't bet)
Seat 9: Nuckes_Boss folded on the Flop



PokerStars Hand #227879144633:  Hold'em No Limit ($0.01/$0.02 USD) - 2021/06/27 2:02:14 PT [2021/06/27 5:02:14 ET]
Table 'Messalina III' 9-max Seat #4 is the button
Seat 1: Dorex2007 ($1.97 in chips) 
Seat 2: ice245777 ($0.97 in chips) 
Seat 3: isv777 ($2.31 in chips) 
Seat 4: vas.fegaris ($0.57 in chips) 
Seat 5: xander33911 ($1.22 in chips) 
Seat 6: Alex271828 ($1.16 in chips) 
Seat 7: shurik23rus ($0.80 in chips) 
Seat 8: FLOMMASTER ($2.33 in chips) 
Seat 9: Nuckes_Boss ($1.99 in chips) 
xander33911: posts small blind $0.01
Alex271828: posts big blind $0.02
*** HOLE CARDS ***
Dealt to Dorex2007 [Ks 6c]
shurik23rus: folds 
FLOMMASTER: folds 
Nuckes_Boss: folds 
Dorex2007: folds 
ice245777: folds 
isv777: folds 
vas.fegaris: folds 
xander33911: folds 
Uncalled bet ($0.01) returned to Alex271828
Alex271828 collected $0.02 from pot
Alex271828: doesn't show hand 
*** SUMMARY ***
Total pot $0.02 | Rake $0 
Seat 1: Dorex2007 folded before Flop (didn't bet)
Seat 2: ice245777 folded before Flop (didn't bet)
Seat 3: isv777 folded before Flop (didn't bet)
Seat 4: vas.fegaris (button) folded before Flop (didn't bet)
Seat 5: xander33911 (small blind) folded before Flop
Seat 6: Alex271828 (big blind) collected ($0.02)
Seat 7: shurik23rus folded before Flop (didn't bet)
Seat 8: FLOMMASTER folded before Flop (didn't bet)
Seat 9: Nuckes_Boss folded before Flop (didn't bet)



PokerStars Hand #227879149367:  Hold'em No Limit ($0.01/$0.02 USD) - 2021/06/27 2:02:38 PT [2021/06/27 5:02:38 ET]
Table 'Messalina III' 9-max Seat #5 is the button
Seat 1: Dorex2007 ($1.97 in chips) 
Seat 2: ice245777 ($0.97 in chips) 
Seat 3: isv777 ($2.31 in chips) 
Seat 4: vas.fegaris ($0.57 in chips) 
Seat 5: xander33911 ($1.21 in chips) 
Seat 6: Alex271828 ($1.17 in chips) 
Seat 7: shurik23rus ($0.80 in chips) 
Seat 8: FLOMMASTER ($2.33 in chips) 
Seat 9: Nuckes_Boss ($1.99 in chips) 
Alex271828: posts small blind $0.01
shurik23rus: posts big blind $0.02
*** HOLE CARDS ***
Dealt to Dorex2007 [3c 5h]
FLOMMASTER: folds 
Nuckes_Boss: folds 
Dorex2007: folds 
ice245777: raises $0.05 to $0.07
isv777: folds 
vas.fegaris: folds 
xander33911: folds 
Alex271828: folds 
shurik23rus: calls $0.05
*** FLOP *** [Ks Kh 8c]
shurik23rus: checks 
ice245777: bets $0.08
shurik23rus: folds 
Uncalled bet ($0.08) returned to ice245777
ice245777 collected $0.14 from pot
*** SUMMARY ***
Total pot $0.15 | Rake $0.01 
Board [Ks Kh 8c]
Seat 1: Dorex2007 folded before Flop (didn't bet)
Seat 2: ice245777 collected ($0.14)
Seat 3: isv777 folded before Flop (didn't bet)
Seat 4: vas.fegaris folded before Flop (didn't bet)
Seat 5: xander33911 (button) folded before Flop (didn't bet)
Seat 6: Alex271828 (small blind) folded before Flop
Seat 7: shurik23rus (big blind) folded on the Flop
Seat 8: FLOMMASTER folded before Flop (didn't bet)
Seat 9: Nuckes_Boss folded before Flop (didn't bet)



PokerStars Hand #227879159274:  Hold'em No Limit ($0.01/$0.02 USD) - 2021/06/27 2:03:30 PT [2021/06/27 5:03:30 ET]
Table 'Messalina III' 9-max Seat #6 is the button
Seat 1: Dorex2007 ($1.97 in chips) 
Seat 2: ice245777 ($1.04 in chips) 
Seat 3: isv777 ($2.31 in chips) 
Seat 4: vas.fegaris ($0.57 in chips) 
Seat 5: xander33911 ($1.21 in chips) 
Seat 6: Alex271828 ($1.16 in chips) 
Seat 7: shurik23rus ($0.73 in chips) 
Seat 8: FLOMMASTER ($2.33 in chips) 
Seat 9: Nuckes_Boss ($1.99 in chips) 
shurik23rus: posts small blind $0.01
FLOMMASTER: posts big blind $0.02
*** HOLE CARDS ***
Dealt to Dorex2007 [5c Kh]
Nuckes_Boss: calls $0.02
Dorex2007: folds 
ice245777: raises $0.07 to $0.09
isv777: raises $0.23 to $0.32
vas.fegaris: folds 
xander33911: calls $0.32
Alex271828: folds 
shurik23rus: calls $0.31
FLOMMASTER: folds 
Nuckes_Boss: folds 
ice245777: folds 
*** FLOP *** [Jd 3s 7h]
shurik23rus: bets $0.02
isv777: raises $1.09 to $1.11
xander33911: folds 
shurik23rus: calls $0.39 and is all-in
Uncalled bet ($0.70) returned to isv777
*** TURN *** [Jd 3s 7h] [Qc]
*** RIVER *** [Jd 3s 7h Qc] [Kd]
*** SHOW DOWN ***
shurik23rus: shows [2h 2s] (a pair of Deuces)
isv777: shows [Qs Qh] (three of a kind, Queens)
isv777 cashed out the hand for $1.66 | Cash Out Fee $0.02
*** SUMMARY ***
Total pot $1.91 | Rake $0.07 
Board [Jd 3s 7h Qc Kd]
Seat 1: Dorex2007 folded before Flop (didn't bet)
Seat 2: ice245777 folded before Flop
Seat 3: isv777 showed [Qs Qh] and won ($1.84) with three of a kind, Queens (pot not awarded as player cashed out)
Seat 4: vas.fegaris folded before Flop (didn't bet)
Seat 5: xander33911 folded on the Flop
Seat 6: Alex271828 (button) folded before Flop (didn't bet)
Seat 7: shurik23rus (small blind) showed [2h 2s] and lost with a pair of Deuces
Seat 8: FLOMMASTER (big blind) folded before Flop
Seat 9: Nuckes_Boss folded before Flop



PokerStars Hand #227879171374:  Hold'em No Limit ($0.01/$0.02 USD) - 2021/06/27 2:04:33 PT [2021/06/27 5:04:33 ET]
Table 'Messalina III' 9-max Seat #8 is the button
Seat 1: Dorex2007 ($1.97 in chips) 
Seat 2: ice245777 ($0.95 in chips) 
Seat 3: isv777 ($3.24 in chips) 
Seat 4: vas.fegaris ($0.57 in chips) 
Seat 5: xander33911 ($0.89 in chips) 
Seat 6: Alex271828 ($1.16 in chips) 
Seat 8: FLOMMASTER ($2.31 in chips) 
Seat 9: Nuckes_Boss ($1.97 in chips) 
Nuckes_Boss: posts small blind $0.01
Dorex2007: posts big blind $0.02
*** HOLE CARDS ***
Dealt to Dorex2007 [8s 4h]
ice245777: folds 
isv777: folds 
shurik23rus leaves the table
vas.fegaris: folds 
xander33911: calls $0.02
Alex271828: calls $0.02
FLOMMASTER: calls $0.02
Nuckes_Boss: calls $0.01
Dorex2007: checks 
*** FLOP *** [3h 2s 5c]
Nuckes_Boss: checks 
Dorex2007: checks 
xander33911: checks 
Alex271828: bets $0.05
FLOMMASTER: calls $0.05
Nuckes_Boss: folds 
Dorex2007: calls $0.05
xander33911: calls $0.05
*** TURN *** [3h 2s 5c] [3d]
milanogdansk joins the table at seat #7 
Dorex2007: checks 
xander33911: checks 
Alex271828: bets $0.15
FLOMMASTER: folds 
Dorex2007: calls $0.15
xander33911: raises $0.15 to $0.30
Alex271828: raises $0.79 to $1.09 and is all-in
Dorex2007: folds 
xander33911: calls $0.52 and is all-in
Uncalled bet ($0.27) returned to Alex271828
*** RIVER *** [3h 2s 5c 3d] [As]
*** SHOW DOWN ***
xander33911: shows [Ah 3s] (a full house, Threes full of Aces)
Alex271828: shows [4c Ad] (a straight, Ace to Five)
xander33911 collected $2.02 from pot
Alex271828 cashed out the hand for $1.51 | Cash Out Fee $0.02
*** SUMMARY ***
Total pot $2.09 | Rake $0.07 
Board [3h 2s 5c 3d As]
Seat 1: Dorex2007 (big blind) folded on the Turn
Seat 2: ice245777 folded before Flop (didn't bet)
Seat 3: isv777 folded before Flop (didn't bet)
Seat 4: vas.fegaris folded before Flop (didn't bet)
Seat 5: xander33911 showed [Ah 3s] and won ($2.02) with a full house, Threes full of Aces
Seat 6: Alex271828 showed [4c Ad] and lost with a straight, Ace to Five (cashed out).
Seat 8: FLOMMASTER (button) folded on the Turn
Seat 9: Nuckes_Boss (small blind) folded on the Flop



PokerStars Hand #227879203484:  Hold'em No Limit ($0.01/$0.02 USD) - 2021/06/27 2:06:46 PT [2021/06/27 5:06:46 ET]
Table 'Messalina III' 9-max Seat #9 is the button
Seat 1: Dorex2007 ($2 in chips) 
Seat 2: ice245777 ($0.95 in chips) 
Seat 3: isv777 ($3.24 in chips) 
Seat 4: vas.fegaris ($0.57 in chips) 
Seat 5: xander33911 ($2.02 in chips) 
Seat 6: Alex271828 ($1.78 in chips) 
Seat 7: milanogdansk ($2 in chips) 
Seat 8: FLOMMASTER ($2.24 in chips) 
Seat 9: Nuckes_Boss ($1.95 in chips) 
Dorex2007: posts small blind $0.01
ice245777: posts big blind $0.02
milanogdansk: posts big blind $0.02
*** HOLE CARDS ***
Dealt to Dorex2007 [Ac Ts]
isv777: folds 
vas.fegaris: folds 
xander33911: folds 
Alex271828: folds 
milanogdansk: checks 
FLOMMASTER: folds 
Nuckes_Boss: calls $0.02
Dorex2007: calls $0.01
ice245777: raises $0.08 to $0.10
milanogdansk: folds 
Nuckes_Boss: calls $0.08
Dorex2007: calls $0.08
*** FLOP *** [6d 6s 6c]
Dorex2007: bets $0.16
ice245777: folds 
Nuckes_Boss: folds 
Uncalled bet ($0.16) returned to Dorex2007
Dorex2007 collected $0.31 from pot
Dorex2007: doesn't show hand 
*** SUMMARY ***
Total pot $0.32 | Rake $0.01 
Board [6d 6s 6c]
Seat 1: Dorex2007 (small blind) collected ($0.31)
Seat 2: ice245777 (big blind) folded on the Flop
Seat 3: isv777 folded before Flop (didn't bet)
Seat 4: vas.fegaris folded before Flop (didn't bet)
Seat 5: xander33911 folded before Flop (didn't bet)
Seat 6: Alex271828 folded before Flop (didn't bet)
Seat 7: milanogdansk folded before Flop (didn't bet)
Seat 8: FLOMMASTER folded before Flop (didn't bet)
Seat 9: Nuckes_Boss (button) folded on the Flop



PokerStars Hand #227879213038:  Hold'em No Limit ($0.01/$0.02 USD) - 2021/06/27 2:07:35 PT [2021/06/27 5:07:35 ET]
Table 'Messalina III' 9-max Seat #1 is the button
Seat 1: Dorex2007 ($2.21 in chips) 
Seat 2: ice245777 ($0.85 in chips) 
Seat 3: isv777 ($3.24 in chips) 
Seat 4: vas.fegaris ($0.57 in chips) 
Seat 5: xander33911 ($2.02 in chips) 
Seat 6: Alex271828 ($1.78 in chips) 
Seat 7: milanogdansk ($1.98 in chips) 
Seat 8: FLOMMASTER ($2.24 in chips) 
Seat 9: Nuckes_Boss ($1.85 in chips) 
ice245777: posts small blind $0.01
isv777: posts big blind $0.02
*** HOLE CARDS ***
Dealt to Dorex2007 [3d Td]
vas.fegaris: calls $0.02
xander33911: folds 
Alex271828: folds 
milanogdansk: raises $0.04 to $0.06
FLOMMASTER: calls $0.06
Nuckes_Boss: folds 
Dorex2007: folds 
ice245777: folds 
isv777: folds 
vas.fegaris: calls $0.04
*** FLOP *** [3h 4c Th]
vas.fegaris: checks 
milanogdansk: bets $0.10
FLOMMASTER: folds 
vas.fegaris: folds 
Uncalled bet ($0.10) returned to milanogdansk
milanogdansk collected $0.20 from pot
milanogdansk: doesn't show hand 
*** SUMMARY ***
Total pot $0.21 | Rake $0.01 
Board [3h 4c Th]
Seat 1: Dorex2007 (button) folded before Flop (didn't bet)
Seat 2: ice245777 (small blind) folded before Flop
Seat 3: isv777 (big blind) folded before Flop
Seat 4: vas.fegaris folded on the Flop
Seat 5: xander33911 folded before Flop (didn't bet)
Seat 6: Alex271828 folded before Flop (didn't bet)
Seat 7: milanogdansk collected ($0.20)
Seat 8: FLOMMASTER folded on the Flop
Seat 9: Nuckes_Boss folded before Flop (didn't bet)



PokerStars Hand #227879220771:  Hold'em No Limit ($0.01/$0.02 USD) - 2021/06/27 2:08:15 PT [2021/06/27 5:08:15 ET]
Table 'Messalina III' 9-max Seat #2 is the button
Seat 1: Dorex2007 ($2.21 in chips) 
Seat 2: ice245777 ($0.84 in chips) 
Seat 3: isv777 ($3.22 in chips) 
Seat 4: vas.fegaris ($0.51 in chips) 
Seat 5: xander33911 ($2.02 in chips) 
Seat 6: Alex271828 ($1.78 in chips) 
Seat 7: milanogdansk ($2.12 in chips) 
Seat 8: FLOMMASTER ($2.18 in chips) 
Seat 9: Nuckes_Boss ($1.85 in chips) 
isv777: posts small blind $0.01
vas.fegaris: posts big blind $0.02
*** HOLE CARDS ***
Dealt to Dorex2007 [Js 8h]
xander33911: folds 
Alex271828: folds 
milanogdansk: calls $0.02
FLOMMASTER: calls $0.02
Nuckes_Boss: calls $0.02
Dorex2007: folds 
ice245777: folds 
isv777: folds 
vas.fegaris: checks 
*** FLOP *** [9h 3h Kc]
vas.fegaris: checks 
milanogdansk: bets $0.06
FLOMMASTER: folds 
Nuckes_Boss: calls $0.06
vas.fegaris: folds 
*** TURN *** [9h 3h Kc] [Qc]
milanogdansk: bets $0.06
Nuckes_Boss: calls $0.06
*** RIVER *** [9h 3h Kc Qc] [5h]
milanogdansk: bets $0.10
ice245777 leaves the table
Nuckes_Boss: calls $0.10
*** SHOW DOWN ***
milanogdansk: shows [Ah 9c] (a pair of Nines)
Nuckes_Boss: shows [Ks 4s] (a pair of Kings)
Nuckes_Boss collected $0.51 from pot
*** SUMMARY ***
Total pot $0.53 | Rake $0.02 
Board [9h 3h Kc Qc 5h]
Seat 1: Dorex2007 folded before Flop (didn't bet)
Seat 2: ice245777 (button) folded before Flop (didn't bet)
Seat 3: isv777 (small blind) folded before Flop
Seat 4: vas.fegaris (big blind) folded on the Flop
Seat 5: xander33911 folded before Flop (didn't bet)
Seat 6: Alex271828 folded before Flop (didn't bet)
Seat 7: milanogdansk showed [Ah 9c] and lost with a pair of Nines
Seat 8: FLOMMASTER folded on the Flop
Seat 9: Nuckes_Boss showed [Ks 4s] and won ($0.51) with a pair of Kings



PokerStars Hand #227879232939:  Hold'em No Limit ($0.01/$0.02 USD) - 2021/06/27 2:09:18 PT [2021/06/27 5:09:18 ET]
Table 'Messalina III' 9-max Seat #3 is the button
Seat 1: Dorex2007 ($2.21 in chips) 
Seat 3: isv777 ($3.21 in chips) 
Seat 4: vas.fegaris ($0.49 in chips) 
Seat 5: xander33911 ($2.02 in chips) 
Seat 6: Alex271828 ($1.78 in chips) 
Seat 7: milanogdansk ($1.88 in chips) 
Seat 8: FLOMMASTER ($2.16 in chips) 
Seat 9: Nuckes_Boss ($2.12 in chips) 
vas.fegaris: posts small blind $0.01
xander33911: posts big blind $0.02
*** HOLE CARDS ***
Dealt to Dorex2007 [Js 9c]
Alex271828: folds 
milanogdansk: raises $0.04 to $0.06
FLOMMASTER: folds 
Nuckes_Boss: folds 
hiroya155 joins the table at seat #2 
Dorex2007: folds 
isv777: folds 
vas.fegaris: calls $0.05
xander33911: folds 
*** FLOP *** [9d Jh Qc]
vas.fegaris: checks 
milanogdansk: bets $0.12
vas.fegaris: folds 
Uncalled bet ($0.12) returned to milanogdansk
milanogdansk collected $0.14 from pot
milanogdansk: doesn't show hand 
*** SUMMARY ***
Total pot $0.14 | Rake $0 
Board [9d Jh Qc]
Seat 1: Dorex2007 folded before Flop (didn't bet)
Seat 3: isv777 (button) folded before Flop (didn't bet)
Seat 4: vas.fegaris (small blind) folded on the Flop
Seat 5: xander33911 (big blind) folded before Flop
Seat 6: Alex271828 folded before Flop (didn't bet)
Seat 7: milanogdansk collected ($0.14)
Seat 8: FLOMMASTER folded before Flop (didn't bet)
Seat 9: Nuckes_Boss folded before Flop (didn't bet)



PokerStars Hand #227879239324:  Hold'em No Limit ($0.01/$0.02 USD) - 2021/06/27 2:09:51 PT [2021/06/27 5:09:51 ET]
Table 'Messalina III' 9-max Seat #4 is the button
Seat 1: Dorex2007 ($2.21 in chips) 
Seat 3: isv777 ($3.21 in chips) 
Seat 4: vas.fegaris ($0.43 in chips) 
Seat 5: xander33911 ($2 in chips) 
Seat 6: Alex271828 ($1.78 in chips) 
Seat 7: milanogdansk ($1.96 in chips) 
Seat 8: FLOMMASTER ($2.16 in chips) 
Seat 9: Nuckes_Boss ($2.12 in chips) 
xander33911: posts small blind $0.01
Alex271828: posts big blind $0.02
hiroya155: sits out 
*** HOLE CARDS ***
Dealt to Dorex2007 [Qc 6c]
milanogdansk: calls $0.02
FLOMMASTER: folds 
Nuckes_Boss: folds 
Dorex2007: folds 
isv777: folds 
vas.fegaris: folds 
xander33911: folds 
Alex271828: checks 
*** FLOP *** [Js 9c 5d]
Alex271828: bets $0.03
milanogdansk: calls $0.03
*** TURN *** [Js 9c 5d] [3c]
Alex271828: bets $0.11
milanogdansk: calls $0.11
*** RIVER *** [Js 9c 5d 3c] [Ad]
Alex271828: bets $0.12
milanogdansk: calls $0.12
*** SHOW DOWN ***
Alex271828: shows [9s Jc] (two pair, Jacks and Nines)
milanogdansk: mucks hand 
Alex271828 collected $0.55 from pot
*** SUMMARY ***
Total pot $0.57 | Rake $0.02 
Board [Js 9c 5d 3c Ad]
Seat 1: Dorex2007 folded before Flop (didn't bet)
Seat 3: isv777 folded before Flop (didn't bet)
Seat 4: vas.fegaris (button) folded before Flop (didn't bet)
Seat 5: xander33911 (small blind) folded before Flop
Seat 6: Alex271828 (big blind) showed [9s Jc] and won ($0.55) with two pair, Jacks and Nines
Seat 7: milanogdansk mucked [Jh 2d]
Seat 8: FLOMMASTER folded before Flop (didn't bet)
Seat 9: Nuckes_Boss folded before Flop (didn't bet)



PokerStars Hand #227879248451:  Hold'em No Limit ($0.01/$0.02 USD) - 2021/06/27 2:10:39 PT [2021/06/27 5:10:39 ET]
Table 'Messalina III' 9-max Seat #5 is the button
Seat 1: Dorex2007 ($2.21 in chips) 
Seat 3: isv777 ($3.21 in chips) 
Seat 4: vas.fegaris ($0.43 in chips) 
Seat 5: xander33911 ($1.99 in chips) 
Seat 6: Alex271828 ($2.05 in chips) 
Seat 7: milanogdansk ($1.68 in chips) 
Seat 8: FLOMMASTER ($2.16 in chips) 
Seat 9: Nuckes_Boss ($2.12 in chips) 
Alex271828: posts small blind $0.01
milanogdansk: posts big blind $0.02
hiroya155: sits out 
*** HOLE CARDS ***
Dealt to Dorex2007 [Th 4d]
FLOMMASTER: raises $0.04 to $0.06
Nuckes_Boss: folds 
Dorex2007: folds 
isv777: folds 
vas.fegaris: folds 
xander33911: folds 
Alex271828: folds 
milanogdansk: raises $0.08 to $0.14
FLOMMASTER: calls $0.08
*** FLOP *** [Kd 3h 5s]
isv777 leaves the table
Vainamoinenn joins the table at seat #3 
milanogdansk: bets $1.54 and is all-in
FLOMMASTER: folds 
Uncalled bet ($1.54) returned to milanogdansk
milanogdansk collected $0.28 from pot
milanogdansk: doesn't show hand 
*** SUMMARY ***
Total pot $0.29 | Rake $0.01 
Board [Kd 3h 5s]
Seat 1: Dorex2007 folded before Flop (didn't bet)
Seat 3: isv777 folded before Flop (didn't bet)
Seat 4: vas.fegaris folded before Flop (didn't bet)
Seat 5: xander33911 (button) folded before Flop (didn't bet)
Seat 6: Alex271828 (small blind) folded before Flop
Seat 7: milanogdansk (big blind) collected ($0.28)
Seat 8: FLOMMASTER folded on the Flop
Seat 9: Nuckes_Boss folded before Flop (didn't bet)



PokerStars Hand #227879258975:  Hold'em No Limit ($0.01/$0.02 USD) - 2021/06/27 2:11:34 PT [2021/06/27 5:11:34 ET]
Table 'Messalina III' 9-max Seat #7 is the button
Seat 1: Dorex2007 ($2.21 in chips) 
Seat 4: vas.fegaris ($0.43 in chips) 
Seat 5: xander33911 ($1.99 in chips) 
Seat 7: milanogdansk ($1.82 in chips) 
Seat 8: FLOMMASTER ($2.02 in chips) 
Seat 9: Nuckes_Boss ($2.12 in chips) 
FLOMMASTER: posts small blind $0.01
Nuckes_Boss: posts big blind $0.02
hiroya155: sits out 
Vainamoinenn: sits out 
*** HOLE CARDS ***
Dealt to Dorex2007 [4d Js]
Dorex2007: folds 
Alex271828 leaves the table
vas.fegaris: folds 
xander33911: folds 
milanogdansk: calls $0.02
FLOMMASTER: calls $0.01
Nuckes_Boss: checks 
*** FLOP *** [Ad 9c Kc]
FLOMMASTER: checks 
Nuckes_Boss: checks 
letsg0fishin joins the table at seat #6 
milanogdansk: bets $0.04
FLOMMASTER: calls $0.04
Nuckes_Boss: folds 
*** TURN *** [Ad 9c Kc] [9d]
FLOMMASTER: checks 
milanogdansk: bets $0.06
FLOMMASTER: folds 
Uncalled bet ($0.06) returned to milanogdansk
milanogdansk collected $0.14 from pot
milanogdansk: doesn't show hand 
*** SUMMARY ***
Total pot $0.14 | Rake $0 
Board [Ad 9c Kc 9d]
Seat 1: Dorex2007 folded before Flop (didn't bet)
Seat 4: vas.fegaris folded before Flop (didn't bet)
Seat 5: xander33911 folded before Flop (didn't bet)
Seat 7: milanogdansk (button) collected ($0.14)
Seat 8: FLOMMASTER (small blind) folded on the Turn
Seat 9: Nuckes_Boss (big blind) folded on the Flop



PokerStars Hand #227879269233:  Hold'em No Limit ($0.01/$0.02 USD) - 2021/06/27 2:12:28 PT [2021/06/27 5:12:28 ET]
Table 'Messalina III' 9-max Seat #8 is the button
Seat 1: Dorex2007 ($2.21 in chips) 
Seat 3: Vainamoinenn ($2 in chips) 
Seat 4: vas.fegaris ($0.43 in chips) 
Seat 5: xander33911 ($1.99 in chips) 
Seat 7: milanogdansk ($1.90 in chips) 
Seat 8: FLOMMASTER ($2 in chips) 
Seat 9: Nuckes_Boss ($2.10 in chips) 
Nuckes_Boss: posts small blind $0.01
Dorex2007: posts big blind $0.02
hiroya155: sits out 
Vainamoinenn: posts big blind $0.02
letsg0fishin: sits out 
*** HOLE CARDS ***
Dealt to Dorex2007 [3c 7c]
Vainamoinenn: checks 
vas.fegaris: folds 
xander33911: folds 
milanogdansk: calls $0.02
FLOMMASTER: folds 
Nuckes_Boss: calls $0.01
Dorex2007: checks 
*** FLOP *** [3d 2s 4s]
Nuckes_Boss: checks 
Dorex2007: checks 
Vainamoinenn: bets $0.08
milanogdansk: folds 
Nuckes_Boss: calls $0.08
Dorex2007: folds 
*** TURN *** [3d 2s 4s] [9c]
Nuckes_Boss: checks 
Vainamoinenn: bets $0.23
Nuckes_Boss: calls $0.23
*** RIVER *** [3d 2s 4s 9c] [4d]
Nuckes_Boss: checks 
Vainamoinenn: bets $0.34
Nuckes_Boss: folds 
Uncalled bet ($0.34) returned to Vainamoinenn
Vainamoinenn collected $0.68 from pot
Vainamoinenn: doesn't show hand 
*** SUMMARY ***
Total pot $0.70 | Rake $0.02 
Board [3d 2s 4s 9c 4d]
Seat 1: Dorex2007 (big blind) folded on the Flop
Seat 3: Vainamoinenn collected ($0.68)
Seat 4: vas.fegaris folded before Flop (didn't bet)
Seat 5: xander33911 folded before Flop (didn't bet)
Seat 7: milanogdansk folded on the Flop
Seat 8: FLOMMASTER (button) folded before Flop (didn't bet)
Seat 9: Nuckes_Boss (small blind) folded on the River



PokerStars Hand #227879281177:  Hold'em No Limit ($0.01/$0.02 USD) - 2021/06/27 2:13:31 PT [2021/06/27 5:13:31 ET]
Table 'Messalina III' 9-max Seat #9 is the button
Seat 1: Dorex2007 ($2.19 in chips) 
Seat 2: hiroya155 ($1.50 in chips) 
Seat 3: Vainamoinenn ($2.35 in chips) 
Seat 4: vas.fegaris ($0.43 in chips) 
Seat 5: xander33911 ($1.99 in chips) 
Seat 7: milanogdansk ($1.88 in chips) 
Seat 8: FLOMMASTER ($2 in chips) 
Seat 9: Nuckes_Boss ($1.77 in chips) 
Dorex2007: posts small blind $0.01
hiroya155: posts big blind $0.02
letsg0fishin: sits out 
*** HOLE CARDS ***
Dealt to Dorex2007 [3s Th]
Vainamoinenn: folds 
vas.fegaris: folds 
xander33911: calls $0.02
milanogdansk: folds 
FLOMMASTER: folds 
Nuckes_Boss: folds 
Dorex2007: folds 
hiroya155: checks 
*** FLOP *** [2d Ac 9s]
hiroya155: checks 
xander33911: bets $0.02
hiroya155: folds 
Uncalled bet ($0.02) returned to xander33911
xander33911 collected $0.05 from pot
xander33911: doesn't show hand 
*** SUMMARY ***
Total pot $0.05 | Rake $0 
Board [2d Ac 9s]
Seat 1: Dorex2007 (small blind) folded before Flop
Seat 2: hiroya155 (big blind) folded on the Flop
Seat 3: Vainamoinenn folded before Flop (didn't bet)
Seat 4: vas.fegaris folded before Flop (didn't bet)
Seat 5: xander33911 collected ($0.05)
Seat 7: milanogdansk folded before Flop (didn't bet)
Seat 8: FLOMMASTER folded before Flop (didn't bet)
Seat 9: Nuckes_Boss (button) folded before Flop (didn't bet)



PokerStars Hand #227879288070:  Hold'em No Limit ($0.01/$0.02 USD) - 2021/06/27 2:14:07 PT [2021/06/27 5:14:07 ET]
Table 'Messalina III' 9-max Seat #1 is the button
Seat 1: Dorex2007 ($2.18 in chips) 
Seat 2: hiroya155 ($1.48 in chips) 
Seat 3: Vainamoinenn ($2.35 in chips) 
Seat 4: vas.fegaris ($0.43 in chips) 
Seat 5: xander33911 ($2.02 in chips) 
Seat 7: milanogdansk ($1.88 in chips) 
Seat 8: FLOMMASTER ($2 in chips) 
Seat 9: Nuckes_Boss ($1.77 in chips) 
hiroya155: posts small blind $0.01
Vainamoinenn: posts big blind $0.02
letsg0fishin: sits out 
*** HOLE CARDS ***
Dealt to Dorex2007 [9d Qh]
vas.fegaris: folds 
xander33911: raises $0.04 to $0.06
milanogdansk: folds 
FLOMMASTER: folds 
Nuckes_Boss: folds 
Dorex2007: folds 
hiroya155: folds 
Vainamoinenn: folds 
Uncalled bet ($0.04) returned to xander33911
xander33911 collected $0.05 from pot
xander33911: doesn't show hand 
*** SUMMARY ***
Total pot $0.05 | Rake $0 
Seat 1: Dorex2007 (button) folded before Flop (didn't bet)
Seat 2: hiroya155 (small blind) folded before Flop
Seat 3: Vainamoinenn (big blind) folded before Flop
Seat 4: vas.fegaris folded before Flop (didn't bet)
Seat 5: xander33911 collected ($0.05)
Seat 7: milanogdansk folded before Flop (didn't bet)
Seat 8: FLOMMASTER folded before Flop (didn't bet)
Seat 9: Nuckes_Boss folded before Flop (didn't bet)



PokerStars Hand #227879294490:  Hold'em No Limit ($0.01/$0.02 USD) - 2021/06/27 2:14:41 PT [2021/06/27 5:14:41 ET]
Table 'Messalina III' 9-max Seat #2 is the button
Seat 1: Dorex2007 ($2.18 in chips) 
Seat 2: hiroya155 ($1.47 in chips) 
Seat 3: Vainamoinenn ($2.33 in chips) 
Seat 4: vas.fegaris ($0.43 in chips) 
Seat 5: xander33911 ($2.05 in chips) 
Seat 7: milanogdansk ($1.88 in chips) 
Seat 8: FLOMMASTER ($2 in chips) 
Seat 9: Nuckes_Boss ($1.77 in chips) 
Vainamoinenn: posts small blind $0.01
vas.fegaris: posts big blind $0.02
letsg0fishin: sits out 
*** HOLE CARDS ***
Dealt to Dorex2007 [Qd Qh]
xander33911: folds 
milanogdansk: calls $0.02
FLOMMASTER: folds 
Nuckes_Boss: folds 
Dorex2007: raises $0.10 to $0.12
hiroya155: calls $0.12
Vainamoinenn: folds 
vas.fegaris: folds 
milanogdansk: calls $0.10
*** FLOP *** [6c 9d Js]
milanogdansk: checks 
Dorex2007: bets $0.38
hiroya155: calls $0.38
milanogdansk: folds 
*** TURN *** [6c 9d Js] [8d]
Dorex2007: checks 
hiroya155: checks 
*** RIVER *** [6c 9d Js 8d] [2d]
Dorex2007: checks 
hiroya155: checks 
*** SHOW DOWN ***
Dorex2007: shows [Qd Qh] (a pair of Queens)
hiroya155: mucks hand 
Dorex2007 collected $1.11 from pot
*** SUMMARY ***
Total pot $1.15 | Rake $0.04 
Board [6c 9d Js 8d 2d]
Seat 1: Dorex2007 showed [Qd Qh] and won ($1.11) with a pair of Queens
Seat 2: hiroya155 (button) mucked [Ah Jc]
Seat 3: Vainamoinenn (small blind) folded before Flop
Seat 4: vas.fegaris (big blind) folded before Flop
Seat 5: xander33911 folded before Flop (didn't bet)
Seat 7: milanogdansk folded on the Flop
Seat 8: FLOMMASTER folded before Flop (didn't bet)
Seat 9: Nuckes_Boss folded before Flop (didn't bet)



PokerStars Hand #227879307322:  Hold'em No Limit ($0.01/$0.02 USD) - 2021/06/27 2:15:49 PT [2021/06/27 5:15:49 ET]
Table 'Messalina III' 9-max Seat #3 is the button
Seat 1: Dorex2007 ($2.79 in chips) 
Seat 2: hiroya155 ($0.97 in chips) 
Seat 3: Vainamoinenn ($2.32 in chips) 
Seat 4: vas.fegaris ($0.41 in chips) 
Seat 5: xander33911 ($2.05 in chips) 
Seat 7: milanogdansk ($1.76 in chips) 
Seat 8: FLOMMASTER ($2 in chips) 
Seat 9: Nuckes_Boss ($1.77 in chips) 
vas.fegaris: posts small blind $0.01
xander33911: posts big blind $0.02
letsg0fishin: sits out 
*** HOLE CARDS ***
Dealt to Dorex2007 [4c 9h]
milanogdansk: calls $0.02
FLOMMASTER: folds 
Nuckes_Boss: calls $0.02
Dorex2007: folds 
hiroya155: raises $0.02 to $0.04
Vainamoinenn: calls $0.04
vas.fegaris: folds 
xander33911: raises $0.08 to $0.12
milanogdansk: folds 
Nuckes_Boss: raises $0.08 to $0.20
hiroya155: calls $0.16
Vainamoinenn: folds 
xander33911: raises $1.85 to $2.05 and is all-in
Nuckes_Boss: calls $1.57 and is all-in
hiroya155: folds 
Uncalled bet ($0.28) returned to xander33911
*** FLOP *** [Qh Kc 9d]
*** TURN *** [Qh Kc 9d] [Qs]
*** RIVER *** [Qh Kc 9d Qs] [5s]
*** SHOW DOWN ***
xander33911: shows [Ks Kd] (a full house, Kings full of Queens)
Nuckes_Boss: shows [Jc Jd] (two pair, Queens and Jacks)
xander33911 cashed out the hand for $2.98 | Cash Out Fee $0.03
*** SUMMARY ***
Total pot $3.81 | Rake $0.13 
Board [Qh Kc 9d Qs 5s]
Seat 1: Dorex2007 folded before Flop (didn't bet)
Seat 2: hiroya155 folded before Flop
Seat 3: Vainamoinenn (button) folded before Flop
Seat 4: vas.fegaris (small blind) folded before Flop
Seat 5: xander33911 (big blind) showed [Ks Kd] and won ($3.68) with a full house, Kings full of Queens (pot not awarded as player cashed out)
Seat 7: milanogdansk folded before Flop
Seat 8: FLOMMASTER folded before Flop (didn't bet)
Seat 9: Nuckes_Boss showed [Jc Jd] and lost with two pair, Queens and Jacks



PokerStars Hand #227879321646:  Hold'em No Limit ($0.01/$0.02 USD) - 2021/06/27 2:17:03 PT [2021/06/27 5:17:03 ET]
Table 'Messalina III' 9-max Seat #4 is the button
Seat 1: Dorex2007 ($2.79 in chips) 
Seat 2: hiroya155 ($0.77 in chips) 
Seat 3: Vainamoinenn ($2.28 in chips) 
Seat 4: vas.fegaris ($0.40 in chips) 
Seat 5: xander33911 ($3.26 in chips) 
Seat 6: letsg0fishin ($2 in chips) 
Seat 7: milanogdansk ($1.74 in chips) 
Seat 8: FLOMMASTER ($2 in chips) 
xander33911: posts small blind $0.01
letsg0fishin: posts big blind $0.02
*** HOLE CARDS ***
Dealt to Dorex2007 [7c 7s]
milanogdansk: folds 
FLOMMASTER: folds 
Dorex2007: raises $0.02 to $0.04
Nuckes_Boss leaves the table
hiroya155: calls $0.04
Vainamoinenn: folds 
vas.fegaris: folds 
Gekeresen joins the table at seat #9 
xander33911: calls $0.03
letsg0fishin: calls $0.02
*** FLOP *** [9s 4h 6d]
xander33911: checks 
letsg0fishin: checks 
Dorex2007: checks 
hiroya155: checks 
*** TURN *** [9s 4h 6d] [3c]
xander33911: bets $0.12
letsg0fishin: folds 
Dorex2007: folds 
hiroya155: calls $0.12
*** RIVER *** [9s 4h 6d 3c] [6c]
xander33911: bets $0.20
hiroya155: calls $0.20
*** SHOW DOWN ***
xander33911: shows [9c Ac] (two pair, Nines and Sixes)
hiroya155: mucks hand 
xander33911 collected $0.77 from pot
*** SUMMARY ***
Total pot $0.80 | Rake $0.03 
Board [9s 4h 6d 3c 6c]
Seat 1: Dorex2007 folded on the Turn
Seat 2: hiroya155 mucked [5h 3d]
Seat 3: Vainamoinenn folded before Flop (didn't bet)
Seat 4: vas.fegaris (button) folded before Flop (didn't bet)
Seat 5: xander33911 (small blind) showed [9c Ac] and won ($0.77) with two pair, Nines and Sixes
Seat 6: letsg0fishin (big blind) folded on the Turn
Seat 7: milanogdansk folded before Flop (didn't bet)
Seat 8: FLOMMASTER folded before Flop (didn't bet)



PokerStars Hand #227879337779:  Hold'em No Limit ($0.01/$0.02 USD) - 2021/06/27 2:18:27 PT [2021/06/27 5:18:27 ET]
Table 'Messalina III' 9-max Seat #5 is the button
Seat 1: Dorex2007 ($2.75 in chips) 
Seat 2: hiroya155 ($0.41 in chips) 
Seat 3: Vainamoinenn ($2.28 in chips) 
Seat 4: vas.fegaris ($0.40 in chips) 
Seat 5: xander33911 ($3.67 in chips) 
Seat 6: letsg0fishin ($2 in chips) 
Seat 7: milanogdansk ($1.74 in chips) 
Seat 8: FLOMMASTER ($2 in chips) 
letsg0fishin: posts small blind $0.01
milanogdansk: posts big blind $0.02
Gekeresen: sits out 
*** HOLE CARDS ***
Dealt to Dorex2007 [3h 4s]
FLOMMASTER: folds 
Dorex2007: folds 
hiroya155: calls $0.02
Vainamoinenn: folds 
vas.fegaris: calls $0.02
xander33911: folds 
letsg0fishin: calls $0.01
milanogdansk: checks 
*** FLOP *** [4d 7c Ah]
letsg0fishin: checks 
milanogdansk: bets $0.04
hiroya155: folds 
vas.fegaris: folds 
letsg0fishin: folds 
Uncalled bet ($0.04) returned to milanogdansk
milanogdansk collected $0.08 from pot
milanogdansk: doesn't show hand 
*** SUMMARY ***
Total pot $0.08 | Rake $0 
Board [4d 7c Ah]
Seat 1: Dorex2007 folded before Flop (didn't bet)
Seat 2: hiroya155 folded on the Flop
Seat 3: Vainamoinenn folded before Flop (didn't bet)
Seat 4: vas.fegaris folded on the Flop
Seat 5: xander33911 (button) folded before Flop (didn't bet)
Seat 6: letsg0fishin (small blind) folded on the Flop
Seat 7: milanogdansk (big blind) collected ($0.08)
Seat 8: FLOMMASTER folded before Flop (didn't bet)



PokerStars Hand #227879346455:  Hold'em No Limit ($0.01/$0.02 USD) - 2021/06/27 2:19:12 PT [2021/06/27 5:19:12 ET]
Table 'Messalina III' 9-max Seat #6 is the button
Seat 1: Dorex2007 ($2.75 in chips) 
Seat 2: hiroya155 ($0.39 in chips) 
Seat 3: Vainamoinenn ($2.28 in chips) 
Seat 4: vas.fegaris ($0.38 in chips) 
Seat 6: letsg0fishin ($2 in chips) 
Seat 7: milanogdansk ($1.80 in chips) 
Seat 8: FLOMMASTER ($2 in chips) 
milanogdansk: posts small blind $0.01
FLOMMASTER: posts big blind $0.02
Gekeresen: sits out 
*** HOLE CARDS ***
Dealt to Dorex2007 [2h 7c]
Dorex2007: folds 
hiroya155: calls $0.02
Vainamoinenn: folds 
vas.fegaris: folds 
letsg0fishin: folds 
milanogdansk: calls $0.01
FLOMMASTER: checks 
*** FLOP *** [4c 6h 9s]
milanogdansk: bets $0.06
FLOMMASTER: calls $0.06
hiroya155: calls $0.06
*** TURN *** [4c 6h 9s] [Ks]
milanogdansk: bets $0.08
FLOMMASTER: folds 
hiroya155: folds 
Uncalled bet ($0.08) returned to milanogdansk
milanogdansk collected $0.23 from pot
milanogdansk: doesn't show hand 
*** SUMMARY ***
Total pot $0.24 | Rake $0.01 
Board [4c 6h 9s Ks]
Seat 1: Dorex2007 folded before Flop (didn't bet)
Seat 2: hiroya155 folded on the Turn
Seat 3: Vainamoinenn folded before Flop (didn't bet)
Seat 4: vas.fegaris folded before Flop (didn't bet)
Seat 6: letsg0fishin (button) folded before Flop (didn't bet)
Seat 7: milanogdansk (small blind) collected ($0.23)
Seat 8: FLOMMASTER (big blind) folded on the Turn



PokerStars Hand #227879355510:  Hold'em No Limit ($0.01/$0.02 USD) - 2021/06/27 2:19:58 PT [2021/06/27 5:19:58 ET]
Table 'Messalina III' 9-max Seat #7 is the button
Seat 1: Dorex2007 ($2.75 in chips) 
Seat 2: hiroya155 ($0.31 in chips) 
Seat 3: Vainamoinenn ($2.28 in chips) 
Seat 4: vas.fegaris ($0.38 in chips) 
Seat 6: letsg0fishin ($2 in chips) 
Seat 7: milanogdansk ($1.95 in chips) 
Seat 8: FLOMMASTER ($2 in chips) 
Seat 9: Gekeresen ($2 in chips) 
FLOMMASTER: posts small blind $0.01
Gekeresen: posts big blind $0.02
*** HOLE CARDS ***
Dealt to Dorex2007 [4c Kh]
Dorex2007: folds 
hiroya155: calls $0.02
Vainamoinenn: folds 
vas.fegaris: folds 
letsg0fishin: folds 
milanogdansk: calls $0.02
FLOMMASTER: folds 
Gekeresen: raises $0.06 to $0.08
hiroya155: calls $0.06
milanogdansk: folds 
*** FLOP *** [Jd 4h Qs]
Gekeresen: checks 
hiroya155: checks 
*** TURN *** [Jd 4h Qs] [3d]
Gekeresen: bets $0.06
hiroya155: calls $0.06
*** RIVER *** [Jd 4h Qs 3d] [4d]
Gekeresen: bets $0.22
hiroya155: calls $0.17 and is all-in
Uncalled bet ($0.05) returned to Gekeresen
*** SHOW DOWN ***
Gekeresen: shows [Qh Qd] (a full house, Queens full of Fours)
hiroya155: shows [5c 6s] (a pair of Fours)
Gekeresen collected $0.63 from pot
*** SUMMARY ***
Total pot $0.65 | Rake $0.02 
Board [Jd 4h Qs 3d 4d]
Seat 1: Dorex2007 folded before Flop (didn't bet)
Seat 2: hiroya155 showed [5c 6s] and lost with a pair of Fours
Seat 3: Vainamoinenn folded before Flop (didn't bet)
Seat 4: vas.fegaris folded before Flop (didn't bet)
Seat 6: letsg0fishin folded before Flop (didn't bet)
Seat 7: milanogdansk (button) folded before Flop
Seat 8: FLOMMASTER (small blind) folded before Flop
Seat 9: Gekeresen (big blind) showed [Qh Qd] and won ($0.63) with a full house, Queens full of Fours



PokerStars Hand #227879363928:  Hold'em No Limit ($0.01/$0.02 USD) - 2021/06/27 2:20:41 PT [2021/06/27 5:20:41 ET]
Table 'Messalina III' 9-max Seat #8 is the button
Seat 1: Dorex2007 ($2.75 in chips) 
Seat 3: Vainamoinenn ($2.28 in chips) 
Seat 4: vas.fegaris ($0.38 in chips) 
Seat 6: letsg0fishin ($2 in chips) 
Seat 7: milanogdansk ($1.93 in chips) 
Seat 8: FLOMMASTER ($2 in chips) 
Seat 9: Gekeresen ($2.32 in chips) 
Gekeresen: posts small blind $0.01
Dorex2007: posts big blind $0.02
*** HOLE CARDS ***
Dealt to Dorex2007 [4c 3s]
Vainamoinenn: calls $0.02
vas.fegaris: folds 
letsg0fishin: folds 
milanogdansk: raises $0.04 to $0.06
FLOMMASTER: folds 
Gekeresen: folds 
Dorex2007: folds 
Vainamoinenn: calls $0.04
*** FLOP *** [5s 9d Qh]
Vainamoinenn: checks 
milanogdansk: checks 
*** TURN *** [5s 9d Qh] [Ts]
Vainamoinenn: bets $0.14
milanogdansk: folds 
Uncalled bet ($0.14) returned to Vainamoinenn
Vainamoinenn collected $0.14 from pot
Vainamoinenn: doesn't show hand 
*** SUMMARY ***
Total pot $0.15 | Rake $0.01 
Board [5s 9d Qh Ts]
Seat 1: Dorex2007 (big blind) folded before Flop
Seat 3: Vainamoinenn collected ($0.14)
Seat 4: vas.fegaris folded before Flop (didn't bet)
Seat 6: letsg0fishin folded before Flop (didn't bet)
Seat 7: milanogdansk folded on the Turn
Seat 8: FLOMMASTER (button) folded before Flop (didn't bet)
Seat 9: Gekeresen (small blind) folded before Flop



PokerStars Hand #227879370495:  Hold'em No Limit ($0.01/$0.02 USD) - 2021/06/27 2:21:15 PT [2021/06/27 5:21:15 ET]
Table 'Messalina III' 9-max Seat #9 is the button
Seat 1: Dorex2007 ($2.73 in chips) 
Seat 2: hiroya155 ($2 in chips) 
Seat 3: Vainamoinenn ($2.36 in chips) 
Seat 4: vas.fegaris ($0.38 in chips) 
Seat 6: letsg0fishin ($2 in chips) 
Seat 7: milanogdansk ($1.87 in chips) 
Seat 8: FLOMMASTER ($2 in chips) 
Seat 9: Gekeresen ($2.31 in chips) 
Dorex2007: posts small blind $0.01
hiroya155: posts big blind $0.02
*** HOLE CARDS ***
Dealt to Dorex2007 [Kh 3h]
Vainamoinenn: folds 
vas.fegaris: calls $0.02
letsg0fishin: folds 
milanogdansk: calls $0.02
FLOMMASTER: folds 
Gekeresen: folds 
Dorex2007: folds 
hiroya155: checks 
*** FLOP *** [7h 3d 4d]
hiroya155: bets $0.02
vas.fegaris: calls $0.02
milanogdansk: calls $0.02
*** TURN *** [7h 3d 4d] [Ks]
hiroya155: checks 
vas.fegaris: bets $0.02
milanogdansk: calls $0.02
hiroya155: calls $0.02
*** RIVER *** [7h 3d 4d Ks] [5s]
hiroya155: checks 
vas.fegaris: bets $0.04
milanogdansk: calls $0.04
hiroya155: calls $0.04
*** SHOW DOWN ***
vas.fegaris: shows [Ts Qc] (high card King)
milanogdansk: shows [5c As] (a pair of Fives)
hiroya155: shows [7c 2d] (a pair of Sevens)
hiroya155 collected $0.30 from pot
*** SUMMARY ***
Total pot $0.31 | Rake $0.01 
Board [7h 3d 4d Ks 5s]
Seat 1: Dorex2007 (small blind) folded before Flop
Seat 2: hiroya155 (big blind) showed [7c 2d] and won ($0.30) with a pair of Sevens
Seat 3: Vainamoinenn folded before Flop (didn't bet)
Seat 4: vas.fegaris showed [Ts Qc] and lost with high card King
Seat 6: letsg0fishin folded before Flop (didn't bet)
Seat 7: milanogdansk showed [5c As] and lost with a pair of Fives
Seat 8: FLOMMASTER folded before Flop (didn't bet)
Seat 9: Gekeresen (button) folded before Flop (didn't bet)



PokerStars Hand #227879379865:  Hold'em No Limit ($0.01/$0.02 USD) - 2021/06/27 2:22:03 PT [2021/06/27 5:22:03 ET]
Table 'Messalina III' 9-max Seat #1 is the button
Seat 1: Dorex2007 ($2.72 in chips) 
Seat 2: hiroya155 ($2.20 in chips) 
Seat 3: Vainamoinenn ($2.36 in chips) 
Seat 4: vas.fegaris ($0.28 in chips) 
Seat 6: letsg0fishin ($2 in chips) 
Seat 7: milanogdansk ($1.77 in chips) 
Seat 8: FLOMMASTER ($2 in chips) 
Seat 9: Gekeresen ($2.31 in chips) 
hiroya155: posts small blind $0.01
Vainamoinenn: posts big blind $0.02
*** HOLE CARDS ***
Dealt to Dorex2007 [7c 3s]
vas.fegaris: folds 
letsg0fishin: folds 
milanogdansk: calls $0.02
FLOMMASTER: folds 
Gekeresen: folds 
Dorex2007: folds 
hiroya155: calls $0.01
Vainamoinenn: checks 
*** FLOP *** [Qs 8h Qd]
hiroya155: checks 
Vainamoinenn: bets $0.06
milanogdansk: folds 
hiroya155: calls $0.06
*** TURN *** [Qs 8h Qd] [Qc]
hiroya155: checks 
Vainamoinenn: checks 
*** RIVER *** [Qs 8h Qd Qc] [7d]
hiroya155: checks 
Vainamoinenn: checks 
*** SHOW DOWN ***
hiroya155: shows [9c Td] (three of a kind, Queens)
Vainamoinenn: shows [Kd 6s] (three of a kind, Queens - King kicker)
Vainamoinenn collected $0.17 from pot
*** SUMMARY ***
Total pot $0.18 | Rake $0.01 
Board [Qs 8h Qd Qc 7d]
Seat 1: Dorex2007 (button) folded before Flop (didn't bet)
Seat 2: hiroya155 (small blind) showed [9c Td] and lost with three of a kind, Queens
Seat 3: Vainamoinenn (big blind) showed [Kd 6s] and won ($0.17) with three of a kind, Queens
Seat 4: vas.fegaris folded before Flop (didn't bet)
Seat 6: letsg0fishin folded before Flop (didn't bet)
Seat 7: milanogdansk folded on the Flop
Seat 8: FLOMMASTER folded before Flop (didn't bet)
Seat 9: Gekeresen folded before Flop (didn't bet)



PokerStars Hand #227879389556:  Hold'em No Limit ($0.01/$0.02 USD) - 2021/06/27 2:22:52 PT [2021/06/27 5:22:52 ET]
Table 'Messalina III' 9-max Seat #2 is the button
Seat 1: Dorex2007 ($2.72 in chips) 
Seat 2: hiroya155 ($2.12 in chips) 
Seat 3: Vainamoinenn ($2.45 in chips) 
Seat 4: vas.fegaris ($0.28 in chips) 
Seat 6: letsg0fishin ($2 in chips) 
Seat 7: milanogdansk ($1.75 in chips) 
Seat 8: FLOMMASTER ($2 in chips) 
Seat 9: Gekeresen ($2.31 in chips) 
Vainamoinenn: posts small blind $0.01
vas.fegaris: posts big blind $0.02
*** HOLE CARDS ***
Dealt to Dorex2007 [5d 8d]
letsg0fishin: folds 
milanogdansk has timed out
milanogdansk: folds 
FLOMMASTER: folds 
Gekeresen: folds 
Dorex2007: folds 
hiroya155: calls $0.02
Vainamoinenn: folds 
vas.fegaris: raises $0.05 to $0.07
hiroya155: folds 
Uncalled bet ($0.05) returned to vas.fegaris
vas.fegaris collected $0.05 from pot
vas.fegaris: doesn't show hand 
*** SUMMARY ***
Total pot $0.05 | Rake $0 
Seat 1: Dorex2007 folded before Flop (didn't bet)
Seat 2: hiroya155 (button) folded before Flop
Seat 3: Vainamoinenn (small blind) folded before Flop
Seat 4: vas.fegaris (big blind) collected ($0.05)
Seat 6: letsg0fishin folded before Flop (didn't bet)
Seat 7: milanogdansk folded before Flop (didn't bet)
Seat 8: FLOMMASTER folded before Flop (didn't bet)
Seat 9: Gekeresen folded before Flop (didn't bet)



PokerStars Hand #227879395917:  Hold'em No Limit ($0.01/$0.02 USD) - 2021/06/27 2:23:25 PT [2021/06/27 5:23:25 ET]
Table 'Messalina III' 9-max Seat #3 is the button
Seat 1: Dorex2007 ($2.72 in chips) 
Seat 2: hiroya155 ($2.10 in chips) 
Seat 3: Vainamoinenn ($2.44 in chips) 
Seat 4: vas.fegaris ($0.31 in chips) 
Seat 6: letsg0fishin ($2 in chips) 
Seat 7: milanogdansk ($1.75 in chips) 
Seat 8: FLOMMASTER ($2 in chips) 
Seat 9: Gekeresen ($2.31 in chips) 
vas.fegaris: posts small blind $0.01
letsg0fishin: posts big blind $0.02
*** HOLE CARDS ***
Dealt to Dorex2007 [Kc 3s]
milanogdansk: calls $0.02
FLOMMASTER: folds 
Gekeresen: folds 
Dorex2007: folds 
hiroya155: calls $0.02
Vainamoinenn has timed out
Vainamoinenn: folds 
vas.fegaris: calls $0.01
letsg0fishin: checks 
*** FLOP *** [2c 4h 5d]
vas.fegaris: checks 
letsg0fishin: checks 
milanogdansk: checks 
hiroya155: checks 
*** TURN *** [2c 4h 5d] [9d]
vas.fegaris: checks 
letsg0fishin: checks 
milanogdansk: checks 
hiroya155: checks 
*** RIVER *** [2c 4h 5d 9d] [Qh]
vas.fegaris: checks 
letsg0fishin: checks 
milanogdansk: checks 
hiroya155: checks 
*** SHOW DOWN ***
vas.fegaris: shows [8s Ah] (high card Ace)
letsg0fishin: shows [3c 2d] (a pair of Deuces)
milanogdansk: mucks hand 
hiroya155: shows [5s Ac] (a pair of Fives)
hiroya155 collected $0.08 from pot
*** SUMMARY ***
Total pot $0.08 | Rake $0 
Board [2c 4h 5d 9d Qh]
Seat 1: Dorex2007 folded before Flop (didn't bet)
Seat 2: hiroya155 showed [5s Ac] and won ($0.08) with a pair of Fives
Seat 3: Vainamoinenn (button) folded before Flop (didn't bet)
Seat 4: vas.fegaris (small blind) showed [8s Ah] and lost with high card Ace
Seat 6: letsg0fishin (big blind) showed [3c 2d] and lost with a pair of Deuces
Seat 7: milanogdansk mucked [8c 3d]
Seat 8: FLOMMASTER folded before Flop (didn't bet)
Seat 9: Gekeresen folded before Flop (didn't bet)



PokerStars Hand #227879407859:  Hold'em No Limit ($0.01/$0.02 USD) - 2021/06/27 2:24:27 PT [2021/06/27 5:24:27 ET]
Table 'Messalina III' 9-max Seat #4 is the button
Seat 1: Dorex2007 ($2.72 in chips) 
Seat 2: hiroya155 ($2.16 in chips) 
Seat 3: Vainamoinenn ($2.44 in chips) 
Seat 4: vas.fegaris ($0.29 in chips) 
Seat 6: letsg0fishin ($2 in chips) 
Seat 7: milanogdansk ($1.73 in chips) 
Seat 8: FLOMMASTER ($2 in chips) 
Seat 9: Gekeresen ($2.31 in chips) 
letsg0fishin: posts small blind $0.01
milanogdansk: posts big blind $0.02
*** HOLE CARDS ***
Dealt to Dorex2007 [Kc 7c]
FLOMMASTER: folds 
Gekeresen: folds 
Dorex2007: folds 
hiroya155: calls $0.02
Vainamoinenn: folds 
vas.fegaris: folds 
letsg0fishin: folds 
milanogdansk: raises $0.02 to $0.04
hiroya155: calls $0.02
*** FLOP *** [Th Kd 7d]
milanogdansk: checks 
hiroya155: bets $0.02
milanogdansk: raises $0.04 to $0.06
hiroya155: calls $0.04
*** TURN *** [Th Kd 7d] [4c]
milanogdansk: checks 
hiroya155: checks 
*** RIVER *** [Th Kd 7d 4c] [2d]
milanogdansk: bets $0.10
hiroya155: folds 
Uncalled bet ($0.10) returned to milanogdansk
milanogdansk collected $0.20 from pot
milanogdansk: doesn't show hand 
*** SUMMARY ***
Total pot $0.21 | Rake $0.01 
Board [Th Kd 7d 4c 2d]
Seat 1: Dorex2007 folded before Flop (didn't bet)
Seat 2: hiroya155 folded on the River
Seat 3: Vainamoinenn folded before Flop (didn't bet)
Seat 4: vas.fegaris (button) folded before Flop (didn't bet)
Seat 6: letsg0fishin (small blind) folded before Flop
Seat 7: milanogdansk (big blind) collected ($0.20)
Seat 8: FLOMMASTER folded before Flop (didn't bet)
Seat 9: Gekeresen folded before Flop (didn't bet)



PokerStars Hand #227879418036:  Hold'em No Limit ($0.01/$0.02 USD) - 2021/06/27 2:25:19 PT [2021/06/27 5:25:19 ET]
Table 'Messalina III' 9-max Seat #6 is the button
Seat 1: Dorex2007 ($2.72 in chips) 
Seat 2: hiroya155 ($2.06 in chips) 
Seat 3: Vainamoinenn ($2.44 in chips) 
Seat 4: vas.fegaris ($0.29 in chips) 
Seat 6: letsg0fishin ($2 in chips) 
Seat 7: milanogdansk ($1.83 in chips) 
Seat 8: FLOMMASTER ($2 in chips) 
Seat 9: Gekeresen ($2.31 in chips) 
milanogdansk: posts small blind $0.01
FLOMMASTER: posts big blind $0.02
*** HOLE CARDS ***
Dealt to Dorex2007 [6h Qd]
Gekeresen: folds 
Dorex2007: folds 
hiroya155: calls $0.02
Vainamoinenn: calls $0.02
vas.fegaris: calls $0.02
letsg0fishin: folds 
milanogdansk: raises $0.04 to $0.06
FLOMMASTER: folds 
hiroya155: folds 
Vainamoinenn: calls $0.04
vas.fegaris: folds 
*** FLOP *** [6s 5c Kd]
milanogdansk: checks 
Vainamoinenn: bets $0.17
milanogdansk: folds 
Uncalled bet ($0.17) returned to Vainamoinenn
Vainamoinenn collected $0.17 from pot
Vainamoinenn: doesn't show hand 
*** SUMMARY ***
Total pot $0.18 | Rake $0.01 
Board [6s 5c Kd]
Seat 1: Dorex2007 folded before Flop (didn't bet)
Seat 2: hiroya155 folded before Flop
Seat 3: Vainamoinenn collected ($0.17)
Seat 4: vas.fegaris folded before Flop
Seat 6: letsg0fishin (button) folded before Flop (didn't bet)
Seat 7: milanogdansk (small blind) folded on the Flop
Seat 8: FLOMMASTER (big blind) folded before Flop
Seat 9: Gekeresen folded before Flop (didn't bet)



PokerStars Hand #227879427827:  Hold'em No Limit ($0.01/$0.02 USD) - 2021/06/27 2:26:10 PT [2021/06/27 5:26:10 ET]
Table 'Messalina III' 9-max Seat #7 is the button
Seat 1: Dorex2007 ($2.72 in chips) 
Seat 2: hiroya155 ($2.04 in chips) 
Seat 3: Vainamoinenn ($2.55 in chips) 
Seat 4: vas.fegaris ($0.27 in chips) 
Seat 6: letsg0fishin ($2 in chips) 
Seat 7: milanogdansk ($1.77 in chips) 
Seat 8: FLOMMASTER ($2 in chips) 
Seat 9: Gekeresen ($2.31 in chips) 
FLOMMASTER: posts small blind $0.01
Gekeresen: posts big blind $0.02
*** HOLE CARDS ***
Dealt to Dorex2007 [4d 4s]
Dorex2007: folds 
hiroya155: folds 
Vainamoinenn: folds 
vas.fegaris: raises $0.02 to $0.04
letsg0fishin: folds 
milanogdansk: calls $0.04
FLOMMASTER: calls $0.03
Gekeresen: calls $0.02
*** FLOP *** [As 5s 6h]
FLOMMASTER: checks 
Gekeresen: checks 
vas.fegaris: checks 
milanogdansk: checks 
*** TURN *** [As 5s 6h] [8h]
FLOMMASTER: bets $0.06
Gekeresen: folds 
vas.fegaris: folds 
milanogdansk: folds 
Uncalled bet ($0.06) returned to FLOMMASTER
FLOMMASTER collected $0.15 from pot
FLOMMASTER: doesn't show hand 
*** SUMMARY ***
Total pot $0.16 | Rake $0.01 
Board [As 5s 6h 8h]
Seat 1: Dorex2007 folded before Flop (didn't bet)
Seat 2: hiroya155 folded before Flop (didn't bet)
Seat 3: Vainamoinenn folded before Flop (didn't bet)
Seat 4: vas.fegaris folded on the Turn
Seat 6: letsg0fishin folded before Flop (didn't bet)
Seat 7: milanogdansk (button) folded on the Turn
Seat 8: FLOMMASTER (small blind) collected ($0.15)
Seat 9: Gekeresen (big blind) folded on the Turn



PokerStars Hand #227879435227:  Hold'em No Limit ($0.01/$0.02 USD) - 2021/06/27 2:26:48 PT [2021/06/27 5:26:48 ET]
Table 'Messalina III' 9-max Seat #8 is the button
Seat 1: Dorex2007 ($2.72 in chips) 
Seat 2: hiroya155 ($2.04 in chips) 
Seat 3: Vainamoinenn ($2.55 in chips) 
Seat 4: vas.fegaris ($0.23 in chips) 
Seat 6: letsg0fishin ($2 in chips) 
Seat 7: milanogdansk ($1.73 in chips) 
Seat 8: FLOMMASTER ($2.11 in chips) 
Seat 9: Gekeresen ($2.27 in chips) 
Gekeresen: posts small blind $0.01
Dorex2007: posts big blind $0.02
*** HOLE CARDS ***
Dealt to Dorex2007 [As Qc]
hiroya155: calls $0.02
Vainamoinenn: folds 
vas.fegaris: folds 
letsg0fishin: folds 
milanogdansk: calls $0.02
FLOMMASTER: folds 
Gekeresen: calls $0.01
Dorex2007: raises $0.08 to $0.10
hiroya155: calls $0.08
milanogdansk: calls $0.08
Gekeresen: folds 
*** FLOP *** [Jd 5d Jc]
Dorex2007: checks 
hiroya155: checks 
milanogdansk: checks 
*** TURN *** [Jd 5d Jc] [7h]
Dorex2007: bets $0.16
hiroya155: calls $0.16
milanogdansk: folds 
*** RIVER *** [Jd 5d Jc 7h] [5c]
Dorex2007: bets $0.31
hiroya155: calls $0.31
*** SHOW DOWN ***
Dorex2007: shows [As Qc] (two pair, Jacks and Fives)
hiroya155: mucks hand 
Dorex2007 collected $1.22 from pot
*** SUMMARY ***
Total pot $1.26 | Rake $0.04 
Board [Jd 5d Jc 7h 5c]
Seat 1: Dorex2007 (big blind) showed [As Qc] and won ($1.22) with two pair, Jacks and Fives
Seat 2: hiroya155 mucked [6c Qs]
Seat 3: Vainamoinenn folded before Flop (didn't bet)
Seat 4: vas.fegaris folded before Flop (didn't bet)
Seat 6: letsg0fishin folded before Flop (didn't bet)
Seat 7: milanogdansk folded on the Turn
Seat 8: FLOMMASTER (button) folded before Flop (didn't bet)
Seat 9: Gekeresen (small blind) folded before Flop



PokerStars Hand #227879449152:  Hold'em No Limit ($0.01/$0.02 USD) - 2021/06/27 2:27:59 PT [2021/06/27 5:27:59 ET]
Table 'Messalina III' 9-max Seat #9 is the button
Seat 1: Dorex2007 ($3.37 in chips) 
Seat 2: hiroya155 ($1.47 in chips) 
Seat 3: Vainamoinenn ($2.55 in chips) 
Seat 4: vas.fegaris ($0.23 in chips) 
Seat 6: letsg0fishin ($2 in chips) 
Seat 7: milanogdansk ($1.63 in chips) 
Seat 8: FLOMMASTER ($2.11 in chips) 
Seat 9: Gekeresen ($2.25 in chips) 
Dorex2007: posts small blind $0.01
hiroya155: posts big blind $0.02
*** HOLE CARDS ***
Dealt to Dorex2007 [7c 8d]
Vainamoinenn: folds 
vas.fegaris: raises $0.02 to $0.04
letsg0fishin: folds 
milanogdansk: folds 
FLOMMASTER: calls $0.04
Gekeresen: raises $0.12 to $0.16
Dorex2007: folds 
hiroya155: folds 
vas.fegaris: raises $0.07 to $0.23 and is all-in
FLOMMASTER: calls $0.19
Gekeresen: calls $0.07
*** FLOP *** [4h 4d Ts]
FLOMMASTER: bets $0.35
Gekeresen: folds 
Uncalled bet ($0.35) returned to FLOMMASTER
*** TURN *** [4h 4d Ts] [6s]
*** RIVER *** [4h 4d Ts 6s] [3d]
*** SHOW DOWN ***
vas.fegaris: shows [2s 2d] (two pair, Fours and Deuces)
FLOMMASTER: shows [9s 9c] (two pair, Nines and Fours)
FLOMMASTER collected $0.69 from pot
vas.fegaris cashed out the hand for $0.06
*** SUMMARY ***
Total pot $0.72 | Rake $0.03 
Board [4h 4d Ts 6s 3d]
Seat 1: Dorex2007 (small blind) folded before Flop
Seat 2: hiroya155 (big blind) folded before Flop
Seat 3: Vainamoinenn folded before Flop (didn't bet)
Seat 4: vas.fegaris showed [2s 2d] and lost with two pair, Fours and Deuces (cashed out).
Seat 6: letsg0fishin folded before Flop (didn't bet)
Seat 7: milanogdansk folded before Flop (didn't bet)
Seat 8: FLOMMASTER showed [9s 9c] and won ($0.69) with two pair, Nines and Fours
Seat 9: Gekeresen (button) folded on the Flop



PokerStars Hand #227879460841:  Hold'em No Limit ($0.01/$0.02 USD) - 2021/06/27 2:28:59 PT [2021/06/27 5:28:59 ET]
Table 'Messalina III' 9-max Seat #1 is the button
Seat 1: Dorex2007 ($3.36 in chips) 
Seat 2: hiroya155 ($1.45 in chips) 
Seat 3: Vainamoinenn ($2.55 in chips) 
Seat 4: vas.fegaris ($0.06 in chips) 
Seat 6: letsg0fishin ($2 in chips) 
Seat 7: milanogdansk ($1.63 in chips) 
Seat 8: FLOMMASTER ($2.57 in chips) 
Seat 9: Gekeresen ($2.02 in chips) 
hiroya155: posts small blind $0.01
Vainamoinenn: posts big blind $0.02
*** HOLE CARDS ***
Dealt to Dorex2007 [Kc Ts]
vas.fegaris: folds 
letsg0fishin: folds 
milanogdansk: calls $0.02
FLOMMASTER: folds 
Gekeresen: folds 
Dorex2007: raises $0.04 to $0.06
hiroya155: calls $0.05
Vainamoinenn: calls $0.04
milanogdansk: calls $0.04
*** FLOP *** [2c 3d 6c]
hiroya155: bets $0.02
Vainamoinenn: calls $0.02
milanogdansk: calls $0.02
Dorex2007: calls $0.02
*** TURN *** [2c 3d 6c] [7s]
hiroya155: checks 
Vainamoinenn: bets $0.16
milanogdansk: folds 
Dorex2007: folds 
hiroya155: calls $0.16
*** RIVER *** [2c 3d 6c 7s] [Ad]
hiroya155: checks 
Vainamoinenn: bets $0.62
hiroya155: calls $0.62
*** SHOW DOWN ***
Vainamoinenn: shows [2d 2h] (three of a kind, Deuces)
hiroya155: mucks hand 
Vainamoinenn collected $1.81 from pot
*** SUMMARY ***
Total pot $1.88 | Rake $0.07 
Board [2c 3d 6c 7s Ad]
Seat 1: Dorex2007 (button) folded on the Turn
Seat 2: hiroya155 (small blind) mucked [4d Ac]
Seat 3: Vainamoinenn (big blind) showed [2d 2h] and won ($1.81) with three of a kind, Deuces
Seat 4: vas.fegaris folded before Flop (didn't bet)
Seat 6: letsg0fishin folded before Flop (didn't bet)
Seat 7: milanogdansk folded on the Turn
Seat 8: FLOMMASTER folded before Flop (didn't bet)
Seat 9: Gekeresen folded before Flop (didn't bet)



PokerStars Hand #227879474632:  Hold'em No Limit ($0.01/$0.02 USD) - 2021/06/27 2:30:11 PT [2021/06/27 5:30:11 ET]
Table 'Messalina III' 9-max Seat #2 is the button
Seat 1: Dorex2007 ($3.28 in chips) 
Seat 2: hiroya155 ($0.59 in chips) 
Seat 3: Vainamoinenn ($3.50 in chips) 
Seat 4: vas.fegaris ($0.06 in chips) 
Seat 6: letsg0fishin ($2 in chips) 
Seat 7: milanogdansk ($1.55 in chips) 
Seat 8: FLOMMASTER ($2.57 in chips) 
Seat 9: Gekeresen ($2.02 in chips) 
Vainamoinenn: posts small blind $0.01
vas.fegaris: posts big blind $0.02
*** HOLE CARDS ***
Dealt to Dorex2007 [Qs 6s]
letsg0fishin: folds 
milanogdansk: calls $0.02
FLOMMASTER: folds 
Gekeresen: folds 
Dorex2007: folds 
hiroya155: calls $0.02
Vainamoinenn: calls $0.01
vas.fegaris: checks 
*** FLOP *** [Th 6h 5c]
Vainamoinenn: bets $0.08
vas.fegaris: folds 
milanogdansk: folds 
hiroya155: raises $0.08 to $0.16
Vainamoinenn: calls $0.08
*** TURN *** [Th 6h 5c] [Kd]
Vainamoinenn: checks 
hiroya155: bets $0.19
Vainamoinenn: folds 
Uncalled bet ($0.19) returned to hiroya155
hiroya155 collected $0.39 from pot
hiroya155: doesn't show hand 
*** SUMMARY ***
Total pot $0.40 | Rake $0.01 
Board [Th 6h 5c Kd]
Seat 1: Dorex2007 folded before Flop (didn't bet)
Seat 2: hiroya155 (button) collected ($0.39)
Seat 3: Vainamoinenn (small blind) folded on the Turn
Seat 4: vas.fegaris (big blind) folded on the Flop
Seat 6: letsg0fishin folded before Flop (didn't bet)
Seat 7: milanogdansk folded on the Flop
Seat 8: FLOMMASTER folded before Flop (didn't bet)
Seat 9: Gekeresen folded before Flop (didn't bet)



PokerStars Hand #227879486953:  Hold'em No Limit ($0.01/$0.02 USD) - 2021/06/27 2:31:14 PT [2021/06/27 5:31:14 ET]
Table 'Messalina III' 9-max Seat #3 is the button
Seat 1: Dorex2007 ($3.28 in chips) 
Seat 2: hiroya155 ($0.80 in chips) 
Seat 3: Vainamoinenn ($3.32 in chips) 
Seat 4: vas.fegaris ($0.04 in chips) 
Seat 6: letsg0fishin ($2 in chips) 
Seat 7: milanogdansk ($1.53 in chips) 
Seat 8: FLOMMASTER ($2.57 in chips) 
Seat 9: Gekeresen ($2.02 in chips) 
vas.fegaris: posts small blind $0.01
letsg0fishin: posts big blind $0.02
*** HOLE CARDS ***
Dealt to Dorex2007 [Ks 4c]
milanogdansk: calls $0.02
FLOMMASTER: raises $0.04 to $0.06
Gekeresen: folds 
Dorex2007: calls $0.06
hiroya155: folds 
Vainamoinenn: folds 
vas.fegaris: calls $0.03 and is all-in
letsg0fishin: folds 
milanogdansk: calls $0.04
*** FLOP *** [Ac Qs Jh]
milanogdansk: checks 
FLOMMASTER: checks 
Dorex2007: checks 
*** TURN *** [Ac Qs Jh] [Ah]
milanogdansk: checks 
FLOMMASTER: checks 
Dorex2007: bets $0.15
milanogdansk: folds 
FLOMMASTER: folds 
Uncalled bet ($0.15) returned to Dorex2007
*** RIVER *** [Ac Qs Jh Ah] [2c]
*** SHOW DOWN ***
Dorex2007: shows [Ks 4c] (a pair of Aces)
vas.fegaris: shows [Kh 7h] (a pair of Aces)
vas.fegaris collected $0.09 from main pot
Dorex2007 cashed out the hand for $0.12
*** SUMMARY ***
Total pot $0.24 Main pot $0.17. Side pot $0.06. | Rake $0.01 
Board [Ac Qs Jh Ah 2c]
Seat 1: Dorex2007 showed [Ks 4c] and won ($0.14) with a pair of Aces (pot not awarded as player cashed out)
Seat 2: hiroya155 folded before Flop (didn't bet)
Seat 3: Vainamoinenn (button) folded before Flop (didn't bet)
Seat 4: vas.fegaris (small blind) showed [Kh 7h] and won ($0.09) with a pair of Aces
Seat 6: letsg0fishin (big blind) folded before Flop
Seat 7: milanogdansk folded on the Turn
Seat 8: FLOMMASTER folded on the Turn
Seat 9: Gekeresen folded before Flop (didn't bet)



PokerStars Hand #227879498878:  Hold'em No Limit ($0.01/$0.02 USD) - 2021/06/27 2:32:15 PT [2021/06/27 5:32:15 ET]
Table 'Messalina III' 9-max Seat #4 is the button
Seat 1: Dorex2007 ($3.34 in chips) 
Seat 2: hiroya155 ($0.80 in chips) 
Seat 3: Vainamoinenn ($3.32 in chips) 
Seat 4: vas.fegaris ($0.09 in chips) 
Seat 6: letsg0fishin ($2 in chips) 
Seat 7: milanogdansk ($1.47 in chips) 
Seat 8: FLOMMASTER ($2.51 in chips) 
Seat 9: Gekeresen ($2.02 in chips) 
letsg0fishin: posts small blind $0.01
milanogdansk: posts big blind $0.02
*** HOLE CARDS ***
Dealt to Dorex2007 [As 2h]
FLOMMASTER: folds 
FLOMMASTER leaves the table
Gekeresen: folds 
Dorex2007: folds 
hiroya155: calls $0.02
Vainamoinenn: calls $0.02
vas.fegaris: folds 
letsg0fishin: folds 
milanogdansk: raises $0.04 to $0.06
hiroya155: calls $0.04
Vainamoinenn: calls $0.04
*** FLOP *** [7h Tc 2d]
milanogdansk: checks 
hiroya155: checks 
Vainamoinenn: bets $0.18
milanogdansk: folds 
hiroya155: calls $0.18
*** TURN *** [7h Tc 2d] [6h]
hiroya155: checks 
Vainamoinenn: bets $0.42
hiroya155: calls $0.42
*** RIVER *** [7h Tc 2d 6h] [3c]
hiroya155: checks 
Vainamoinenn: bets $0.67
hiroya155: folds 
Uncalled bet ($0.67) returned to Vainamoinenn
Vainamoinenn collected $1.34 from pot
Vainamoinenn: doesn't show hand 
*** SUMMARY ***
Total pot $1.39 | Rake $0.05 
Board [7h Tc 2d 6h 3c]
Seat 1: Dorex2007 folded before Flop (didn't bet)
Seat 2: hiroya155 folded on the River
Seat 3: Vainamoinenn collected ($1.34)
Seat 4: vas.fegaris (button) folded before Flop (didn't bet)
Seat 6: letsg0fishin (small blind) folded before Flop
Seat 7: milanogdansk (big blind) folded on the Flop
Seat 8: FLOMMASTER folded before Flop (didn't bet)
Seat 9: Gekeresen folded before Flop (didn't bet)



PokerStars Hand #227879510520:  Hold'em No Limit ($0.01/$0.02 USD) - 2021/06/27 2:33:14 PT [2021/06/27 5:33:14 ET]
Table 'Messalina III' 9-max Seat #6 is the button
Seat 1: Dorex2007 ($3.34 in chips) 
Seat 2: hiroya155 ($0.14 in chips) 
Seat 3: Vainamoinenn ($4 in chips) 
Seat 4: vas.fegaris ($0.09 in chips) 
Seat 6: letsg0fishin ($2 in chips) 
Seat 7: milanogdansk ($1.41 in chips) 
Seat 9: Gekeresen ($2.02 in chips) 
milanogdansk: posts small blind $0.01
Gekeresen: posts big blind $0.02
*** HOLE CARDS ***
Dealt to Dorex2007 [Qh Kd]
Hannelore900 joins the table at seat #8 
Dorex2007 has timed out
Dorex2007: folds 
hiroya155: calls $0.02
Vainamoinenn: folds 
vas.fegaris: folds 
letsg0fishin: folds 
milanogdansk: raises $0.04 to $0.06
Gekeresen: folds 
hiroya155: calls $0.04
*** FLOP *** [2s 6d Th]
milanogdansk: bets $0.08
hiroya155: calls $0.08 and is all-in
*** TURN *** [2s 6d Th] [4d]
*** RIVER *** [2s 6d Th 4d] [3h]
*** SHOW DOWN ***
milanogdansk: shows [As Td] (a pair of Tens)
hiroya155: shows [9c Ac] (high card Ace)
milanogdansk collected $0.29 from pot
*** SUMMARY ***
Total pot $0.30 | Rake $0.01 
Board [2s 6d Th 4d 3h]
Seat 1: Dorex2007 folded before Flop (didn't bet)
Seat 2: hiroya155 showed [9c Ac] and lost with high card Ace
Seat 3: Vainamoinenn folded before Flop (didn't bet)
Seat 4: vas.fegaris folded before Flop (didn't bet)
Seat 6: letsg0fishin (button) folded before Flop (didn't bet)
Seat 7: milanogdansk (small blind) showed [As Td] and won ($0.29) with a pair of Tens
Seat 9: Gekeresen (big blind) folded before Flop



PokerStars Hand #227879520156:  Hold'em No Limit ($0.01/$0.02 USD) - 2021/06/27 2:34:04 PT [2021/06/27 5:34:04 ET]
Table 'Messalina III' 9-max Seat #7 is the button
Seat 1: Dorex2007 ($3.34 in chips) 
Seat 3: Vainamoinenn ($4 in chips) 
Seat 4: vas.fegaris ($0.09 in chips) 
Seat 6: letsg0fishin ($2 in chips) 
Seat 7: milanogdansk ($1.56 in chips) 
Seat 9: Gekeresen ($2 in chips) 
Gekeresen: posts small blind $0.01
Dorex2007: posts big blind $0.02
*** HOLE CARDS ***
Dealt to Dorex2007 [2c Jd]
Vainamoinenn: folds 
vas.fegaris: folds 
letsg0fishin: folds 
milanogdansk: calls $0.02
Gekeresen: calls $0.01
Dorex2007: checks 
*** FLOP *** [6c 7d Jh]
Gekeresen: checks 
Dorex2007: bets $0.04
milanogdansk: calls $0.04
Gekeresen: folds 
*** TURN *** [6c 7d Jh] [Td]
Dorex2007: checks 
milanogdansk: checks 
*** RIVER *** [6c 7d Jh Td] [Kc]
Dorex2007: bets $0.07
milanogdansk: folds 
Uncalled bet ($0.07) returned to Dorex2007
Dorex2007 collected $0.14 from pot
Dorex2007: doesn't show hand 
*** SUMMARY ***
Total pot $0.14 | Rake $0 
Board [6c 7d Jh Td Kc]
Seat 1: Dorex2007 (big blind) collected ($0.14)
Seat 3: Vainamoinenn folded before Flop (didn't bet)
Seat 4: vas.fegaris folded before Flop (didn't bet)
Seat 6: letsg0fishin folded before Flop (didn't bet)
Seat 7: milanogdansk (button) folded on the River
Seat 9: Gekeresen (small blind) folded on the Flop



PokerStars Hand #227879527031:  Hold'em No Limit ($0.01/$0.02 USD) - 2021/06/27 2:34:40 PT [2021/06/27 5:34:40 ET]
Table 'Messalina III' 9-max Seat #9 is the button
Seat 1: Dorex2007 ($3.42 in chips) 
Seat 3: Vainamoinenn ($4 in chips) 
Seat 4: vas.fegaris ($0.09 in chips) 
Seat 6: letsg0fishin ($2 in chips) 
Seat 7: milanogdansk ($1.50 in chips) 
Seat 8: Hannelore900 ($1.60 in chips) 
Seat 9: Gekeresen ($1.98 in chips) 
Dorex2007: posts small blind $0.01
Vainamoinenn: posts big blind $0.02
Hannelore900: posts big blind $0.02
*** HOLE CARDS ***
Dealt to Dorex2007 [9s Jh]
vas.fegaris: folds 
letsg0fishin: calls $0.02
milanogdansk: raises $0.04 to $0.06
Hannelore900: folds 
Gekeresen: folds 
Dorex2007: folds 
Vainamoinenn: folds 
hiroya155 leaves the table
letsg0fishin: calls $0.04
*** FLOP *** [Jc Qd 5c]
letsg0fishin: checks 
milanogdansk: bets $0.08
Alex_T070 joins the table at seat #2 
letsg0fishin: folds 
Uncalled bet ($0.08) returned to milanogdansk
milanogdansk collected $0.16 from pot
milanogdansk: doesn't show hand 
*** SUMMARY ***
Total pot $0.17 | Rake $0.01 
Board [Jc Qd 5c]
Seat 1: Dorex2007 (small blind) folded before Flop
Seat 3: Vainamoinenn (big blind) folded before Flop
Seat 4: vas.fegaris folded before Flop (didn't bet)
Seat 6: letsg0fishin folded on the Flop
Seat 7: milanogdansk collected ($0.16)
Seat 8: Hannelore900 folded before Flop (didn't bet)
Seat 9: Gekeresen (button) folded before Flop (didn't bet)



PokerStars Hand #227879538718:  Hold'em No Limit ($0.01/$0.02 USD) - 2021/06/27 2:35:39 PT [2021/06/27 5:35:39 ET]
Table 'Messalina III' 9-max Seat #1 is the button
Seat 1: Dorex2007 ($3.41 in chips) 
Seat 3: Vainamoinenn ($3.98 in chips) 
Seat 4: vas.fegaris ($0.09 in chips) 
Seat 6: letsg0fishin ($2 in chips) 
Seat 7: milanogdansk ($1.60 in chips) 
Seat 8: Hannelore900 ($1.58 in chips) 
Seat 9: Gekeresen ($1.98 in chips) 
Vainamoinenn: posts small blind $0.01
vas.fegaris: posts big blind $0.02
*** HOLE CARDS ***
Dealt to Dorex2007 [3s Th]
letsg0fishin: raises $0.04 to $0.06
milanogdansk: folds 
Hannelore900: folds 
Gekeresen: folds 
Dorex2007: folds 
Vainamoinenn: folds 
vas.fegaris: folds 
Uncalled bet ($0.04) returned to letsg0fishin
letsg0fishin collected $0.05 from pot
letsg0fishin: doesn't show hand 
*** SUMMARY ***
Total pot $0.05 | Rake $0 
Seat 1: Dorex2007 (button) folded before Flop (didn't bet)
Seat 3: Vainamoinenn (small blind) folded before Flop
Seat 4: vas.fegaris (big blind) folded before Flop
Seat 6: letsg0fishin collected ($0.05)
Seat 7: milanogdansk folded before Flop (didn't bet)
Seat 8: Hannelore900 folded before Flop (didn't bet)
Seat 9: Gekeresen folded before Flop (didn't bet)



PokerStars Hand #227879542291:  Hold'em No Limit ($0.01/$0.02 USD) - 2021/06/27 2:35:57 PT [2021/06/27 5:35:57 ET]
Table 'Messalina III' 9-max Seat #3 is the button
Seat 1: Dorex2007 ($3.41 in chips) 
Seat 2: Alex_T070 ($0.80 in chips) 
Seat 3: Vainamoinenn ($3.97 in chips) 
Seat 4: vas.fegaris ($0.07 in chips) 
Seat 6: letsg0fishin ($2.03 in chips) 
Seat 7: milanogdansk ($1.60 in chips) 
Seat 8: Hannelore900 ($1.58 in chips) 
Seat 9: Gekeresen ($1.98 in chips) 
vas.fegaris: posts small blind $0.01
letsg0fishin: posts big blind $0.02
Alex_T070: posts big blind $0.02
*** HOLE CARDS ***
Dealt to Dorex2007 [8s Ah]
milanogdansk: raises $0.04 to $0.06
Hannelore900: folds 
Gekeresen: folds 
Dorex2007: folds 
Alex_T070: calls $0.04
Vainamoinenn: folds 
vas.fegaris: folds 
letsg0fishin: folds 
*** FLOP *** [Qs Kd 4d]
milanogdansk: bets $0.06
Alex_T070: calls $0.06
*** TURN *** [Qs Kd 4d] [Tc]
milanogdansk: bets $0.10
Alex_T070: raises $0.10 to $0.20
milanogdansk: calls $0.10
*** RIVER *** [Qs Kd 4d Tc] [Th]
milanogdansk: bets $0.10
Alex_T070: raises $0.10 to $0.20
milanogdansk: calls $0.10
*** SHOW DOWN ***
Alex_T070: shows [9c 8d] (a pair of Tens)
milanogdansk: shows [Js 4s] (two pair, Tens and Fours)
milanogdansk collected $1.03 from pot
*** SUMMARY ***
Total pot $1.07 | Rake $0.04 
Board [Qs Kd 4d Tc Th]
Seat 1: Dorex2007 folded before Flop (didn't bet)
Seat 2: Alex_T070 showed [9c 8d] and lost with a pair of Tens
Seat 3: Vainamoinenn (button) folded before Flop (didn't bet)
Seat 4: vas.fegaris (small blind) folded before Flop
Seat 6: letsg0fishin (big blind) folded before Flop
Seat 7: milanogdansk showed [Js 4s] and won ($1.03) with two pair, Tens and Fours
Seat 8: Hannelore900 folded before Flop (didn't bet)
Seat 9: Gekeresen folded before Flop (didn't bet)



PokerStars Hand #227879552922:  Hold'em No Limit ($0.01/$0.02 USD) - 2021/06/27 2:36:50 PT [2021/06/27 5:36:50 ET]
Table 'Messalina III' 9-max Seat #4 is the button
Seat 1: Dorex2007 ($3.41 in chips) 
Seat 2: Alex_T070 ($0.28 in chips) 
Seat 3: Vainamoinenn ($3.97 in chips) 
Seat 4: vas.fegaris ($0.06 in chips) 
Seat 6: letsg0fishin ($2.01 in chips) 
Seat 7: milanogdansk ($2.11 in chips) 
Seat 8: Hannelore900 ($1.58 in chips) 
Seat 9: Gekeresen ($1.98 in chips) 
letsg0fishin: posts small blind $0.01
milanogdansk: posts big blind $0.02
*** HOLE CARDS ***
Dealt to Dorex2007 [7s 3c]
Hannelore900: folds 
Gekeresen: folds 
Dorex2007: folds 
Alex_T070: folds 
Vainamoinenn: raises $0.05 to $0.07
vas.fegaris: folds 
letsg0fishin: folds 
milanogdansk: calls $0.05
*** FLOP *** [Ks Ac 4c]
milanogdansk: checks 
Vainamoinenn: checks 
*** TURN *** [Ks Ac 4c] [4d]
milanogdansk: bets $0.08
Vainamoinenn: calls $0.08
*** RIVER *** [Ks Ac 4c 4d] [5c]
milanogdansk: bets $0.16
Vainamoinenn: calls $0.16
*** SHOW DOWN ***
milanogdansk: shows [4h 6s] (three of a kind, Fours)
Vainamoinenn: mucks hand 
milanogdansk collected $0.61 from pot
*** SUMMARY ***
Total pot $0.63 | Rake $0.02 
Board [Ks Ac 4c 4d 5c]
Seat 1: Dorex2007 folded before Flop (didn't bet)
Seat 2: Alex_T070 folded before Flop (didn't bet)
Seat 3: Vainamoinenn mucked [As Kc]
Seat 4: vas.fegaris (button) folded before Flop (didn't bet)
Seat 6: letsg0fishin (small blind) folded before Flop
Seat 7: milanogdansk (big blind) showed [4h 6s] and won ($0.61) with three of a kind, Fours
Seat 8: Hannelore900 folded before Flop (didn't bet)
Seat 9: Gekeresen folded before Flop (didn't bet)



PokerStars Hand #227879560317:  Hold'em No Limit ($0.01/$0.02 USD) - 2021/06/27 2:37:27 PT [2021/06/27 5:37:27 ET]
Table 'Messalina III' 9-max Seat #6 is the button
Seat 1: Dorex2007 ($3.41 in chips) 
Seat 2: Alex_T070 ($0.28 in chips) 
Seat 3: Vainamoinenn ($3.66 in chips) 
Seat 4: vas.fegaris ($0.06 in chips) 
Seat 6: letsg0fishin ($2 in chips) 
Seat 7: milanogdansk ($2.41 in chips) 
Seat 8: Hannelore900 ($1.58 in chips) 
Seat 9: Gekeresen ($1.98 in chips) 
milanogdansk: posts small blind $0.01
Hannelore900: posts big blind $0.02
*** HOLE CARDS ***
Dealt to Dorex2007 [3d 4s]
Gekeresen: folds 
xander33911 leaves the table
Dorex2007: folds 
AHTuxpucm joins the table at seat #5 
Alex_T070: calls $0.02
Vainamoinenn: folds 
vas.fegaris: folds 
letsg0fishin: folds 
milanogdansk: calls $0.01
Hannelore900: checks 
*** FLOP *** [Qc 2d 8d]
milanogdansk: checks 
Hannelore900: checks 
Alex_T070: checks 
*** TURN *** [Qc 2d 8d] [Ks]
milanogdansk: checks 
Hannelore900: checks 
Alex_T070: bets $0.03
milanogdansk: folds 
Hannelore900: folds 
Uncalled bet ($0.03) returned to Alex_T070
Alex_T070 collected $0.06 from pot
Alex_T070: doesn't show hand 
*** SUMMARY ***
Total pot $0.06 | Rake $0 
Board [Qc 2d 8d Ks]
Seat 1: Dorex2007 folded before Flop (didn't bet)
Seat 2: Alex_T070 collected ($0.06)
Seat 3: Vainamoinenn folded before Flop (didn't bet)
Seat 4: vas.fegaris folded before Flop (didn't bet)
Seat 6: letsg0fishin (button) folded before Flop (didn't bet)
Seat 7: milanogdansk (small blind) folded on the Turn
Seat 8: Hannelore900 (big blind) folded on the Turn
Seat 9: Gekeresen folded before Flop (didn't bet)



PokerStars Hand #227879569981:  Hold'em No Limit ($0.01/$0.02 USD) - 2021/06/27 2:38:16 PT [2021/06/27 5:38:16 ET]
Table 'Messalina III' 9-max Seat #7 is the button
Seat 1: Dorex2007 ($3.41 in chips) 
Seat 2: Alex_T070 ($0.32 in chips) 
Seat 3: Vainamoinenn ($3.66 in chips) 
Seat 4: vas.fegaris ($0.06 in chips) 
Seat 6: letsg0fishin ($2 in chips) 
Seat 7: milanogdansk ($2.39 in chips) 
Seat 8: Hannelore900 ($1.56 in chips) 
Seat 9: Gekeresen ($1.98 in chips) 
Hannelore900: posts small blind $0.01
Gekeresen: posts big blind $0.02
AHTuxpucm: sits out 
*** HOLE CARDS ***
Dealt to Dorex2007 [8s 7h]
Dorex2007: folds 
Alex_T070: folds 
Vainamoinenn: folds 
vas.fegaris: folds 
letsg0fishin: folds 
milanogdansk: raises $0.04 to $0.06
Hannelore900: raises $0.04 to $0.10
Gekeresen: folds 
milanogdansk: calls $0.04
*** FLOP *** [2d 6d Jc]
Hannelore900: checks 
milanogdansk: checks 
*** TURN *** [2d 6d Jc] [Ah]
Hannelore900: bets $0.21
milanogdansk: folds 
Uncalled bet ($0.21) returned to Hannelore900
Hannelore900 collected $0.21 from pot
Hannelore900: doesn't show hand 
*** SUMMARY ***
Total pot $0.22 | Rake $0.01 
Board [2d 6d Jc Ah]
Seat 1: Dorex2007 folded before Flop (didn't bet)
Seat 2: Alex_T070 folded before Flop (didn't bet)
Seat 3: Vainamoinenn folded before Flop (didn't bet)
Seat 4: vas.fegaris folded before Flop (didn't bet)
Seat 6: letsg0fishin folded before Flop (didn't bet)
Seat 7: milanogdansk (button) folded on the Turn
Seat 8: Hannelore900 (small blind) collected ($0.21)
Seat 9: Gekeresen (big blind) folded before Flop



PokerStars Hand #227879575912:  Hold'em No Limit ($0.01/$0.02 USD) - 2021/06/27 2:38:45 PT [2021/06/27 5:38:45 ET]
Table 'Messalina III' 9-max Seat #8 is the button
Seat 1: Dorex2007 ($3.41 in chips) 
Seat 2: Alex_T070 ($0.32 in chips) 
Seat 3: Vainamoinenn ($3.66 in chips) 
Seat 4: vas.fegaris ($0.06 in chips) 
Seat 6: letsg0fishin ($2 in chips) 
Seat 7: milanogdansk ($2.29 in chips) 
Seat 8: Hannelore900 ($1.67 in chips) 
Seat 9: Gekeresen ($1.96 in chips) 
Gekeresen: posts small blind $0.01
Dorex2007: posts big blind $0.02
AHTuxpucm: sits out 
*** HOLE CARDS ***
Dealt to Dorex2007 [As Ts]
Alex_T070: raises $0.02 to $0.04
Vainamoinenn: folds 
vas.fegaris: folds 
letsg0fishin: folds 
milanogdansk: calls $0.04
Hannelore900: raises $0.15 to $0.19
Gekeresen: folds 
Dorex2007: folds 
Alex_T070: folds 
milanogdansk: calls $0.15
*** FLOP *** [7h Ah 9s]
milanogdansk: checks 
Hannelore900: checks 
*** TURN *** [7h Ah 9s] [Qd]
milanogdansk: bets $0.18
Hannelore900: raises $0.79 to $0.97
milanogdansk: calls $0.79
*** RIVER *** [7h Ah 9s Qd] [6d]
milanogdansk: checks 
Hannelore900: bets $0.51 and is all-in
milanogdansk: calls $0.51
*** SHOW DOWN ***
Hannelore900: shows [Qc Qs] (three of a kind, Queens)
milanogdansk: shows [Ad Tc] (a pair of Aces)
Hannelore900 collected $3.29 from pot
*** SUMMARY ***
Total pot $3.41 | Rake $0.12 
Board [7h Ah 9s Qd 6d]
Seat 1: Dorex2007 (big blind) folded before Flop
Seat 2: Alex_T070 folded before Flop
Seat 3: Vainamoinenn folded before Flop (didn't bet)
Seat 4: vas.fegaris folded before Flop (didn't bet)
Seat 6: letsg0fishin folded before Flop (didn't bet)
Seat 7: milanogdansk showed [Ad Tc] and lost with a pair of Aces
Seat 8: Hannelore900 (button) showed [Qc Qs] and won ($3.29) with three of a kind, Queens
Seat 9: Gekeresen (small blind) folded before Flop



PokerStars Hand #227879584929:  Hold'em No Limit ($0.01/$0.02 USD) - 2021/06/27 2:39:31 PT [2021/06/27 5:39:31 ET]
Table 'Messalina III' 9-max Seat #9 is the button
Seat 1: Dorex2007 ($3.39 in chips) 
Seat 2: Alex_T070 ($0.28 in chips) 
Seat 3: Vainamoinenn ($3.66 in chips) 
Seat 4: vas.fegaris ($0.06 in chips) 
Seat 6: letsg0fishin ($2 in chips) 
Seat 7: milanogdansk ($0.62 in chips) 
Seat 8: Hannelore900 ($3.29 in chips) 
Seat 9: Gekeresen ($1.95 in chips) 
Dorex2007: posts small blind $0.01
Alex_T070: posts big blind $0.02
AHTuxpucm: sits out 
*** HOLE CARDS ***
Dealt to Dorex2007 [Td 9h]
Vainamoinenn: folds 
vas.fegaris: folds 
letsg0fishin: raises $0.04 to $0.06
milanogdansk: raises $0.16 to $0.22
Hannelore900: folds 
Gekeresen: folds 
Dorex2007: folds 
Alex_T070: folds 
letsg0fishin: folds 
Uncalled bet ($0.16) returned to milanogdansk
milanogdansk collected $0.15 from pot
milanogdansk: doesn't show hand 
*** SUMMARY ***
Total pot $0.15 | Rake $0 
Seat 1: Dorex2007 (small blind) folded before Flop
Seat 2: Alex_T070 (big blind) folded before Flop
Seat 3: Vainamoinenn folded before Flop (didn't bet)
Seat 4: vas.fegaris folded before Flop (didn't bet)
Seat 6: letsg0fishin folded before Flop
Seat 7: milanogdansk collected ($0.15)
Seat 8: Hannelore900 folded before Flop (didn't bet)
Seat 9: Gekeresen (button) folded before Flop (didn't bet)



PokerStars Hand #227879588720:  Hold'em No Limit ($0.01/$0.02 USD) - 2021/06/27 2:39:50 PT [2021/06/27 5:39:50 ET]
Table 'Messalina III' 9-max Seat #1 is the button
Seat 1: Dorex2007 ($3.38 in chips) 
Seat 2: Alex_T070 ($0.26 in chips) 
Seat 3: Vainamoinenn ($3.66 in chips) 
Seat 4: vas.fegaris ($0.06 in chips) 
Seat 6: letsg0fishin ($2 in chips) 
Seat 7: milanogdansk ($0.71 in chips) 
Seat 8: Hannelore900 ($3.29 in chips) 
Seat 9: Gekeresen ($1.95 in chips) 
Alex_T070: posts small blind $0.01
Vainamoinenn: posts big blind $0.02
AHTuxpucm: sits out 
*** HOLE CARDS ***
Dealt to Dorex2007 [8s Th]
vas.fegaris: folds 
letsg0fishin: folds 
milanogdansk: calls $0.02
Hannelore900: raises $0.02 to $0.04
Gekeresen: folds 
Dorex2007: folds 
Alex_T070: calls $0.03
Vainamoinenn: folds 
vas.fegaris leaves the table
milanogdansk: calls $0.02
*** FLOP *** [4d As Kc]
Alex_T070: checks 
milanogdansk: checks 
Hannelore900: checks 
*** TURN *** [4d As Kc] [Td]
Kupec Danila joins the table at seat #4 
Alex_T070: checks 
milanogdansk: checks 
Hannelore900: checks 
*** RIVER *** [4d As Kc Td] [Qd]
Alex_T070: checks 
milanogdansk: checks 
Hannelore900: checks 
*** SHOW DOWN ***
Alex_T070: shows [4c 5s] (a pair of Fours)
milanogdansk: mucks hand 
Hannelore900: shows [6c 6h] (a pair of Sixes)
Hannelore900 collected $0.14 from pot
*** SUMMARY ***
Total pot $0.14 | Rake $0 
Board [4d As Kc Td Qd]
Seat 1: Dorex2007 (button) folded before Flop (didn't bet)
Seat 2: Alex_T070 (small blind) showed [4c 5s] and lost with a pair of Fours
Seat 3: Vainamoinenn (big blind) folded before Flop
Seat 4: vas.fegaris folded before Flop (didn't bet)
Seat 6: letsg0fishin folded before Flop (didn't bet)
Seat 7: milanogdansk mucked [5c 6s]
Seat 8: Hannelore900 showed [6c 6h] and won ($0.14) with a pair of Sixes
Seat 9: Gekeresen folded before Flop (didn't bet)



PokerStars Hand #227879600195:  Hold'em No Limit ($0.01/$0.02 USD) - 2021/06/27 2:40:49 PT [2021/06/27 5:40:49 ET]
Table 'Messalina III' 9-max Seat #2 is the button
Seat 1: Dorex2007 ($3.38 in chips) 
Seat 2: Alex_T070 ($0.22 in chips) 
Seat 3: Vainamoinenn ($3.64 in chips) 
Seat 4: Kupec Danila ($1.56 in chips) 
Seat 6: letsg0fishin ($2 in chips) 
Seat 7: milanogdansk ($0.67 in chips) 
Seat 8: Hannelore900 ($3.39 in chips) 
Seat 9: Gekeresen ($1.95 in chips) 
Vainamoinenn: posts small blind $0.01
Kupec Danila: posts big blind $0.02
AHTuxpucm: sits out 
*** HOLE CARDS ***
Dealt to Dorex2007 [4d 2d]
letsg0fishin: folds 
milanogdansk: calls $0.02
Hannelore900: calls $0.02
Gekeresen: folds 
Dorex2007: folds 
Alex_T070: folds 
Vainamoinenn: folds 
Kupec Danila: raises $0.07 to $0.09
milanogdansk: folds 
Hannelore900: folds 
Uncalled bet ($0.07) returned to Kupec Danila
Kupec Danila collected $0.07 from pot
*** SUMMARY ***
Total pot $0.07 | Rake $0 
Seat 1: Dorex2007 folded before Flop (didn't bet)
Seat 2: Alex_T070 (button) folded before Flop (didn't bet)
Seat 3: Vainamoinenn (small blind) folded before Flop
Seat 4: Kupec Danila (big blind) collected ($0.07)
Seat 6: letsg0fishin folded before Flop (didn't bet)
Seat 7: milanogdansk folded before Flop
Seat 8: Hannelore900 folded before Flop
Seat 9: Gekeresen folded before Flop (didn't bet)



PokerStars Hand #227879605454:  Hold'em No Limit ($0.01/$0.02 USD) - 2021/06/27 2:41:16 PT [2021/06/27 5:41:16 ET]
Table 'Messalina III' 9-max Seat #3 is the button
Seat 1: Dorex2007 ($3.38 in chips) 
Seat 2: Alex_T070 ($0.22 in chips) 
Seat 3: Vainamoinenn ($3.63 in chips) 
Seat 4: Kupec Danila ($1.61 in chips) 
Seat 5: AHTuxpucm ($2 in chips) 
Seat 6: letsg0fishin ($2 in chips) 
Seat 7: milanogdansk ($0.65 in chips) 
Seat 8: Hannelore900 ($3.37 in chips) 
Seat 9: Gekeresen ($1.95 in chips) 
Kupec Danila: posts small blind $0.01
AHTuxpucm: posts big blind $0.02
*** HOLE CARDS ***
Dealt to Dorex2007 [Kd 6s]
letsg0fishin: folds 
milanogdansk: raises $0.04 to $0.06
Hannelore900: calls $0.06
Gekeresen has timed out
Gekeresen: folds 
Dorex2007: folds 
Alex_T070: folds 
Vainamoinenn: folds 
Kupec Danila: calls $0.05
AHTuxpucm: calls $0.04
*** FLOP *** [6c 2h 3c]
Kupec Danila: checks 
AHTuxpucm: checks 
milanogdansk: checks 
Hannelore900: checks 
*** TURN *** [6c 2h 3c] [Js]
Kupec Danila: checks 
AHTuxpucm: checks 
milanogdansk: checks 
Hannelore900: checks 
*** RIVER *** [6c 2h 3c Js] [4s]
Kupec Danila: bets $0.17
AHTuxpucm: calls $0.17
milanogdansk: folds 
Hannelore900: folds 
*** SHOW DOWN ***
Kupec Danila: shows [3d 5d] (a straight, Deuce to Six)
AHTuxpucm: shows [5c 8c] (a straight, Deuce to Six)
Kupec Danila collected $0.28 from pot
AHTuxpucm collected $0.28 from pot
*** SUMMARY ***
Total pot $0.58 | Rake $0.02 
Board [6c 2h 3c Js 4s]
Seat 1: Dorex2007 folded before Flop (didn't bet)
Seat 2: Alex_T070 folded before Flop (didn't bet)
Seat 3: Vainamoinenn (button) folded before Flop (didn't bet)
Seat 4: Kupec Danila (small blind) showed [3d 5d] and won ($0.28) with a straight, Deuce to Six
Seat 5: AHTuxpucm (big blind) showed [5c 8c] and won ($0.28) with a straight, Deuce to Six
Seat 6: letsg0fishin folded before Flop (didn't bet)
Seat 7: milanogdansk folded on the River
Seat 8: Hannelore900 folded on the River
Seat 9: Gekeresen folded before Flop (didn't bet)



PokerStars Hand #227879618267:  Hold'em No Limit ($0.01/$0.02 USD) - 2021/06/27 2:42:21 PT [2021/06/27 5:42:21 ET]
Table 'Messalina III' 9-max Seat #4 is the button
Seat 1: Dorex2007 ($3.38 in chips) 
Seat 2: Alex_T070 ($0.22 in chips) 
Seat 3: Vainamoinenn ($3.63 in chips) 
Seat 4: Kupec Danila ($1.66 in chips) 
Seat 5: AHTuxpucm ($2.05 in chips) 
Seat 6: letsg0fishin ($2 in chips) 
Seat 7: milanogdansk ($0.59 in chips) 
Seat 8: Hannelore900 ($3.31 in chips) 
Seat 9: Gekeresen ($1.95 in chips) 
AHTuxpucm: posts small blind $0.01
letsg0fishin: posts big blind $0.02
*** HOLE CARDS ***
Dealt to Dorex2007 [Tc Ah]
milanogdansk: raises $0.06 to $0.08
Hannelore900: folds 
Gekeresen: folds 
Dorex2007: folds 
Alex_T070: calls $0.08
Vainamoinenn: folds 
Kupec Danila: folds 
AHTuxpucm: folds 
letsg0fishin: folds 
*** FLOP *** [As 3c 4h]
milanogdansk: bets $0.06
Alex_T070: calls $0.06
*** TURN *** [As 3c 4h] [Js]
milanogdansk: bets $0.08
Alex_T070: calls $0.08 and is all-in
*** RIVER *** [As 3c 4h Js] [6s]
*** SHOW DOWN ***
milanogdansk: shows [4c Kc] (a pair of Fours)
Alex_T070: shows [Ts Jc] (a pair of Jacks)
Alex_T070 collected $0.45 from pot
*** SUMMARY ***
Total pot $0.47 | Rake $0.02 
Board [As 3c 4h Js 6s]
Seat 1: Dorex2007 folded before Flop (didn't bet)
Seat 2: Alex_T070 showed [Ts Jc] and won ($0.45) with a pair of Jacks
Seat 3: Vainamoinenn folded before Flop (didn't bet)
Seat 4: Kupec Danila (button) folded before Flop (didn't bet)
Seat 5: AHTuxpucm (small blind) folded before Flop
Seat 6: letsg0fishin (big blind) folded before Flop
Seat 7: milanogdansk showed [4c Kc] and lost with a pair of Fours
Seat 8: Hannelore900 folded before Flop (didn't bet)
Seat 9: Gekeresen folded before Flop (didn't bet)



PokerStars Hand #227879629631:  Hold'em No Limit ($0.01/$0.02 USD) - 2021/06/27 2:43:17 PT [2021/06/27 5:43:17 ET]
Table 'Messalina III' 9-max Seat #5 is the button
Seat 1: Dorex2007 ($3.38 in chips) 
Seat 2: Alex_T070 ($0.45 in chips) 
Seat 3: Vainamoinenn ($3.63 in chips) 
Seat 4: Kupec Danila ($1.66 in chips) 
Seat 5: AHTuxpucm ($2.04 in chips) 
Seat 6: letsg0fishin ($2 in chips) 
Seat 7: milanogdansk ($0.37 in chips) 
Seat 8: Hannelore900 ($3.31 in chips) 
Seat 9: Gekeresen ($1.95 in chips) 
letsg0fishin: posts small blind $0.01
milanogdansk: posts big blind $0.02
*** HOLE CARDS ***
Dealt to Dorex2007 [Qs 3h]
Hannelore900: folds 
Gekeresen: folds 
Dorex2007 has timed out
Dorex2007: folds 
Alex_T070: calls $0.02
Vainamoinenn: folds 
Kupec Danila: folds 
AHTuxpucm: folds 
letsg0fishin: folds 
milanogdansk: checks 
*** FLOP *** [9c As Tc]
Hannelore900 leaves the table
milanogdansk: bets $0.35 and is all-in
Alex_T070: folds 
Uncalled bet ($0.35) returned to milanogdansk
milanogdansk collected $0.05 from pot
milanogdansk: doesn't show hand 
*** SUMMARY ***
Total pot $0.05 | Rake $0 
Board [9c As Tc]
Seat 1: Dorex2007 folded before Flop (didn't bet)
Seat 2: Alex_T070 folded on the Flop
Seat 3: Vainamoinenn folded before Flop (didn't bet)
Seat 4: Kupec Danila folded before Flop (didn't bet)
Seat 5: AHTuxpucm (button) folded before Flop (didn't bet)
Seat 6: letsg0fishin (small blind) folded before Flop
Seat 7: milanogdansk (big blind) collected ($0.05)
Seat 8: Hannelore900 folded before Flop (didn't bet)
Seat 9: Gekeresen folded before Flop (didn't bet)



PokerStars Hand #227879637310:  Hold'em No Limit ($0.01/$0.02 USD) - 2021/06/27 2:43:56 PT [2021/06/27 5:43:56 ET]
Table 'Messalina III' 9-max Seat #6 is the button
Seat 1: Dorex2007 ($3.38 in chips) 
Seat 2: Alex_T070 ($0.43 in chips) 
Seat 3: Vainamoinenn ($3.63 in chips) 
Seat 4: Kupec Danila ($1.66 in chips) 
Seat 5: AHTuxpucm ($2.04 in chips) 
Seat 6: letsg0fishin ($2 in chips) 
Seat 7: milanogdansk ($0.40 in chips) 
Seat 9: Gekeresen ($1.95 in chips) 
milanogdansk: posts small blind $0.01
Gekeresen: posts big blind $0.02
*** HOLE CARDS ***
Dealt to Dorex2007 [6s 5c]
Dorex2007: folds 
Alex_T070: folds 
Vainamoinenn: folds 
Kupec Danila: folds 
AHTuxpucm: folds 
letsg0fishin: folds 
milanogdansk: folds 
Uncalled bet ($0.01) returned to Gekeresen
Gekeresen collected $0.02 from pot
Gekeresen: doesn't show hand 
*** SUMMARY ***
Total pot $0.02 | Rake $0 
Seat 1: Dorex2007 folded before Flop (didn't bet)
Seat 2: Alex_T070 folded before Flop (didn't bet)
Seat 3: Vainamoinenn folded before Flop (didn't bet)
Seat 4: Kupec Danila folded before Flop (didn't bet)
Seat 5: AHTuxpucm folded before Flop (didn't bet)
Seat 6: letsg0fishin (button) folded before Flop (didn't bet)
Seat 7: milanogdansk (small blind) folded before Flop
Seat 9: Gekeresen (big blind) collected ($0.02)



PokerStars Hand #227879640316:  Hold'em No Limit ($0.01/$0.02 USD) - 2021/06/27 2:44:11 PT [2021/06/27 5:44:11 ET]
Table 'Messalina III' 9-max Seat #7 is the button
Seat 1: Dorex2007 ($3.38 in chips) 
Seat 2: Alex_T070 ($0.43 in chips) 
Seat 3: Vainamoinenn ($3.63 in chips) 
Seat 4: Kupec Danila ($1.66 in chips) 
Seat 5: AHTuxpucm ($2.04 in chips) 
Seat 6: letsg0fishin ($2 in chips) 
Seat 7: milanogdansk ($0.39 in chips) 
Seat 9: Gekeresen ($1.96 in chips) 
Gekeresen: posts small blind $0.01
Dorex2007: posts big blind $0.02
*** HOLE CARDS ***
Dealt to Dorex2007 [6h Jc]
Alex_T070: folds 
moghilan joins the table at seat #8 
Vainamoinenn: folds 
Kupec Danila: raises $0.04 to $0.06
AHTuxpucm: folds 
letsg0fishin: folds 
milanogdansk: calls $0.06
Gekeresen: folds 
Dorex2007: folds 
*** FLOP *** [7s 6c Ad]
Kupec Danila: bets $0.11
milanogdansk: folds 
Uncalled bet ($0.11) returned to Kupec Danila
Kupec Danila collected $0.14 from pot
*** SUMMARY ***
Total pot $0.15 | Rake $0.01 
Board [7s 6c Ad]
Seat 1: Dorex2007 (big blind) folded before Flop
Seat 2: Alex_T070 folded before Flop (didn't bet)
Seat 3: Vainamoinenn folded before Flop (didn't bet)
Seat 4: Kupec Danila collected ($0.14)
Seat 5: AHTuxpucm folded before Flop (didn't bet)
Seat 6: letsg0fishin folded before Flop (didn't bet)
Seat 7: milanogdansk (button) folded on the Flop
Seat 9: Gekeresen (small blind) folded before Flop



PokerStars Hand #227879649912:  Hold'em No Limit ($0.01/$0.02 USD) - 2021/06/27 2:45:00 PT [2021/06/27 5:45:00 ET]
Table 'Messalina III' 9-max Seat #9 is the button
Seat 1: Dorex2007 ($3.36 in chips) 
Seat 2: Alex_T070 ($0.43 in chips) 
Seat 3: Vainamoinenn ($3.63 in chips) 
Seat 4: Kupec Danila ($1.74 in chips) 
Seat 5: AHTuxpucm ($2.04 in chips) 
Seat 6: letsg0fishin ($2 in chips) 
Seat 7: milanogdansk ($0.33 in chips) 
Seat 9: Gekeresen ($1.95 in chips) 
Dorex2007: posts small blind $0.01
Alex_T070: posts big blind $0.02
moghilan: sits out 
*** HOLE CARDS ***
Dealt to Dorex2007 [Jh 2h]
Vainamoinenn: folds 
Kupec Danila: folds 
AHTuxpucm: folds 
letsg0fishin: calls $0.02
milanogdansk: calls $0.02
Gekeresen: calls $0.02
Dorex2007: folds 
Alex_T070: checks 
*** FLOP *** [6c 6d 5h]
Alex_T070: checks 
letsg0fishin: checks 
milanogdansk: bets $0.12
Gekeresen: folds 
Alex_T070: folds 
letsg0fishin: folds 
Uncalled bet ($0.12) returned to milanogdansk
milanogdansk collected $0.09 from pot
milanogdansk: doesn't show hand 
*** SUMMARY ***
Total pot $0.09 | Rake $0 
Board [6c 6d 5h]
Seat 1: Dorex2007 (small blind) folded before Flop
Seat 2: Alex_T070 (big blind) folded on the Flop
Seat 3: Vainamoinenn folded before Flop (didn't bet)
Seat 4: Kupec Danila folded before Flop (didn't bet)
Seat 5: AHTuxpucm folded before Flop (didn't bet)
Seat 6: letsg0fishin folded on the Flop
Seat 7: milanogdansk collected ($0.09)
Seat 9: Gekeresen (button) folded on the Flop



PokerStars Hand #227879658450:  Hold'em No Limit ($0.01/$0.02 USD) - 2021/06/27 2:45:43 PT [2021/06/27 5:45:43 ET]
Table 'Messalina III' 9-max Seat #1 is the button
Seat 1: Dorex2007 ($3.35 in chips) 
Seat 2: Alex_T070 ($0.41 in chips) 
Seat 3: Vainamoinenn ($3.63 in chips) 
Seat 4: Kupec Danila ($1.74 in chips) 
Seat 5: AHTuxpucm ($2.04 in chips) 
Seat 6: letsg0fishin ($2 in chips) 
Seat 7: milanogdansk ($0.40 in chips) 
Seat 9: Gekeresen ($1.93 in chips) 
Alex_T070: posts small blind $0.01
Vainamoinenn: posts big blind $0.02
moghilan: sits out 
*** HOLE CARDS ***
Dealt to Dorex2007 [Th Ad]
Kupec Danila: folds 
AHTuxpucm: folds 
letsg0fishin: folds 
milanogdansk: calls $0.02
Gekeresen: folds 
Dorex2007: raises $0.04 to $0.06
Alex_T070: calls $0.05
Vainamoinenn: folds 
milanogdansk: calls $0.04
*** FLOP *** [Js 2h 2s]
Alex_T070: checks 
milanogdansk: bets $0.34 and is all-in
Dorex2007: folds 
Alex_T070: calls $0.34
*** TURN *** [Js 2h 2s] [Ks]
*** RIVER *** [Js 2h 2s Ks] [6h]
*** SHOW DOWN ***
Alex_T070: shows [Kh Jh] (two pair, Kings and Jacks)
milanogdansk: shows [Tc Jd] (two pair, Jacks and Deuces)
Alex_T070 collected $0.85 from pot
*** SUMMARY ***
Total pot $0.88 | Rake $0.03 
Board [Js 2h 2s Ks 6h]
Seat 1: Dorex2007 (button) folded on the Flop
Seat 2: Alex_T070 (small blind) showed [Kh Jh] and won ($0.85) with two pair, Kings and Jacks
Seat 3: Vainamoinenn (big blind) folded before Flop
Seat 4: Kupec Danila folded before Flop (didn't bet)
Seat 5: AHTuxpucm folded before Flop (didn't bet)
Seat 6: letsg0fishin folded before Flop (didn't bet)
Seat 7: milanogdansk showed [Tc Jd] and lost with two pair, Jacks and Deuces
Seat 9: Gekeresen folded before Flop (didn't bet)



PokerStars Hand #227879669722:  Hold'em No Limit ($0.01/$0.02 USD) - 2021/06/27 2:46:39 PT [2021/06/27 5:46:39 ET]
Table 'Messalina III' 9-max Seat #2 is the button
Seat 1: Dorex2007 ($3.29 in chips) 
Seat 2: Alex_T070 ($0.86 in chips) 
Seat 3: Vainamoinenn ($3.61 in chips) 
Seat 4: Kupec Danila ($1.74 in chips) 
Seat 5: AHTuxpucm ($2.04 in chips) 
Seat 6: letsg0fishin ($2 in chips) 
Seat 9: Gekeresen ($1.93 in chips) 
Vainamoinenn: posts small blind $0.01
Kupec Danila: posts big blind $0.02
moghilan: sits out 
*** HOLE CARDS ***
Dealt to Dorex2007 [7c Qc]
AHTuxpucm: folds 
letsg0fishin: folds 
Gekeresen: folds 
milanogdansk leaves the table
Dorex2007: folds 
Alex_T070: folds 
petcook joins the table at seat #7 
Vainamoinenn: calls $0.01
Kupec Danila: raises $0.06 to $0.08
Vainamoinenn: folds 
Uncalled bet ($0.06) returned to Kupec Danila
Kupec Danila collected $0.04 from pot
*** SUMMARY ***
Total pot $0.04 | Rake $0 
Seat 1: Dorex2007 folded before Flop (didn't bet)
Seat 2: Alex_T070 (button) folded before Flop (didn't bet)
Seat 3: Vainamoinenn (small blind) folded before Flop
Seat 4: Kupec Danila (big blind) collected ($0.04)
Seat 5: AHTuxpucm folded before Flop (didn't bet)
Seat 6: letsg0fishin folded before Flop (didn't bet)
Seat 9: Gekeresen folded before Flop (didn't bet)



PokerStars Hand #227879674207:  Hold'em No Limit ($0.01/$0.02 USD) - 2021/06/27 2:47:02 PT [2021/06/27 5:47:02 ET]
Table 'Messalina III' 9-max Seat #3 is the button
Seat 1: Dorex2007 ($3.29 in chips) 
Seat 2: Alex_T070 ($0.86 in chips) 
Seat 3: Vainamoinenn ($3.59 in chips) 
Seat 4: Kupec Danila ($1.76 in chips) 
Seat 5: AHTuxpucm ($2.04 in chips) 
Seat 6: letsg0fishin ($2 in chips) 
Seat 9: Gekeresen ($1.93 in chips) 
Kupec Danila: posts small blind $0.01
AHTuxpucm: posts big blind $0.02
petcook: sits out 
moghilan: sits out 
*** HOLE CARDS ***
Dealt to Dorex2007 [3s Kh]
letsg0fishin: folds 
Gekeresen: folds 
Dorex2007: folds 
Alex_T070: folds 
Vainamoinenn: folds 
Kupec Danila: raises $0.04 to $0.06
letsg0fishin leaves the table
AHTuxpucm: calls $0.04
*** FLOP *** [Th 2s 2h]
Kupec Danila: checks 
AHTuxpucm: bets $0.08
Kupec Danila: folds 
Uncalled bet ($0.08) returned to AHTuxpucm
AHTuxpucm collected $0.12 from pot
AHTuxpucm: doesn't show hand 
*** SUMMARY ***
Total pot $0.12 | Rake $0 
Board [Th 2s 2h]
Seat 1: Dorex2007 folded before Flop (didn't bet)
Seat 2: Alex_T070 folded before Flop (didn't bet)
Seat 3: Vainamoinenn (button) folded before Flop (didn't bet)
Seat 4: Kupec Danila (small blind) folded on the Flop
Seat 5: AHTuxpucm (big blind) collected ($0.12)
Seat 6: letsg0fishin folded before Flop (didn't bet)
Seat 9: Gekeresen folded before Flop (didn't bet)



PokerStars Hand #227879679804:  Hold'em No Limit ($0.01/$0.02 USD) - 2021/06/27 2:47:30 PT [2021/06/27 5:47:30 ET]
Table 'Messalina III' 9-max Seat #4 is the button
Seat 1: Dorex2007 ($3.29 in chips) 
Seat 2: Alex_T070 ($0.86 in chips) 
Seat 3: Vainamoinenn ($3.59 in chips) 
Seat 4: Kupec Danila ($1.70 in chips) 
Seat 5: AHTuxpucm ($2.10 in chips) 
Seat 7: petcook ($0.80 in chips) 
Seat 9: Gekeresen ($1.93 in chips) 
AHTuxpucm: posts small blind $0.01
petcook: posts big blind $0.02
moghilan: sits out 
*** HOLE CARDS ***
Dealt to Dorex2007 [8c 7c]
Gekeresen: folds 
Dorex2007: raises $0.02 to $0.04
Alex_T070: folds 
Vainamoinenn: folds 
Kupec Danila: folds 
AHTuxpucm: folds 
petcook: folds 
Uncalled bet ($0.02) returned to Dorex2007
Dorex2007 collected $0.05 from pot
Dorex2007: doesn't show hand 
*** SUMMARY ***
Total pot $0.05 | Rake $0 
Seat 1: Dorex2007 collected ($0.05)
Seat 2: Alex_T070 folded before Flop (didn't bet)
Seat 3: Vainamoinenn folded before Flop (didn't bet)
Seat 4: Kupec Danila (button) folded before Flop (didn't bet)
Seat 5: AHTuxpucm (small blind) folded before Flop
Seat 7: petcook (big blind) folded before Flop
Seat 9: Gekeresen folded before Flop (didn't bet)



PokerStars Hand #227879685107:  Hold'em No Limit ($0.01/$0.02 USD) - 2021/06/27 2:47:56 PT [2021/06/27 5:47:56 ET]
Table 'Messalina III' 9-max Seat #5 is the button
Seat 1: Dorex2007 ($3.32 in chips) 
Seat 2: Alex_T070 ($0.86 in chips) 
Seat 3: Vainamoinenn ($3.59 in chips) 
Seat 4: Kupec Danila ($1.70 in chips) 
Seat 5: AHTuxpucm ($2.09 in chips) 
Seat 7: petcook ($0.78 in chips) 
Seat 8: moghilan ($2 in chips) 
Seat 9: Gekeresen ($1.93 in chips) 
petcook: posts small blind $0.01
moghilan: posts big blind $0.02
*** HOLE CARDS ***
Dealt to Dorex2007 [9s 5d]
Gekeresen: folds 
Dorex2007: folds 
Alex_T070: folds 
Vainamoinenn: folds 
Kupec Danila: raises $0.04 to $0.06
AHTuxpucm: folds 
petcook: folds 
moghilan: folds 
Uncalled bet ($0.04) returned to Kupec Danila
Kupec Danila collected $0.05 from pot
*** SUMMARY ***
Total pot $0.05 | Rake $0 
Seat 1: Dorex2007 folded before Flop (didn't bet)
Seat 2: Alex_T070 folded before Flop (didn't bet)
Seat 3: Vainamoinenn folded before Flop (didn't bet)
Seat 4: Kupec Danila collected ($0.05)
Seat 5: AHTuxpucm (button) folded before Flop (didn't bet)
Seat 7: petcook (small blind) folded before Flop
Seat 8: moghilan (big blind) folded before Flop
Seat 9: Gekeresen folded before Flop (didn't bet)



PokerStars Hand #227879690217:  Hold'em No Limit ($0.01/$0.02 USD) - 2021/06/27 2:48:22 PT [2021/06/27 5:48:22 ET]
Table 'Messalina III' 9-max Seat #7 is the button
Seat 1: Dorex2007 ($3.32 in chips) 
Seat 2: Alex_T070 ($0.86 in chips) 
Seat 3: Vainamoinenn ($3.59 in chips) 
Seat 4: Kupec Danila ($1.73 in chips) 
Seat 5: AHTuxpucm ($2.09 in chips) 
Seat 7: petcook ($0.77 in chips) 
Seat 8: moghilan ($1.98 in chips) 
Seat 9: Gekeresen ($1.93 in chips) 
moghilan: posts small blind $0.01
Gekeresen: posts big blind $0.02
*** HOLE CARDS ***
Dealt to Dorex2007 [7h 9s]
Dorex2007: folds 
Alex_T070: folds 
Vainamoinenn: folds 
Kupec Danila: folds 
AHTuxpucm: folds 
petcook: folds 
moghilan: folds 
Uncalled bet ($0.01) returned to Gekeresen
Gekeresen collected $0.02 from pot
Gekeresen: doesn't show hand 
*** SUMMARY ***
Total pot $0.02 | Rake $0 
Seat 1: Dorex2007 folded before Flop (didn't bet)
Seat 2: Alex_T070 folded before Flop (didn't bet)
Seat 3: Vainamoinenn folded before Flop (didn't bet)
Seat 4: Kupec Danila folded before Flop (didn't bet)
Seat 5: AHTuxpucm folded before Flop (didn't bet)
Seat 7: petcook (button) folded before Flop (didn't bet)
Seat 8: moghilan (small blind) folded before Flop
Seat 9: Gekeresen (big blind) collected ($0.02)



PokerStars Hand #227879694651:  Hold'em No Limit ($0.01/$0.02 USD) - 2021/06/27 2:48:44 PT [2021/06/27 5:48:44 ET]
Table 'Messalina III' 9-max Seat #8 is the button
Seat 1: Dorex2007 ($3.32 in chips) 
Seat 2: Alex_T070 ($0.86 in chips) 
Seat 3: Vainamoinenn ($3.59 in chips) 
Seat 4: Kupec Danila ($1.73 in chips) 
Seat 5: AHTuxpucm ($2.09 in chips) 
Seat 7: petcook ($0.77 in chips) 
Seat 8: moghilan ($1.97 in chips) 
Seat 9: Gekeresen ($1.94 in chips) 
Gekeresen: posts small blind $0.01
Dorex2007: posts big blind $0.02
*** HOLE CARDS ***
Dealt to Dorex2007 [Jh Ks]
Alex_T070: folds 
Vainamoinenn: folds 
Kupec Danila: raises $0.04 to $0.06
AHTuxpucm: folds 
petcook: folds 
moghilan: folds 
Gekeresen: folds 
Dorex2007: folds 
Uncalled bet ($0.04) returned to Kupec Danila
Kupec Danila collected $0.05 from pot
*** SUMMARY ***
Total pot $0.05 | Rake $0 
Seat 1: Dorex2007 (big blind) folded before Flop
Seat 2: Alex_T070 folded before Flop (didn't bet)
Seat 3: Vainamoinenn folded before Flop (didn't bet)
Seat 4: Kupec Danila collected ($0.05)
Seat 5: AHTuxpucm folded before Flop (didn't bet)
Seat 7: petcook folded before Flop (didn't bet)
Seat 8: moghilan (button) folded before Flop (didn't bet)
Seat 9: Gekeresen (small blind) folded before Flop



PokerStars Hand #227879700185:  Hold'em No Limit ($0.01/$0.02 USD) - 2021/06/27 2:49:12 PT [2021/06/27 5:49:12 ET]
Table 'Messalina III' 9-max Seat #9 is the button
Seat 1: Dorex2007 ($3.30 in chips) 
Seat 2: Alex_T070 ($0.86 in chips) 
Seat 3: Vainamoinenn ($3.59 in chips) 
Seat 4: Kupec Danila ($1.76 in chips) 
Seat 5: AHTuxpucm ($2.09 in chips) 
Seat 7: petcook ($0.77 in chips) 
Seat 8: moghilan ($1.97 in chips) 
Seat 9: Gekeresen ($1.93 in chips) 
Dorex2007: posts small blind $0.01
Alex_T070: posts big blind $0.02
*** HOLE CARDS ***
Dealt to Dorex2007 [3d Qs]
Vainamoinenn: calls $0.02
Kupec Danila: folds 
AHTuxpucm: folds 
petcook: folds 
moghilan: folds 
Gekeresen: folds 
Dorex2007: folds 
Alex_T070: checks 
*** FLOP *** [Tc Qh 7d]
Alex_T070: checks 
Vainamoinenn: bets $0.05
Alex_T070: folds 
Uncalled bet ($0.05) returned to Vainamoinenn
Vainamoinenn collected $0.05 from pot
Vainamoinenn: doesn't show hand 
*** SUMMARY ***
Total pot $0.05 | Rake $0 
Board [Tc Qh 7d]
Seat 1: Dorex2007 (small blind) folded before Flop
Seat 2: Alex_T070 (big blind) folded on the Flop
Seat 3: Vainamoinenn collected ($0.05)
Seat 4: Kupec Danila folded before Flop (didn't bet)
Seat 5: AHTuxpucm folded before Flop (didn't bet)
Seat 7: petcook folded before Flop (didn't bet)
Seat 8: moghilan folded before Flop (didn't bet)
Seat 9: Gekeresen (button) folded before Flop (didn't bet)



PokerStars Hand #227879708555:  Hold'em No Limit ($0.01/$0.02 USD) - 2021/06/27 2:49:55 PT [2021/06/27 5:49:55 ET]
Table 'Messalina III' 9-max Seat #1 is the button
Seat 1: Dorex2007 ($3.29 in chips) 
Seat 2: Alex_T070 ($0.84 in chips) 
Seat 3: Vainamoinenn ($3.62 in chips) 
Seat 4: Kupec Danila ($1.76 in chips) 
Seat 5: AHTuxpucm ($2.09 in chips) 
Seat 7: petcook ($0.77 in chips) 
Seat 8: moghilan ($1.97 in chips) 
Seat 9: Gekeresen ($1.93 in chips) 
Alex_T070: posts small blind $0.01
Vainamoinenn: posts big blind $0.02
*** HOLE CARDS ***
Dealt to Dorex2007 [6c 4c]
Kupec Danila: raises $0.04 to $0.06
AHTuxpucm: folds 
petcook: folds 
moghilan: folds 
Gekeresen: folds 
raphael2904 joins the table at seat #6 
Dorex2007: folds 
Alex_T070: calls $0.05
Vainamoinenn: folds 
*** FLOP *** [9s 3h Ks]
Alex_T070: checks 
Kupec Danila: checks 
*** TURN *** [9s 3h Ks] [Kh]
Alex_T070: bets $0.07
Kupec Danila: calls $0.07
*** RIVER *** [9s 3h Ks Kh] [5d]
Alex_T070: bets $0.13
Kupec Danila: calls $0.13
*** SHOW DOWN ***
Alex_T070: shows [3c 3s] (a full house, Threes full of Kings)
Kupec Danila: mucks hand 
Alex_T070 collected $0.52 from pot
*** SUMMARY ***
Total pot $0.54 | Rake $0.02 
Board [9s 3h Ks Kh 5d]
Seat 1: Dorex2007 (button) folded before Flop (didn't bet)
Seat 2: Alex_T070 (small blind) showed [3c 3s] and won ($0.52) with a full house, Threes full of Kings
Seat 3: Vainamoinenn (big blind) folded before Flop
Seat 4: Kupec Danila mucked [Qs Qd]
Seat 5: AHTuxpucm folded before Flop (didn't bet)
Seat 7: petcook folded before Flop (didn't bet)
Seat 8: moghilan folded before Flop (didn't bet)
Seat 9: Gekeresen folded before Flop (didn't bet)



PokerStars Hand #227879716257:  Hold'em No Limit ($0.01/$0.02 USD) - 2021/06/27 2:50:34 PT [2021/06/27 5:50:34 ET]
Table 'Messalina III' 9-max Seat #2 is the button
Seat 1: Dorex2007 ($3.29 in chips) 
Seat 2: Alex_T070 ($1.10 in chips) 
Seat 3: Vainamoinenn ($3.60 in chips) 
Seat 4: Kupec Danila ($1.56 in chips) 
Seat 5: AHTuxpucm ($2.09 in chips) 
Seat 6: raphael2904 ($1 in chips) 
Seat 7: petcook ($0.77 in chips) 
Seat 8: moghilan ($1.97 in chips) 
Seat 9: Gekeresen ($1.93 in chips) 
Vainamoinenn: posts small blind $0.01
Kupec Danila: posts big blind $0.02
raphael2904: posts big blind $0.02
*** HOLE CARDS ***
Dealt to Dorex2007 [Ks 2s]
AHTuxpucm: folds 
raphael2904: checks 
petcook: folds 
moghilan: folds 
Gekeresen: folds 
Dorex2007: folds 
Alex_T070: folds 
Vainamoinenn: folds 
Kupec Danila: raises $0.06 to $0.08
raphael2904: folds 
Uncalled bet ($0.06) returned to Kupec Danila
Kupec Danila collected $0.05 from pot
*** SUMMARY ***
Total pot $0.05 | Rake $0 
Seat 1: Dorex2007 folded before Flop (didn't bet)
Seat 2: Alex_T070 (button) folded before Flop (didn't bet)
Seat 3: Vainamoinenn (small blind) folded before Flop
Seat 4: Kupec Danila (big blind) collected ($0.05)
Seat 5: AHTuxpucm folded before Flop (didn't bet)
Seat 6: raphael2904 folded before Flop (didn't bet)
Seat 7: petcook folded before Flop (didn't bet)
Seat 8: moghilan folded before Flop (didn't bet)
Seat 9: Gekeresen folded before Flop (didn't bet)



PokerStars Hand #227879719747:  Hold'em No Limit ($0.01/$0.02 USD) - 2021/06/27 2:50:52 PT [2021/06/27 5:50:52 ET]
Table 'Messalina III' 9-max Seat #3 is the button
Seat 1: Dorex2007 ($3.29 in chips) 
Seat 2: Alex_T070 ($1.10 in chips) 
Seat 3: Vainamoinenn ($3.59 in chips) 
Seat 4: Kupec Danila ($1.59 in chips) 
Seat 5: AHTuxpucm ($2.09 in chips) 
Seat 6: raphael2904 ($0.98 in chips) 
Seat 7: petcook ($0.77 in chips) 
Seat 8: moghilan ($1.97 in chips) 
Seat 9: Gekeresen ($1.93 in chips) 
Kupec Danila: posts small blind $0.01
AHTuxpucm: posts big blind $0.02
*** HOLE CARDS ***
Dealt to Dorex2007 [3s 4d]
raphael2904: folds 
petcook: calls $0.02
moghilan: folds 
Gekeresen: raises $0.04 to $0.06
Dorex2007: folds 
Alex_T070: folds 
Vainamoinenn has timed out
Vainamoinenn: folds 
Kupec Danila: calls $0.05
AHTuxpucm: folds 
petcook: calls $0.04
*** FLOP *** [Qc 2h 4h]
Kupec Danila: checks 
petcook: checks 
Gekeresen: bets $0.10
Kupec Danila: folds 
petcook: folds 
Uncalled bet ($0.10) returned to Gekeresen
Gekeresen collected $0.19 from pot
Gekeresen: doesn't show hand 
*** SUMMARY ***
Total pot $0.20 | Rake $0.01 
Board [Qc 2h 4h]
Seat 1: Dorex2007 folded before Flop (didn't bet)
Seat 2: Alex_T070 folded before Flop (didn't bet)
Seat 3: Vainamoinenn (button) folded before Flop (didn't bet)
Seat 4: Kupec Danila (small blind) folded on the Flop
Seat 5: AHTuxpucm (big blind) folded before Flop
Seat 6: raphael2904 folded before Flop (didn't bet)
Seat 7: petcook folded on the Flop
Seat 8: moghilan folded before Flop (didn't bet)
Seat 9: Gekeresen collected ($0.19)



PokerStars Hand #227879727834:  Hold'em No Limit ($0.01/$0.02 USD) - 2021/06/27 2:51:32 PT [2021/06/27 5:51:32 ET]
Table 'Messalina III' 9-max Seat #4 is the button
Seat 1: Dorex2007 ($3.29 in chips) 
Seat 2: Alex_T070 ($1.10 in chips) 
Seat 3: Vainamoinenn ($3.59 in chips) 
Seat 4: Kupec Danila ($1.56 in chips) 
Seat 5: AHTuxpucm ($2.07 in chips) 
Seat 6: raphael2904 ($0.98 in chips) 
Seat 7: petcook ($0.71 in chips) 
Seat 8: moghilan ($1.97 in chips) 
Seat 9: Gekeresen ($2.06 in chips) 
AHTuxpucm: posts small blind $0.01
raphael2904: posts big blind $0.02
*** HOLE CARDS ***
Dealt to Dorex2007 [Jh Js]
petcook: folds 
moghilan has timed out
moghilan: folds 
Gekeresen: folds 
Dorex2007: raises $0.02 to $0.04
Alex_T070: calls $0.04
Vainamoinenn: folds 
Kupec Danila: calls $0.04
AHTuxpucm: folds 
raphael2904: calls $0.02
*** FLOP *** [3c Kc 6h]
raphael2904: checks 
Dorex2007: bets $0.08
Alex_T070: folds 
Kupec Danila: calls $0.08
raphael2904: folds 
*** TURN *** [3c Kc 6h] [9c]
Dorex2007: checks 
Kupec Danila: bets $0.24
Dorex2007: folds 
Uncalled bet ($0.24) returned to Kupec Danila
Kupec Danila collected $0.32 from pot
*** SUMMARY ***
Total pot $0.33 | Rake $0.01 
Board [3c Kc 6h 9c]
Seat 1: Dorex2007 folded on the Turn
Seat 2: Alex_T070 folded on the Flop
Seat 3: Vainamoinenn folded before Flop (didn't bet)
Seat 4: Kupec Danila (button) collected ($0.32)
Seat 5: AHTuxpucm (small blind) folded before Flop
Seat 6: raphael2904 (big blind) folded on the Flop
Seat 7: petcook folded before Flop (didn't bet)
Seat 8: moghilan folded before Flop (didn't bet)
Seat 9: Gekeresen folded before Flop (didn't bet)



PokerStars Hand #227879739923:  Hold'em No Limit ($0.01/$0.02 USD) - 2021/06/27 2:52:32 PT [2021/06/27 5:52:32 ET]
Table 'Messalina III' 9-max Seat #5 is the button
Seat 1: Dorex2007 ($3.17 in chips) 
Seat 2: Alex_T070 ($1.06 in chips) 
Seat 3: Vainamoinenn ($3.59 in chips) 
Seat 4: Kupec Danila ($1.76 in chips) 
Seat 5: AHTuxpucm ($2.06 in chips) 
Seat 6: raphael2904 ($0.94 in chips) 
Seat 7: petcook ($0.71 in chips) 
Seat 8: moghilan ($1.97 in chips) 
Seat 9: Gekeresen ($2.06 in chips) 
raphael2904: posts small blind $0.01
petcook: posts big blind $0.02
*** HOLE CARDS ***
Dealt to Dorex2007 [8s 3h]
moghilan: folds 
Gekeresen: folds 
Dorex2007: folds 
Alex_T070: calls $0.02
Vainamoinenn: folds 
Kupec Danila: raises $0.07 to $0.09
AHTuxpucm: calls $0.09
raphael2904: folds 
petcook: folds 
Alex_T070: calls $0.07
*** FLOP *** [9h Ts 4c]
Alex_T070: checks 
Kupec Danila: bets $0.10
AHTuxpucm: calls $0.10
Alex_T070: folds 
*** TURN *** [9h Ts 4c] [Ks]
Kupec Danila: checks 
AHTuxpucm: bets $0.24
Kupec Danila: raises $0.72 to $0.96
AHTuxpucm: calls $0.72
*** RIVER *** [9h Ts 4c Ks] [2d]
Kupec Danila: bets $0.61 and is all-in
AHTuxpucm: calls $0.61
*** SHOW DOWN ***
Kupec Danila: shows [Qh Jd] (a straight, Nine to King)
AHTuxpucm: shows [Jh Kh] (a pair of Kings)
Kupec Danila collected $3.51 from pot
*** SUMMARY ***
Total pot $3.64 | Rake $0.13 
Board [9h Ts 4c Ks 2d]
Seat 1: Dorex2007 folded before Flop (didn't bet)
Seat 2: Alex_T070 folded on the Flop
Seat 3: Vainamoinenn folded before Flop (didn't bet)
Seat 4: Kupec Danila showed [Qh Jd] and won ($3.51) with a straight, Nine to King
Seat 5: AHTuxpucm (button) showed [Jh Kh] and lost with a pair of Kings
Seat 6: raphael2904 (small blind) folded before Flop
Seat 7: petcook (big blind) folded before Flop
Seat 8: moghilan folded before Flop (didn't bet)
Seat 9: Gekeresen folded before Flop (didn't bet)



PokerStars Hand #227879753967:  Hold'em No Limit ($0.01/$0.02 USD) - 2021/06/27 2:53:43 PT [2021/06/27 5:53:43 ET]
Table 'Messalina III' 9-max Seat #6 is the button
Seat 1: Dorex2007 ($3.17 in chips) 
Seat 2: Alex_T070 ($0.97 in chips) 
Seat 3: Vainamoinenn ($3.59 in chips) 
Seat 4: Kupec Danila ($3.51 in chips) 
Seat 5: AHTuxpucm ($2 in chips) 
Seat 6: raphael2904 ($0.93 in chips) 
Seat 7: petcook ($0.69 in chips) 
Seat 8: moghilan ($1.97 in chips) 
Seat 9: Gekeresen ($2.06 in chips) 
petcook: posts small blind $0.01
moghilan: posts big blind $0.02
*** HOLE CARDS ***
Dealt to Dorex2007 [3h 2h]
Gekeresen: folds 
Dorex2007: folds 
Alex_T070: calls $0.02
Vainamoinenn: folds 
Kupec Danila: folds 
AHTuxpucm: folds 
raphael2904: calls $0.02
petcook: calls $0.01
moghilan: checks 
*** FLOP *** [2s 3s 7d]
petcook: checks 
moghilan: checks 
Alex_T070: checks 
raphael2904: bets $0.04
petcook: calls $0.04
moghilan: folds 
Alex_T070: folds 
*** TURN *** [2s 3s 7d] [4s]
petcook: checks 
raphael2904: bets $0.07
petcook: folds 
Uncalled bet ($0.07) returned to raphael2904
raphael2904 collected $0.15 from pot
raphael2904: doesn't show hand 
*** SUMMARY ***
Total pot $0.16 | Rake $0.01 
Board [2s 3s 7d 4s]
Seat 1: Dorex2007 folded before Flop (didn't bet)
Seat 2: Alex_T070 folded on the Flop
Seat 3: Vainamoinenn folded before Flop (didn't bet)
Seat 4: Kupec Danila folded before Flop (didn't bet)
Seat 5: AHTuxpucm folded before Flop (didn't bet)
Seat 6: raphael2904 (button) collected ($0.15)
Seat 7: petcook (small blind) folded on the Turn
Seat 8: moghilan (big blind) folded on the Flop
Seat 9: Gekeresen folded before Flop (didn't bet)



PokerStars Hand #227879762816:  Hold'em No Limit ($0.01/$0.02 USD) - 2021/06/27 2:54:27 PT [2021/06/27 5:54:27 ET]
Table 'Messalina III' 9-max Seat #7 is the button
Seat 1: Dorex2007 ($3.17 in chips) 
Seat 2: Alex_T070 ($0.95 in chips) 
Seat 3: Vainamoinenn ($3.59 in chips) 
Seat 4: Kupec Danila ($3.51 in chips) 
Seat 5: AHTuxpucm ($2 in chips) 
Seat 6: raphael2904 ($1.02 in chips) 
Seat 7: petcook ($0.63 in chips) 
Seat 8: moghilan ($1.95 in chips) 
Seat 9: Gekeresen ($2.06 in chips) 
moghilan: posts small blind $0.01
Gekeresen: posts big blind $0.02
*** HOLE CARDS ***
Dealt to Dorex2007 [Qd 8d]
Dorex2007: folds 
Alex_T070: folds 
Vainamoinenn: folds 
Kupec Danila: folds 
AHTuxpucm: folds 
raphael2904: calls $0.02
petcook: calls $0.02
moghilan: calls $0.01
Gekeresen: checks 
*** FLOP *** [Th Ks Js]
moghilan: checks 
Gekeresen: bets $0.04
raphael2904: calls $0.04
petcook: calls $0.04
moghilan: calls $0.04
*** TURN *** [Th Ks Js] [2h]
moghilan: checks 
Gekeresen: bets $0.12
raphael2904: calls $0.12
petcook: folds 
moghilan: calls $0.12
*** RIVER *** [Th Ks Js 2h] [5c]
moghilan: checks 
Gekeresen: checks 
raphael2904: bets $0.58
moghilan: folds 
Gekeresen: folds 
Uncalled bet ($0.58) returned to raphael2904
raphael2904 collected $0.58 from pot
Vainamoinenn leaves the table
*** SUMMARY ***
Total pot $0.60 | Rake $0.02 
Board [Th Ks Js 2h 5c]
Seat 1: Dorex2007 folded before Flop (didn't bet)
Seat 2: Alex_T070 folded before Flop (didn't bet)
Seat 3: Vainamoinenn folded before Flop (didn't bet)
Seat 4: Kupec Danila folded before Flop (didn't bet)
Seat 5: AHTuxpucm folded before Flop (didn't bet)
Seat 6: raphael2904 collected ($0.58)
Seat 7: petcook (button) folded on the Turn
Seat 8: moghilan (small blind) folded on the River
Seat 9: Gekeresen (big blind) folded on the River



PokerStars Hand #227879774186:  Hold'em No Limit ($0.01/$0.02 USD) - 2021/06/27 2:55:28 PT [2021/06/27 5:55:28 ET]
Table 'Messalina III' 9-max Seat #8 is the button
Seat 1: Dorex2007 ($3.17 in chips) 
Seat 2: Alex_T070 ($0.95 in chips) 
Seat 4: Kupec Danila ($3.51 in chips) 
Seat 5: AHTuxpucm ($2 in chips) 
Seat 6: raphael2904 ($1.42 in chips) 
Seat 7: petcook ($0.57 in chips) 
Seat 8: moghilan ($1.77 in chips) 
Seat 9: Gekeresen ($1.88 in chips) 
Gekeresen: posts small blind $0.01
Dorex2007: posts big blind $0.02
*** HOLE CARDS ***
Dealt to Dorex2007 [8h 8s]
Alex_T070: folds 
Kupec Danila: folds 
AHTuxpucm: folds 
raphael2904: raises $0.05 to $0.07
petcook: folds 
moghilan has timed out
moghilan: folds 
Gekeresen: folds 
sansisbai joins the table at seat #3 
Dorex2007: calls $0.05
*** FLOP *** [9c Kd Qs]
Dorex2007: bets $0.07
raphael2904: calls $0.07
*** TURN *** [9c Kd Qs] [5s]
Dorex2007: checks 
raphael2904: bets $0.14
Dorex2007: folds 
Uncalled bet ($0.14) returned to raphael2904
raphael2904 collected $0.28 from pot
raphael2904: doesn't show hand 
*** SUMMARY ***
Total pot $0.29 | Rake $0.01 
Board [9c Kd Qs 5s]
Seat 1: Dorex2007 (big blind) folded on the Turn
Seat 2: Alex_T070 folded before Flop (didn't bet)
Seat 4: Kupec Danila folded before Flop (didn't bet)
Seat 5: AHTuxpucm folded before Flop (didn't bet)
Seat 6: raphael2904 collected ($0.28)
Seat 7: petcook folded before Flop (didn't bet)
Seat 8: moghilan (button) folded before Flop (didn't bet)
Seat 9: Gekeresen (small blind) folded before Flop



PokerStars Hand #227879783524:  Hold'em No Limit ($0.01/$0.02 USD) - 2021/06/27 2:56:22 PT [2021/06/27 5:56:22 ET]
Table 'Messalina III' 9-max Seat #9 is the button
Seat 1: Dorex2007 ($3.03 in chips) 
Seat 2: Alex_T070 ($0.95 in chips) 
Seat 4: Kupec Danila ($3.51 in chips) 
Seat 5: AHTuxpucm ($2 in chips) 
Seat 6: raphael2904 ($1.56 in chips) 
Seat 7: petcook ($0.57 in chips) 
Seat 8: moghilan ($1.77 in chips) 
Seat 9: Gekeresen ($1.87 in chips) 
Dorex2007: posts small blind $0.01
Alex_T070: posts big blind $0.02
sansisbai: sits out 
*** HOLE CARDS ***
Dealt to Dorex2007 [Td 4d]
Kupec Danila: folds 
AHTuxpucm: folds 
raphael2904: calls $0.02
petcook: calls $0.02
moghilan: folds 
Gekeresen: folds 
Dorex2007: folds 
Alex_T070: checks 
*** FLOP *** [2c 4c 3s]
Alex_T070: checks 
raphael2904: bets $0.02
petcook: folds 
Alex_T070: calls $0.02
*** TURN *** [2c 4c 3s] [Jh]
Alex_T070: checks 
raphael2904: bets $0.04
Alex_T070: calls $0.04
*** RIVER *** [2c 4c 3s Jh] [Qd]
Alex_T070: checks 
raphael2904: bets $0.09
Alex_T070: folds 
Uncalled bet ($0.09) returned to raphael2904
raphael2904 collected $0.18 from pot
raphael2904: doesn't show hand 
*** SUMMARY ***
Total pot $0.19 | Rake $0.01 
Board [2c 4c 3s Jh Qd]
Seat 1: Dorex2007 (small blind) folded before Flop
Seat 2: Alex_T070 (big blind) folded on the River
Seat 4: Kupec Danila folded before Flop (didn't bet)
Seat 5: AHTuxpucm folded before Flop (didn't bet)
Seat 6: raphael2904 collected ($0.18)
Seat 7: petcook folded on the Flop
Seat 8: moghilan folded before Flop (didn't bet)
Seat 9: Gekeresen (button) folded before Flop (didn't bet)



PokerStars Hand #227879794336:  Hold'em No Limit ($0.01/$0.02 USD) - 2021/06/27 2:57:24 PT [2021/06/27 5:57:24 ET]
Table 'Messalina III' 9-max Seat #1 is the button
Seat 1: Dorex2007 ($3.02 in chips) 
Seat 2: Alex_T070 ($0.87 in chips) 
Seat 3: sansisbai ($2 in chips) 
Seat 4: Kupec Danila ($3.51 in chips) 
Seat 5: AHTuxpucm ($2 in chips) 
Seat 6: raphael2904 ($1.66 in chips) 
Seat 7: petcook ($0.55 in chips) 
Seat 8: moghilan ($1.77 in chips) 
Seat 9: Gekeresen ($1.87 in chips) 
Alex_T070: posts small blind $0.01
sansisbai: posts big blind $0.02
*** HOLE CARDS ***
Dealt to Dorex2007 [9h 5s]
Kupec Danila: folds 
AHTuxpucm: folds 
raphael2904: calls $0.02
petcook: folds 
moghilan: folds 
Gekeresen: raises $0.04 to $0.06
Dorex2007: folds 
Alex_T070: calls $0.05
sansisbai: folds 
raphael2904: calls $0.04
*** FLOP *** [9s 7s 8s]
Alex_T070: bets $0.09
raphael2904: folds 
Gekeresen: folds 
Uncalled bet ($0.09) returned to Alex_T070
Alex_T070 collected $0.19 from pot
Alex_T070: doesn't show hand 
*** SUMMARY ***
Total pot $0.20 | Rake $0.01 
Board [9s 7s 8s]
Seat 1: Dorex2007 (button) folded before Flop (didn't bet)
Seat 2: Alex_T070 (small blind) collected ($0.19)
Seat 3: sansisbai (big blind) folded before Flop
Seat 4: Kupec Danila folded before Flop (didn't bet)
Seat 5: AHTuxpucm folded before Flop (didn't bet)
Seat 6: raphael2904 folded on the Flop
Seat 7: petcook folded before Flop (didn't bet)
Seat 8: moghilan folded before Flop (didn't bet)
Seat 9: Gekeresen folded on the Flop



PokerStars Hand #227879800083:  Hold'em No Limit ($0.01/$0.02 USD) - 2021/06/27 2:57:56 PT [2021/06/27 5:57:56 ET]
Table 'Messalina III' 9-max Seat #2 is the button
Seat 1: Dorex2007 ($3.02 in chips) 
Seat 2: Alex_T070 ($1 in chips) 
Seat 3: sansisbai ($1.98 in chips) 
Seat 4: Kupec Danila ($3.51 in chips) 
Seat 5: AHTuxpucm ($2 in chips) 
Seat 6: raphael2904 ($1.60 in chips) 
Seat 7: petcook ($0.55 in chips) 
Seat 8: moghilan ($1.77 in chips) 
Seat 9: Gekeresen ($1.81 in chips) 
sansisbai: posts small blind $0.01
Kupec Danila: posts big blind $0.02
*** HOLE CARDS ***
Dealt to Dorex2007 [6c 5h]
AHTuxpucm: folds 
raphael2904: folds 
petcook: folds 
moghilan: folds 
Gekeresen: folds 
Dorex2007: folds 
Alex_T070: calls $0.02
sansisbai: calls $0.01
Kupec Danila: raises $0.06 to $0.08
Alex_T070: calls $0.06
sansisbai: folds 
*** FLOP *** [9h Qh 9d]
Kupec Danila: bets $0.06
Alex_T070: calls $0.06
*** TURN *** [9h Qh 9d] [Qd]
Kupec Danila: checks 
Alex_T070: bets $0.14
Kupec Danila: folds 
Uncalled bet ($0.14) returned to Alex_T070
Alex_T070 collected $0.29 from pot
Alex_T070: doesn't show hand 
*** SUMMARY ***
Total pot $0.30 | Rake $0.01 
Board [9h Qh 9d Qd]
Seat 1: Dorex2007 folded before Flop (didn't bet)
Seat 2: Alex_T070 (button) collected ($0.29)
Seat 3: sansisbai (small blind) folded before Flop
Seat 4: Kupec Danila (big blind) folded on the Turn
Seat 5: AHTuxpucm folded before Flop (didn't bet)
Seat 6: raphael2904 folded before Flop (didn't bet)
Seat 7: petcook folded before Flop (didn't bet)
Seat 8: moghilan folded before Flop (didn't bet)
Seat 9: Gekeresen folded before Flop (didn't bet)



PokerStars Hand #227879807621:  Hold'em No Limit ($0.01/$0.02 USD) - 2021/06/27 2:58:39 PT [2021/06/27 5:58:39 ET]
Table 'Messalina III' 9-max Seat #3 is the button
Seat 1: Dorex2007 ($3.02 in chips) 
Seat 2: Alex_T070 ($1.15 in chips) 
Seat 3: sansisbai ($1.96 in chips) 
Seat 4: Kupec Danila ($3.37 in chips) 
Seat 5: AHTuxpucm ($2 in chips) 
Seat 6: raphael2904 ($1.60 in chips) 
Seat 7: petcook ($0.55 in chips) 
Seat 8: moghilan ($1.77 in chips) 
Seat 9: Gekeresen ($1.81 in chips) 
Kupec Danila: posts small blind $0.01
AHTuxpucm: posts big blind $0.02
*** HOLE CARDS ***
Dealt to Dorex2007 [5s 4h]
raphael2904: raises $0.04 to $0.06
petcook: folds 
moghilan: folds 
Gekeresen: raises $0.12 to $0.18
Dorex2007: folds 
Alex_T070: folds 
sansisbai: folds 
Kupec Danila: raises $0.44 to $0.62
AHTuxpucm: folds 
raphael2904: folds 
Gekeresen: folds 
Uncalled bet ($0.44) returned to Kupec Danila
Kupec Danila collected $0.44 from pot
*** SUMMARY ***
Total pot $0.44 | Rake $0 
Seat 1: Dorex2007 folded before Flop (didn't bet)
Seat 2: Alex_T070 folded before Flop (didn't bet)
Seat 3: sansisbai (button) folded before Flop (didn't bet)
Seat 4: Kupec Danila (small blind) collected ($0.44)
Seat 5: AHTuxpucm (big blind) folded before Flop
Seat 6: raphael2904 folded before Flop
Seat 7: petcook folded before Flop (didn't bet)
Seat 8: moghilan folded before Flop (didn't bet)
Seat 9: Gekeresen folded before Flop



PokerStars Hand #227879814760:  Hold'em No Limit ($0.01/$0.02 USD) - 2021/06/27 2:59:20 PT [2021/06/27 5:59:20 ET]
Table 'Messalina III' 9-max Seat #4 is the button
Seat 1: Dorex2007 ($3.02 in chips) 
Seat 2: Alex_T070 ($1.15 in chips) 
Seat 3: sansisbai ($1.96 in chips) 
Seat 4: Kupec Danila ($3.63 in chips) 
Seat 5: AHTuxpucm ($2 in chips) 
Seat 6: raphael2904 ($1.54 in chips) 
Seat 7: petcook ($0.55 in chips) 
Seat 8: moghilan ($1.77 in chips) 
Seat 9: Gekeresen ($1.63 in chips) 
AHTuxpucm: posts small blind $0.01
raphael2904: posts big blind $0.02
*** HOLE CARDS ***
Dealt to Dorex2007 [4s 9c]
petcook: calls $0.02
moghilan: folds 
Gekeresen: folds 
Dorex2007: folds 
Alex_T070: folds 
sansisbai: folds 
Kupec Danila: folds 
AHTuxpucm: raises $0.06 to $0.08
raphael2904: folds 
petcook: calls $0.06
*** FLOP *** [Th 5c Qd]
AHTuxpucm: bets $0.09
petcook: folds 
Uncalled bet ($0.09) returned to AHTuxpucm
AHTuxpucm collected $0.17 from pot
AHTuxpucm: doesn't show hand 
*** SUMMARY ***
Total pot $0.18 | Rake $0.01 
Board [Th 5c Qd]
Seat 1: Dorex2007 folded before Flop (didn't bet)
Seat 2: Alex_T070 folded before Flop (didn't bet)
Seat 3: sansisbai folded before Flop (didn't bet)
Seat 4: Kupec Danila (button) folded before Flop (didn't bet)
Seat 5: AHTuxpucm (small blind) collected ($0.17)
Seat 6: raphael2904 (big blind) folded before Flop
Seat 7: petcook folded on the Flop
Seat 8: moghilan folded before Flop (didn't bet)
Seat 9: Gekeresen folded before Flop (didn't bet)



PokerStars Hand #227879820801:  Hold'em No Limit ($0.01/$0.02 USD) - 2021/06/27 2:59:55 PT [2021/06/27 5:59:55 ET]
Table 'Messalina III' 9-max Seat #5 is the button
Seat 1: Dorex2007 ($3.02 in chips) 
Seat 2: Alex_T070 ($1.15 in chips) 
Seat 3: sansisbai ($1.96 in chips) 
Seat 4: Kupec Danila ($3.63 in chips) 
Seat 5: AHTuxpucm ($2.09 in chips) 
Seat 6: raphael2904 ($1.52 in chips) 
Seat 7: petcook ($0.47 in chips) 
Seat 8: moghilan ($1.77 in chips) 
Seat 9: Gekeresen ($2 in chips) 
raphael2904: posts small blind $0.01
petcook: posts big blind $0.02
*** HOLE CARDS ***
Dealt to Dorex2007 [2s Qh]
moghilan: calls $0.02
Gekeresen: folds 
Dorex2007: folds 
Alex_T070: folds 
sansisbai: folds 
Kupec Danila: folds 
AHTuxpucm: folds 
raphael2904: raises $0.02 to $0.04
petcook: folds 
moghilan: calls $0.02
*** FLOP *** [Qc 7h 2c]
raphael2904: checks 
moghilan: checks 
*** TURN *** [Qc 7h 2c] [Tc]
raphael2904: bets $0.05
moghilan: folds 
Uncalled bet ($0.05) returned to raphael2904
raphael2904 collected $0.10 from pot
raphael2904: doesn't show hand 
*** SUMMARY ***
Total pot $0.10 | Rake $0 
Board [Qc 7h 2c Tc]
Seat 1: Dorex2007 folded before Flop (didn't bet)
Seat 2: Alex_T070 folded before Flop (didn't bet)
Seat 3: sansisbai folded before Flop (didn't bet)
Seat 4: Kupec Danila folded before Flop (didn't bet)
Seat 5: AHTuxpucm (button) folded before Flop (didn't bet)
Seat 6: raphael2904 (small blind) collected ($0.10)
Seat 7: petcook (big blind) folded before Flop
Seat 8: moghilan folded on the Turn
Seat 9: Gekeresen folded before Flop (didn't bet)



PokerStars Hand #227879826382:  Hold'em No Limit ($0.01/$0.02 USD) - 2021/06/27 3:00:26 PT [2021/06/27 6:00:26 ET]
Table 'Messalina III' 9-max Seat #6 is the button
Seat 1: Dorex2007 ($3.02 in chips) 
Seat 2: Alex_T070 ($1.15 in chips) 
Seat 3: sansisbai ($1.96 in chips) 
Seat 4: Kupec Danila ($3.63 in chips) 
Seat 5: AHTuxpucm ($2.09 in chips) 
Seat 6: raphael2904 ($1.58 in chips) 
Seat 7: petcook ($0.45 in chips) 
Seat 8: moghilan ($1.73 in chips) 
Seat 9: Gekeresen ($2 in chips) 
petcook: posts small blind $0.01
moghilan: posts big blind $0.02
*** HOLE CARDS ***
Dealt to Dorex2007 [5h Kd]
Gekeresen: folds 
Dorex2007: folds 
Alex_T070: folds 
sansisbai: folds 
Kupec Danila: raises $0.04 to $0.06
AHTuxpucm: folds 
raphael2904: calls $0.06
petcook: folds 
moghilan: folds 
*** FLOP *** [2d Jd 3d]
Kupec Danila: checks 
raphael2904: bets $0.07
Kupec Danila: calls $0.07
*** TURN *** [2d Jd 3d] [3h]
Kupec Danila: checks 
raphael2904: bets $0.05
Kupec Danila: calls $0.05
*** RIVER *** [2d Jd 3d 3h] [Qd]
Kupec Danila: checks 
raphael2904: bets $0.19
Kupec Danila: folds 
Uncalled bet ($0.19) returned to raphael2904
raphael2904 collected $0.38 from pot
raphael2904: doesn't show hand 
*** SUMMARY ***
Total pot $0.39 | Rake $0.01 
Board [2d Jd 3d 3h Qd]
Seat 1: Dorex2007 folded before Flop (didn't bet)
Seat 2: Alex_T070 folded before Flop (didn't bet)
Seat 3: sansisbai folded before Flop (didn't bet)
Seat 4: Kupec Danila folded on the River
Seat 5: AHTuxpucm folded before Flop (didn't bet)
Seat 6: raphael2904 (button) collected ($0.38)
Seat 7: petcook (small blind) folded before Flop
Seat 8: moghilan (big blind) folded before Flop
Seat 9: Gekeresen folded before Flop (didn't bet)



PokerStars Hand #227879833909:  Hold'em No Limit ($0.01/$0.02 USD) - 2021/06/27 3:01:05 PT [2021/06/27 6:01:05 ET]
Table 'Messalina III' 9-max Seat #7 is the button
Seat 1: Dorex2007 ($3.02 in chips) 
Seat 2: Alex_T070 ($1.15 in chips) 
Seat 3: sansisbai ($1.96 in chips) 
Seat 4: Kupec Danila ($3.45 in chips) 
Seat 5: AHTuxpucm ($2.09 in chips) 
Seat 6: raphael2904 ($1.78 in chips) 
Seat 7: petcook ($0.44 in chips) 
Seat 8: moghilan ($1.71 in chips) 
Seat 9: Gekeresen ($2 in chips) 
moghilan: posts small blind $0.01
Gekeresen: posts big blind $0.02
*** HOLE CARDS ***
Dealt to Dorex2007 [2d 3s]
Dorex2007: folds 
Alex_T070: folds 
sansisbai: folds 
Kupec Danila: raises $0.04 to $0.06
AHTuxpucm: calls $0.06
raphael2904: calls $0.06
petcook: folds 
moghilan: raises $0.34 to $0.40
Gekeresen: folds 
Kupec Danila: raises $3.05 to $3.45 and is all-in
AHTuxpucm: folds 
raphael2904: folds 
moghilan: calls $1.31 and is all-in
Uncalled bet ($1.74) returned to Kupec Danila
moghilan has timed out
Kupec Danila has timed out
*** FLOP *** [Ks 8h 4h]
*** TURN *** [Ks 8h 4h] [7s]
*** RIVER *** [Ks 8h 4h 7s] [3h]
*** SHOW DOWN ***
moghilan: shows [Ac Ad] (a pair of Aces)
Kupec Danila: shows [Qc Qd] (a pair of Queens)
moghilan collected $3.44 from pot
*** SUMMARY ***
Total pot $3.56 | Rake $0.12 
Board [Ks 8h 4h 7s 3h]
Seat 1: Dorex2007 folded before Flop (didn't bet)
Seat 2: Alex_T070 folded before Flop (didn't bet)
Seat 3: sansisbai folded before Flop (didn't bet)
Seat 4: Kupec Danila showed [Qc Qd] and lost with a pair of Queens
Seat 5: AHTuxpucm folded before Flop
Seat 6: raphael2904 folded before Flop
Seat 7: petcook (button) folded before Flop (didn't bet)
Seat 8: moghilan (small blind) showed [Ac Ad] and won ($3.44) with a pair of Aces
Seat 9: Gekeresen (big blind) folded before Flop



PokerStars Hand #227879844072:  Hold'em No Limit ($0.01/$0.02 USD) - 2021/06/27 3:01:58 PT [2021/06/27 6:01:58 ET]
Table 'Messalina III' 9-max Seat #8 is the button
Seat 1: Dorex2007 ($3.02 in chips) 
Seat 2: Alex_T070 ($1.15 in chips) 
Seat 3: sansisbai ($1.96 in chips) 
Seat 4: Kupec Danila ($1.74 in chips) 
Seat 5: AHTuxpucm ($2.03 in chips) 
Seat 6: raphael2904 ($1.72 in chips) 
Seat 7: petcook ($0.44 in chips) 
Seat 8: moghilan ($3.44 in chips) 
Seat 9: Gekeresen ($1.98 in chips) 
Gekeresen: posts small blind $0.01
Dorex2007: posts big blind $0.02
*** HOLE CARDS ***
Dealt to Dorex2007 [5d 6s]
Alex_T070: calls $0.02
sansisbai: folds 
Kupec Danila: folds 
AHTuxpucm: folds 
raphael2904: raises $0.04 to $0.06
petcook: folds 
moghilan has timed out
moghilan: folds 
Gekeresen: folds 
Dorex2007: folds 
Alex_T070: calls $0.04
*** FLOP *** [4c 8h 6c]
Alex_T070: checks 
raphael2904: bets $0.07
Alex_T070: calls $0.07
*** TURN *** [4c 8h 6c] [Ts]
Alex_T070: checks 
raphael2904: bets $0.14
Alex_T070: calls $0.14
*** RIVER *** [4c 8h 6c Ts] [Ac]
Alex_T070: bets $0.88 and is all-in
raphael2904: calls $0.88
*** SHOW DOWN ***
Alex_T070: shows [9c Qc] (a flush, Ace high)
raphael2904: shows [Qh Ad] (a pair of Aces)
Alex_T070 collected $2.25 from pot
*** SUMMARY ***
Total pot $2.33 | Rake $0.08 
Board [4c 8h 6c Ts Ac]
Seat 1: Dorex2007 (big blind) folded before Flop
Seat 2: Alex_T070 showed [9c Qc] and won ($2.25) with a flush, Ace high
Seat 3: sansisbai folded before Flop (didn't bet)
Seat 4: Kupec Danila folded before Flop (didn't bet)
Seat 5: AHTuxpucm folded before Flop (didn't bet)
Seat 6: raphael2904 showed [Qh Ad] and lost with a pair of Aces
Seat 7: petcook folded before Flop (didn't bet)
Seat 8: moghilan (button) folded before Flop (didn't bet)
Seat 9: Gekeresen (small blind) folded before Flop



PokerStars Hand #227879855581:  Hold'em No Limit ($0.01/$0.02 USD) - 2021/06/27 3:02:56 PT [2021/06/27 6:02:56 ET]
Table 'Messalina III' 9-max Seat #9 is the button
Seat 1: Dorex2007 ($3 in chips) 
Seat 2: Alex_T070 ($2.25 in chips) 
Seat 3: sansisbai ($1.96 in chips) 
Seat 4: Kupec Danila ($1.74 in chips) 
Seat 5: AHTuxpucm ($2.03 in chips) 
Seat 6: raphael2904 ($0.57 in chips) 
Seat 7: petcook ($0.44 in chips) 
Seat 8: moghilan ($3.44 in chips) 
Seat 9: Gekeresen ($1.97 in chips) 
Dorex2007: posts small blind $0.01
Alex_T070: posts big blind $0.02
*** HOLE CARDS ***
Dealt to Dorex2007 [Qs Qc]
sansisbai: folds 
Kupec Danila: folds 
AHTuxpucm: folds 
raphael2904: calls $0.02
petcook: calls $0.02
moghilan: folds 
Gekeresen: folds 
Dorex2007: raises $0.04 to $0.06
Alex_T070: folds 
raphael2904: calls $0.04
petcook: folds 
*** FLOP *** [8h 4c Ah]
Dorex2007: bets $0.08
raphael2904: folds 
Uncalled bet ($0.08) returned to Dorex2007
Dorex2007 collected $0.15 from pot
Dorex2007: doesn't show hand 
*** SUMMARY ***
Total pot $0.16 | Rake $0.01 
Board [8h 4c Ah]
Seat 1: Dorex2007 (small blind) collected ($0.15)
Seat 2: Alex_T070 (big blind) folded before Flop
Seat 3: sansisbai folded before Flop (didn't bet)
Seat 4: Kupec Danila folded before Flop (didn't bet)
Seat 5: AHTuxpucm folded before Flop (didn't bet)
Seat 6: raphael2904 folded on the Flop
Seat 7: petcook folded before Flop
Seat 8: moghilan folded before Flop (didn't bet)
Seat 9: Gekeresen (button) folded before Flop (didn't bet)



PokerStars Hand #227879863441:  Hold'em No Limit ($0.01/$0.02 USD) - 2021/06/27 3:03:35 PT [2021/06/27 6:03:35 ET]
Table 'Messalina III' 9-max Seat #1 is the button
Seat 1: Dorex2007 ($3.09 in chips) 
Seat 2: Alex_T070 ($2.23 in chips) 
Seat 3: sansisbai ($1.96 in chips) 
Seat 4: Kupec Danila ($1.74 in chips) 
Seat 5: AHTuxpucm ($2.03 in chips) 
Seat 6: raphael2904 ($0.51 in chips) 
Seat 7: petcook ($0.42 in chips) 
Seat 8: moghilan ($3.44 in chips) 
Seat 9: Gekeresen ($1.97 in chips) 
Alex_T070: posts small blind $0.01
sansisbai: posts big blind $0.02
*** HOLE CARDS ***
Dealt to Dorex2007 [Kh 5c]
Kupec Danila: raises $0.04 to $0.06
AHTuxpucm: calls $0.06
raphael2904: raises $0.06 to $0.12
petcook: folds 
moghilan: folds 
Gekeresen: folds 
Dorex2007: folds 
Alex_T070: folds 
sansisbai: folds 
Kupec Danila: raises $1.62 to $1.74 and is all-in
AHTuxpucm: folds 
raphael2904: calls $0.39 and is all-in
Uncalled bet ($1.23) returned to Kupec Danila
*** FLOP *** [Qh 6d 9d]
*** TURN *** [Qh 6d 9d] [Th]
*** RIVER *** [Qh 6d 9d Th] [Qd]
*** SHOW DOWN ***
Kupec Danila: shows [8s 8c] (two pair, Queens and Eights)
raphael2904: shows [Ad Jd] (a flush, Ace high)
raphael2904 collected $1.07 from pot
Kupec Danila cashed out the hand for $0.56 | Cash Out Fee $0.01
*** SUMMARY ***
Total pot $1.11 | Rake $0.04 
Board [Qh 6d 9d Th Qd]
Seat 1: Dorex2007 (button) folded before Flop (didn't bet)
Seat 2: Alex_T070 (small blind) folded before Flop
Seat 3: sansisbai (big blind) folded before Flop
Seat 4: Kupec Danila showed [8s 8c] and lost with two pair, Queens and Eights (cashed out).
Seat 5: AHTuxpucm folded before Flop
Seat 6: raphael2904 showed [Ad Jd] and won ($1.07) with a flush, Ace high
Seat 7: petcook folded before Flop (didn't bet)
Seat 8: moghilan folded before Flop (didn't bet)
Seat 9: Gekeresen folded before Flop (didn't bet)



PokerStars Hand #227879874671:  Hold'em No Limit ($0.01/$0.02 USD) - 2021/06/27 3:04:31 PT [2021/06/27 6:04:31 ET]
Table 'Messalina III' 9-max Seat #2 is the button
Seat 1: Dorex2007 ($3.09 in chips) 
Seat 2: Alex_T070 ($2.22 in chips) 
Seat 3: sansisbai ($1.94 in chips) 
Seat 4: Kupec Danila ($1.79 in chips) 
Seat 5: AHTuxpucm ($2 in chips) 
Seat 6: raphael2904 ($1.07 in chips) 
Seat 7: petcook ($0.42 in chips) 
Seat 8: moghilan ($3.44 in chips) 
Seat 9: Gekeresen ($1.97 in chips) 
sansisbai: posts small blind $0.01
Kupec Danila: posts big blind $0.02
*** HOLE CARDS ***
Dealt to Dorex2007 [Kh Qd]
AHTuxpucm: folds 
raphael2904: calls $0.02
petcook: folds 
moghilan: folds 
Gekeresen: folds 
Dorex2007: raises $0.02 to $0.04
Alex_T070: folds 
sansisbai: folds 
Kupec Danila: folds 
raphael2904: calls $0.02
*** FLOP *** [Th 6c Ac]
raphael2904: checks 
Dorex2007: checks 
*** TURN *** [Th 6c Ac] [7d]
raphael2904: bets $0.04
Dorex2007: folds 
Uncalled bet ($0.04) returned to raphael2904
raphael2904 collected $0.11 from pot
raphael2904: doesn't show hand 
*** SUMMARY ***
Total pot $0.11 | Rake $0 
Board [Th 6c Ac 7d]
Seat 1: Dorex2007 folded on the Turn
Seat 2: Alex_T070 (button) folded before Flop (didn't bet)
Seat 3: sansisbai (small blind) folded before Flop
Seat 4: Kupec Danila (big blind) folded before Flop
Seat 5: AHTuxpucm folded before Flop (didn't bet)
Seat 6: raphael2904 collected ($0.11)
Seat 7: petcook folded before Flop (didn't bet)
Seat 8: moghilan folded before Flop (didn't bet)
Seat 9: Gekeresen folded before Flop (didn't bet)



PokerStars Hand #227879886470:  Hold'em No Limit ($0.01/$0.02 USD) - 2021/06/27 3:05:30 PT [2021/06/27 6:05:30 ET]
Table 'Messalina III' 9-max Seat #3 is the button
Seat 1: Dorex2007 ($3.05 in chips) 
Seat 2: Alex_T070 ($2.22 in chips) 
Seat 3: sansisbai ($1.93 in chips) 
Seat 4: Kupec Danila ($1.77 in chips) 
Seat 5: AHTuxpucm ($2 in chips) 
Seat 6: raphael2904 ($1.14 in chips) 
Seat 7: petcook ($0.42 in chips) 
Seat 8: moghilan ($3.44 in chips) 
Seat 9: Gekeresen ($1.97 in chips) 
Kupec Danila: posts small blind $0.01
AHTuxpucm: posts big blind $0.02
*** HOLE CARDS ***
Dealt to Dorex2007 [Jh Kd]
raphael2904: calls $0.02
petcook: calls $0.02
moghilan: folds 
Gekeresen: folds 
Dorex2007: folds 
Alex_T070: calls $0.02
sansisbai: calls $0.02
Kupec Danila: calls $0.01
AHTuxpucm: checks 
*** FLOP *** [8h 6c 6d]
Kupec Danila: checks 
AHTuxpucm: checks 
raphael2904: checks 
petcook: bets $0.04
Alex_T070: calls $0.04
sansisbai: folds 
Kupec Danila: folds 
AHTuxpucm: calls $0.04
raphael2904: calls $0.04
*** TURN *** [8h 6c 6d] [7c]
AHTuxpucm: checks 
raphael2904: checks 
petcook: bets $0.06
Alex_T070: calls $0.06
AHTuxpucm: calls $0.06
raphael2904: raises $0.26 to $0.32
petcook: folds 
Alex_T070: folds 
AHTuxpucm: calls $0.26
*** RIVER *** [8h 6c 6d 7c] [2d]
AHTuxpucm: checks 
raphael2904: bets $0.76 and is all-in
AHTuxpucm: folds 
Uncalled bet ($0.76) returned to raphael2904
raphael2904 collected $1 from pot
raphael2904: doesn't show hand 
*** SUMMARY ***
Total pot $1.04 | Rake $0.04 
Board [8h 6c 6d 7c 2d]
Seat 1: Dorex2007 folded before Flop (didn't bet)
Seat 2: Alex_T070 folded on the Turn
Seat 3: sansisbai (button) folded on the Flop
Seat 4: Kupec Danila (small blind) folded on the Flop
Seat 5: AHTuxpucm (big blind) folded on the River
Seat 6: raphael2904 collected ($1)
Seat 7: petcook folded on the Turn
Seat 8: moghilan folded before Flop (didn't bet)
Seat 9: Gekeresen folded before Flop (didn't bet)



