PokerStars Hand #224714371832:  Hold'em No Limit ($0.01/$0.02 USD) - 2021/03/11 21:00:49 PT [2021/03/12 0:00:49 ET]
Table 'Kleopatra IV' 9-max Seat #5 is the button
Seat 1: JEH1997 ($2.79 in chips) 
Seat 2: Vatter Fil ($2.36 in chips) 
Seat 3: Paty Doll726 ($3.38 in chips) 
Seat 4: Dorex2007 ($1.92 in chips) 
Seat 5: stas9038rus ($3.46 in chips) 
Seat 6: KaraFara ($2.09 in chips) 
Seat 7: BigJim42069 ($0.99 in chips) 
Seat 8: carodm123 ($1.50 in chips) 
Seat 9: zapper58 ($0.30 in chips) 
KaraFara: posts small blind $0.01
BigJim42069: posts big blind $0.02
Paty Doll726: posts small & big blinds $0.03
*** HOLE CARDS ***
Dealt to Dorex2007 [Ad 8d]
carodm123: folds 
zapper58: folds 
JEH1997: raises $0.06 to $0.08
Vatter Fil: calls $0.08
Paty Doll726: folds 
Dorex2007: folds 
stas9038rus: folds 
KaraFara: folds 
stas9038rus leaves the table
BigJim42069: calls $0.06
*** FLOP *** [Js Jd 9s]
BigJim42069: bets $0.16
JEH1997: calls $0.16
Vatter Fil: folds 
*** TURN *** [Js Jd 9s] [3h]
BigJim42069: bets $0.30
JEH1997: folds 
Uncalled bet ($0.30) returned to BigJim42069
BigJim42069 collected $0.58 from pot
BigJim42069: doesn't show hand 
*** SUMMARY ***
Total pot $0.60 | Rake $0.02 
Board [Js Jd 9s 3h]
Seat 1: JEH1997 folded on the Turn
Seat 2: Vatter Fil folded on the Flop
Seat 3: Paty Doll726 folded before Flop (didn't bet)
Seat 4: Dorex2007 folded before Flop (didn't bet)
Seat 5: stas9038rus (button) folded before Flop (didn't bet)
Seat 6: KaraFara (small blind) folded before Flop
Seat 7: BigJim42069 (big blind) collected ($0.58)
Seat 8: carodm123 folded before Flop (didn't bet)
Seat 9: zapper58 folded before Flop (didn't bet)



PokerStars Hand #224714386699:  Hold'em No Limit ($0.01/$0.02 USD) - 2021/03/11 21:02:03 PT [2021/03/12 0:02:03 ET]
Table 'Kleopatra IV' 9-max Seat #6 is the button
Seat 1: JEH1997 ($2.55 in chips) 
Seat 2: Vatter Fil ($2.28 in chips) 
Seat 3: Paty Doll726 ($3.35 in chips) 
Seat 4: Dorex2007 ($1.92 in chips) 
Seat 6: KaraFara ($2.08 in chips) 
Seat 7: BigJim42069 ($1.33 in chips) 
Seat 8: carodm123 ($1.50 in chips) 
Seat 9: zapper58 ($0.30 in chips) 
BigJim42069: posts small blind $0.01
carodm123: posts big blind $0.02
*** HOLE CARDS ***
Dealt to Dorex2007 [6s 9d]
zapper58: folds 
JEH1997: folds 
Vatter Fil: calls $0.02
Paty Doll726: folds 
Dorex2007: folds 
KaraFara: folds 
BigJim42069: raises $0.02 to $0.04
carodm123: calls $0.02
Vatter Fil: calls $0.02
*** FLOP *** [6d 2s 3s]
pavluha13 joins the table at seat #5 
BigJim42069: bets $0.04
carodm123: folds 
Vatter Fil: calls $0.04
*** TURN *** [6d 2s 3s] [Jh]
BigJim42069: bets $0.06
Vatter Fil: calls $0.06
*** RIVER *** [6d 2s 3s Jh] [7s]
BigJim42069: checks 
Vatter Fil: bets $0.15
BigJim42069: calls $0.15
*** SHOW DOWN ***
Vatter Fil: shows [5h 5d] (a pair of Fives)
BigJim42069: mucks hand 
Vatter Fil collected $0.60 from pot
*** SUMMARY ***
Total pot $0.62 | Rake $0.02 
Board [6d 2s 3s Jh 7s]
Seat 1: JEH1997 folded before Flop (didn't bet)
Seat 2: Vatter Fil showed [5h 5d] and won ($0.60) with a pair of Fives
Seat 3: Paty Doll726 folded before Flop (didn't bet)
Seat 4: Dorex2007 folded before Flop (didn't bet)
Seat 6: KaraFara (button) folded before Flop (didn't bet)
Seat 7: BigJim42069 (small blind) mucked [Ad Th]
Seat 8: carodm123 (big blind) folded on the Flop
Seat 9: zapper58 folded before Flop (didn't bet)



PokerStars Hand #224714402566:  Hold'em No Limit ($0.01/$0.02 USD) - 2021/03/11 21:03:21 PT [2021/03/12 0:03:21 ET]
Table 'Kleopatra IV' 9-max Seat #7 is the button
Seat 1: JEH1997 ($2.55 in chips) 
Seat 2: Vatter Fil ($2.59 in chips) 
Seat 3: Paty Doll726 ($3.35 in chips) 
Seat 4: Dorex2007 ($1.92 in chips) 
Seat 6: KaraFara ($2.08 in chips) 
Seat 7: BigJim42069 ($1.04 in chips) 
Seat 8: carodm123 ($1.46 in chips) 
Seat 9: zapper58 ($0.30 in chips) 
carodm123: posts small blind $0.01
zapper58: posts big blind $0.02
pavluha13: sits out 
*** HOLE CARDS ***
Dealt to Dorex2007 [7c 4c]
JEH1997: folds 
Vatter Fil: folds 
Paty Doll726: calls $0.02
Dorex2007: folds 
KaraFara: folds 
BigJim42069: folds 
carodm123: calls $0.01
zapper58: checks 
*** FLOP *** [8h 9c Ah]
carodm123: checks 
zapper58: checks 
Paty Doll726: checks 
*** TURN *** [8h 9c Ah] [Ad]
carodm123: checks 
zapper58: checks 
Paty Doll726: checks 
*** RIVER *** [8h 9c Ah Ad] [4h]
carodm123: checks 
zapper58: checks 
Paty Doll726: checks 
*** SHOW DOWN ***
carodm123: shows [Qd 9d] (two pair, Aces and Nines)
zapper58: mucks hand 
Paty Doll726: mucks hand 
carodm123 collected $0.06 from pot
*** SUMMARY ***
Total pot $0.06 | Rake $0 
Board [8h 9c Ah Ad 4h]
Seat 1: JEH1997 folded before Flop (didn't bet)
Seat 2: Vatter Fil folded before Flop (didn't bet)
Seat 3: Paty Doll726 mucked [5c 5h]
Seat 4: Dorex2007 folded before Flop (didn't bet)
Seat 6: KaraFara folded before Flop (didn't bet)
Seat 7: BigJim42069 (button) folded before Flop (didn't bet)
Seat 8: carodm123 (small blind) showed [Qd 9d] and won ($0.06) with two pair, Aces and Nines
Seat 9: zapper58 (big blind) mucked [4d 6d]



PokerStars Hand #224714411881:  Hold'em No Limit ($0.01/$0.02 USD) - 2021/03/11 21:04:07 PT [2021/03/12 0:04:07 ET]
Table 'Kleopatra IV' 9-max Seat #8 is the button
Seat 1: JEH1997 ($2.55 in chips) 
Seat 2: Vatter Fil ($2.59 in chips) 
Seat 3: Paty Doll726 ($3.33 in chips) 
Seat 4: Dorex2007 ($1.92 in chips) 
Seat 6: KaraFara ($2.08 in chips) 
Seat 7: BigJim42069 ($1.04 in chips) 
Seat 8: carodm123 ($1.50 in chips) 
Seat 9: zapper58 ($0.28 in chips) 
zapper58: posts small blind $0.01
JEH1997: posts big blind $0.02
pavluha13: sits out 
*** HOLE CARDS ***
Dealt to Dorex2007 [Kc 4s]
Vatter Fil: folds 
Paty Doll726: folds 
Dorex2007: folds 
KaraFara: raises $0.04 to $0.06
BigJim42069: folds 
carodm123: folds 
carodm123 leaves the table
zapper58: folds 
Sergun K. joins the table at seat #8 
JEH1997: calls $0.04
*** FLOP *** [Jh 3h Kh]
JEH1997: checks 
KaraFara: checks 
*** TURN *** [Jh 3h Kh] [2d]
JEH1997: checks 
KaraFara: bets $0.13
JEH1997: folds 
Uncalled bet ($0.13) returned to KaraFara
KaraFara collected $0.13 from pot
KaraFara: doesn't show hand 
*** SUMMARY ***
Total pot $0.13 | Rake $0 
Board [Jh 3h Kh 2d]
Seat 1: JEH1997 (big blind) folded on the Turn
Seat 2: Vatter Fil folded before Flop (didn't bet)
Seat 3: Paty Doll726 folded before Flop (didn't bet)
Seat 4: Dorex2007 folded before Flop (didn't bet)
Seat 6: KaraFara collected ($0.13)
Seat 7: BigJim42069 folded before Flop (didn't bet)
Seat 8: carodm123 (button) folded before Flop (didn't bet)
Seat 9: zapper58 (small blind) folded before Flop



PokerStars Hand #224714420694:  Hold'em No Limit ($0.01/$0.02 USD) - 2021/03/11 21:04:50 PT [2021/03/12 0:04:50 ET]
Table 'Kleopatra IV' 9-max Seat #9 is the button
Seat 1: JEH1997 ($2.49 in chips) 
Seat 2: Vatter Fil ($2.59 in chips) 
Seat 3: Paty Doll726 ($3.33 in chips) 
Seat 4: Dorex2007 ($1.92 in chips) 
Seat 6: KaraFara ($2.15 in chips) 
Seat 7: BigJim42069 ($1.04 in chips) 
Seat 9: zapper58 ($0.27 in chips) 
JEH1997: posts small blind $0.01
Vatter Fil: posts big blind $0.02
pavluha13: sits out 
Sergun K.: sits out 
*** HOLE CARDS ***
Dealt to Dorex2007 [Ac Jc]
Paty Doll726 has timed out
Paty Doll726: folds 
Dorex2007: raises $0.06 to $0.08
KaraFara: folds 
BigJim42069: folds 
zapper58: folds 
JEH1997: folds 
Vatter Fil: folds 
Uncalled bet ($0.06) returned to Dorex2007
Dorex2007 collected $0.05 from pot
Dorex2007: doesn't show hand 
*** SUMMARY ***
Total pot $0.05 | Rake $0 
Seat 1: JEH1997 (small blind) folded before Flop
Seat 2: Vatter Fil (big blind) folded before Flop
Seat 3: Paty Doll726 folded before Flop (didn't bet)
Seat 4: Dorex2007 collected ($0.05)
Seat 6: KaraFara folded before Flop (didn't bet)
Seat 7: BigJim42069 folded before Flop (didn't bet)
Seat 9: zapper58 (button) folded before Flop (didn't bet)



PokerStars Hand #224714426383:  Hold'em No Limit ($0.01/$0.02 USD) - 2021/03/11 21:05:17 PT [2021/03/12 0:05:17 ET]
Table 'Kleopatra IV' 9-max Seat #1 is the button
Seat 1: JEH1997 ($2.48 in chips) 
Seat 2: Vatter Fil ($2.57 in chips) 
Seat 4: Dorex2007 ($1.95 in chips) 
Seat 6: KaraFara ($2.15 in chips) 
Seat 7: BigJim42069 ($1.04 in chips) 
Seat 9: zapper58 ($0.27 in chips) 
Vatter Fil: posts small blind $0.01
Dorex2007: posts big blind $0.02
pavluha13: sits out 
Sergun K.: sits out 
*** HOLE CARDS ***
Dealt to Dorex2007 [Ah 7c]
KaraFara: folds 
BigJim42069: folds 
zapper58: raises $0.25 to $0.27 and is all-in
JEH1997: folds 
Vatter Fil: folds 
Dorex2007: folds 
Uncalled bet ($0.25) returned to zapper58
zapper58 collected $0.05 from pot
zapper58: doesn't show hand 
*** SUMMARY ***
Total pot $0.05 | Rake $0 
Seat 1: JEH1997 (button) folded before Flop (didn't bet)
Seat 2: Vatter Fil (small blind) folded before Flop
Seat 4: Dorex2007 (big blind) folded before Flop
Seat 6: KaraFara folded before Flop (didn't bet)
Seat 7: BigJim42069 folded before Flop (didn't bet)
Seat 9: zapper58 collected ($0.05)



PokerStars Hand #224714430371:  Hold'em No Limit ($0.01/$0.02 USD) - 2021/03/11 21:05:36 PT [2021/03/12 0:05:36 ET]
Table 'Kleopatra IV' 9-max Seat #2 is the button
Seat 1: JEH1997 ($2.48 in chips) 
Seat 2: Vatter Fil ($2.56 in chips) 
Seat 4: Dorex2007 ($1.93 in chips) 
Seat 5: pavluha13 ($1 in chips) 
Seat 6: KaraFara ($2.15 in chips) 
Seat 7: BigJim42069 ($1.04 in chips) 
Seat 9: zapper58 ($0.30 in chips) 
Dorex2007: posts small blind $0.01
pavluha13: posts big blind $0.02
Sergun K.: sits out 
*** HOLE CARDS ***
Dealt to Dorex2007 [Jc 6s]
KaraFara: raises $0.02 to $0.04
BigJim42069: folds 
zapper58: folds 
JEH1997: folds 
Vatter Fil: folds 
Dorex2007: folds 
pavluha13: folds 
Uncalled bet ($0.02) returned to KaraFara
KaraFara collected $0.05 from pot
KaraFara: doesn't show hand 
*** SUMMARY ***
Total pot $0.05 | Rake $0 
Seat 1: JEH1997 folded before Flop (didn't bet)
Seat 2: Vatter Fil (button) folded before Flop (didn't bet)
Seat 4: Dorex2007 (small blind) folded before Flop
Seat 5: pavluha13 (big blind) folded before Flop
Seat 6: KaraFara collected ($0.05)
Seat 7: BigJim42069 folded before Flop (didn't bet)
Seat 9: zapper58 folded before Flop (didn't bet)



PokerStars Hand #224714450488:  Hold'em No Limit ($0.01/$0.02 USD) - 2021/03/11 21:05:55 PT [2021/03/12 0:05:55 ET]
Table 'Kleopatra IV' 9-max Seat #4 is the button
Seat 1: JEH1997 ($2.48 in chips) 
Seat 2: Vatter Fil ($2.56 in chips) 
Seat 3: Paty Doll726 ($3.33 in chips) 
Seat 4: Dorex2007 ($1.92 in chips) 
Seat 5: pavluha13 ($0.98 in chips) 
Seat 6: KaraFara ($2.18 in chips) 
Seat 7: BigJim42069 ($1.04 in chips) 
Seat 9: zapper58 ($0.30 in chips) 
pavluha13: posts small blind $0.01
KaraFara: posts big blind $0.02
Sergun K.: sits out 
Paty Doll726: posts small & big blinds $0.03
*** HOLE CARDS ***
Dealt to Dorex2007 [Ts 6d]
BigJim42069: raises $0.04 to $0.06
zapper58: folds 
JEH1997: folds 
Vatter Fil: calls $0.06
Paty Doll726: folds 
Dorex2007: folds 
pavluha13: folds 
KaraFara: folds 
*** FLOP *** [2h 4h 7c]
BigJim42069: checks 
Vatter Fil: checks 
*** TURN *** [2h 4h 7c] [Qh]
BigJim42069: checks 
Vatter Fil: checks 
*** RIVER *** [2h 4h 7c Qh] [Js]
BigJim42069: checks 
Vatter Fil: checks 
*** SHOW DOWN ***
BigJim42069: shows [9c Kc] (high card King)
Vatter Fil: shows [8h As] (high card Ace)
Vatter Fil collected $0.17 from pot
*** SUMMARY ***
Total pot $0.18 | Rake $0.01 
Board [2h 4h 7c Qh Js]
Seat 1: JEH1997 folded before Flop (didn't bet)
Seat 2: Vatter Fil showed [8h As] and won ($0.17) with high card Ace
Seat 3: Paty Doll726 folded before Flop (didn't bet)
Seat 4: Dorex2007 (button) folded before Flop (didn't bet)
Seat 5: pavluha13 (small blind) folded before Flop
Seat 6: KaraFara (big blind) folded before Flop
Seat 7: BigJim42069 showed [9c Kc] and lost with high card King
Seat 9: zapper58 folded before Flop (didn't bet)



PokerStars Hand #224714470961:  Hold'em No Limit ($0.01/$0.02 USD) - 2021/03/11 21:06:46 PT [2021/03/12 0:06:46 ET]
Table 'Kleopatra IV' 9-max Seat #5 is the button
Seat 1: JEH1997 ($2.48 in chips) 
Seat 2: Vatter Fil ($2.67 in chips) 
Seat 3: Paty Doll726 ($3.30 in chips) 
Seat 4: Dorex2007 ($1.92 in chips) 
Seat 5: pavluha13 ($0.97 in chips) 
Seat 6: KaraFara ($2.16 in chips) 
Seat 7: BigJim42069 ($0.98 in chips) 
Seat 9: zapper58 ($0.30 in chips) 
KaraFara: posts small blind $0.01
BigJim42069: posts big blind $0.02
Sergun K.: sits out 
*** HOLE CARDS ***
Dealt to Dorex2007 [9c As]
zapper58: folds 
JEH1997: raises $0.02 to $0.04
Vatter Fil: calls $0.04
Paty Doll726: folds 
Dorex2007: raises $0.06 to $0.10
pavluha13: calls $0.10
KaraFara: folds 
BigJim42069: folds 
JEH1997: raises $0.38 to $0.48
Vatter Fil: folds 
Dorex2007: folds 
pavluha13: calls $0.38
*** FLOP *** [6s 5d 3h]
JEH1997: bets $2 and is all-in
pavluha13: calls $0.49 and is all-in
Uncalled bet ($1.51) returned to JEH1997
*** TURN *** [6s 5d 3h] [4c]
*** RIVER *** [6s 5d 3h 4c] [8d]
*** SHOW DOWN ***
JEH1997: shows [Kd Qs] (high card King)
pavluha13: shows [Ad Qh] (high card Ace)
pavluha13 collected $2.04 from pot
*** SUMMARY ***
Total pot $2.11 | Rake $0.07 
Board [6s 5d 3h 4c 8d]
Seat 1: JEH1997 showed [Kd Qs] and lost with high card King
Seat 2: Vatter Fil folded before Flop
Seat 3: Paty Doll726 folded before Flop (didn't bet)
Seat 4: Dorex2007 folded before Flop
Seat 5: pavluha13 (button) showed [Ad Qh] and won ($2.04) with high card Ace
Seat 6: KaraFara (small blind) folded before Flop
Seat 7: BigJim42069 (big blind) folded before Flop
Seat 9: zapper58 folded before Flop (didn't bet)



PokerStars Hand #224714485464:  Hold'em No Limit ($0.01/$0.02 USD) - 2021/03/11 21:07:54 PT [2021/03/12 0:07:54 ET]
Table 'Kleopatra IV' 9-max Seat #6 is the button
Seat 1: JEH1997 ($2 in chips) 
Seat 2: Vatter Fil ($2.63 in chips) 
Seat 3: Paty Doll726 ($3.30 in chips) 
Seat 4: Dorex2007 ($1.82 in chips) 
Seat 5: pavluha13 ($2.04 in chips) 
Seat 6: KaraFara ($2.15 in chips) 
Seat 7: BigJim42069 ($0.96 in chips) 
Seat 8: Sergun K. ($2 in chips) 
Seat 9: zapper58 ($0.30 in chips) 
BigJim42069: posts small blind $0.01
Sergun K.: posts big blind $0.02
*** HOLE CARDS ***
Dealt to Dorex2007 [5h Kh]
zapper58: folds 
JEH1997: folds 
Vatter Fil: calls $0.02
Paty Doll726: calls $0.02
Dorex2007: folds 
pavluha13: folds 
KaraFara: folds 
BigJim42069: calls $0.01
Sergun K.: checks 
*** FLOP *** [Td Js 6h]
BigJim42069: checks 
Sergun K.: checks 
Vatter Fil: checks 
Paty Doll726: checks 
*** TURN *** [Td Js 6h] [2h]
BigJim42069: bets $0.04
Sergun K.: folds 
Vatter Fil: calls $0.04
Paty Doll726: folds 
*** RIVER *** [Td Js 6h 2h] [Tc]
BigJim42069: checks 
Vatter Fil: bets $0.15
BigJim42069: folds 
Uncalled bet ($0.15) returned to Vatter Fil
Vatter Fil collected $0.15 from pot
Vatter Fil: doesn't show hand 
*** SUMMARY ***
Total pot $0.16 | Rake $0.01 
Board [Td Js 6h 2h Tc]
Seat 1: JEH1997 folded before Flop (didn't bet)
Seat 2: Vatter Fil collected ($0.15)
Seat 3: Paty Doll726 folded on the Turn
Seat 4: Dorex2007 folded before Flop (didn't bet)
Seat 5: pavluha13 folded before Flop (didn't bet)
Seat 6: KaraFara (button) folded before Flop (didn't bet)
Seat 7: BigJim42069 (small blind) folded on the River
Seat 8: Sergun K. (big blind) folded on the Turn
Seat 9: zapper58 folded before Flop (didn't bet)



PokerStars Hand #224714502750:  Hold'em No Limit ($0.01/$0.02 USD) - 2021/03/11 21:09:16 PT [2021/03/12 0:09:16 ET]
Table 'Kleopatra IV' 9-max Seat #7 is the button
Seat 1: JEH1997 ($2 in chips) 
Seat 2: Vatter Fil ($2.72 in chips) 
Seat 3: Paty Doll726 ($3.28 in chips) 
Seat 4: Dorex2007 ($1.82 in chips) 
Seat 5: pavluha13 ($2.04 in chips) 
Seat 6: KaraFara ($2.15 in chips) 
Seat 7: BigJim42069 ($0.90 in chips) 
Seat 8: Sergun K. ($1.98 in chips) 
Seat 9: zapper58 ($0.30 in chips) 
Sergun K.: posts small blind $0.01
zapper58: posts big blind $0.02
*** HOLE CARDS ***
Dealt to Dorex2007 [6s Tc]
JEH1997: folds 
Vatter Fil: folds 
Paty Doll726: calls $0.02
Dorex2007: folds 
pavluha13: folds 
KaraFara: folds 
BigJim42069: raises $0.04 to $0.06
Sergun K.: folds 
zapper58: folds 
Paty Doll726: calls $0.04
*** FLOP *** [Kd Kh 5d]
Paty Doll726: checks 
BigJim42069: checks 
*** TURN *** [Kd Kh 5d] [2c]
Paty Doll726: checks 
BigJim42069: checks 
*** RIVER *** [Kd Kh 5d 2c] [6h]
Paty Doll726: checks 
BigJim42069: bets $0.04
Paty Doll726: folds 
Uncalled bet ($0.04) returned to BigJim42069
BigJim42069 collected $0.14 from pot
BigJim42069: doesn't show hand 
*** SUMMARY ***
Total pot $0.15 | Rake $0.01 
Board [Kd Kh 5d 2c 6h]
Seat 1: JEH1997 folded before Flop (didn't bet)
Seat 2: Vatter Fil folded before Flop (didn't bet)
Seat 3: Paty Doll726 folded on the River
Seat 4: Dorex2007 folded before Flop (didn't bet)
Seat 5: pavluha13 folded before Flop (didn't bet)
Seat 6: KaraFara folded before Flop (didn't bet)
Seat 7: BigJim42069 (button) collected ($0.14)
Seat 8: Sergun K. (small blind) folded before Flop
Seat 9: zapper58 (big blind) folded before Flop



PokerStars Hand #224714513296:  Hold'em No Limit ($0.01/$0.02 USD) - 2021/03/11 21:10:08 PT [2021/03/12 0:10:08 ET]
Table 'Kleopatra IV' 9-max Seat #8 is the button
Seat 1: JEH1997 ($2 in chips) 
Seat 2: Vatter Fil ($2.72 in chips) 
Seat 3: Paty Doll726 ($3.22 in chips) 
Seat 4: Dorex2007 ($1.82 in chips) 
Seat 5: pavluha13 ($2.04 in chips) 
Seat 6: KaraFara ($2.15 in chips) 
Seat 7: BigJim42069 ($0.98 in chips) 
Seat 8: Sergun K. ($1.97 in chips) 
Seat 9: zapper58 ($0.28 in chips) 
zapper58: posts small blind $0.01
JEH1997: posts big blind $0.02
*** HOLE CARDS ***
Dealt to Dorex2007 [Ah Js]
Vatter Fil: folds 
Paty Doll726: calls $0.02
Vatter Fil leaves the table
Dorex2007: folds 
pavluha13: folds 
KaraFara: folds 
BigJim42069: folds 
kiling1 joins the table at seat #2 
Sergun K.: raises $0.04 to $0.06
zapper58: folds 
JEH1997: folds 
Paty Doll726: folds 
Uncalled bet ($0.04) returned to Sergun K.
Sergun K. collected $0.07 from pot
Sergun K.: doesn't show hand 
*** SUMMARY ***
Total pot $0.07 | Rake $0 
Seat 1: JEH1997 (big blind) folded before Flop
Seat 2: Vatter Fil folded before Flop (didn't bet)
Seat 3: Paty Doll726 folded before Flop
Seat 4: Dorex2007 folded before Flop (didn't bet)
Seat 5: pavluha13 folded before Flop (didn't bet)
Seat 6: KaraFara folded before Flop (didn't bet)
Seat 7: BigJim42069 folded before Flop (didn't bet)
Seat 8: Sergun K. (button) collected ($0.07)
Seat 9: zapper58 (small blind) folded before Flop



PokerStars Hand #224714521909:  Hold'em No Limit ($0.01/$0.02 USD) - 2021/03/11 21:10:49 PT [2021/03/12 0:10:49 ET]
Table 'Kleopatra IV' 9-max Seat #9 is the button
Seat 1: JEH1997 ($2 in chips) 
Seat 2: kiling1 ($2 in chips) 
Seat 3: Paty Doll726 ($3.20 in chips) 
Seat 4: Dorex2007 ($1.82 in chips) 
Seat 5: pavluha13 ($2.04 in chips) 
Seat 6: KaraFara ($2.15 in chips) 
Seat 7: BigJim42069 ($0.98 in chips) 
Seat 8: Sergun K. ($2.02 in chips) 
Seat 9: zapper58 ($0.27 in chips) 
JEH1997: posts small blind $0.01
kiling1: posts big blind $0.02
*** HOLE CARDS ***
Dealt to Dorex2007 [Js 4s]
Paty Doll726: calls $0.02
Dorex2007: folds 
pavluha13: folds 
KaraFara: folds 
BigJim42069: raises $0.06 to $0.08
Sergun K.: folds 
zapper58: folds 
JEH1997: folds 
kiling1: folds 
Paty Doll726: folds 
Uncalled bet ($0.06) returned to BigJim42069
BigJim42069 collected $0.07 from pot
BigJim42069: doesn't show hand 
*** SUMMARY ***
Total pot $0.07 | Rake $0 
Seat 1: JEH1997 (small blind) folded before Flop
Seat 2: kiling1 (big blind) folded before Flop
Seat 3: Paty Doll726 folded before Flop
Seat 4: Dorex2007 folded before Flop (didn't bet)
Seat 5: pavluha13 folded before Flop (didn't bet)
Seat 6: KaraFara folded before Flop (didn't bet)
Seat 7: BigJim42069 collected ($0.07)
Seat 8: Sergun K. folded before Flop (didn't bet)
Seat 9: zapper58 (button) folded before Flop (didn't bet)



PokerStars Hand #224714527643:  Hold'em No Limit ($0.01/$0.02 USD) - 2021/03/11 21:11:17 PT [2021/03/12 0:11:17 ET]
Table 'Kleopatra IV' 9-max Seat #1 is the button
Seat 1: JEH1997 ($2 in chips) 
Seat 2: kiling1 ($1.98 in chips) 
Seat 3: Paty Doll726 ($3.18 in chips) 
Seat 4: Dorex2007 ($1.82 in chips) 
Seat 5: pavluha13 ($2.04 in chips) 
Seat 6: KaraFara ($2.15 in chips) 
Seat 7: BigJim42069 ($1.03 in chips) 
Seat 8: Sergun K. ($2.02 in chips) 
Seat 9: zapper58 ($0.27 in chips) 
kiling1: posts small blind $0.01
Paty Doll726: posts big blind $0.02
*** HOLE CARDS ***
Dealt to Dorex2007 [5h 2h]
Dorex2007: folds 
pavluha13: folds 
KaraFara: folds 
BigJim42069: raises $0.04 to $0.06
Sergun K.: raises $0.04 to $0.10
zapper58: folds 
JEH1997: folds 
kiling1: folds 
Paty Doll726: folds 
BigJim42069: calls $0.04
*** FLOP *** [9c 4h 5s]
BigJim42069: checks 
Sergun K.: checks 
*** TURN *** [9c 4h 5s] [6d]
BigJim42069: bets $0.10
Sergun K.: folds 
Uncalled bet ($0.10) returned to BigJim42069
BigJim42069 collected $0.22 from pot
BigJim42069: doesn't show hand 
*** SUMMARY ***
Total pot $0.23 | Rake $0.01 
Board [9c 4h 5s 6d]
Seat 1: JEH1997 (button) folded before Flop (didn't bet)
Seat 2: kiling1 (small blind) folded before Flop
Seat 3: Paty Doll726 (big blind) folded before Flop
Seat 4: Dorex2007 folded before Flop (didn't bet)
Seat 5: pavluha13 folded before Flop (didn't bet)
Seat 6: KaraFara folded before Flop (didn't bet)
Seat 7: BigJim42069 collected ($0.22)
Seat 8: Sergun K. folded on the Turn
Seat 9: zapper58 folded before Flop (didn't bet)



PokerStars Hand #224714538375:  Hold'em No Limit ($0.01/$0.02 USD) - 2021/03/11 21:12:08 PT [2021/03/12 0:12:08 ET]
Table 'Kleopatra IV' 9-max Seat #2 is the button
Seat 1: JEH1997 ($2 in chips) 
Seat 2: kiling1 ($1.97 in chips) 
Seat 4: Dorex2007 ($1.82 in chips) 
Seat 5: pavluha13 ($2.04 in chips) 
Seat 6: KaraFara ($2.15 in chips) 
Seat 7: BigJim42069 ($1.15 in chips) 
Seat 8: Sergun K. ($1.92 in chips) 
Seat 9: zapper58 ($0.27 in chips) 
Dorex2007: posts small blind $0.01
pavluha13: posts big blind $0.02
*** HOLE CARDS ***
Dealt to Dorex2007 [4h 7h]
KaraFara: folds 
BigJim42069: folds 
Sergun K.: folds 
zapper58: folds 
JEH1997: raises $0.02 to $0.04
kiling1: folds 
Dorex2007: folds 
pavluha13: calls $0.02
*** FLOP *** [9s 7s Qc]
pavluha13: checks 
JEH1997: bets $0.05
pavluha13: folds 
Uncalled bet ($0.05) returned to JEH1997
JEH1997 collected $0.09 from pot
JEH1997: doesn't show hand 
*** SUMMARY ***
Total pot $0.09 | Rake $0 
Board [9s 7s Qc]
Seat 1: JEH1997 collected ($0.09)
Seat 2: kiling1 (button) folded before Flop (didn't bet)
Seat 4: Dorex2007 (small blind) folded before Flop
Seat 5: pavluha13 (big blind) folded on the Flop
Seat 6: KaraFara folded before Flop (didn't bet)
Seat 7: BigJim42069 folded before Flop (didn't bet)
Seat 8: Sergun K. folded before Flop (didn't bet)
Seat 9: zapper58 folded before Flop (didn't bet)



PokerStars Hand #224714543177:  Hold'em No Limit ($0.01/$0.02 USD) - 2021/03/11 21:12:31 PT [2021/03/12 0:12:31 ET]
Table 'Kleopatra IV' 9-max Seat #4 is the button
Seat 1: JEH1997 ($2.05 in chips) 
Seat 2: kiling1 ($1.97 in chips) 
Seat 3: Paty Doll726 ($3.16 in chips) 
Seat 4: Dorex2007 ($1.81 in chips) 
Seat 5: pavluha13 ($2 in chips) 
Seat 6: KaraFara ($2.15 in chips) 
Seat 7: BigJim42069 ($1.15 in chips) 
Seat 8: Sergun K. ($1.92 in chips) 
Seat 9: zapper58 ($0.27 in chips) 
pavluha13: posts small blind $0.01
KaraFara: posts big blind $0.02
Paty Doll726: posts small blind $0.01
*** HOLE CARDS ***
Dealt to Dorex2007 [4s 4h]
BigJim42069: folds 
Sergun K.: folds 
zapper58: calls $0.02
JEH1997: folds 
kiling1: folds 
Paty Doll726: calls $0.02
Dorex2007: folds 
pavluha13: calls $0.01
KaraFara: checks 
*** FLOP *** [7c 6c Jd]
pavluha13: checks 
KaraFara: checks 
zapper58: bets $0.02
Paty Doll726: folds 
pavluha13: calls $0.02
KaraFara: folds 
*** TURN *** [7c 6c Jd] [9d]
pavluha13: checks 
zapper58: checks 
*** RIVER *** [7c 6c Jd 9d] [Qs]
pavluha13: checks 
zapper58: checks 
*** SHOW DOWN ***
pavluha13: shows [9s Tc] (a pair of Nines)
zapper58: shows [Js Qc] (two pair, Queens and Jacks)
zapper58 collected $0.13 from pot
*** SUMMARY ***
Total pot $0.13 | Rake $0 
Board [7c 6c Jd 9d Qs]
Seat 1: JEH1997 folded before Flop (didn't bet)
Seat 2: kiling1 folded before Flop (didn't bet)
Seat 3: Paty Doll726 folded on the Flop
Seat 4: Dorex2007 (button) folded before Flop (didn't bet)
Seat 5: pavluha13 (small blind) showed [9s Tc] and lost with a pair of Nines
Seat 6: KaraFara (big blind) folded on the Flop
Seat 7: BigJim42069 folded before Flop (didn't bet)
Seat 8: Sergun K. folded before Flop (didn't bet)
Seat 9: zapper58 showed [Js Qc] and won ($0.13) with two pair, Queens and Jacks



PokerStars Hand #224714559064:  Hold'em No Limit ($0.01/$0.02 USD) - 2021/03/11 21:13:48 PT [2021/03/12 0:13:48 ET]
Table 'Kleopatra IV' 9-max Seat #5 is the button
Seat 1: JEH1997 ($2.05 in chips) 
Seat 2: kiling1 ($1.97 in chips) 
Seat 3: Paty Doll726 ($3.13 in chips) 
Seat 4: Dorex2007 ($1.81 in chips) 
Seat 5: pavluha13 ($1.96 in chips) 
Seat 6: KaraFara ($2.13 in chips) 
Seat 7: BigJim42069 ($1.15 in chips) 
Seat 8: Sergun K. ($1.92 in chips) 
Seat 9: zapper58 ($0.36 in chips) 
KaraFara: posts small blind $0.01
BigJim42069: posts big blind $0.02
*** HOLE CARDS ***
Dealt to Dorex2007 [3d 2c]
Sergun K.: folds 
zapper58: folds 
JEH1997: folds 
kiling1: folds 
Paty Doll726: folds 
Dorex2007: folds 
pavluha13: raises $0.04 to $0.06
KaraFara: folds 
BigJim42069: raises $0.12 to $0.18
pavluha13: folds 
Uncalled bet ($0.12) returned to BigJim42069
KaraFara leaves the table
BigJim42069 collected $0.13 from pot
BigJim42069: doesn't show hand 
*** SUMMARY ***
Total pot $0.13 | Rake $0 
Seat 1: JEH1997 folded before Flop (didn't bet)
Seat 2: kiling1 folded before Flop (didn't bet)
Seat 3: Paty Doll726 folded before Flop (didn't bet)
Seat 4: Dorex2007 folded before Flop (didn't bet)
Seat 5: pavluha13 (button) folded before Flop
Seat 6: KaraFara (small blind) folded before Flop
Seat 7: BigJim42069 (big blind) collected ($0.13)
Seat 8: Sergun K. folded before Flop (didn't bet)
Seat 9: zapper58 folded before Flop (didn't bet)



PokerStars Hand #224714565744:  Hold'em No Limit ($0.01/$0.02 USD) - 2021/03/11 21:14:20 PT [2021/03/12 0:14:20 ET]
Table 'Kleopatra IV' 9-max Seat #7 is the button
Seat 1: JEH1997 ($2.05 in chips) 
Seat 2: kiling1 ($1.97 in chips) 
Seat 3: Paty Doll726 ($3.13 in chips) 
Seat 4: Dorex2007 ($1.81 in chips) 
Seat 5: pavluha13 ($1.90 in chips) 
Seat 7: BigJim42069 ($1.22 in chips) 
Seat 8: Sergun K. ($1.92 in chips) 
Seat 9: zapper58 ($0.36 in chips) 
Sergun K.: posts small blind $0.01
zapper58: posts big blind $0.02
*** HOLE CARDS ***
Dealt to Dorex2007 [6h 8h]
JEH1997: folds 
kiling1: raises $0.04 to $0.06
Paty Doll726: folds 
Dorex2007: folds 
pavluha13: folds 
BigJim42069: folds 
Sergun K.: folds 
zapper58: folds 
Uncalled bet ($0.04) returned to kiling1
kiling1 collected $0.05 from pot
kiling1: doesn't show hand 
*** SUMMARY ***
Total pot $0.05 | Rake $0 
Seat 1: JEH1997 folded before Flop (didn't bet)
Seat 2: kiling1 collected ($0.05)
Seat 3: Paty Doll726 folded before Flop (didn't bet)
Seat 4: Dorex2007 folded before Flop (didn't bet)
Seat 5: pavluha13 folded before Flop (didn't bet)
Seat 7: BigJim42069 (button) folded before Flop (didn't bet)
Seat 8: Sergun K. (small blind) folded before Flop
Seat 9: zapper58 (big blind) folded before Flop



PokerStars Hand #224714569648:  Hold'em No Limit ($0.01/$0.02 USD) - 2021/03/11 21:14:39 PT [2021/03/12 0:14:39 ET]
Table 'Kleopatra IV' 9-max Seat #8 is the button
Seat 1: JEH1997 ($2.05 in chips) 
Seat 2: kiling1 ($2 in chips) 
Seat 3: Paty Doll726 ($3.13 in chips) 
Seat 4: Dorex2007 ($1.81 in chips) 
Seat 5: pavluha13 ($1.90 in chips) 
Seat 7: BigJim42069 ($1.22 in chips) 
Seat 8: Sergun K. ($1.91 in chips) 
Seat 9: zapper58 ($0.34 in chips) 
zapper58: posts small blind $0.01
JEH1997: posts big blind $0.02
*** HOLE CARDS ***
Dealt to Dorex2007 [7s 8s]
kiling1 has timed out
kiling1: folds 
Paty Doll726: folds 
Dorex2007: raises $0.06 to $0.08
pavluha13: folds 
BigJim42069: folds 
Sergun K.: folds 
zapper58: folds 
JEH1997: folds 
Uncalled bet ($0.06) returned to Dorex2007
Dorex2007 collected $0.05 from pot
Dorex2007: doesn't show hand 
*** SUMMARY ***
Total pot $0.05 | Rake $0 
Seat 1: JEH1997 (big blind) folded before Flop
Seat 2: kiling1 folded before Flop (didn't bet)
Seat 3: Paty Doll726 folded before Flop (didn't bet)
Seat 4: Dorex2007 collected ($0.05)
Seat 5: pavluha13 folded before Flop (didn't bet)
Seat 7: BigJim42069 folded before Flop (didn't bet)
Seat 8: Sergun K. (button) folded before Flop (didn't bet)
Seat 9: zapper58 (small blind) folded before Flop



PokerStars Hand #224714576559:  Hold'em No Limit ($0.01/$0.02 USD) - 2021/03/11 21:15:12 PT [2021/03/12 0:15:12 ET]
Table 'Kleopatra IV' 9-max Seat #9 is the button
Seat 1: JEH1997 ($2.03 in chips) 
Seat 2: kiling1 ($2 in chips) 
Seat 3: Paty Doll726 ($3.13 in chips) 
Seat 4: Dorex2007 ($1.84 in chips) 
Seat 5: pavluha13 ($1.90 in chips) 
Seat 7: BigJim42069 ($1.22 in chips) 
Seat 8: Sergun K. ($1.91 in chips) 
Seat 9: zapper58 ($0.33 in chips) 
JEH1997: posts small blind $0.01
kiling1: posts big blind $0.02
*** HOLE CARDS ***
Dealt to Dorex2007 [8h 3d]
Paty Doll726: calls $0.02
Dorex2007: folds 
pavluha13: folds 
BigJim42069: raises $0.02 to $0.04
Sergun K.: folds 
zapper58: folds 
JEH1997: folds 
bek_1992 95 joins the table at seat #6 
kiling1: folds 
Paty Doll726: calls $0.02
*** FLOP *** [5d Ts Tc]
Paty Doll726: checks 
BigJim42069: checks 
*** TURN *** [5d Ts Tc] [Jc]
Paty Doll726: checks 
BigJim42069: checks 
*** RIVER *** [5d Ts Tc Jc] [Ad]
Paty Doll726: bets $0.06
BigJim42069: calls $0.06
*** SHOW DOWN ***
Paty Doll726: shows [Qh Kc] (a straight, Ten to Ace)
BigJim42069: mucks hand 
Paty Doll726 collected $0.22 from pot
*** SUMMARY ***
Total pot $0.23 | Rake $0.01 
Board [5d Ts Tc Jc Ad]
Seat 1: JEH1997 (small blind) folded before Flop
Seat 2: kiling1 (big blind) folded before Flop
Seat 3: Paty Doll726 showed [Qh Kc] and won ($0.22) with a straight, Ten to Ace
Seat 4: Dorex2007 folded before Flop (didn't bet)
Seat 5: pavluha13 folded before Flop (didn't bet)
Seat 7: BigJim42069 mucked [Js 9s]
Seat 8: Sergun K. folded before Flop (didn't bet)
Seat 9: zapper58 (button) folded before Flop (didn't bet)



PokerStars Hand #224714588739:  Hold'em No Limit ($0.01/$0.02 USD) - 2021/03/11 21:16:11 PT [2021/03/12 0:16:11 ET]
Table 'Kleopatra IV' 9-max Seat #1 is the button
Seat 1: JEH1997 ($2.02 in chips) 
Seat 2: kiling1 ($1.98 in chips) 
Seat 3: Paty Doll726 ($3.25 in chips) 
Seat 4: Dorex2007 ($1.84 in chips) 
Seat 5: pavluha13 ($1.90 in chips) 
Seat 6: bek_1992 95 ($0.80 in chips) 
Seat 7: BigJim42069 ($1.12 in chips) 
Seat 8: Sergun K. ($1.91 in chips) 
Seat 9: zapper58 ($0.33 in chips) 
kiling1: posts small blind $0.01
Paty Doll726: posts big blind $0.02
bek_1992 95: posts big blind $0.02
*** HOLE CARDS ***
Dealt to Dorex2007 [5c Kd]
Dorex2007: folds 
pavluha13: folds 
bek_1992 95: checks 
BigJim42069: folds 
Sergun K.: calls $0.02
zapper58: folds 
JEH1997: folds 
kiling1: folds 
Paty Doll726: checks 
*** FLOP *** [7s Ah Qs]
Paty Doll726: checks 
bek_1992 95: checks 
Sergun K.: checks 
*** TURN *** [7s Ah Qs] [Jh]
Paty Doll726: checks 
bek_1992 95: bets $0.04
Sergun K.: calls $0.04
Paty Doll726: folds 
*** RIVER *** [7s Ah Qs Jh] [5h]
zapper58 leaves the table
bek_1992 95: bets $0.09
Bomber 0619 joins the table at seat #9 
Sergun K.: folds 
Uncalled bet ($0.09) returned to bek_1992 95
bek_1992 95 collected $0.14 from pot
*** SUMMARY ***
Total pot $0.15 | Rake $0.01 
Board [7s Ah Qs Jh 5h]
Seat 1: JEH1997 (button) folded before Flop (didn't bet)
Seat 2: kiling1 (small blind) folded before Flop
Seat 3: Paty Doll726 (big blind) folded on the Turn
Seat 4: Dorex2007 folded before Flop (didn't bet)
Seat 5: pavluha13 folded before Flop (didn't bet)
Seat 6: bek_1992 95 collected ($0.14)
Seat 7: BigJim42069 folded before Flop (didn't bet)
Seat 8: Sergun K. folded on the River
Seat 9: zapper58 folded before Flop (didn't bet)



PokerStars Hand #224714603322:  Hold'em No Limit ($0.01/$0.02 USD) - 2021/03/11 21:17:20 PT [2021/03/12 0:17:20 ET]
Table 'Kleopatra IV' 9-max Seat #2 is the button
Seat 1: JEH1997 ($2.02 in chips) 
Seat 2: kiling1 ($1.97 in chips) 
Seat 3: Paty Doll726 ($3.23 in chips) 
Seat 4: Dorex2007 ($1.84 in chips) 
Seat 5: pavluha13 ($1.90 in chips) 
Seat 6: bek_1992 95 ($0.88 in chips) 
Seat 7: BigJim42069 ($1.12 in chips) 
Seat 8: Sergun K. ($1.85 in chips) 
Paty Doll726: posts small blind $0.01
Dorex2007: posts big blind $0.02
Bomber 0619: sits out 
*** HOLE CARDS ***
Dealt to Dorex2007 [Qh 4d]
pavluha13: folds 
bek_1992 95: folds 
BigJim42069: calls $0.02
Sergun K.: folds 
JEH1997: folds 
kiling1 has timed out
kiling1: folds 
Paty Doll726: calls $0.01
Dorex2007: checks 
*** FLOP *** [8c Ts Js]
Paty Doll726: checks 
Dorex2007: checks 
BigJim42069: bets $0.04
Paty Doll726: folds 
Dorex2007: folds 
Uncalled bet ($0.04) returned to BigJim42069
BigJim42069 collected $0.06 from pot
BigJim42069: doesn't show hand 
*** SUMMARY ***
Total pot $0.06 | Rake $0 
Board [8c Ts Js]
Seat 1: JEH1997 folded before Flop (didn't bet)
Seat 2: kiling1 (button) folded before Flop (didn't bet)
Seat 3: Paty Doll726 (small blind) folded on the Flop
Seat 4: Dorex2007 (big blind) folded on the Flop
Seat 5: pavluha13 folded before Flop (didn't bet)
Seat 6: bek_1992 95 folded before Flop (didn't bet)
Seat 7: BigJim42069 collected ($0.06)
Seat 8: Sergun K. folded before Flop (didn't bet)



PokerStars Hand #224714614740:  Hold'em No Limit ($0.01/$0.02 USD) - 2021/03/11 21:18:15 PT [2021/03/12 0:18:15 ET]
Table 'Kleopatra IV' 9-max Seat #3 is the button
Seat 1: JEH1997 ($2.02 in chips) 
Seat 2: kiling1 ($1.97 in chips) 
Seat 3: Paty Doll726 ($3.21 in chips) 
Seat 4: Dorex2007 ($1.82 in chips) 
Seat 5: pavluha13 ($1.90 in chips) 
Seat 6: bek_1992 95 ($0.88 in chips) 
Seat 7: BigJim42069 ($1.16 in chips) 
Seat 8: Sergun K. ($2 in chips) 
Seat 9: Bomber 0619 ($1.60 in chips) 
Dorex2007: posts small blind $0.01
pavluha13: posts big blind $0.02
Bomber 0619: posts big blind $0.02
*** HOLE CARDS ***
Dealt to Dorex2007 [9s 3d]
bek_1992 95: folds 
BigJim42069: folds 
Sergun K.: calls $0.02
Bomber 0619: checks 
JEH1997: folds 
kiling1: folds 
Paty Doll726: folds 
Dorex2007: folds 
pavluha13: checks 
*** FLOP *** [8s Kh Th]
pavluha13: checks 
Sergun K.: checks 
Bomber 0619: checks 
*** TURN *** [8s Kh Th] [8h]
pavluha13: checks 
Sergun K.: checks 
Bomber 0619: checks 
*** RIVER *** [8s Kh Th 8h] [7h]
pavluha13: checks 
Sergun K.: checks 
Bomber 0619: checks 
*** SHOW DOWN ***
pavluha13: shows [As 9h] (a flush, King high)
Sergun K.: mucks hand 
Bomber 0619: mucks hand 
pavluha13 collected $0.07 from pot
*** SUMMARY ***
Total pot $0.07 | Rake $0 
Board [8s Kh Th 8h 7h]
Seat 1: JEH1997 folded before Flop (didn't bet)
Seat 2: kiling1 folded before Flop (didn't bet)
Seat 3: Paty Doll726 (button) folded before Flop (didn't bet)
Seat 4: Dorex2007 (small blind) folded before Flop
Seat 5: pavluha13 (big blind) showed [As 9h] and won ($0.07) with a flush, King high
Seat 6: bek_1992 95 folded before Flop (didn't bet)
Seat 7: BigJim42069 folded before Flop (didn't bet)
Seat 8: Sergun K. mucked [Ad 4c]
Seat 9: Bomber 0619 mucked [5h 3c]



PokerStars Hand #224714623060:  Hold'em No Limit ($0.01/$0.02 USD) - 2021/03/11 21:18:54 PT [2021/03/12 0:18:54 ET]
Table 'Kleopatra IV' 9-max Seat #4 is the button
Seat 1: JEH1997 ($2.02 in chips) 
Seat 2: kiling1 ($1.97 in chips) 
Seat 3: Paty Doll726 ($3.21 in chips) 
Seat 4: Dorex2007 ($1.81 in chips) 
Seat 5: pavluha13 ($1.95 in chips) 
Seat 6: bek_1992 95 ($0.88 in chips) 
Seat 7: BigJim42069 ($1.16 in chips) 
Seat 8: Sergun K. ($1.98 in chips) 
Seat 9: Bomber 0619 ($1.58 in chips) 
pavluha13: posts small blind $0.01
bek_1992 95: posts big blind $0.02
*** HOLE CARDS ***
Dealt to Dorex2007 [5c 2s]
BigJim42069: folds 
Sergun K.: folds 
Bomber 0619: calls $0.02
JEH1997: folds 
kiling1: folds 
Paty Doll726: folds 
Dorex2007: folds 
pavluha13: raises $0.04 to $0.06
bek_1992 95: calls $0.04
Bomber 0619: calls $0.04
*** FLOP *** [7h 6h Ks]
pavluha13: checks 
bek_1992 95: bets $0.06
Bomber 0619: raises $0.29 to $0.35
pavluha13: calls $0.35
bek_1992 95: folds 
*** TURN *** [7h 6h Ks] [Ts]
pavluha13: checks 
Bomber 0619: bets $1.17 and is all-in
pavluha13: calls $1.17
*** RIVER *** [7h 6h Ks Ts] [9h]
*** SHOW DOWN ***
pavluha13: shows [Ah Kc] (a pair of Kings)
Bomber 0619: shows [4h Kh] (a flush, King high)
Bomber 0619 collected $3.17 from pot
pavluha13 cashed out the hand for $2.36 | Cash Out Fee $0.02
*** SUMMARY ***
Total pot $3.28 | Rake $0.11 
Board [7h 6h Ks Ts 9h]
Seat 1: JEH1997 folded before Flop (didn't bet)
Seat 2: kiling1 folded before Flop (didn't bet)
Seat 3: Paty Doll726 folded before Flop (didn't bet)
Seat 4: Dorex2007 (button) folded before Flop (didn't bet)
Seat 5: pavluha13 (small blind) showed [Ah Kc] and lost with a pair of Kings (cashed out).
Seat 6: bek_1992 95 (big blind) folded on the Flop
Seat 7: BigJim42069 folded before Flop (didn't bet)
Seat 8: Sergun K. folded before Flop (didn't bet)
Seat 9: Bomber 0619 showed [4h Kh] and won ($3.17) with a flush, King high



PokerStars Hand #224714635237:  Hold'em No Limit ($0.01/$0.02 USD) - 2021/03/11 21:19:53 PT [2021/03/12 0:19:53 ET]
Table 'Kleopatra IV' 9-max Seat #5 is the button
Seat 1: JEH1997 ($2.02 in chips) 
Seat 2: kiling1 ($1.97 in chips) 
Seat 3: Paty Doll726 ($3.21 in chips) 
Seat 4: Dorex2007 ($1.81 in chips) 
Seat 5: pavluha13 ($2.73 in chips) 
Seat 6: bek_1992 95 ($0.76 in chips) 
Seat 7: BigJim42069 ($1.16 in chips) 
Seat 9: Bomber 0619 ($3.17 in chips) 
bek_1992 95: posts small blind $0.01
BigJim42069: posts big blind $0.02
*** HOLE CARDS ***
Dealt to Dorex2007 [2c Kc]
Bomber 0619: calls $0.02
JEH1997: folds 
kiling1: folds 
Paty Doll726: folds 
Dorex2007: folds 
pavluha13: calls $0.02
bek_1992 95: calls $0.01
BigJim42069: raises $0.04 to $0.06
Bomber 0619: calls $0.04
pavluha13: calls $0.04
bek_1992 95: calls $0.04
*** FLOP *** [Kd Th 9d]
bek_1992 95: checks 
BigJim42069: bets $0.06
Bomber 0619: calls $0.06
pavluha13: calls $0.06
bek_1992 95: folds 
*** TURN *** [Kd Th 9d] [4d]
BigJim42069: checks 
Bomber 0619: checks 
pavluha13: checks 
*** RIVER *** [Kd Th 9d 4d] [Jc]
BigJim42069: bets $0.04
Bomber 0619: calls $0.04
pavluha13: calls $0.04
*** SHOW DOWN ***
BigJim42069: shows [Qh Jh] (a straight, Nine to King)
Bomber 0619: mucks hand 
pavluha13: mucks hand 
BigJim42069 collected $0.52 from pot
*** SUMMARY ***
Total pot $0.54 | Rake $0.02 
Board [Kd Th 9d 4d Jc]
Seat 1: JEH1997 folded before Flop (didn't bet)
Seat 2: kiling1 folded before Flop (didn't bet)
Seat 3: Paty Doll726 folded before Flop (didn't bet)
Seat 4: Dorex2007 folded before Flop (didn't bet)
Seat 5: pavluha13 (button) mucked [Ac Jd]
Seat 6: bek_1992 95 (small blind) folded on the Flop
Seat 7: BigJim42069 (big blind) showed [Qh Jh] and won ($0.52) with a straight, Nine to King
Seat 9: Bomber 0619 mucked [Ts 3s]



PokerStars Hand #224714652527:  Hold'em No Limit ($0.01/$0.02 USD) - 2021/03/11 21:21:15 PT [2021/03/12 0:21:15 ET]
Table 'Kleopatra IV' 9-max Seat #6 is the button
Seat 1: JEH1997 ($2.02 in chips) 
Seat 2: kiling1 ($1.97 in chips) 
Seat 3: Paty Doll726 ($3.21 in chips) 
Seat 4: Dorex2007 ($1.81 in chips) 
Seat 5: pavluha13 ($2.57 in chips) 
Seat 6: bek_1992 95 ($0.70 in chips) 
Seat 7: BigJim42069 ($1.52 in chips) 
Seat 9: Bomber 0619 ($3.01 in chips) 
BigJim42069: posts small blind $0.01
Bomber 0619: posts big blind $0.02
*** HOLE CARDS ***
Dealt to Dorex2007 [7h 8s]
JEH1997: raises $0.02 to $0.04
kiling1: folds 
Paty Doll726: folds 
Dorex2007: folds 
pavluha13: calls $0.04
bek_1992 95: folds 
BigJim42069: calls $0.03
Bomber 0619: calls $0.02
*** FLOP *** [Jc 3h 2c]
BigJim42069: checks 
Bomber 0619: bets $0.04
JEH1997: calls $0.04
pavluha13: folds 
BigJim42069: folds 
*** TURN *** [Jc 3h 2c] [Ks]
Bomber 0619: checks 
JEH1997: bets $0.12
Bomber 0619: folds 
Uncalled bet ($0.12) returned to JEH1997
JEH1997 collected $0.23 from pot
*** SUMMARY ***
Total pot $0.24 | Rake $0.01 
Board [Jc 3h 2c Ks]
Seat 1: JEH1997 collected ($0.23)
Seat 2: kiling1 folded before Flop (didn't bet)
Seat 3: Paty Doll726 folded before Flop (didn't bet)
Seat 4: Dorex2007 folded before Flop (didn't bet)
Seat 5: pavluha13 folded on the Flop
Seat 6: bek_1992 95 (button) folded before Flop (didn't bet)
Seat 7: BigJim42069 (small blind) folded on the Flop
Seat 9: Bomber 0619 (big blind) folded on the Turn



PokerStars Hand #224714665464:  Hold'em No Limit ($0.01/$0.02 USD) - 2021/03/11 21:22:17 PT [2021/03/12 0:22:17 ET]
Table 'Kleopatra IV' 9-max Seat #7 is the button
Seat 1: JEH1997 ($2.17 in chips) 
Seat 2: kiling1 ($1.97 in chips) 
Seat 3: Paty Doll726 ($3.21 in chips) 
Seat 4: Dorex2007 ($1.81 in chips) 
Seat 5: pavluha13 ($2.53 in chips) 
Seat 6: bek_1992 95 ($0.70 in chips) 
Seat 7: BigJim42069 ($1.48 in chips) 
Seat 9: Bomber 0619 ($2.93 in chips) 
Bomber 0619: posts small blind $0.01
JEH1997: posts big blind $0.02
*** HOLE CARDS ***
Dealt to Dorex2007 [7h Qd]
kiling1: folds 
Paty Doll726: folds 
Dorex2007: folds 
pavluha13: folds 
bek_1992 95: folds 
BigJim42069: raises $0.04 to $0.06
Bomber 0619: calls $0.05
JEH1997: raises $0.24 to $0.30
BigJim42069: folds 
Bomber 0619: calls $0.24
*** FLOP *** [Kh 6s 3d]
Bomber 0619: bets $0.02
JEH1997: calls $0.02
*** TURN *** [Kh 6s 3d] [3c]
Bomber 0619: bets $0.02
JEH1997: calls $0.02
*** RIVER *** [Kh 6s 3d 3c] [9s]
Bomber 0619: bets $0.04
JEH1997: raises $0.22 to $0.26
Bomber 0619: folds 
Uncalled bet ($0.22) returned to JEH1997
JEH1997 collected $0.79 from pot
*** SUMMARY ***
Total pot $0.82 | Rake $0.03 
Board [Kh 6s 3d 3c 9s]
Seat 1: JEH1997 (big blind) collected ($0.79)
Seat 2: kiling1 folded before Flop (didn't bet)
Seat 3: Paty Doll726 folded before Flop (didn't bet)
Seat 4: Dorex2007 folded before Flop (didn't bet)
Seat 5: pavluha13 folded before Flop (didn't bet)
Seat 6: bek_1992 95 folded before Flop (didn't bet)
Seat 7: BigJim42069 (button) folded before Flop
Seat 9: Bomber 0619 (small blind) folded on the River



PokerStars Hand #224714680364:  Hold'em No Limit ($0.01/$0.02 USD) - 2021/03/11 21:23:28 PT [2021/03/12 0:23:28 ET]
Table 'Kleopatra IV' 9-max Seat #9 is the button
Seat 1: JEH1997 ($2.58 in chips) 
Seat 2: kiling1 ($1.97 in chips) 
Seat 3: Paty Doll726 ($3.21 in chips) 
Seat 4: Dorex2007 ($1.81 in chips) 
Seat 5: pavluha13 ($2.53 in chips) 
Seat 6: bek_1992 95 ($0.70 in chips) 
Seat 7: BigJim42069 ($1.42 in chips) 
Seat 9: Bomber 0619 ($2.55 in chips) 
JEH1997: posts small blind $0.01
kiling1: posts big blind $0.02
Sergun K.: sits out 
*** HOLE CARDS ***
Dealt to Dorex2007 [4h Ad]
Paty Doll726: folds 
Dorex2007: folds 
pavluha13: folds 
bek_1992 95: folds 
BigJim42069: folds 
Bomber 0619: calls $0.02
JEH1997: calls $0.01
kiling1: checks 
*** FLOP *** [Td 7c 9c]
JEH1997: checks 
kiling1: checks 
Bomber 0619: bets $0.06
JEH1997: folds 
kiling1: folds 
Uncalled bet ($0.06) returned to Bomber 0619
Bomber 0619 collected $0.06 from pot
Bomber 0619: doesn't show hand 
*** SUMMARY ***
Total pot $0.06 | Rake $0 
Board [Td 7c 9c]
Seat 1: JEH1997 (small blind) folded on the Flop
Seat 2: kiling1 (big blind) folded on the Flop
Seat 3: Paty Doll726 folded before Flop (didn't bet)
Seat 4: Dorex2007 folded before Flop (didn't bet)
Seat 5: pavluha13 folded before Flop (didn't bet)
Seat 6: bek_1992 95 folded before Flop (didn't bet)
Seat 7: BigJim42069 folded before Flop (didn't bet)
Seat 9: Bomber 0619 (button) collected ($0.06)



PokerStars Hand #224714689621:  Hold'em No Limit ($0.01/$0.02 USD) - 2021/03/11 21:24:13 PT [2021/03/12 0:24:13 ET]
Table 'Kleopatra IV' 9-max Seat #1 is the button
Seat 1: JEH1997 ($2.56 in chips) 
Seat 2: kiling1 ($1.95 in chips) 
Seat 3: Paty Doll726 ($3.21 in chips) 
Seat 4: Dorex2007 ($1.81 in chips) 
Seat 5: pavluha13 ($2.53 in chips) 
Seat 6: bek_1992 95 ($0.70 in chips) 
Seat 7: BigJim42069 ($1.42 in chips) 
Seat 9: Bomber 0619 ($2.59 in chips) 
kiling1: posts small blind $0.01
Paty Doll726: posts big blind $0.02
Sergun K.: sits out 
*** HOLE CARDS ***
Dealt to Dorex2007 [Tc 3h]
Dorex2007: folds 
pavluha13: folds 
bek_1992 95: calls $0.02
BigJim42069: folds 
Bomber 0619: calls $0.02
JEH1997: raises $0.09 to $0.11
kiling1: folds 
Paty Doll726: folds 
bek_1992 95: folds 
Bomber 0619: calls $0.09
*** FLOP *** [8h Jd 6h]
Bomber 0619: bets $0.02
JEH1997: raises $0.23 to $0.25
Bomber 0619: calls $0.23
*** TURN *** [8h Jd 6h] [Ts]
Bomber 0619: bets $0.02
JEH1997: raises $0.30 to $0.32
Bomber 0619: calls $0.30
*** RIVER *** [8h Jd 6h Ts] [Qs]
Bomber 0619: bets $1.91 and is all-in
JEH1997: calls $1.88 and is all-in
Uncalled bet ($0.03) returned to Bomber 0619
*** SHOW DOWN ***
Bomber 0619: shows [5d 7h] (high card Queen)
JEH1997: shows [Ac 9d] (a straight, Eight to Queen)
JEH1997 collected $4.99 from pot
*** SUMMARY ***
Total pot $5.17 | Rake $0.18 
Board [8h Jd 6h Ts Qs]
Seat 1: JEH1997 (button) showed [Ac 9d] and won ($4.99) with a straight, Eight to Queen
Seat 2: kiling1 (small blind) folded before Flop
Seat 3: Paty Doll726 (big blind) folded before Flop
Seat 4: Dorex2007 folded before Flop (didn't bet)
Seat 5: pavluha13 folded before Flop (didn't bet)
Seat 6: bek_1992 95 folded before Flop
Seat 7: BigJim42069 folded before Flop (didn't bet)
Seat 9: Bomber 0619 showed [5d 7h] and lost with high card Queen



PokerStars Hand #224714702716:  Hold'em No Limit ($0.01/$0.02 USD) - 2021/03/11 21:25:15 PT [2021/03/12 0:25:15 ET]
Table 'Kleopatra IV' 9-max Seat #2 is the button
Seat 1: JEH1997 ($4.99 in chips) 
Seat 2: kiling1 ($1.94 in chips) 
Seat 3: Paty Doll726 ($3.19 in chips) 
Seat 4: Dorex2007 ($1.81 in chips) 
Seat 5: pavluha13 ($2.53 in chips) 
Seat 6: bek_1992 95 ($0.68 in chips) 
Seat 7: BigJim42069 ($1.42 in chips) 
Seat 9: Bomber 0619 ($0.03 in chips) 
Paty Doll726: posts small blind $0.01
Dorex2007: posts big blind $0.02
Sergun K.: sits out 
*** HOLE CARDS ***
Dealt to Dorex2007 [5d 3h]
pavluha13: folds 
bek_1992 95: calls $0.02
BigJim42069: folds 
Bomber 0619: folds 
Bomber 0619 leaves the table
JEH1997: folds 
kiling1: raises $0.07 to $0.09
Paty Doll726: folds 
Dorex2007: folds 
bek_1992 95: folds 
Uncalled bet ($0.07) returned to kiling1
kiling1 collected $0.07 from pot
kiling1: doesn't show hand 
*** SUMMARY ***
Total pot $0.07 | Rake $0 
Seat 1: JEH1997 folded before Flop (didn't bet)
Seat 2: kiling1 (button) collected ($0.07)
Seat 3: Paty Doll726 (small blind) folded before Flop
Seat 4: Dorex2007 (big blind) folded before Flop
Seat 5: pavluha13 folded before Flop (didn't bet)
Seat 6: bek_1992 95 folded before Flop
Seat 7: BigJim42069 folded before Flop (didn't bet)
Seat 9: Bomber 0619 folded before Flop (didn't bet)



PokerStars Hand #224714708331:  Hold'em No Limit ($0.01/$0.02 USD) - 2021/03/11 21:25:43 PT [2021/03/12 0:25:43 ET]
Table 'Kleopatra IV' 9-max Seat #3 is the button
Seat 1: JEH1997 ($4.99 in chips) 
Seat 2: kiling1 ($1.99 in chips) 
Seat 3: Paty Doll726 ($3.18 in chips) 
Seat 4: Dorex2007 ($1.79 in chips) 
Seat 5: pavluha13 ($2.53 in chips) 
Seat 6: bek_1992 95 ($0.66 in chips) 
Seat 7: BigJim42069 ($1.42 in chips) 
Dorex2007: posts small blind $0.01
pavluha13: posts big blind $0.02
Sergun K.: sits out 
*** HOLE CARDS ***
Dealt to Dorex2007 [Jc 6d]
bek_1992 95: calls $0.02
BigJim42069: folds 
JEH1997: folds 
kiling1: folds 
Paty Doll726: folds 
pimmer61 joins the table at seat #9 
Dorex2007: raises $0.04 to $0.06
pavluha13: folds 
bek_1992 95: calls $0.04
*** FLOP *** [4d Ac 7d]
Dorex2007: bets $0.09
bek_1992 95: folds 
Uncalled bet ($0.09) returned to Dorex2007
Dorex2007 collected $0.14 from pot
Dorex2007: doesn't show hand 
*** SUMMARY ***
Total pot $0.14 | Rake $0 
Board [4d Ac 7d]
Seat 1: JEH1997 folded before Flop (didn't bet)
Seat 2: kiling1 folded before Flop (didn't bet)
Seat 3: Paty Doll726 (button) folded before Flop (didn't bet)
Seat 4: Dorex2007 (small blind) collected ($0.14)
Seat 5: pavluha13 (big blind) folded before Flop
Seat 6: bek_1992 95 folded on the Flop
Seat 7: BigJim42069 folded before Flop (didn't bet)



PokerStars Hand #224714714517:  Hold'em No Limit ($0.01/$0.02 USD) - 2021/03/11 21:26:12 PT [2021/03/12 0:26:12 ET]
Table 'Kleopatra IV' 9-max Seat #4 is the button
Seat 1: JEH1997 ($4.99 in chips) 
Seat 2: kiling1 ($1.99 in chips) 
Seat 3: Paty Doll726 ($3.18 in chips) 
Seat 4: Dorex2007 ($1.87 in chips) 
Seat 5: pavluha13 ($2.51 in chips) 
Seat 6: bek_1992 95 ($0.60 in chips) 
Seat 7: BigJim42069 ($1.42 in chips) 
pavluha13: posts small blind $0.01
bek_1992 95: posts big blind $0.02
Sergun K.: sits out 
pimmer61: sits out 
*** HOLE CARDS ***
Dealt to Dorex2007 [5c 5s]
BigJim42069: folds 
JEH1997: folds 
kiling1: folds 
Paty Doll726: folds 
Dorex2007: raises $0.04 to $0.06
pavluha13: calls $0.05
bek_1992 95: folds 
*** FLOP *** [7s 6c 6h]
pavluha13: checks 
Dorex2007: bets $0.14
pavluha13: folds 
Uncalled bet ($0.14) returned to Dorex2007
Dorex2007 collected $0.14 from pot
Dorex2007: doesn't show hand 
*** SUMMARY ***
Total pot $0.14 | Rake $0 
Board [7s 6c 6h]
Seat 1: JEH1997 folded before Flop (didn't bet)
Seat 2: kiling1 folded before Flop (didn't bet)
Seat 3: Paty Doll726 folded before Flop (didn't bet)
Seat 4: Dorex2007 (button) collected ($0.14)
Seat 5: pavluha13 (small blind) folded on the Flop
Seat 6: bek_1992 95 (big blind) folded before Flop
Seat 7: BigJim42069 folded before Flop (didn't bet)



PokerStars Hand #224714727045:  Hold'em No Limit ($0.01/$0.02 USD) - 2021/03/11 21:27:12 PT [2021/03/12 0:27:12 ET]
Table 'Kleopatra IV' 9-max Seat #5 is the button
Seat 1: JEH1997 ($4.99 in chips) 
Seat 2: kiling1 ($1.99 in chips) 
Seat 3: Paty Doll726 ($3.18 in chips) 
Seat 4: Dorex2007 ($1.95 in chips) 
Seat 5: pavluha13 ($2.45 in chips) 
Seat 6: bek_1992 95 ($0.58 in chips) 
Seat 7: BigJim42069 ($1.42 in chips) 
bek_1992 95: posts small blind $0.01
BigJim42069: posts big blind $0.02
Sergun K.: sits out 
pimmer61: sits out 
*** HOLE CARDS ***
Dealt to Dorex2007 [Ah 4c]
JEH1997: folds 
kiling1: folds 
Paty Doll726: calls $0.02
Dorex2007: folds 
pavluha13: calls $0.02
bek_1992 95: calls $0.01
BigJim42069: checks 
*** FLOP *** [Qs 4s 8h]
bek_1992 95: checks 
BigJim42069: checks 
Paty Doll726: checks 
pavluha13: checks 
*** TURN *** [Qs 4s 8h] [3h]
bek_1992 95: bets $0.04
BigJim42069: folds 
Paty Doll726: calls $0.04
pavluha13: folds 
*** RIVER *** [Qs 4s 8h 3h] [Ac]
bek_1992 95: checks 
Paty Doll726: bets $0.08
bek_1992 95: calls $0.08
*** SHOW DOWN ***
Paty Doll726: shows [Ts As] (a pair of Aces)
bek_1992 95: mucks hand 
Paty Doll726 collected $0.31 from pot
*** SUMMARY ***
Total pot $0.32 | Rake $0.01 
Board [Qs 4s 8h 3h Ac]
Seat 1: JEH1997 folded before Flop (didn't bet)
Seat 2: kiling1 folded before Flop (didn't bet)
Seat 3: Paty Doll726 showed [Ts As] and won ($0.31) with a pair of Aces
Seat 4: Dorex2007 folded before Flop (didn't bet)
Seat 5: pavluha13 (button) folded on the Turn
Seat 6: bek_1992 95 (small blind) mucked [2d 3d]
Seat 7: BigJim42069 (big blind) folded on the Turn



PokerStars Hand #224714747342:  Hold'em No Limit ($0.01/$0.02 USD) - 2021/03/11 21:28:13 PT [2021/03/12 0:28:13 ET]
Table 'Kleopatra IV' 9-max Seat #6 is the button
Seat 1: JEH1997 ($4.99 in chips) 
Seat 2: kiling1 ($1.99 in chips) 
Seat 3: Paty Doll726 ($3.35 in chips) 
Seat 4: Dorex2007 ($1.95 in chips) 
Seat 5: pavluha13 ($2.43 in chips) 
Seat 6: bek_1992 95 ($0.44 in chips) 
Seat 7: BigJim42069 ($1.40 in chips) 
Seat 8: Sergun K. ($1.98 in chips) 
BigJim42069: posts small blind $0.01
Sergun K.: posts big blind $0.02
pimmer61: sits out 
*** HOLE CARDS ***
Dealt to Dorex2007 [Qh 7h]
JEH1997: folds 
kiling1 has timed out
kiling1: folds 
Paty Doll726: folds 
Dorex2007: folds 
pavluha13: folds 
bek_1992 95: folds 
BigJim42069: raises $0.02 to $0.04
Sergun K.: folds 
Uncalled bet ($0.02) returned to BigJim42069
BigJim42069 collected $0.04 from pot
BigJim42069: doesn't show hand 
*** SUMMARY ***
Total pot $0.04 | Rake $0 
Seat 1: JEH1997 folded before Flop (didn't bet)
Seat 2: kiling1 folded before Flop (didn't bet)
Seat 3: Paty Doll726 folded before Flop (didn't bet)
Seat 4: Dorex2007 folded before Flop (didn't bet)
Seat 5: pavluha13 folded before Flop (didn't bet)
Seat 6: bek_1992 95 (button) folded before Flop (didn't bet)
Seat 7: BigJim42069 (small blind) collected ($0.04)
Seat 8: Sergun K. (big blind) folded before Flop



PokerStars Hand #224714752481:  Hold'em No Limit ($0.01/$0.02 USD) - 2021/03/11 21:28:38 PT [2021/03/12 0:28:38 ET]
Table 'Kleopatra IV' 9-max Seat #7 is the button
Seat 1: JEH1997 ($4.99 in chips) 
Seat 3: Paty Doll726 ($3.35 in chips) 
Seat 4: Dorex2007 ($1.95 in chips) 
Seat 5: pavluha13 ($2.43 in chips) 
Seat 6: bek_1992 95 ($0.44 in chips) 
Seat 7: BigJim42069 ($1.42 in chips) 
Seat 8: Sergun K. ($1.96 in chips) 
Seat 9: pimmer61 ($0.80 in chips) 
Sergun K.: posts small blind $0.01
pimmer61: posts big blind $0.02
*** HOLE CARDS ***
Dealt to Dorex2007 [Ah 9d]
JEH1997: folds 
Paty Doll726: folds 
Dorex2007: folds 
pavluha13: folds 
bek_1992 95: folds 
BigJim42069: folds 
Sergun K.: raises $0.03 to $0.05
pimmer61: folds 
Uncalled bet ($0.03) returned to Sergun K.
Sergun K. collected $0.04 from pot
Sergun K.: doesn't show hand 
*** SUMMARY ***
Total pot $0.04 | Rake $0 
Seat 1: JEH1997 folded before Flop (didn't bet)
Seat 3: Paty Doll726 folded before Flop (didn't bet)
Seat 4: Dorex2007 folded before Flop (didn't bet)
Seat 5: pavluha13 folded before Flop (didn't bet)
Seat 6: bek_1992 95 folded before Flop (didn't bet)
Seat 7: BigJim42069 (button) folded before Flop (didn't bet)
Seat 8: Sergun K. (small blind) collected ($0.04)
Seat 9: pimmer61 (big blind) folded before Flop



PokerStars Hand #224714757284:  Hold'em No Limit ($0.01/$0.02 USD) - 2021/03/11 21:29:01 PT [2021/03/12 0:29:01 ET]
Table 'Kleopatra IV' 9-max Seat #8 is the button
Seat 1: JEH1997 ($4.99 in chips) 
Seat 2: kiling1 ($1.99 in chips) 
Seat 3: Paty Doll726 ($3.35 in chips) 
Seat 4: Dorex2007 ($1.95 in chips) 
Seat 5: pavluha13 ($2.43 in chips) 
Seat 6: bek_1992 95 ($0.44 in chips) 
Seat 7: BigJim42069 ($1.42 in chips) 
Seat 8: Sergun K. ($1.98 in chips) 
Seat 9: pimmer61 ($0.78 in chips) 
pimmer61: posts small blind $0.01
JEH1997: posts big blind $0.02
*** HOLE CARDS ***
Dealt to Dorex2007 [6d Ad]
kiling1 has timed out
kiling1: folds 
Paty Doll726: folds 
Dorex2007: raises $0.02 to $0.04
pavluha13: folds 
bek_1992 95: folds 
BigJim42069: folds 
Sergun K.: folds 
pimmer61: calls $0.03
JEH1997: folds 
*** FLOP *** [5d Ts 7h]
pimmer61: checks 
Dorex2007: checks 
*** TURN *** [5d Ts 7h] [8h]
pimmer61: checks 
Dorex2007: checks 
*** RIVER *** [5d Ts 7h 8h] [6s]
pimmer61: checks 
Dorex2007: checks 
*** SHOW DOWN ***
pimmer61: shows [Ac Kd] (high card Ace)
Dorex2007: shows [6d Ad] (a pair of Sixes)
Dorex2007 collected $0.10 from pot
*** SUMMARY ***
Total pot $0.10 | Rake $0 
Board [5d Ts 7h 8h 6s]
Seat 1: JEH1997 (big blind) folded before Flop
Seat 2: kiling1 folded before Flop (didn't bet)
Seat 3: Paty Doll726 folded before Flop (didn't bet)
Seat 4: Dorex2007 showed [6d Ad] and won ($0.10) with a pair of Sixes
Seat 5: pavluha13 folded before Flop (didn't bet)
Seat 6: bek_1992 95 folded before Flop (didn't bet)
Seat 7: BigJim42069 folded before Flop (didn't bet)
Seat 8: Sergun K. (button) folded before Flop (didn't bet)
Seat 9: pimmer61 (small blind) showed [Ac Kd] and lost with high card Ace



PokerStars Hand #224714771137:  Hold'em No Limit ($0.01/$0.02 USD) - 2021/03/11 21:30:08 PT [2021/03/12 0:30:08 ET]
Table 'Kleopatra IV' 9-max Seat #9 is the button
Seat 1: JEH1997 ($4.97 in chips) 
Seat 3: Paty Doll726 ($3.35 in chips) 
Seat 4: Dorex2007 ($2.01 in chips) 
Seat 5: pavluha13 ($2.43 in chips) 
Seat 6: bek_1992 95 ($0.44 in chips) 
Seat 7: BigJim42069 ($1.42 in chips) 
Seat 8: Sergun K. ($1.98 in chips) 
Seat 9: pimmer61 ($0.74 in chips) 
JEH1997: posts small blind $0.01
Paty Doll726: posts big blind $0.02
*** HOLE CARDS ***
Dealt to Dorex2007 [3h As]
Dorex2007: folds 
pavluha13: folds 
bek_1992 95: folds 
BigJim42069: raises $0.02 to $0.04
Sergun K.: folds 
pimmer61: calls $0.04
JEH1997: folds 
Paty Doll726: calls $0.02
*** FLOP *** [Th Ks Kh]
Paty Doll726: checks 
BigJim42069: checks 
pimmer61: bets $0.06
Paty Doll726: folds 
BigJim42069: raises $0.08 to $0.14
pimmer61: folds 
Uncalled bet ($0.08) returned to BigJim42069
BigJim42069 collected $0.24 from pot
BigJim42069: doesn't show hand 
*** SUMMARY ***
Total pot $0.25 | Rake $0.01 
Board [Th Ks Kh]
Seat 1: JEH1997 (small blind) folded before Flop
Seat 3: Paty Doll726 (big blind) folded on the Flop
Seat 4: Dorex2007 folded before Flop (didn't bet)
Seat 5: pavluha13 folded before Flop (didn't bet)
Seat 6: bek_1992 95 folded before Flop (didn't bet)
Seat 7: BigJim42069 collected ($0.24)
Seat 8: Sergun K. folded before Flop (didn't bet)
Seat 9: pimmer61 (button) folded on the Flop



PokerStars Hand #224714782944:  Hold'em No Limit ($0.01/$0.02 USD) - 2021/03/11 21:31:04 PT [2021/03/12 0:31:04 ET]
Table 'Kleopatra IV' 9-max Seat #1 is the button
Seat 1: JEH1997 ($4.96 in chips) 
Seat 3: Paty Doll726 ($3.31 in chips) 
Seat 4: Dorex2007 ($2.01 in chips) 
Seat 5: pavluha13 ($2.43 in chips) 
Seat 6: bek_1992 95 ($0.44 in chips) 
Seat 7: BigJim42069 ($1.56 in chips) 
Seat 8: Sergun K. ($1.98 in chips) 
Seat 9: pimmer61 ($0.64 in chips) 
Paty Doll726: posts small blind $0.01
Dorex2007: posts big blind $0.02
*** HOLE CARDS ***
Dealt to Dorex2007 [Kc 7s]
pavluha13: folds 
bek_1992 95: folds 
BigJim42069: calls $0.02
Sergun K.: folds 
pimmer61: folds 
JEH1997: folds 
Paty Doll726: folds 
Dorex2007: checks 
*** FLOP *** [Qd Tc 6d]
Paty Doll726 leaves the table
Dorex2007: bets $0.05
BigJim42069: calls $0.05
*** TURN *** [Qd Tc 6d] [9c]
Dorex2007: bets $0.14
BigJim42069: folds 
Uncalled bet ($0.14) returned to Dorex2007
Dorex2007 collected $0.14 from pot
Dorex2007: doesn't show hand 
*** SUMMARY ***
Total pot $0.15 | Rake $0.01 
Board [Qd Tc 6d 9c]
Seat 1: JEH1997 (button) folded before Flop (didn't bet)
Seat 3: Paty Doll726 (small blind) folded before Flop
Seat 4: Dorex2007 (big blind) collected ($0.14)
Seat 5: pavluha13 folded before Flop (didn't bet)
Seat 6: bek_1992 95 folded before Flop (didn't bet)
Seat 7: BigJim42069 folded on the Turn
Seat 8: Sergun K. folded before Flop (didn't bet)
Seat 9: pimmer61 folded before Flop (didn't bet)



PokerStars Hand #224714790140:  Hold'em No Limit ($0.01/$0.02 USD) - 2021/03/11 21:31:39 PT [2021/03/12 0:31:39 ET]
Table 'Kleopatra IV' 9-max Seat #4 is the button
Seat 1: JEH1997 ($4.96 in chips) 
Seat 4: Dorex2007 ($2.08 in chips) 
Seat 5: pavluha13 ($2.43 in chips) 
Seat 6: bek_1992 95 ($0.44 in chips) 
Seat 7: BigJim42069 ($1.49 in chips) 
Seat 8: Sergun K. ($1.98 in chips) 
Seat 9: pimmer61 ($0.64 in chips) 
pavluha13: posts small blind $0.01
bek_1992 95: posts big blind $0.02
kiling1: sits out 
*** HOLE CARDS ***
Dealt to Dorex2007 [Ah Qh]
BigJim42069 has timed out
BigJim42069: folds 
Sergun K.: raises $0.03 to $0.05
pimmer61: folds 
JEH1997: folds 
Dorex2007: raises $0.07 to $0.12
pavluha13: folds 
bek_1992 95: folds 
Sergun K.: folds 
Uncalled bet ($0.07) returned to Dorex2007
Dorex2007 collected $0.13 from pot
Dorex2007: doesn't show hand 
*** SUMMARY ***
Total pot $0.13 | Rake $0 
Seat 1: JEH1997 folded before Flop (didn't bet)
Seat 4: Dorex2007 (button) collected ($0.13)
Seat 5: pavluha13 (small blind) folded before Flop
Seat 6: bek_1992 95 (big blind) folded before Flop
Seat 7: BigJim42069 folded before Flop (didn't bet)
Seat 8: Sergun K. folded before Flop
Seat 9: pimmer61 folded before Flop (didn't bet)



PokerStars Hand #224714798686:  Hold'em No Limit ($0.01/$0.02 USD) - 2021/03/11 21:32:20 PT [2021/03/12 0:32:20 ET]
Table 'Kleopatra IV' 9-max Seat #5 is the button
Seat 1: JEH1997 ($4.96 in chips) 
Seat 4: Dorex2007 ($2.16 in chips) 
Seat 5: pavluha13 ($2.42 in chips) 
Seat 6: bek_1992 95 ($0.42 in chips) 
Seat 8: Sergun K. ($1.93 in chips) 
Seat 9: pimmer61 ($0.64 in chips) 
bek_1992 95: posts small blind $0.01
BigJim42069: is sitting out 
Sergun K.: posts big blind $0.02
kiling1: sits out 
*** HOLE CARDS ***
Dealt to Dorex2007 [3s Qc]
dilayza joins the table at seat #3 
pimmer61: calls $0.02
BigJim42069 leaves the table
JEH1997: raises $0.02 to $0.04
Dorex2007: folds 
pavluha13: folds 
bek_1992 95: folds 
Sergun K.: folds 
pimmer61: calls $0.02
*** FLOP *** [9h 2c Kc]
pimmer61: checks 
JEH1997: bets $0.06
pimmer61: folds 
Uncalled bet ($0.06) returned to JEH1997
JEH1997 collected $0.11 from pot
JEH1997: doesn't show hand 
*** SUMMARY ***
Total pot $0.11 | Rake $0 
Board [9h 2c Kc]
Seat 1: JEH1997 collected ($0.11)
Seat 4: Dorex2007 folded before Flop (didn't bet)
Seat 5: pavluha13 (button) folded before Flop (didn't bet)
Seat 6: bek_1992 95 (small blind) folded before Flop
Seat 8: Sergun K. (big blind) folded before Flop
Seat 9: pimmer61 folded on the Flop



PokerStars Hand #224714805266:  Hold'em No Limit ($0.01/$0.02 USD) - 2021/03/11 21:32:51 PT [2021/03/12 0:32:51 ET]
Table 'Kleopatra IV' 9-max Seat #6 is the button
Seat 1: JEH1997 ($5.03 in chips) 
Seat 3: dilayza ($0.80 in chips) 
Seat 4: Dorex2007 ($2.16 in chips) 
Seat 5: pavluha13 ($2.42 in chips) 
Seat 6: bek_1992 95 ($0.41 in chips) 
Seat 8: Sergun K. ($1.98 in chips) 
Seat 9: pimmer61 ($0.60 in chips) 
Sergun K.: posts small blind $0.01
pimmer61: posts big blind $0.02
kiling1: sits out 
dilayza: posts big blind $0.02
*** HOLE CARDS ***
Dealt to Dorex2007 [4s 9c]
JEH1997: folds 
dilayza: raises $0.06 to $0.08
Dorex2007: folds 
pavluha13: folds 
bek_1992 95: folds 
Sergun K.: folds 
pimmer61: folds 
Uncalled bet ($0.06) returned to dilayza
dilayza collected $0.05 from pot
dilayza: doesn't show hand 
*** SUMMARY ***
Total pot $0.05 | Rake $0 
Seat 1: JEH1997 folded before Flop (didn't bet)
Seat 3: dilayza collected ($0.05)
Seat 4: Dorex2007 folded before Flop (didn't bet)
Seat 5: pavluha13 folded before Flop (didn't bet)
Seat 6: bek_1992 95 (button) folded before Flop (didn't bet)
Seat 8: Sergun K. (small blind) folded before Flop
Seat 9: pimmer61 (big blind) folded before Flop



PokerStars Hand #224714808532:  Hold'em No Limit ($0.01/$0.02 USD) - 2021/03/11 21:33:07 PT [2021/03/12 0:33:07 ET]
Table 'Kleopatra IV' 9-max Seat #8 is the button
Seat 1: JEH1997 ($5.03 in chips) 
Seat 3: dilayza ($0.83 in chips) 
Seat 4: Dorex2007 ($2.16 in chips) 
Seat 5: pavluha13 ($2.42 in chips) 
Seat 6: bek_1992 95 ($0.41 in chips) 
Seat 8: Sergun K. ($1.97 in chips) 
Seat 9: pimmer61 ($0.58 in chips) 
pimmer61: posts small blind $0.01
JEH1997: posts big blind $0.02
kiling1: sits out 
*** HOLE CARDS ***
Dealt to Dorex2007 [Td 3c]
dilayza: folds 
Dorex2007: folds 
pavluha13: folds 
bek_1992 95: raises $0.02 to $0.04
Sergun K.: folds 
pimmer61: calls $0.03
JEH1997: folds 
*** FLOP *** [7c Kd As]
pimmer61: checks 
bek_1992 95: bets $0.05
pimmer61: folds 
Uncalled bet ($0.05) returned to bek_1992 95
bek_1992 95 collected $0.10 from pot
*** SUMMARY ***
Total pot $0.10 | Rake $0 
Board [7c Kd As]
Seat 1: JEH1997 (big blind) folded before Flop
Seat 3: dilayza folded before Flop (didn't bet)
Seat 4: Dorex2007 folded before Flop (didn't bet)
Seat 5: pavluha13 folded before Flop (didn't bet)
Seat 6: bek_1992 95 collected ($0.10)
Seat 8: Sergun K. (button) folded before Flop (didn't bet)
Seat 9: pimmer61 (small blind) folded on the Flop



PokerStars Hand #224714812400:  Hold'em No Limit ($0.01/$0.02 USD) - 2021/03/11 21:33:26 PT [2021/03/12 0:33:26 ET]
Table 'Kleopatra IV' 9-max Seat #9 is the button
Seat 1: JEH1997 ($5.01 in chips) 
Seat 2: kiling1 ($1.99 in chips) 
Seat 3: dilayza ($0.83 in chips) 
Seat 4: Dorex2007 ($2.16 in chips) 
Seat 5: pavluha13 ($2.42 in chips) 
Seat 6: bek_1992 95 ($0.47 in chips) 
Seat 8: Sergun K. ($1.97 in chips) 
Seat 9: pimmer61 ($0.54 in chips) 
JEH1997: posts small blind $0.01
kiling1: posts big blind $0.02
*** HOLE CARDS ***
Dealt to Dorex2007 [2s Qc]
dilayza: folds 
Dorex2007: folds 
pavluha13: raises $0.04 to $0.06
bek_1992 95: folds 
Sergun K.: folds 
pimmer61: folds 
JEH1997: folds 
kiling1: raises $0.13 to $0.19
pavluha13: calls $0.13
*** FLOP *** [4c 7s 3h]
kiling1: bets $0.19
pavluha13: folds 
Uncalled bet ($0.19) returned to kiling1
kiling1 collected $0.38 from pot
kiling1: doesn't show hand 
*** SUMMARY ***
Total pot $0.39 | Rake $0.01 
Board [4c 7s 3h]
Seat 1: JEH1997 (small blind) folded before Flop
Seat 2: kiling1 (big blind) collected ($0.38)
Seat 3: dilayza folded before Flop (didn't bet)
Seat 4: Dorex2007 folded before Flop (didn't bet)
Seat 5: pavluha13 folded on the Flop
Seat 6: bek_1992 95 folded before Flop (didn't bet)
Seat 8: Sergun K. folded before Flop (didn't bet)
Seat 9: pimmer61 (button) folded before Flop (didn't bet)



PokerStars Hand #224714822086:  Hold'em No Limit ($0.01/$0.02 USD) - 2021/03/11 21:34:12 PT [2021/03/12 0:34:12 ET]
Table 'Kleopatra IV' 9-max Seat #1 is the button
Seat 1: JEH1997 ($5 in chips) 
Seat 2: kiling1 ($2.18 in chips) 
Seat 3: dilayza ($0.83 in chips) 
Seat 4: Dorex2007 ($2.16 in chips) 
Seat 5: pavluha13 ($2.23 in chips) 
Seat 6: bek_1992 95 ($0.47 in chips) 
Seat 8: Sergun K. ($1.97 in chips) 
Seat 9: pimmer61 ($0.54 in chips) 
kiling1: posts small blind $0.01
dilayza: posts big blind $0.02
*** HOLE CARDS ***
Dealt to Dorex2007 [7s 6s]
Dorex2007: folds 
pavluha13: folds 
bek_1992 95: raises $0.02 to $0.04
Sergun K.: folds 
pimmer61: folds 
JEH1997: raises $0.08 to $0.12
kiling1: folds 
dilayza: calls $0.10
bek_1992 95: folds 
*** FLOP *** [As 3h 7h]
dilayza: checks 
JEH1997: bets $0.12
dilayza: raises $0.12 to $0.24
JEH1997: calls $0.12
*** TURN *** [As 3h 7h] [Qs]
dilayza: checks 
JEH1997: checks 
*** RIVER *** [As 3h 7h Qs] [3s]
dilayza: bets $0.47 and is all-in
JEH1997: folds 
Uncalled bet ($0.47) returned to dilayza
dilayza collected $0.74 from pot
dilayza: doesn't show hand 
*** SUMMARY ***
Total pot $0.77 | Rake $0.03 
Board [As 3h 7h Qs 3s]
Seat 1: JEH1997 (button) folded on the River
Seat 2: kiling1 (small blind) folded before Flop
Seat 3: dilayza (big blind) collected ($0.74)
Seat 4: Dorex2007 folded before Flop (didn't bet)
Seat 5: pavluha13 folded before Flop (didn't bet)
Seat 6: bek_1992 95 folded before Flop
Seat 8: Sergun K. folded before Flop (didn't bet)
Seat 9: pimmer61 folded before Flop (didn't bet)



PokerStars Hand #224714832640:  Hold'em No Limit ($0.01/$0.02 USD) - 2021/03/11 21:35:03 PT [2021/03/12 0:35:03 ET]
Table 'Kleopatra IV' 9-max Seat #2 is the button
Seat 1: JEH1997 ($4.64 in chips) 
Seat 2: kiling1 ($2.17 in chips) 
Seat 3: dilayza ($1.21 in chips) 
Seat 4: Dorex2007 ($2.16 in chips) 
Seat 5: pavluha13 ($2.23 in chips) 
Seat 6: bek_1992 95 ($0.43 in chips) 
Seat 8: Sergun K. ($1.97 in chips) 
Seat 9: pimmer61 ($0.54 in chips) 
dilayza: posts small blind $0.01
Dorex2007: posts big blind $0.02
*** HOLE CARDS ***
Dealt to Dorex2007 [9c 3d]
pavluha13: folds 
bek_1992 95: folds 
Sergun K.: folds 
pimmer61: folds 
JEH1997: raises $0.02 to $0.04
kiling1: calls $0.04
dilayza: folds 
Dorex2007: folds 
*** FLOP *** [2c Ts 2h]
JEH1997: bets $0.06
kiling1: folds 
Uncalled bet ($0.06) returned to JEH1997
JEH1997 collected $0.11 from pot
*** SUMMARY ***
Total pot $0.11 | Rake $0 
Board [2c Ts 2h]
Seat 1: JEH1997 collected ($0.11)
Seat 2: kiling1 (button) folded on the Flop
Seat 3: dilayza (small blind) folded before Flop
Seat 4: Dorex2007 (big blind) folded before Flop
Seat 5: pavluha13 folded before Flop (didn't bet)
Seat 6: bek_1992 95 folded before Flop (didn't bet)
Seat 8: Sergun K. folded before Flop (didn't bet)
Seat 9: pimmer61 folded before Flop (didn't bet)



PokerStars Hand #224714844189:  Hold'em No Limit ($0.01/$0.02 USD) - 2021/03/11 21:35:59 PT [2021/03/12 0:35:59 ET]
Table 'Kleopatra IV' 9-max Seat #3 is the button
Seat 1: JEH1997 ($4.71 in chips) 
Seat 2: kiling1 ($2.13 in chips) 
Seat 3: dilayza ($1.20 in chips) 
Seat 4: Dorex2007 ($2.14 in chips) 
Seat 5: pavluha13 ($2.23 in chips) 
Seat 6: bek_1992 95 ($0.43 in chips) 
Seat 8: Sergun K. ($1.97 in chips) 
Seat 9: pimmer61 ($0.54 in chips) 
Dorex2007: posts small blind $0.01
pavluha13: posts big blind $0.02
*** HOLE CARDS ***
Dealt to Dorex2007 [3d 7h]
bek_1992 95: raises $0.02 to $0.04
Sergun K.: folds 
pimmer61: calls $0.04
JEH1997: folds 
wALEXSANDRw joins the table at seat #7 
kiling1: folds 
dilayza: folds 
Dorex2007: folds 
pavluha13: calls $0.02
*** FLOP *** [Ah 3s Ks]
pavluha13: checks 
bek_1992 95: bets $0.04
pimmer61: calls $0.04
pavluha13: folds 
*** TURN *** [Ah 3s Ks] [8c]
bek_1992 95: checks 
pimmer61: bets $0.08
bek_1992 95: folds 
Uncalled bet ($0.08) returned to pimmer61
pimmer61 collected $0.20 from pot
pimmer61: doesn't show hand 
*** SUMMARY ***
Total pot $0.21 | Rake $0.01 
Board [Ah 3s Ks 8c]
Seat 1: JEH1997 folded before Flop (didn't bet)
Seat 2: kiling1 folded before Flop (didn't bet)
Seat 3: dilayza (button) folded before Flop (didn't bet)
Seat 4: Dorex2007 (small blind) folded before Flop
Seat 5: pavluha13 (big blind) folded on the Flop
Seat 6: bek_1992 95 folded on the Turn
Seat 8: Sergun K. folded before Flop (didn't bet)
Seat 9: pimmer61 collected ($0.20)



PokerStars Hand #224714852349:  Hold'em No Limit ($0.01/$0.02 USD) - 2021/03/11 21:36:38 PT [2021/03/12 0:36:38 ET]
Table 'Kleopatra IV' 9-max Seat #4 is the button
Seat 1: JEH1997 ($4.71 in chips) 
Seat 2: kiling1 ($2.13 in chips) 
Seat 3: dilayza ($1.20 in chips) 
Seat 4: Dorex2007 ($2.13 in chips) 
Seat 5: pavluha13 ($2.19 in chips) 
Seat 6: bek_1992 95 ($0.35 in chips) 
Seat 8: Sergun K. ($1.97 in chips) 
Seat 9: pimmer61 ($0.66 in chips) 
pavluha13: posts small blind $0.01
bek_1992 95: posts big blind $0.02
wALEXSANDRw: sits out 
*** HOLE CARDS ***
Dealt to Dorex2007 [9s 6s]
Sergun K.: folds 
pimmer61: folds 
JEH1997: folds 
kiling1: folds 
dilayza: calls $0.02
Dorex2007 has timed out
Dorex2007: folds 
pavluha13: folds 
bek_1992 95: checks 
*** FLOP *** [6h 4s Jd]
bek_1992 95: bets $0.05
dilayza: folds 
Uncalled bet ($0.05) returned to bek_1992 95
bek_1992 95 collected $0.05 from pot
*** SUMMARY ***
Total pot $0.05 | Rake $0 
Board [6h 4s Jd]
Seat 1: JEH1997 folded before Flop (didn't bet)
Seat 2: kiling1 folded before Flop (didn't bet)
Seat 3: dilayza folded on the Flop
Seat 4: Dorex2007 (button) folded before Flop (didn't bet)
Seat 5: pavluha13 (small blind) folded before Flop
Seat 6: bek_1992 95 (big blind) collected ($0.05)
Seat 8: Sergun K. folded before Flop (didn't bet)
Seat 9: pimmer61 folded before Flop (didn't bet)



PokerStars Hand #224714861423:  Hold'em No Limit ($0.01/$0.02 USD) - 2021/03/11 21:37:21 PT [2021/03/12 0:37:21 ET]
Table 'Kleopatra IV' 9-max Seat #5 is the button
Seat 1: JEH1997 ($4.71 in chips) 
Seat 2: kiling1 ($2.13 in chips) 
Seat 3: dilayza ($1.18 in chips) 
Seat 4: Dorex2007 ($2.13 in chips) 
Seat 5: pavluha13 ($2.18 in chips) 
Seat 6: bek_1992 95 ($0.38 in chips) 
Seat 7: wALEXSANDRw ($1.60 in chips) 
Seat 8: Sergun K. ($1.97 in chips) 
Seat 9: pimmer61 ($0.66 in chips) 
bek_1992 95: posts small blind $0.01
wALEXSANDRw: posts big blind $0.02
*** HOLE CARDS ***
Dealt to Dorex2007 [9c 5s]
Sergun K.: folds 
pimmer61: folds 
JEH1997: raises $0.02 to $0.04
kiling1: folds 
dilayza: calls $0.04
Dorex2007: folds 
pavluha13: folds 
bek_1992 95: raises $0.34 to $0.38 and is all-in
wALEXSANDRw: folds 
JEH1997: folds 
dilayza: calls $0.34
*** FLOP *** [As 5h Qs]
*** TURN *** [As 5h Qs] [2s]
*** RIVER *** [As 5h Qs 2s] [7c]
*** SHOW DOWN ***
bek_1992 95: shows [8c Ah] (a pair of Aces)
dilayza: shows [3d Ad] (a pair of Aces - lower kicker)
bek_1992 95 collected $0.79 from pot
*** SUMMARY ***
Total pot $0.82 | Rake $0.03 
Board [As 5h Qs 2s 7c]
Seat 1: JEH1997 folded before Flop
Seat 2: kiling1 folded before Flop (didn't bet)
Seat 3: dilayza showed [3d Ad] and lost with a pair of Aces
Seat 4: Dorex2007 folded before Flop (didn't bet)
Seat 5: pavluha13 (button) folded before Flop (didn't bet)
Seat 6: bek_1992 95 (small blind) showed [8c Ah] and won ($0.79) with a pair of Aces
Seat 7: wALEXSANDRw (big blind) folded before Flop
Seat 8: Sergun K. folded before Flop (didn't bet)
Seat 9: pimmer61 folded before Flop (didn't bet)



PokerStars Hand #224714870000:  Hold'em No Limit ($0.01/$0.02 USD) - 2021/03/11 21:38:02 PT [2021/03/12 0:38:02 ET]
Table 'Kleopatra IV' 9-max Seat #6 is the button
Seat 1: JEH1997 ($4.67 in chips) 
Seat 2: kiling1 ($2.13 in chips) 
Seat 3: dilayza ($0.80 in chips) 
Seat 4: Dorex2007 ($2.13 in chips) 
Seat 5: pavluha13 ($2.18 in chips) 
Seat 6: bek_1992 95 ($0.79 in chips) 
Seat 7: wALEXSANDRw ($1.58 in chips) 
Seat 8: Sergun K. ($1.97 in chips) 
Seat 9: pimmer61 ($0.66 in chips) 
wALEXSANDRw: posts small blind $0.01
Sergun K.: posts big blind $0.02
*** HOLE CARDS ***
Dealt to Dorex2007 [2s 4s]
pimmer61: folds 
JEH1997: folds 
kiling1: raises $0.05 to $0.07
dilayza: folds 
dilayza leaves the table
Dorex2007: folds 
pavluha13: folds 
bek_1992 95: folds 
wALEXSANDRw: folds 
Sergun K.: folds 
Uncalled bet ($0.05) returned to kiling1
kiling1 collected $0.05 from pot
kiling1: doesn't show hand 
*** SUMMARY ***
Total pot $0.05 | Rake $0 
Seat 1: JEH1997 folded before Flop (didn't bet)
Seat 2: kiling1 collected ($0.05)
Seat 3: dilayza folded before Flop (didn't bet)
Seat 4: Dorex2007 folded before Flop (didn't bet)
Seat 5: pavluha13 folded before Flop (didn't bet)
Seat 6: bek_1992 95 (button) folded before Flop (didn't bet)
Seat 7: wALEXSANDRw (small blind) folded before Flop
Seat 8: Sergun K. (big blind) folded before Flop
Seat 9: pimmer61 folded before Flop (didn't bet)



PokerStars Hand #224714875418:  Hold'em No Limit ($0.01/$0.02 USD) - 2021/03/11 21:38:28 PT [2021/03/12 0:38:28 ET]
Table 'Kleopatra IV' 9-max Seat #7 is the button
Seat 1: JEH1997 ($4.67 in chips) 
Seat 2: kiling1 ($2.16 in chips) 
Seat 4: Dorex2007 ($2.13 in chips) 
Seat 5: pavluha13 ($2.18 in chips) 
Seat 6: bek_1992 95 ($0.79 in chips) 
Seat 7: wALEXSANDRw ($1.57 in chips) 
Seat 8: Sergun K. ($1.95 in chips) 
Seat 9: pimmer61 ($0.66 in chips) 
Sergun K.: posts small blind $0.01
pimmer61: posts big blind $0.02
*** HOLE CARDS ***
Dealt to Dorex2007 [5c 8s]
JEH1997: folds 
kiling1: folds 
Dorex2007: folds 
pavluha13: folds 
bek_1992 95: raises $0.06 to $0.08
wALEXSANDRw: folds 
Sergun K.: folds 
pimmer61: folds 
Uncalled bet ($0.06) returned to bek_1992 95
bek_1992 95 collected $0.05 from pot
*** SUMMARY ***
Total pot $0.05 | Rake $0 
Seat 1: JEH1997 folded before Flop (didn't bet)
Seat 2: kiling1 folded before Flop (didn't bet)
Seat 4: Dorex2007 folded before Flop (didn't bet)
Seat 5: pavluha13 folded before Flop (didn't bet)
Seat 6: bek_1992 95 collected ($0.05)
Seat 7: wALEXSANDRw (button) folded before Flop (didn't bet)
Seat 8: Sergun K. (small blind) folded before Flop
Seat 9: pimmer61 (big blind) folded before Flop



PokerStars Hand #224714880005:  Hold'em No Limit ($0.01/$0.02 USD) - 2021/03/11 21:38:50 PT [2021/03/12 0:38:50 ET]
Table 'Kleopatra IV' 9-max Seat #8 is the button
Seat 1: JEH1997 ($4.67 in chips) 
Seat 2: kiling1 ($2.16 in chips) 
Seat 4: Dorex2007 ($2.13 in chips) 
Seat 5: pavluha13 ($2.18 in chips) 
Seat 6: bek_1992 95 ($0.82 in chips) 
Seat 7: wALEXSANDRw ($1.57 in chips) 
Seat 8: Sergun K. ($1.94 in chips) 
Seat 9: pimmer61 ($0.64 in chips) 
pimmer61: posts small blind $0.01
JEH1997: posts big blind $0.02
*** HOLE CARDS ***
Dealt to Dorex2007 [6s 9h]
airdestiny joins the table at seat #3 
kiling1: folds 
Dorex2007: folds 
pavluha13: calls $0.02
bek_1992 95: folds 
wALEXSANDRw: calls $0.02
Sergun K.: calls $0.02
pimmer61: calls $0.01
JEH1997: checks 
*** FLOP *** [7h Qh 8h]
pimmer61: checks 
JEH1997: bets $0.05
pavluha13: folds 
wALEXSANDRw: calls $0.05
Sergun K.: folds 
pimmer61: folds 
*** TURN *** [7h Qh 8h] [5c]
JEH1997: checks 
wALEXSANDRw: bets $0.08
JEH1997: calls $0.08
*** RIVER *** [7h Qh 8h 5c] [3s]
JEH1997: bets $0.27
wALEXSANDRw: folds 
Uncalled bet ($0.27) returned to JEH1997
JEH1997 collected $0.35 from pot
*** SUMMARY ***
Total pot $0.36 | Rake $0.01 
Board [7h Qh 8h 5c 3s]
Seat 1: JEH1997 (big blind) collected ($0.35)
Seat 2: kiling1 folded before Flop (didn't bet)
Seat 4: Dorex2007 folded before Flop (didn't bet)
Seat 5: pavluha13 folded on the Flop
Seat 6: bek_1992 95 folded before Flop (didn't bet)
Seat 7: wALEXSANDRw folded on the River
Seat 8: Sergun K. (button) folded on the Flop
Seat 9: pimmer61 (small blind) folded on the Flop



PokerStars Hand #224714900178:  Hold'em No Limit ($0.01/$0.02 USD) - 2021/03/11 21:39:58 PT [2021/03/12 0:39:58 ET]
Table 'Kleopatra IV' 9-max Seat #9 is the button
Seat 1: JEH1997 ($4.87 in chips) 
Seat 2: kiling1 ($2.16 in chips) 
Seat 4: Dorex2007 ($2.13 in chips) 
Seat 5: pavluha13 ($2.16 in chips) 
Seat 6: bek_1992 95 ($0.82 in chips) 
Seat 7: wALEXSANDRw ($1.42 in chips) 
Seat 8: Sergun K. ($1.92 in chips) 
Seat 9: pimmer61 ($0.62 in chips) 
JEH1997: posts small blind $0.01
kiling1: posts big blind $0.02
airdestiny: sits out 
*** HOLE CARDS ***
Dealt to Dorex2007 [3c Jh]
Dorex2007: folds 
pavluha13: folds 
bek_1992 95: raises $0.04 to $0.06
wALEXSANDRw: folds 
Sergun K.: folds 
Sergun K. leaves the table
Szendi58 joins the table at seat #8 
pimmer61: folds 
JEH1997: folds 
kiling1: folds 
Uncalled bet ($0.04) returned to bek_1992 95
bek_1992 95 collected $0.05 from pot
*** SUMMARY ***
Total pot $0.05 | Rake $0 
Seat 1: JEH1997 (small blind) folded before Flop
Seat 2: kiling1 (big blind) folded before Flop
Seat 4: Dorex2007 folded before Flop (didn't bet)
Seat 5: pavluha13 folded before Flop (didn't bet)
Seat 6: bek_1992 95 collected ($0.05)
Seat 7: wALEXSANDRw folded before Flop (didn't bet)
Seat 8: Sergun K. folded before Flop (didn't bet)
Seat 9: pimmer61 (button) folded before Flop (didn't bet)



PokerStars Hand #224714908173:  Hold'em No Limit ($0.01/$0.02 USD) - 2021/03/11 21:40:38 PT [2021/03/12 0:40:38 ET]
Table 'Kleopatra IV' 9-max Seat #1 is the button
Seat 1: JEH1997 ($4.86 in chips) 
Seat 2: kiling1 ($2.14 in chips) 
Seat 3: airdestiny ($2 in chips) 
Seat 4: Dorex2007 ($2.13 in chips) 
Seat 5: pavluha13 ($2.16 in chips) 
Seat 6: bek_1992 95 ($0.85 in chips) 
Seat 7: wALEXSANDRw ($1.42 in chips) 
Seat 8: Szendi58 ($2 in chips) 
Seat 9: pimmer61 ($0.62 in chips) 
kiling1: posts small blind $0.01
airdestiny: posts big blind $0.02
Szendi58: posts big blind $0.02
*** HOLE CARDS ***
Dealt to Dorex2007 [2h 6s]
Dorex2007: folds 
pavluha13: folds 
bek_1992 95: folds 
wALEXSANDRw: calls $0.02
Szendi58: checks 
pimmer61: folds 
JEH1997: folds 
kiling1: raises $0.12 to $0.14
airdestiny: folds 
wALEXSANDRw: folds 
Szendi58: folds 
Uncalled bet ($0.12) returned to kiling1
kiling1 collected $0.08 from pot
kiling1: doesn't show hand 
*** SUMMARY ***
Total pot $0.08 | Rake $0 
Seat 1: JEH1997 (button) folded before Flop (didn't bet)
Seat 2: kiling1 (small blind) collected ($0.08)
Seat 3: airdestiny (big blind) folded before Flop
Seat 4: Dorex2007 folded before Flop (didn't bet)
Seat 5: pavluha13 folded before Flop (didn't bet)
Seat 6: bek_1992 95 folded before Flop (didn't bet)
Seat 7: wALEXSANDRw folded before Flop
Seat 8: Szendi58 folded before Flop (didn't bet)
Seat 9: pimmer61 folded before Flop (didn't bet)



PokerStars Hand #224714913685:  Hold'em No Limit ($0.01/$0.02 USD) - 2021/03/11 21:41:05 PT [2021/03/12 0:41:05 ET]
Table 'Kleopatra IV' 9-max Seat #2 is the button
Seat 1: JEH1997 ($4.86 in chips) 
Seat 2: kiling1 ($2.20 in chips) 
Seat 3: airdestiny ($2 in chips) 
Seat 4: Dorex2007 ($2.13 in chips) 
Seat 5: pavluha13 ($2.16 in chips) 
Seat 6: bek_1992 95 ($0.85 in chips) 
Seat 7: wALEXSANDRw ($1.40 in chips) 
Seat 8: Szendi58 ($1.98 in chips) 
Seat 9: pimmer61 ($0.62 in chips) 
airdestiny: posts small blind $0.01
Dorex2007: posts big blind $0.02
*** HOLE CARDS ***
Dealt to Dorex2007 [Qh Qc]
pavluha13: folds 
bek_1992 95: calls $0.02
wALEXSANDRw: folds 
Szendi58: raises $0.02 to $0.04
pimmer61: calls $0.04
JEH1997: raises $0.20 to $0.24
kiling1: folds 
airdestiny: folds 
Dorex2007: calls $0.22
bek_1992 95: folds 
Szendi58: calls $0.20
pimmer61: folds 
*** FLOP *** [5c 3s 9h]
Dorex2007: checks 
Szendi58: bets $0.02
JEH1997: raises $0.46 to $0.48
Dorex2007: calls $0.48
Szendi58: folds 
*** TURN *** [5c 3s 9h] [4c]
Dorex2007: bets $1.41 and is all-in
JEH1997: folds 
Uncalled bet ($1.41) returned to Dorex2007
Dorex2007 collected $1.71 from pot
Dorex2007: doesn't show hand 
*** SUMMARY ***
Total pot $1.77 | Rake $0.06 
Board [5c 3s 9h 4c]
Seat 1: JEH1997 folded on the Turn
Seat 2: kiling1 (button) folded before Flop (didn't bet)
Seat 3: airdestiny (small blind) folded before Flop
Seat 4: Dorex2007 (big blind) collected ($1.71)
Seat 5: pavluha13 folded before Flop (didn't bet)
Seat 6: bek_1992 95 folded before Flop
Seat 7: wALEXSANDRw folded before Flop (didn't bet)
Seat 8: Szendi58 folded on the Flop
Seat 9: pimmer61 folded before Flop



PokerStars Hand #224714930019:  Hold'em No Limit ($0.01/$0.02 USD) - 2021/03/11 21:42:25 PT [2021/03/12 0:42:25 ET]
Table 'Kleopatra IV' 9-max Seat #3 is the button
Seat 1: JEH1997 ($4.14 in chips) 
Seat 2: kiling1 ($2.20 in chips) 
Seat 3: airdestiny ($2 in chips) 
Seat 4: Dorex2007 ($3.12 in chips) 
Seat 5: pavluha13 ($2.16 in chips) 
Seat 6: bek_1992 95 ($0.83 in chips) 
Seat 7: wALEXSANDRw ($1.40 in chips) 
Seat 8: Szendi58 ($2 in chips) 
Seat 9: pimmer61 ($0.58 in chips) 
Dorex2007: posts small blind $0.01
pavluha13: posts big blind $0.02
*** HOLE CARDS ***
Dealt to Dorex2007 [6c Qd]
JEH1997 said, "nh"
bek_1992 95: calls $0.02
Dorex2007 said, "QQ"
wALEXSANDRw: calls $0.02
Szendi58: raises $0.02 to $0.04
pimmer61: folds 
JEH1997: raises $0.08 to $0.12
kiling1: folds 
airdestiny: calls $0.12
Dorex2007: folds 
pavluha13: folds 
bek_1992 95: folds 
wALEXSANDRw: folds 
Szendi58: calls $0.08
*** FLOP *** [Ad 8h 5h]
Szendi58: bets $0.02
JEH1997: raises $0.24 to $0.26
airdestiny: folds 
Szendi58: calls $0.24
*** TURN *** [Ad 8h 5h] [3s]
Szendi58: bets $0.02
JEH1997: raises $0.46 to $0.48
Szendi58: calls $0.46
*** RIVER *** [Ad 8h 5h 3s] [6h]
Szendi58: bets $1.14 and is all-in
JEH1997: folds 
Uncalled bet ($1.14) returned to Szendi58
Szendi58 collected $1.84 from pot
Szendi58: doesn't show hand 
*** SUMMARY ***
Total pot $1.91 | Rake $0.07 
Board [Ad 8h 5h 3s 6h]
Seat 1: JEH1997 folded on the River
Seat 2: kiling1 folded before Flop (didn't bet)
Seat 3: airdestiny (button) folded on the Flop
Seat 4: Dorex2007 (small blind) folded before Flop
Seat 5: pavluha13 (big blind) folded before Flop
Seat 6: bek_1992 95 folded before Flop
Seat 7: wALEXSANDRw folded before Flop
Seat 8: Szendi58 collected ($1.84)
Seat 9: pimmer61 folded before Flop (didn't bet)



PokerStars Hand #224714946975:  Hold'em No Limit ($0.01/$0.02 USD) - 2021/03/11 21:43:48 PT [2021/03/12 0:43:48 ET]
Table 'Kleopatra IV' 9-max Seat #4 is the button
Seat 1: JEH1997 ($3.28 in chips) 
Seat 2: kiling1 ($2.20 in chips) 
Seat 3: airdestiny ($2 in chips) 
Seat 4: Dorex2007 ($3.11 in chips) 
Seat 5: pavluha13 ($2.14 in chips) 
Seat 6: bek_1992 95 ($0.81 in chips) 
Seat 7: wALEXSANDRw ($1.38 in chips) 
Seat 8: Szendi58 ($2.98 in chips) 
Seat 9: pimmer61 ($0.58 in chips) 
pavluha13: posts small blind $0.01
bek_1992 95: posts big blind $0.02
*** HOLE CARDS ***
Dealt to Dorex2007 [4h Jh]
wALEXSANDRw: raises $0.02 to $0.04
Szendi58: folds 
pimmer61: folds 
JEH1997: calls $0.04
kiling1: folds 
airdestiny: folds 
Dorex2007: folds 
pavluha13: folds 
bek_1992 95: calls $0.02
*** FLOP *** [Ts 3d 8d]
bek_1992 95: checks 
wALEXSANDRw: checks 
JEH1997: checks 
*** TURN *** [Ts 3d 8d] [2h]
bek_1992 95: checks 
wALEXSANDRw: bets $0.04
JEH1997: calls $0.04
bek_1992 95: calls $0.04
*** RIVER *** [Ts 3d 8d 2h] [3h]
bek_1992 95: checks 
wALEXSANDRw: checks 
JEH1997: bets $0.18
bek_1992 95: folds 
wALEXSANDRw: folds 
Uncalled bet ($0.18) returned to JEH1997
JEH1997 collected $0.24 from pot
JEH1997: doesn't show hand 
*** SUMMARY ***
Total pot $0.25 | Rake $0.01 
Board [Ts 3d 8d 2h 3h]
Seat 1: JEH1997 collected ($0.24)
Seat 2: kiling1 folded before Flop (didn't bet)
Seat 3: airdestiny folded before Flop (didn't bet)
Seat 4: Dorex2007 (button) folded before Flop (didn't bet)
Seat 5: pavluha13 (small blind) folded before Flop
Seat 6: bek_1992 95 (big blind) folded on the River
Seat 7: wALEXSANDRw folded on the River
Seat 8: Szendi58 folded before Flop (didn't bet)
Seat 9: pimmer61 folded before Flop (didn't bet)



PokerStars Hand #224714958576:  Hold'em No Limit ($0.01/$0.02 USD) - 2021/03/11 21:44:44 PT [2021/03/12 0:44:44 ET]
Table 'Kleopatra IV' 9-max Seat #5 is the button
Seat 1: JEH1997 ($3.44 in chips) 
Seat 2: kiling1 ($2.20 in chips) 
Seat 3: airdestiny ($2 in chips) 
Seat 4: Dorex2007 ($3.11 in chips) 
Seat 5: pavluha13 ($2.13 in chips) 
Seat 6: bek_1992 95 ($0.73 in chips) 
Seat 7: wALEXSANDRw ($1.30 in chips) 
Seat 8: Szendi58 ($2.98 in chips) 
Seat 9: pimmer61 ($0.58 in chips) 
bek_1992 95: posts small blind $0.01
wALEXSANDRw: posts big blind $0.02
*** HOLE CARDS ***
Dealt to Dorex2007 [6h 4c]
Szendi58: calls $0.02
pimmer61: calls $0.02
JEH1997: folds 
kiling1: folds 
airdestiny: folds 
Dorex2007: folds 
pavluha13: folds 
bek_1992 95: raises $0.08 to $0.10
wALEXSANDRw: folds 
Szendi58: calls $0.08
JEH1997 leaves the table
pimmer61: folds 
*** FLOP *** [Qc Kd 7s]
bek_1992 95: checks 
Szendi58: bets $0.23
kiling1 leaves the table
bek_1992 95: folds 
Uncalled bet ($0.23) returned to Szendi58
Szendi58 collected $0.23 from pot
Szendi58: doesn't show hand 
*** SUMMARY ***
Total pot $0.24 | Rake $0.01 
Board [Qc Kd 7s]
Seat 1: JEH1997 folded before Flop (didn't bet)
Seat 2: kiling1 folded before Flop (didn't bet)
Seat 3: airdestiny folded before Flop (didn't bet)
Seat 4: Dorex2007 folded before Flop (didn't bet)
Seat 5: pavluha13 (button) folded before Flop (didn't bet)
Seat 6: bek_1992 95 (small blind) folded on the Flop
Seat 7: wALEXSANDRw (big blind) folded before Flop
Seat 8: Szendi58 collected ($0.23)
Seat 9: pimmer61 folded before Flop



PokerStars Hand #224714970414:  Hold'em No Limit ($0.01/$0.02 USD) - 2021/03/11 21:45:41 PT [2021/03/12 0:45:41 ET]
Table 'Kleopatra IV' 9-max Seat #6 is the button
Seat 3: airdestiny ($2 in chips) 
Seat 4: Dorex2007 ($3.11 in chips) 
Seat 5: pavluha13 ($2.13 in chips) 
Seat 6: bek_1992 95 ($0.63 in chips) 
Seat 7: wALEXSANDRw ($1.28 in chips) 
Seat 8: Szendi58 ($3.11 in chips) 
Seat 9: pimmer61 ($0.56 in chips) 
wALEXSANDRw: posts small blind $0.01
Szendi58: posts big blind $0.02
*** HOLE CARDS ***
Dealt to Dorex2007 [Ts Kc]
pimmer61: folds 
airdestiny: folds 
pimmer61 leaves the table
Dorex2007 has timed out
Dorex2007: folds 
pavluha13: folds 
bek_1992 95: folds 
wALEXSANDRw: folds 
Uncalled bet ($0.01) returned to Szendi58
Szendi58 collected $0.02 from pot
Szendi58: doesn't show hand 
*** SUMMARY ***
Total pot $0.02 | Rake $0 
Seat 3: airdestiny folded before Flop (didn't bet)
Seat 4: Dorex2007 folded before Flop (didn't bet)
Seat 5: pavluha13 folded before Flop (didn't bet)
Seat 6: bek_1992 95 (button) folded before Flop (didn't bet)
Seat 7: wALEXSANDRw (small blind) folded before Flop
Seat 8: Szendi58 (big blind) collected ($0.02)
Seat 9: pimmer61 folded before Flop (didn't bet)



PokerStars Hand #224714974911:  Hold'em No Limit ($0.01/$0.02 USD) - 2021/03/11 21:46:03 PT [2021/03/12 0:46:03 ET]
Table 'Kleopatra IV' 9-max Seat #7 is the button
Seat 3: airdestiny ($2 in chips) 
Seat 4: Dorex2007 ($3.11 in chips) 
Seat 5: pavluha13 ($2.13 in chips) 
Seat 6: bek_1992 95 ($0.63 in chips) 
Seat 7: wALEXSANDRw ($1.27 in chips) 
Seat 8: Szendi58 ($3.12 in chips) 
Szendi58: posts small blind $0.01
airdestiny: posts big blind $0.02
*** HOLE CARDS ***
Dealt to Dorex2007 [2h 6h]
Dorex2007: folds 
pavluha13: folds 
bek_1992 95: folds 
wALEXSANDRw: folds 
Szendi58: calls $0.01
airdestiny: checks 
*** FLOP *** [9c Ah Ad]
Szendi58: checks 
airdestiny: folds 
airdestiny leaves the table
Szendi58 collected $0.04 from pot
Szendi58: doesn't show hand 
*** SUMMARY ***
Total pot $0.04 | Rake $0 
Board [9c Ah Ad]
Seat 3: airdestiny (big blind) folded on the Flop
Seat 4: Dorex2007 folded before Flop (didn't bet)
Seat 5: pavluha13 folded before Flop (didn't bet)
Seat 6: bek_1992 95 folded before Flop (didn't bet)
Seat 7: wALEXSANDRw (button) folded before Flop (didn't bet)
Seat 8: Szendi58 (small blind) collected ($0.04)



PokerStars Hand #224714979318:  Hold'em No Limit ($0.01/$0.02 USD) - 2021/03/11 21:46:24 PT [2021/03/12 0:46:24 ET]
Table 'Kleopatra IV' 9-max Seat #8 is the button
Seat 4: Dorex2007 ($3.11 in chips) 
Seat 5: pavluha13 ($2.13 in chips) 
Seat 6: bek_1992 95 ($0.63 in chips) 
Seat 7: wALEXSANDRw ($1.27 in chips) 
Seat 8: Szendi58 ($3.14 in chips) 
Dorex2007: posts small blind $0.01
pavluha13: posts big blind $0.02
*** HOLE CARDS ***
Dealt to Dorex2007 [5c As]
bek_1992 95: folds 
wALEXSANDRw: calls $0.02
Szendi58: calls $0.02
Dorex2007: calls $0.01
pavluha13: raises $0.04 to $0.06
wALEXSANDRw: calls $0.04
Szendi58: calls $0.04
Dorex2007: calls $0.04
*** FLOP *** [5h 7c 8s]
Dorex2007: checks 
pavluha13: checks 
wALEXSANDRw: checks 
Szendi58: checks 
*** TURN *** [5h 7c 8s] [9c]
Dorex2007: checks 
pavluha13: checks 
wALEXSANDRw: checks 
Szendi58: bets $0.12
Dorex2007: folds 
pavluha13: folds 
wALEXSANDRw: calls $0.12
*** RIVER *** [5h 7c 8s 9c] [Td]
wALEXSANDRw: checks 
Szendi58: checks 
*** SHOW DOWN ***
wALEXSANDRw: shows [Th Js] (a straight, Seven to Jack)
Szendi58: mucks hand 
wALEXSANDRw collected $0.46 from pot
*** SUMMARY ***
Total pot $0.48 | Rake $0.02 
Board [5h 7c 8s 9c Td]
Seat 4: Dorex2007 (small blind) folded on the Turn
Seat 5: pavluha13 (big blind) folded on the Turn
Seat 6: bek_1992 95 folded before Flop (didn't bet)
Seat 7: wALEXSANDRw showed [Th Js] and won ($0.46) with a straight, Seven to Jack
Seat 8: Szendi58 (button) mucked [3c Tc]



PokerStars Hand #224714993004:  Hold'em No Limit ($0.01/$0.02 USD) - 2021/03/11 21:47:31 PT [2021/03/12 0:47:31 ET]
Table 'Kleopatra IV' 9-max Seat #4 is the button
Seat 4: Dorex2007 ($3.05 in chips) 
Seat 5: pavluha13 ($2.07 in chips) 
Seat 6: bek_1992 95 ($0.63 in chips) 
Seat 7: wALEXSANDRw ($1.55 in chips) 
Seat 8: Szendi58 ($2.96 in chips) 
pavluha13: posts small blind $0.01
bek_1992 95: posts big blind $0.02
*** HOLE CARDS ***
Dealt to Dorex2007 [6d 9c]
wALEXSANDRw: folds 
Szendi58: folds 
Dorex2007: folds 
pavluha13: calls $0.01
bek_1992 95: checks 
*** FLOP *** [2s Kd 7h]
pavluha13: checks 
bek_1992 95: bets $0.04
pavluha13: folds 
Uncalled bet ($0.04) returned to bek_1992 95
bek_1992 95 collected $0.04 from pot
*** SUMMARY ***
Total pot $0.04 | Rake $0 
Board [2s Kd 7h]
Seat 4: Dorex2007 (button) folded before Flop (didn't bet)
Seat 5: pavluha13 (small blind) folded on the Flop
Seat 6: bek_1992 95 (big blind) collected ($0.04)
Seat 7: wALEXSANDRw folded before Flop (didn't bet)
Seat 8: Szendi58 folded before Flop (didn't bet)



PokerStars Hand #224715002208:  Hold'em No Limit ($0.01/$0.02 USD) - 2021/03/11 21:48:16 PT [2021/03/12 0:48:16 ET]
Table 'Kleopatra IV' 9-max Seat #5 is the button
Seat 4: Dorex2007 ($3.05 in chips) 
Seat 5: pavluha13 ($2.05 in chips) 
Seat 6: bek_1992 95 ($0.65 in chips) 
Seat 7: wALEXSANDRw ($1.55 in chips) 
Seat 8: Szendi58 ($2.96 in chips) 
bek_1992 95: posts small blind $0.01
wALEXSANDRw: posts big blind $0.02
*** HOLE CARDS ***
Dealt to Dorex2007 [Jc 8s]
Szendi58: folds 
Dorex2007: folds 
pavluha13: raises $0.02 to $0.04
bek_1992 95: calls $0.03
wALEXSANDRw: calls $0.02
*** FLOP *** [3d 8h Kh]
bek_1992 95: checks 
wALEXSANDRw: bets $0.02
pavluha13: calls $0.02
bek_1992 95: raises $0.05 to $0.07
wALEXSANDRw: folds 
pavluha13: calls $0.05
*** TURN *** [3d 8h Kh] [8c]
bek_1992 95: checks 
pavluha13: bets $0.08
bek_1992 95: calls $0.08
*** RIVER *** [3d 8h Kh 8c] [7h]
bek_1992 95: checks 
pavluha13: checks 
*** SHOW DOWN ***
bek_1992 95: shows [7d Kc] (two pair, Kings and Eights)
pavluha13: mucks hand 
bek_1992 95 collected $0.42 from pot
*** SUMMARY ***
Total pot $0.44 | Rake $0.02 
Board [3d 8h Kh 8c 7h]
Seat 4: Dorex2007 folded before Flop (didn't bet)
Seat 5: pavluha13 (button) mucked [5c 5h]
Seat 6: bek_1992 95 (small blind) showed [7d Kc] and won ($0.42) with two pair, Kings and Eights
Seat 7: wALEXSANDRw (big blind) folded on the Flop
Seat 8: Szendi58 folded before Flop (didn't bet)



