PokerStars Hand #231175348715:  Hold'em No Limit ($0.01/$0.02 USD) - 2021/11/05 19:53:31 PT [2021/11/05 22:53:31 ET]
Table 'Aquila II' 9-max Seat #4 is the button
Seat 1: kingspawnn ($1.44 in chips) 
Seat 2: bch_12345 ($1.62 in chips) 
Seat 3: 1AUE ($0.94 in chips) 
Seat 4: BedenPowell ($1.44 in chips) 
Seat 5: little red12 ($2.32 in chips) 
Seat 6: guto81 ($2.83 in chips) 
Seat 7: Andorrior ($2.12 in chips) 
Seat 8: elgreco98 ($1.85 in chips) 
Seat 9: Dorex2007 ($2 in chips) 
little red12: posts small blind $0.01
guto81: posts big blind $0.02
Dorex2007: posts big blind $0.02
*** HOLE CARDS ***
Dealt to Dorex2007 [3c 9c]
Andorrior: folds 
elgreco98: calls $0.02
Dorex2007: checks 
kingspawnn: calls $0.02
bch_12345: folds 
1AUE: calls $0.02
BedenPowell: folds 
little red12: calls $0.01
guto81: checks 
*** FLOP *** [5c 6d 5s]
little red12: checks 
guto81: checks 
elgreco98: checks 
Dorex2007: checks 
kingspawnn: checks 
1AUE: checks 
*** TURN *** [5c 6d 5s] [Kh]
little red12: checks 
guto81: checks 
elgreco98: bets $0.02
Dorex2007: folds 
kingspawnn: folds 
1AUE: folds 
little red12: folds 
guto81: calls $0.02
*** RIVER *** [5c 6d 5s Kh] [Th]
guto81: checks 
elgreco98: bets $0.06
guto81: folds 
Uncalled bet ($0.06) returned to elgreco98
elgreco98 collected $0.15 from pot
elgreco98: doesn't show hand 
*** SUMMARY ***
Total pot $0.16 | Rake $0.01 
Board [5c 6d 5s Kh Th]
Seat 1: kingspawnn folded on the Turn
Seat 2: bch_12345 folded before Flop (didn't bet)
Seat 3: 1AUE folded on the Turn
Seat 4: BedenPowell (button) folded before Flop (didn't bet)
Seat 5: little red12 (small blind) folded on the Turn
Seat 6: guto81 (big blind) folded on the River
Seat 7: Andorrior folded before Flop (didn't bet)
Seat 8: elgreco98 collected ($0.15)
Seat 9: Dorex2007 folded on the Turn (didn't bet)



PokerStars Hand #231175361158:  Hold'em No Limit ($0.01/$0.02 USD) - 2021/11/05 19:54:25 PT [2021/11/05 22:54:25 ET]
Table 'Aquila II' 9-max Seat #5 is the button
Seat 1: kingspawnn ($1.42 in chips) 
Seat 2: bch_12345 ($1.62 in chips) 
Seat 3: 1AUE ($0.92 in chips) 
Seat 4: BedenPowell ($1.44 in chips) 
Seat 5: little red12 ($2.30 in chips) 
Seat 6: guto81 ($2.79 in chips) 
Seat 7: Andorrior ($2.12 in chips) 
Seat 8: elgreco98 ($1.96 in chips) 
Seat 9: Dorex2007 ($2 in chips) 
guto81: posts small blind $0.01
Andorrior: posts big blind $0.02
*** HOLE CARDS ***
Dealt to Dorex2007 [5s 8d]
elgreco98: folds 
Dorex2007: folds 
kingspawnn: calls $0.02
bch_12345: folds 
1AUE: folds 
BedenPowell: calls $0.02
little red12: calls $0.02
guto81: folds 
Andorrior: checks 
*** FLOP *** [6c 5d 6s]
Andorrior: checks 
kingspawnn: checks 
BedenPowell: bets $0.02
little red12: folds 
Andorrior: folds 
kingspawnn: calls $0.02
*** TURN *** [6c 5d 6s] [Ad]
kingspawnn: checks 
BedenPowell: bets $0.04
kingspawnn: raises $0.21 to $0.25
BedenPowell: calls $0.21
*** RIVER *** [6c 5d 6s Ad] [3c]
kingspawnn: bets $0.46
BedenPowell: raises $0.69 to $1.15 and is all-in
kingspawnn: calls $0.67 and is all-in
Uncalled bet ($0.02) returned to BedenPowell
*** SHOW DOWN ***
BedenPowell: shows [4d 7d] (a straight, Three to Seven)
kingspawnn: shows [3h Ah] (two pair, Aces and Sixes)
BedenPowell collected $2.79 from pot
*** SUMMARY ***
Total pot $2.89 | Rake $0.10 
Board [6c 5d 6s Ad 3c]
Seat 1: kingspawnn showed [3h Ah] and lost with two pair, Aces and Sixes
Seat 2: bch_12345 folded before Flop (didn't bet)
Seat 3: 1AUE folded before Flop (didn't bet)
Seat 4: BedenPowell showed [4d 7d] and won ($2.79) with a straight, Three to Seven
Seat 5: little red12 (button) folded on the Flop
Seat 6: guto81 (small blind) folded before Flop
Seat 7: Andorrior (big blind) folded on the Flop
Seat 8: elgreco98 folded before Flop (didn't bet)
Seat 9: Dorex2007 folded before Flop (didn't bet)



PokerStars Hand #231175374510:  Hold'em No Limit ($0.01/$0.02 USD) - 2021/11/05 19:55:26 PT [2021/11/05 22:55:26 ET]
Table 'Aquila II' 9-max Seat #6 is the button
Seat 2: bch_12345 ($1.62 in chips) 
Seat 3: 1AUE ($0.92 in chips) 
Seat 4: BedenPowell ($2.81 in chips) 
Seat 5: little red12 ($2.28 in chips) 
Seat 6: guto81 ($2.78 in chips) 
Seat 7: Andorrior ($2.10 in chips) 
Seat 9: Dorex2007 ($2 in chips) 
Andorrior: posts small blind $0.01
elgreco98: is sitting out 
Dorex2007: posts big blind $0.02
*** HOLE CARDS ***
Dealt to Dorex2007 [8s Ts]
bch_12345: raises $0.04 to $0.06
1AUE: folds 
BedenPowell: folds 
little red12: calls $0.06
guto81: calls $0.06
Andorrior: folds 
Dorex2007: folds 
*** FLOP *** [4h 5d 7s]
bch_12345: checks 
little red12: checks 
guto81: checks 
*** TURN *** [4h 5d 7s] [3d]
bch_12345: checks 
little red12: checks 
guto81: checks 
*** RIVER *** [4h 5d 7s 3d] [Jd]
bch_12345: checks 
little red12: bets $0.10
guto81: folds 
bch_12345: folds 
Uncalled bet ($0.10) returned to little red12
little red12 collected $0.20 from pot
little red12: doesn't show hand 
*** SUMMARY ***
Total pot $0.21 | Rake $0.01 
Board [4h 5d 7s 3d Jd]
Seat 2: bch_12345 folded on the River
Seat 3: 1AUE folded before Flop (didn't bet)
Seat 4: BedenPowell folded before Flop (didn't bet)
Seat 5: little red12 collected ($0.20)
Seat 6: guto81 (button) folded on the River
Seat 7: Andorrior (small blind) folded before Flop
Seat 9: Dorex2007 (big blind) folded before Flop



PokerStars Hand #231175384856:  Hold'em No Limit ($0.01/$0.02 USD) - 2021/11/05 19:56:21 PT [2021/11/05 22:56:21 ET]
Table 'Aquila II' 9-max Seat #7 is the button
Seat 2: bch_12345 ($1.56 in chips) 
Seat 3: 1AUE ($0.92 in chips) 
Seat 4: BedenPowell ($2.81 in chips) 
Seat 5: little red12 ($2.42 in chips) 
Seat 6: guto81 ($2.72 in chips) 
Seat 7: Andorrior ($2.09 in chips) 
Seat 9: Dorex2007 ($2 in chips) 
Dorex2007: posts small blind $0.01
bch_12345: posts big blind $0.02
*** HOLE CARDS ***
Dealt to Dorex2007 [8c Qc]
1AUE: folds 
BedenPowell: folds 
little red12: folds 
guto81: raises $0.04 to $0.06
Andorrior: folds 
Dorex2007: folds 
bch_12345: calls $0.04
*** FLOP *** [9h Tc 7c]
bch_12345: checks 
guto81: bets $0.07
kingspawnn leaves the table
bch_12345: calls $0.07
*** TURN *** [9h Tc 7c] [8h]
bch_12345: checks 
guto81: checks 
*** RIVER *** [9h Tc 7c 8h] [Ac]
Demidov V.S. joins the table at seat #1 
bch_12345: checks 
guto81: checks 
*** SHOW DOWN ***
bch_12345: shows [Jd 9d] (a straight, Seven to Jack)
guto81: mucks hand 
bch_12345 collected $0.26 from pot
*** SUMMARY ***
Total pot $0.27 | Rake $0.01 
Board [9h Tc 7c 8h Ac]
Seat 2: bch_12345 (big blind) showed [Jd 9d] and won ($0.26) with a straight, Seven to Jack
Seat 3: 1AUE folded before Flop (didn't bet)
Seat 4: BedenPowell folded before Flop (didn't bet)
Seat 5: little red12 folded before Flop (didn't bet)
Seat 6: guto81 mucked [Ad Kd]
Seat 7: Andorrior (button) folded before Flop (didn't bet)
Seat 9: Dorex2007 (small blind) folded before Flop



PokerStars Hand #231175391307:  Hold'em No Limit ($0.01/$0.02 USD) - 2021/11/05 19:56:54 PT [2021/11/05 22:56:54 ET]
Table 'Aquila II' 9-max Seat #9 is the button
Seat 2: bch_12345 ($1.69 in chips) 
Seat 3: 1AUE ($0.92 in chips) 
Seat 4: BedenPowell ($2.81 in chips) 
Seat 5: little red12 ($2.42 in chips) 
Seat 6: guto81 ($2.59 in chips) 
Seat 7: Andorrior ($2.09 in chips) 
Seat 8: elgreco98 ($1.96 in chips) 
Seat 9: Dorex2007 ($2 in chips) 
bch_12345: posts small blind $0.01
1AUE: posts big blind $0.02
elgreco98: posts small & big blinds $0.03
*** HOLE CARDS ***
Dealt to Dorex2007 [Js 6h]
BedenPowell: folds 
little red12: folds 
guto81: calls $0.02
Andorrior: folds 
elgreco98: checks 
Dorex2007: folds 
bch_12345: folds 
1AUE: checks 
*** FLOP *** [7d 4h Qs]
1AUE: checks 
guto81: bets $0.04
elgreco98: folds 
1AUE: folds 
Uncalled bet ($0.04) returned to guto81
guto81 collected $0.08 from pot
guto81: doesn't show hand 
*** SUMMARY ***
Total pot $0.08 | Rake $0 
Board [7d 4h Qs]
Seat 2: bch_12345 (small blind) folded before Flop
Seat 3: 1AUE (big blind) folded on the Flop
Seat 4: BedenPowell folded before Flop (didn't bet)
Seat 5: little red12 folded before Flop (didn't bet)
Seat 6: guto81 collected ($0.08)
Seat 7: Andorrior folded before Flop (didn't bet)
Seat 8: elgreco98 folded on the Flop (didn't bet)
Seat 9: Dorex2007 (button) folded before Flop (didn't bet)



PokerStars Hand #231175398123:  Hold'em No Limit ($0.01/$0.02 USD) - 2021/11/05 19:57:30 PT [2021/11/05 22:57:30 ET]
Table 'Aquila II' 9-max Seat #2 is the button
Seat 1: Demidov V.S. ($2 in chips) 
Seat 2: bch_12345 ($1.68 in chips) 
Seat 4: BedenPowell ($2.81 in chips) 
Seat 5: little red12 ($2.42 in chips) 
Seat 6: guto81 ($2.65 in chips) 
Seat 7: Andorrior ($2.09 in chips) 
Seat 8: elgreco98 ($1.93 in chips) 
Seat 9: Dorex2007 ($2 in chips) 
BedenPowell: posts small blind $0.01
little red12: posts big blind $0.02
Demidov V.S.: posts big blind $0.02
*** HOLE CARDS ***
Dealt to Dorex2007 [Qs 7s]
guto81: folds 
Andorrior: folds 
elgreco98: folds 
Dorex2007: folds 
guto81 leaves the table
Demidov V.S.: raises $0.04 to $0.06
bch_12345: folds 
BedenPowell: calls $0.05
little red12: calls $0.04
*** FLOP *** [9d 2h Jd]
BedenPowell: checks 
little red12: checks 
Demidov V.S.: bets $0.15
BedenPowell: folds 
little red12: folds 
Uncalled bet ($0.15) returned to Demidov V.S.
Demidov V.S. collected $0.17 from pot
Demidov V.S.: doesn't show hand 
*** SUMMARY ***
Total pot $0.18 | Rake $0.01 
Board [9d 2h Jd]
Seat 1: Demidov V.S. collected ($0.17)
Seat 2: bch_12345 (button) folded before Flop (didn't bet)
Seat 4: BedenPowell (small blind) folded on the Flop
Seat 5: little red12 (big blind) folded on the Flop
Seat 6: guto81 folded before Flop (didn't bet)
Seat 7: Andorrior folded before Flop (didn't bet)
Seat 8: elgreco98 folded before Flop (didn't bet)
Seat 9: Dorex2007 folded before Flop (didn't bet)



PokerStars Hand #231175403394:  Hold'em No Limit ($0.01/$0.02 USD) - 2021/11/05 19:57:57 PT [2021/11/05 22:57:57 ET]
Table 'Aquila II' 9-max Seat #4 is the button
Seat 1: Demidov V.S. ($2.11 in chips) 
Seat 2: bch_12345 ($1.68 in chips) 
Seat 4: BedenPowell ($2.75 in chips) 
Seat 5: little red12 ($2.36 in chips) 
Seat 7: Andorrior ($2.09 in chips) 
Seat 8: elgreco98 ($1.93 in chips) 
Seat 9: Dorex2007 ($2 in chips) 
little red12: posts small blind $0.01
Andorrior: posts big blind $0.02
*** HOLE CARDS ***
Dealt to Dorex2007 [2h 3h]
supercomar joins the table at seat #6 
elgreco98: folds 
Dorex2007: folds 
Demidov V.S.: folds 
bch_12345: folds 
BedenPowell: folds 
little red12: calls $0.01
Andorrior: checks 
*** FLOP *** [6s 5d 8s]
little red12: checks 
Andorrior: checks 
*** TURN *** [6s 5d 8s] [Kc]
little red12: checks 
Andorrior: checks 
*** RIVER *** [6s 5d 8s Kc] [Js]
little red12: checks 
Andorrior: checks 
*** SHOW DOWN ***
little red12: shows [Td 7h] (high card King)
Andorrior: shows [5s 9d] (a pair of Fives)
Andorrior collected $0.04 from pot
*** SUMMARY ***
Total pot $0.04 | Rake $0 
Board [6s 5d 8s Kc Js]
Seat 1: Demidov V.S. folded before Flop (didn't bet)
Seat 2: bch_12345 folded before Flop (didn't bet)
Seat 4: BedenPowell (button) folded before Flop (didn't bet)
Seat 5: little red12 (small blind) showed [Td 7h] and lost with high card King
Seat 7: Andorrior (big blind) showed [5s 9d] and won ($0.04) with a pair of Fives
Seat 8: elgreco98 folded before Flop (didn't bet)
Seat 9: Dorex2007 folded before Flop (didn't bet)



PokerStars Hand #231175408290:  Hold'em No Limit ($0.01/$0.02 USD) - 2021/11/05 19:58:23 PT [2021/11/05 22:58:23 ET]
Table 'Aquila II' 9-max Seat #5 is the button
Seat 1: Demidov V.S. ($2.11 in chips) 
Seat 2: bch_12345 ($1.68 in chips) 
Seat 4: BedenPowell ($2.75 in chips) 
Seat 5: little red12 ($2.34 in chips) 
Seat 7: Andorrior ($2.11 in chips) 
Seat 8: elgreco98 ($1.93 in chips) 
Seat 9: Dorex2007 ($2 in chips) 
Andorrior: posts small blind $0.01
elgreco98: posts big blind $0.02
*** HOLE CARDS ***
Dealt to Dorex2007 [8s Ts]
Dorex2007: folds 
Demidov V.S.: folds 
bch_12345: folds 
BedenPowell: folds 
little red12: folds 
Andorrior: calls $0.01
elgreco98: checks 
*** FLOP *** [8d 7h 6h]
Andorrior: checks 
elgreco98: bets $0.02
Andorrior: calls $0.02
*** TURN *** [8d 7h 6h] [Ks]
Andorrior: checks 
elgreco98: bets $0.02
Andorrior: calls $0.02
*** RIVER *** [8d 7h 6h Ks] [Js]
Andorrior: checks 
elgreco98: bets $0.02
Andorrior: folds 
Uncalled bet ($0.02) returned to elgreco98
elgreco98 collected $0.12 from pot
elgreco98: doesn't show hand 
*** SUMMARY ***
Total pot $0.12 | Rake $0 
Board [8d 7h 6h Ks Js]
Seat 1: Demidov V.S. folded before Flop (didn't bet)
Seat 2: bch_12345 folded before Flop (didn't bet)
Seat 4: BedenPowell folded before Flop (didn't bet)
Seat 5: little red12 (button) folded before Flop (didn't bet)
Seat 7: Andorrior (small blind) folded on the River
Seat 8: elgreco98 (big blind) collected ($0.12)
Seat 9: Dorex2007 folded before Flop (didn't bet)



PokerStars Hand #231175414986:  Hold'em No Limit ($0.01/$0.02 USD) - 2021/11/05 19:58:58 PT [2021/11/05 22:58:58 ET]
Table 'Aquila II' 9-max Seat #7 is the button
Seat 1: Demidov V.S. ($2.11 in chips) 
Seat 2: bch_12345 ($1.68 in chips) 
Seat 4: BedenPowell ($2.75 in chips) 
Seat 5: little red12 ($2.34 in chips) 
Seat 6: supercomar ($1.08 in chips) 
Seat 7: Andorrior ($2.05 in chips) 
Seat 8: elgreco98 ($1.99 in chips) 
Seat 9: Dorex2007 ($2 in chips) 
elgreco98: posts small blind $0.01
Dorex2007: posts big blind $0.02
supercomar: posts big blind $0.02
*** HOLE CARDS ***
Dealt to Dorex2007 [9c Js]
Demidov V.S.: folds 
bch_12345: raises $0.04 to $0.06
BedenPowell: folds 
little red12: folds 
supercomar: folds 
Andorrior: folds 
elgreco98: folds 
Dorex2007: folds 
Uncalled bet ($0.04) returned to bch_12345
bch_12345 collected $0.07 from pot
bch_12345: doesn't show hand 
*** SUMMARY ***
Total pot $0.07 | Rake $0 
Seat 1: Demidov V.S. folded before Flop (didn't bet)
Seat 2: bch_12345 collected ($0.07)
Seat 4: BedenPowell folded before Flop (didn't bet)
Seat 5: little red12 folded before Flop (didn't bet)
Seat 6: supercomar folded before Flop (didn't bet)
Seat 7: Andorrior (button) folded before Flop (didn't bet)
Seat 8: elgreco98 (small blind) folded before Flop
Seat 9: Dorex2007 (big blind) folded before Flop



PokerStars Hand #231175419858:  Hold'em No Limit ($0.01/$0.02 USD) - 2021/11/05 19:59:23 PT [2021/11/05 22:59:23 ET]
Table 'Aquila II' 9-max Seat #8 is the button
Seat 1: Demidov V.S. ($2.11 in chips) 
Seat 2: bch_12345 ($1.73 in chips) 
Seat 4: BedenPowell ($2.75 in chips) 
Seat 5: little red12 ($2.34 in chips) 
Seat 6: supercomar ($1.06 in chips) 
Seat 7: Andorrior ($2.05 in chips) 
Seat 8: elgreco98 ($1.98 in chips) 
Seat 9: Dorex2007 ($2 in chips) 
Dorex2007: posts small blind $0.01
Demidov V.S.: posts big blind $0.02
*** HOLE CARDS ***
Dealt to Dorex2007 [Ah 5d]
bch_12345: folds 
BedenPowell: folds 
little red12: folds 
little red12 leaves the table
supercomar: raises $0.02 to $0.04
Andorrior: folds 
elgreco98: calls $0.04
Dorex2007: folds 
Demidov V.S.: folds 
*** FLOP *** [7c Qc Qd]
supercomar: bets $0.06
elgreco98: calls $0.06
*** TURN *** [7c Qc Qd] [5s]
natimili joins the table at seat #5 
supercomar: checks 
elgreco98: checks 
*** RIVER *** [7c Qc Qd 5s] [7d]
supercomar: bets $0.12
elgreco98: raises $0.24 to $0.36
supercomar: folds 
Uncalled bet ($0.24) returned to elgreco98
elgreco98 collected $0.45 from pot
elgreco98: doesn't show hand 
*** SUMMARY ***
Total pot $0.47 | Rake $0.02 
Board [7c Qc Qd 5s 7d]
Seat 1: Demidov V.S. (big blind) folded before Flop
Seat 2: bch_12345 folded before Flop (didn't bet)
Seat 4: BedenPowell folded before Flop (didn't bet)
Seat 5: little red12 folded before Flop (didn't bet)
Seat 6: supercomar folded on the River
Seat 7: Andorrior folded before Flop (didn't bet)
Seat 8: elgreco98 (button) collected ($0.45)
Seat 9: Dorex2007 (small blind) folded before Flop



PokerStars Hand #231175441711:  Hold'em No Limit ($0.01/$0.02 USD) - 2021/11/05 20:00:42 PT [2021/11/05 23:00:42 ET]
Table 'Aquila II' 9-max Seat #9 is the button
Seat 1: Demidov V.S. ($2.09 in chips) 
Seat 2: bch_12345 ($1.73 in chips) 
Seat 4: BedenPowell ($2.75 in chips) 
Seat 5: natimili ($2 in chips) 
Seat 6: supercomar ($0.84 in chips) 
Seat 7: Andorrior ($2.05 in chips) 
Seat 8: elgreco98 ($2.21 in chips) 
Seat 9: Dorex2007 ($2 in chips) 
Demidov V.S.: posts small blind $0.01
bch_12345: posts big blind $0.02
natimili: posts big blind $0.02
*** HOLE CARDS ***
Dealt to Dorex2007 [Th Ts]
BedenPowell: folds 
natimili: checks 
supercomar: folds 
Andorrior: calls $0.02
elgreco98: folds 
Dorex2007: raises $0.04 to $0.06
Demidov V.S.: folds 
bch_12345: folds 
natimili: folds 
Andorrior: calls $0.04
*** FLOP *** [Td 5s Qs]
Andorrior: checks 
Dorex2007: bets $1.94 and is all-in
Andorrior: folds 
Uncalled bet ($1.94) returned to Dorex2007
Dorex2007 collected $0.16 from pot
Dorex2007: doesn't show hand 
*** SUMMARY ***
Total pot $0.17 | Rake $0.01 
Board [Td 5s Qs]
Seat 1: Demidov V.S. (small blind) folded before Flop
Seat 2: bch_12345 (big blind) folded before Flop
Seat 4: BedenPowell folded before Flop (didn't bet)
Seat 5: natimili folded before Flop (didn't bet)
Seat 6: supercomar folded before Flop (didn't bet)
Seat 7: Andorrior folded on the Flop
Seat 8: elgreco98 folded before Flop (didn't bet)
Seat 9: Dorex2007 (button) collected ($0.16)



PokerStars Hand #231175451715:  Hold'em No Limit ($0.01/$0.02 USD) - 2021/11/05 20:01:28 PT [2021/11/05 23:01:28 ET]
Table 'Aquila II' 9-max Seat #1 is the button
Seat 1: Demidov V.S. ($2.08 in chips) 
Seat 2: bch_12345 ($1.71 in chips) 
Seat 4: BedenPowell ($2.75 in chips) 
Seat 5: natimili ($1.98 in chips) 
Seat 6: supercomar ($0.84 in chips) 
Seat 7: Andorrior ($1.99 in chips) 
Seat 8: elgreco98 ($2.21 in chips) 
Seat 9: Dorex2007 ($2.10 in chips) 
bch_12345: posts small blind $0.01
BedenPowell: posts big blind $0.02
*** HOLE CARDS ***
Dealt to Dorex2007 [5s Kd]
natimili: folds 
supercomar: folds 
Andorrior: folds 
elgreco98: folds 
Dorex2007: folds 
Demidov V.S.: folds 
bch_12345: raises $0.02 to $0.04
BedenPowell: calls $0.02
*** FLOP *** [9s Qd 6h]
bch_12345: checks 
BedenPowell: bets $0.04
bch_12345: folds 
Uncalled bet ($0.04) returned to BedenPowell
BedenPowell collected $0.08 from pot
BedenPowell: doesn't show hand 
*** SUMMARY ***
Total pot $0.08 | Rake $0 
Board [9s Qd 6h]
Seat 1: Demidov V.S. (button) folded before Flop (didn't bet)
Seat 2: bch_12345 (small blind) folded on the Flop
Seat 4: BedenPowell (big blind) collected ($0.08)
Seat 5: natimili folded before Flop (didn't bet)
Seat 6: supercomar folded before Flop (didn't bet)
Seat 7: Andorrior folded before Flop (didn't bet)
Seat 8: elgreco98 folded before Flop (didn't bet)
Seat 9: Dorex2007 folded before Flop (didn't bet)



PokerStars Hand #231175463551:  Hold'em No Limit ($0.01/$0.02 USD) - 2021/11/05 20:02:20 PT [2021/11/05 23:02:20 ET]
Table 'Aquila II' 9-max Seat #2 is the button
Seat 1: Demidov V.S. ($2.08 in chips) 
Seat 2: bch_12345 ($1.67 in chips) 
Seat 4: BedenPowell ($2.79 in chips) 
Seat 5: natimili ($1.98 in chips) 
Seat 6: supercomar ($0.84 in chips) 
Seat 7: Andorrior ($1.99 in chips) 
Seat 8: elgreco98 ($2.21 in chips) 
Seat 9: Dorex2007 ($2.10 in chips) 
BedenPowell: posts small blind $0.01
natimili: posts big blind $0.02
*** HOLE CARDS ***
Dealt to Dorex2007 [8s Qs]
supercomar: folds 
Andorrior: folds 
elgreco98: folds 
Dorex2007: folds 
Demidov V.S.: folds 
bch_12345: folds 
BedenPowell: calls $0.01
natimili: checks 
*** FLOP *** [Th Ac 9c]
BedenPowell: checks 
natimili: checks 
*** TURN *** [Th Ac 9c] [Kc]
BedenPowell: checks 
natimili: checks 
*** RIVER *** [Th Ac 9c Kc] [5c]
BedenPowell: bets $0.02
natimili: calls $0.02
*** SHOW DOWN ***
BedenPowell: shows [Qh 3c] (a flush, Ace high)
natimili: shows [7c Jh] (a flush, Ace high - Seven higher)
natimili collected $0.08 from pot
*** SUMMARY ***
Total pot $0.08 | Rake $0 
Board [Th Ac 9c Kc 5c]
Seat 1: Demidov V.S. folded before Flop (didn't bet)
Seat 2: bch_12345 (button) folded before Flop (didn't bet)
Seat 4: BedenPowell (small blind) showed [Qh 3c] and lost with a flush, Ace high
Seat 5: natimili (big blind) showed [7c Jh] and won ($0.08) with a flush, Ace high
Seat 6: supercomar folded before Flop (didn't bet)
Seat 7: Andorrior folded before Flop (didn't bet)
Seat 8: elgreco98 folded before Flop (didn't bet)
Seat 9: Dorex2007 folded before Flop (didn't bet)



PokerStars Hand #231175476966:  Hold'em No Limit ($0.01/$0.02 USD) - 2021/11/05 20:03:03 PT [2021/11/05 23:03:03 ET]
Table 'Aquila II' 9-max Seat #4 is the button
Seat 2: bch_12345 ($1.67 in chips) 
Seat 4: BedenPowell ($2.75 in chips) 
Seat 5: natimili ($2.02 in chips) 
Seat 6: supercomar ($0.84 in chips) 
Seat 7: Andorrior ($1.99 in chips) 
Seat 8: elgreco98 ($2.21 in chips) 
Seat 9: Dorex2007 ($2.10 in chips) 
natimili: posts small blind $0.01
supercomar: posts big blind $0.02
*** HOLE CARDS ***
Dealt to Dorex2007 [Qh Kd]
Andorrior: folds 
elgreco98: folds 
Dorex2007: raises $0.02 to $0.04
bch_12345: folds 
BedenPowell: calls $0.04
natimili: calls $0.03
supercomar: calls $0.02
*** FLOP *** [2h Ad 3d]
natimili: bets $0.15
supercomar: folds 
Dorex2007: folds 
BedenPowell: folds 
Uncalled bet ($0.15) returned to natimili
natimili collected $0.15 from pot
natimili: doesn't show hand 
*** SUMMARY ***
Total pot $0.16 | Rake $0.01 
Board [2h Ad 3d]
Seat 2: bch_12345 folded before Flop (didn't bet)
Seat 4: BedenPowell (button) folded on the Flop
Seat 5: natimili (small blind) collected ($0.15)
Seat 6: supercomar (big blind) folded on the Flop
Seat 7: Andorrior folded before Flop (didn't bet)
Seat 8: elgreco98 folded before Flop (didn't bet)
Seat 9: Dorex2007 folded on the Flop



PokerStars Hand #231175484293:  Hold'em No Limit ($0.01/$0.02 USD) - 2021/11/05 20:03:35 PT [2021/11/05 23:03:35 ET]
Table 'Aquila II' 9-max Seat #5 is the button
Seat 2: bch_12345 ($1.67 in chips) 
Seat 4: BedenPowell ($2.71 in chips) 
Seat 5: natimili ($2.13 in chips) 
Seat 6: supercomar ($0.80 in chips) 
Seat 8: elgreco98 ($2.21 in chips) 
Seat 9: Dorex2007 ($2.06 in chips) 
supercomar: posts small blind $0.01
Andorrior: is sitting out 
elgreco98: posts big blind $0.02
*** HOLE CARDS ***
Dealt to Dorex2007 [3h Qh]
Dorex2007: folds 
Andorrior leaves the table
bch_12345: folds 
BedenPowell: folds 
RYO KING 666 joins the table at seat #7 
natimili: calls $0.02
supercomar: calls $0.01
elgreco98: checks 
*** FLOP *** [Ks 9h Th]
supercomar: checks 
elgreco98: checks 
natimili: checks 
*** TURN *** [Ks 9h Th] [3d]
supercomar: checks 
elgreco98: checks 
natimili: checks 
*** RIVER *** [Ks 9h Th 3d] [Ts]
supercomar: checks 
elgreco98: checks 
natimili: checks 
*** SHOW DOWN ***
supercomar: shows [6s 4s] (a pair of Tens)
elgreco98: shows [7h Jd] (a pair of Tens - King+Jack kicker)
natimili: shows [5d 5h] (two pair, Tens and Fives)
natimili collected $0.06 from pot
*** SUMMARY ***
Total pot $0.06 | Rake $0 
Board [Ks 9h Th 3d Ts]
Seat 2: bch_12345 folded before Flop (didn't bet)
Seat 4: BedenPowell folded before Flop (didn't bet)
Seat 5: natimili (button) showed [5d 5h] and won ($0.06) with two pair, Tens and Fives
Seat 6: supercomar (small blind) showed [6s 4s] and lost with a pair of Tens
Seat 8: elgreco98 (big blind) showed [7h Jd] and lost with a pair of Tens
Seat 9: Dorex2007 folded before Flop (didn't bet)



PokerStars Hand #231175498854:  Hold'em No Limit ($0.01/$0.02 USD) - 2021/11/05 20:04:40 PT [2021/11/05 23:04:40 ET]
Table 'Aquila II' 9-max Seat #6 is the button
Seat 2: bch_12345 ($1.67 in chips) 
Seat 4: BedenPowell ($2.71 in chips) 
Seat 5: natimili ($2.17 in chips) 
Seat 6: supercomar ($0.78 in chips) 
Seat 8: elgreco98 ($2.19 in chips) 
Seat 9: Dorex2007 ($2.06 in chips) 
elgreco98: posts small blind $0.01
Dorex2007: posts big blind $0.02
*** HOLE CARDS ***
Dealt to Dorex2007 [Td Ah]
bch_12345: folds 
BedenPowell: raises $0.02 to $0.04
natimili: folds 
supercomar: calls $0.04
elgreco98: calls $0.03
Dorex2007: calls $0.02
*** FLOP *** [5c Jd Kh]
elgreco98: bets $0.02
Dorex2007: calls $0.02
BedenPowell: calls $0.02
supercomar: calls $0.02
*** TURN *** [5c Jd Kh] [7c]
elgreco98: bets $0.02
Dorex2007: calls $0.02
BedenPowell: raises $0.10 to $0.12
supercomar: folds 
elgreco98: calls $0.10
Dorex2007: folds 
*** RIVER *** [5c Jd Kh 7c] [8d]
elgreco98: checks 
BedenPowell: bets $0.26
elgreco98: folds 
Uncalled bet ($0.26) returned to BedenPowell
BedenPowell collected $0.48 from pot
BedenPowell: doesn't show hand 
*** SUMMARY ***
Total pot $0.50 | Rake $0.02 
Board [5c Jd Kh 7c 8d]
Seat 2: bch_12345 folded before Flop (didn't bet)
Seat 4: BedenPowell collected ($0.48)
Seat 5: natimili folded before Flop (didn't bet)
Seat 6: supercomar (button) folded on the Turn
Seat 8: elgreco98 (small blind) folded on the River
Seat 9: Dorex2007 (big blind) folded on the Turn



PokerStars Hand #231175518739:  Hold'em No Limit ($0.01/$0.02 USD) - 2021/11/05 20:06:07 PT [2021/11/05 23:06:07 ET]
Table 'Aquila II' 9-max Seat #8 is the button
Seat 1: Demidov V.S. ($2.08 in chips) 
Seat 2: bch_12345 ($1.67 in chips) 
Seat 4: BedenPowell ($3.01 in chips) 
Seat 5: natimili ($2.17 in chips) 
Seat 6: supercomar ($0.72 in chips) 
Seat 7: RYO KING 666 ($2 in chips) 
Seat 8: elgreco98 ($2.01 in chips) 
Seat 9: Dorex2007 ($2 in chips) 
Dorex2007: posts small blind $0.01
Demidov V.S.: posts big blind $0.02
RYO KING 666: posts big blind $0.02
*** HOLE CARDS ***
Dealt to Dorex2007 [9d 8c]
bch_12345: folds 
BedenPowell: folds 
bch_12345 leaves the table
natimili: folds 
supercomar: raises $0.02 to $0.04
RYO KING 666: calls $0.02
elgreco98: calls $0.04
Dorex2007: folds 
Demidov V.S.: folds 
*** FLOP *** [Kc Ad 2c]
1Asthma1 joins the table at seat #2 
supercomar: bets $0.08
RYO KING 666: folds 
elgreco98: calls $0.08
*** TURN *** [Kc Ad 2c] [5c]
supercomar: bets $0.18
elgreco98: calls $0.18
*** RIVER *** [Kc Ad 2c 5c] [2h]
supercomar: bets $0.39
elgreco98: calls $0.39
*** SHOW DOWN ***
supercomar: shows [7s As] (two pair, Aces and Deuces)
elgreco98: shows [8h Ac] (two pair, Aces and Deuces)
supercomar collected $0.70 from pot
elgreco98 collected $0.70 from pot
*** SUMMARY ***
Total pot $1.45 | Rake $0.05 
Board [Kc Ad 2c 5c 2h]
Seat 1: Demidov V.S. (big blind) folded before Flop
Seat 2: bch_12345 folded before Flop (didn't bet)
Seat 4: BedenPowell folded before Flop (didn't bet)
Seat 5: natimili folded before Flop (didn't bet)
Seat 6: supercomar showed [7s As] and won ($0.70) with two pair, Aces and Deuces
Seat 7: RYO KING 666 folded on the Flop
Seat 8: elgreco98 (button) showed [8h Ac] and won ($0.70) with two pair, Aces and Deuces
Seat 9: Dorex2007 (small blind) folded before Flop



PokerStars Hand #231175534827:  Hold'em No Limit ($0.01/$0.02 USD) - 2021/11/05 20:07:19 PT [2021/11/05 23:07:19 ET]
Table 'Aquila II' 9-max Seat #9 is the button
Seat 1: Demidov V.S. ($2.06 in chips) 
Seat 2: 1Asthma1 ($2 in chips) 
Seat 4: BedenPowell ($3.01 in chips) 
Seat 5: natimili ($2.17 in chips) 
Seat 6: supercomar ($0.73 in chips) 
Seat 7: RYO KING 666 ($1.96 in chips) 
Seat 8: elgreco98 ($2.02 in chips) 
Seat 9: Dorex2007 ($2 in chips) 
Demidov V.S.: posts small blind $0.01
1Asthma1: posts big blind $0.02
*** HOLE CARDS ***
Dealt to Dorex2007 [Th 6c]
BedenPowell: folds 
natimili: folds 
supercomar: calls $0.02
RYO KING 666: folds 
elgreco98: calls $0.02
Dorex2007: folds 
Demidov V.S.: folds 
1Asthma1: checks 
*** FLOP *** [Jd 2s Qh]
1Asthma1: checks 
supercomar: checks 
elgreco98: checks 
*** TURN *** [Jd 2s Qh] [4s]
1Asthma1: checks 
RYO KING 666 leaves the table
supercomar: bets $0.02
elgreco98: calls $0.02
1Asthma1: folds 
*** RIVER *** [Jd 2s Qh 4s] [Jc]
supercomar: checks 
elgreco98: bets $0.02
supercomar: folds 
Uncalled bet ($0.02) returned to elgreco98
elgreco98 collected $0.11 from pot
elgreco98: doesn't show hand 
*** SUMMARY ***
Total pot $0.11 | Rake $0 
Board [Jd 2s Qh 4s Jc]
Seat 1: Demidov V.S. (small blind) folded before Flop
Seat 2: 1Asthma1 (big blind) folded on the Turn
Seat 4: BedenPowell folded before Flop (didn't bet)
Seat 5: natimili folded before Flop (didn't bet)
Seat 6: supercomar folded on the River
Seat 7: RYO KING 666 folded before Flop (didn't bet)
Seat 8: elgreco98 collected ($0.11)
Seat 9: Dorex2007 (button) folded before Flop (didn't bet)



PokerStars Hand #231175545407:  Hold'em No Limit ($0.01/$0.02 USD) - 2021/11/05 20:08:07 PT [2021/11/05 23:08:07 ET]
Table 'Aquila II' 9-max Seat #1 is the button
Seat 1: Demidov V.S. ($2.05 in chips) 
Seat 2: 1Asthma1 ($2 in chips) 
Seat 4: BedenPowell ($3.01 in chips) 
Seat 5: natimili ($2.17 in chips) 
Seat 6: supercomar ($0.69 in chips) 
Seat 8: elgreco98 ($2.09 in chips) 
Seat 9: Dorex2007 ($2 in chips) 
1Asthma1: posts small blind $0.01
BedenPowell: posts big blind $0.02
*** HOLE CARDS ***
Dealt to Dorex2007 [Tc 3d]
natimili: raises $0.02 to $0.04
supercomar: folds 
elgreco98: calls $0.04
Dorex2007: folds 
Demidov V.S.: folds 
1Asthma1: folds 
BedenPowell: calls $0.02
*** FLOP *** [6s 7s 7d]
BedenPowell: checks 
natimili: bets $0.13
elgreco98: calls $0.13
BedenPowell: folds 
*** TURN *** [6s 7s 7d] [Qd]
natimili: bets $0.19
elgreco98: raises $1.73 to $1.92 and is all-in
natimili: calls $1.73
*** RIVER *** [6s 7s 7d Qd] [Ah]
*** SHOW DOWN ***
natimili: shows [As Qs] (two pair, Aces and Queens)
elgreco98: shows [9c Ad] (two pair, Aces and Sevens)
natimili collected $4.08 from pot
*** SUMMARY ***
Total pot $4.23 | Rake $0.15 
Board [6s 7s 7d Qd Ah]
Seat 1: Demidov V.S. (button) folded before Flop (didn't bet)
Seat 2: 1Asthma1 (small blind) folded before Flop
Seat 4: BedenPowell (big blind) folded on the Flop
Seat 5: natimili showed [As Qs] and won ($4.08) with two pair, Aces and Queens
Seat 6: supercomar folded before Flop (didn't bet)
Seat 8: elgreco98 showed [9c Ad] and lost with two pair, Aces and Sevens
Seat 9: Dorex2007 folded before Flop (didn't bet)



PokerStars Hand #231175562179:  Hold'em No Limit ($0.01/$0.02 USD) - 2021/11/05 20:09:22 PT [2021/11/05 23:09:22 ET]
Table 'Aquila II' 9-max Seat #2 is the button
Seat 1: Demidov V.S. ($2.05 in chips) 
Seat 2: 1Asthma1 ($2 in chips) 
Seat 4: BedenPowell ($2.97 in chips) 
Seat 5: natimili ($4.16 in chips) 
Seat 6: supercomar ($0.69 in chips) 
Seat 9: Dorex2007 ($2 in chips) 
BedenPowell: posts small blind $0.01
natimili: posts big blind $0.02
*** HOLE CARDS ***
Dealt to Dorex2007 [Qd 5c]
supercomar: folds 
supercomar leaves the table
Dorex2007: folds 
elgreco98 leaves the table
Demidov V.S.: folds 
1Asthma1: folds 
BedenPowell: calls $0.01
natimili: raises $0.22 to $0.24
BedenPowell: folds 
Uncalled bet ($0.22) returned to natimili
natimili collected $0.04 from pot
natimili: doesn't show hand 
*** SUMMARY ***
Total pot $0.04 | Rake $0 
Seat 1: Demidov V.S. folded before Flop (didn't bet)
Seat 2: 1Asthma1 (button) folded before Flop (didn't bet)
Seat 4: BedenPowell (small blind) folded before Flop
Seat 5: natimili (big blind) collected ($0.04)
Seat 6: supercomar folded before Flop (didn't bet)
Seat 9: Dorex2007 folded before Flop (didn't bet)



PokerStars Hand #231175568861:  Hold'em No Limit ($0.01/$0.02 USD) - 2021/11/05 20:09:53 PT [2021/11/05 23:09:53 ET]
Table 'Aquila II' 9-max Seat #4 is the button
Seat 1: Demidov V.S. ($2.05 in chips) 
Seat 2: 1Asthma1 ($2 in chips) 
Seat 4: BedenPowell ($2.95 in chips) 
Seat 5: natimili ($4.18 in chips) 
Seat 9: Dorex2007 ($2 in chips) 
natimili: posts small blind $0.01
Dorex2007: posts big blind $0.02
*** HOLE CARDS ***
Dealt to Dorex2007 [Ah 5c]
Demidov V.S.: folds 
1Asthma1: folds 
BedenPowell: folds 
natimili: folds 
Uncalled bet ($0.01) returned to Dorex2007
BedenPowell leaves the table
Dorex2007 collected $0.02 from pot
Dorex2007: doesn't show hand 
*** SUMMARY ***
Total pot $0.02 | Rake $0 
Seat 1: Demidov V.S. folded before Flop (didn't bet)
Seat 2: 1Asthma1 folded before Flop (didn't bet)
Seat 4: BedenPowell (button) folded before Flop (didn't bet)
Seat 5: natimili (small blind) folded before Flop
Seat 9: Dorex2007 (big blind) collected ($0.02)



PokerStars Hand #231175570954:  Hold'em No Limit ($0.01/$0.02 USD) - 2021/11/05 20:10:02 PT [2021/11/05 23:10:02 ET]
Table 'Aquila II' 9-max Seat #5 is the button
Seat 1: Demidov V.S. ($2.05 in chips) 
Seat 2: 1Asthma1 ($2 in chips) 
Seat 5: natimili ($4.17 in chips) 
Seat 9: Dorex2007 ($2.01 in chips) 
Dorex2007: posts small blind $0.01
Demidov V.S.: posts big blind $0.02
*** HOLE CARDS ***
Dealt to Dorex2007 [3d 6d]
1Asthma1: folds 
natimili: calls $0.02
Dorex2007: calls $0.01
Demidov V.S.: checks 
*** FLOP *** [Ac 4c 3s]
Dorex2007: checks 
Demidov V.S.: checks 
natimili: checks 
*** TURN *** [Ac 4c 3s] [7c]
Dorex2007: bets $0.04
1Asthma1 leaves the table
Demidov V.S.: folds 
natimili: folds 
Uncalled bet ($0.04) returned to Dorex2007
Dorex2007 collected $0.06 from pot
Dorex2007: doesn't show hand 
*** SUMMARY ***
Total pot $0.06 | Rake $0 
Board [Ac 4c 3s 7c]
Seat 1: Demidov V.S. (big blind) folded on the Turn
Seat 2: 1Asthma1 folded before Flop (didn't bet)
Seat 5: natimili (button) folded on the Turn
Seat 9: Dorex2007 (small blind) collected ($0.06)



