PokerStars Hand #232133700345:  Hold'em No Limit ($0.01/$0.02 USD) - 2021/12/11 11:12:34 PT [2021/12/11 14:12:34 ET]
Table 'Orchis II' 9-max Seat #7 is the button
Seat 1: h1_tech_1mba ($6.07 in chips) 
Seat 2: AndryiHaiduk ($1.95 in chips) 
Seat 3: pengjin ($0.27 in chips) 
Seat 4: O.Kontsevoy ($0.55 in chips) 
Seat 5: Dorex2007 ($2 in chips) 
Seat 7: Ascobarran ($2 in chips) 
Seat 8: Mechanism7 ($7.18 in chips) 
Seat 9: bluemoon3939 ($2.10 in chips) 
Mechanism7: posts small blind $0.01
bluemoon3939: posts big blind $0.02
Dorex2007: posts big blind $0.02
bueninnN: sits out 
*** HOLE CARDS ***
Dealt to Dorex2007 [As 9d]
h1_tech_1mba: folds 
AndryiHaiduk: folds 
pengjin: folds 
O.Kontsevoy: folds 
Dorex2007: raises $0.04 to $0.06
Ascobarran: folds 
Mechanism7: folds 
bluemoon3939: folds 
Uncalled bet ($0.04) returned to Dorex2007
Dorex2007 collected $0.05 from pot
Dorex2007: doesn't show hand 
*** SUMMARY ***
Total pot $0.05 | Rake $0 
Seat 1: h1_tech_1mba folded before Flop (didn't bet)
Seat 2: AndryiHaiduk folded before Flop (didn't bet)
Seat 3: pengjin folded before Flop (didn't bet)
Seat 4: O.Kontsevoy folded before Flop (didn't bet)
Seat 5: Dorex2007 collected ($0.05)
Seat 7: Ascobarran (button) folded before Flop (didn't bet)
Seat 8: Mechanism7 (small blind) folded before Flop
Seat 9: bluemoon3939 (big blind) folded before Flop



PokerStars Hand #232133710485:  Hold'em No Limit ($0.01/$0.02 USD) - 2021/12/11 11:12:52 PT [2021/12/11 14:12:52 ET]
Table 'Orchis II' 9-max Seat #8 is the button
Seat 1: h1_tech_1mba ($6.07 in chips) 
Seat 2: AndryiHaiduk ($1.95 in chips) 
Seat 3: pengjin ($0.27 in chips) 
Seat 4: O.Kontsevoy ($0.55 in chips) 
Seat 5: Dorex2007 ($2.03 in chips) 
Seat 6: bueninnN ($2 in chips) 
Seat 7: Ascobarran ($2 in chips) 
Seat 8: Mechanism7 ($7.17 in chips) 
Seat 9: bluemoon3939 ($2.08 in chips) 
bluemoon3939: posts small blind $0.01
h1_tech_1mba: posts big blind $0.02
bueninnN: posts big blind $0.02
*** HOLE CARDS ***
Dealt to Dorex2007 [Th 3s]
AndryiHaiduk: folds 
pengjin: folds 
O.Kontsevoy: folds 
Dorex2007: folds 
bueninnN: raises $0.04 to $0.06
Ascobarran: calls $0.06
Mechanism7: folds 
bluemoon3939: folds 
h1_tech_1mba: folds 
*** FLOP *** [6s Qs 2d]
bueninnN: checks 
Ascobarran: bets $0.09
bueninnN: calls $0.09
*** TURN *** [6s Qs 2d] [Kc]
bueninnN: checks 
Ascobarran: bets $0.21
bueninnN: folds 
Uncalled bet ($0.21) returned to Ascobarran
Ascobarran collected $0.32 from pot
Ascobarran: doesn't show hand 
*** SUMMARY ***
Total pot $0.33 | Rake $0.01 
Board [6s Qs 2d Kc]
Seat 1: h1_tech_1mba (big blind) folded before Flop
Seat 2: AndryiHaiduk folded before Flop (didn't bet)
Seat 3: pengjin folded before Flop (didn't bet)
Seat 4: O.Kontsevoy folded before Flop (didn't bet)
Seat 5: Dorex2007 folded before Flop (didn't bet)
Seat 6: bueninnN folded on the Turn
Seat 7: Ascobarran collected ($0.32)
Seat 8: Mechanism7 (button) folded before Flop (didn't bet)
Seat 9: bluemoon3939 (small blind) folded before Flop



PokerStars Hand #232133737853:  Hold'em No Limit ($0.01/$0.02 USD) - 2021/12/11 11:13:42 PT [2021/12/11 14:13:42 ET]
Table 'Orchis II' 9-max Seat #9 is the button
Seat 1: h1_tech_1mba ($6.05 in chips) 
Seat 2: AndryiHaiduk ($1.95 in chips) 
Seat 3: pengjin ($0.27 in chips) 
Seat 4: O.Kontsevoy ($0.55 in chips) 
Seat 5: Dorex2007 ($2.03 in chips) 
Seat 6: bueninnN ($1.85 in chips) 
Seat 7: Ascobarran ($2.17 in chips) 
Seat 8: Mechanism7 ($7.17 in chips) 
Seat 9: bluemoon3939 ($2.07 in chips) 
h1_tech_1mba: posts small blind $0.01
AndryiHaiduk: posts big blind $0.02
*** HOLE CARDS ***
Dealt to Dorex2007 [2h 7h]
pengjin: raises $0.25 to $0.27 and is all-in
O.Kontsevoy: folds 
Dorex2007: folds 
bueninnN: folds 
Ascobarran: folds 
Mechanism7: folds 
bluemoon3939: folds 
h1_tech_1mba: folds 
AndryiHaiduk: folds 
Uncalled bet ($0.25) returned to pengjin
pengjin collected $0.05 from pot
pengjin: doesn't show hand 
*** SUMMARY ***
Total pot $0.05 | Rake $0 
Seat 1: h1_tech_1mba (small blind) folded before Flop
Seat 2: AndryiHaiduk (big blind) folded before Flop
Seat 3: pengjin collected ($0.05)
Seat 4: O.Kontsevoy folded before Flop (didn't bet)
Seat 5: Dorex2007 folded before Flop (didn't bet)
Seat 6: bueninnN folded before Flop (didn't bet)
Seat 7: Ascobarran folded before Flop (didn't bet)
Seat 8: Mechanism7 folded before Flop (didn't bet)
Seat 9: bluemoon3939 (button) folded before Flop (didn't bet)



PokerStars Hand #232133752698:  Hold'em No Limit ($0.01/$0.02 USD) - 2021/12/11 11:14:10 PT [2021/12/11 14:14:10 ET]
Table 'Orchis II' 9-max Seat #1 is the button
Seat 1: h1_tech_1mba ($6.04 in chips) 
Seat 2: AndryiHaiduk ($1.93 in chips) 
Seat 3: pengjin ($0.30 in chips) 
Seat 4: O.Kontsevoy ($0.55 in chips) 
Seat 5: Dorex2007 ($2.03 in chips) 
Seat 6: bueninnN ($1.85 in chips) 
Seat 7: Ascobarran ($2.17 in chips) 
Seat 8: Mechanism7 ($7.17 in chips) 
Seat 9: bluemoon3939 ($2.07 in chips) 
AndryiHaiduk: posts small blind $0.01
pengjin: posts big blind $0.02
*** HOLE CARDS ***
Dealt to Dorex2007 [9d 3s]
O.Kontsevoy: raises $0.04 to $0.06
Dorex2007: folds 
bueninnN: folds 
Ascobarran: calls $0.06
Mechanism7: folds 
bluemoon3939: folds 
h1_tech_1mba: folds 
AndryiHaiduk: folds 
pengjin: folds 
*** FLOP *** [4c 4h Ac]
O.Kontsevoy: bets $0.07
Ascobarran: raises $0.17 to $0.24
O.Kontsevoy: calls $0.17
*** TURN *** [4c 4h Ac] [3d]
O.Kontsevoy: bets $0.25 and is all-in
Ascobarran: calls $0.25
*** RIVER *** [4c 4h Ac 3d] [6d]
*** SHOW DOWN ***
O.Kontsevoy: shows [Ah Kc] (two pair, Aces and Fours)
Ascobarran: shows [Qc As] (two pair, Aces and Fours - lower kicker)
O.Kontsevoy collected $1.09 from pot
*** SUMMARY ***
Total pot $1.13 | Rake $0.04 
Board [4c 4h Ac 3d 6d]
Seat 1: h1_tech_1mba (button) folded before Flop (didn't bet)
Seat 2: AndryiHaiduk (small blind) folded before Flop
Seat 3: pengjin (big blind) folded before Flop
Seat 4: O.Kontsevoy showed [Ah Kc] and won ($1.09) with two pair, Aces and Fours
Seat 5: Dorex2007 folded before Flop (didn't bet)
Seat 6: bueninnN folded before Flop (didn't bet)
Seat 7: Ascobarran showed [Qc As] and lost with two pair, Aces and Fours
Seat 8: Mechanism7 folded before Flop (didn't bet)
Seat 9: bluemoon3939 folded before Flop (didn't bet)



PokerStars Hand #232133783053:  Hold'em No Limit ($0.01/$0.02 USD) - 2021/12/11 11:15:05 PT [2021/12/11 14:15:05 ET]
Table 'Orchis II' 9-max Seat #2 is the button
Seat 1: h1_tech_1mba ($6.04 in chips) 
Seat 2: AndryiHaiduk ($1.92 in chips) 
Seat 3: pengjin ($0.28 in chips) 
Seat 4: O.Kontsevoy ($1.09 in chips) 
Seat 5: Dorex2007 ($2.03 in chips) 
Seat 6: bueninnN ($1.85 in chips) 
Seat 7: Ascobarran ($2 in chips) 
Seat 8: Mechanism7 ($7.17 in chips) 
Seat 9: bluemoon3939 ($2.07 in chips) 
pengjin: posts small blind $0.01
O.Kontsevoy: posts big blind $0.02
*** HOLE CARDS ***
Dealt to Dorex2007 [Tc 7h]
Dorex2007: folds 
bueninnN: folds 
Ascobarran: folds 
Mechanism7 has timed out
Mechanism7: folds 
bluemoon3939: folds 
h1_tech_1mba: folds 
AndryiHaiduk: folds 
pengjin: raises $0.26 to $0.28 and is all-in
O.Kontsevoy: folds 
Uncalled bet ($0.26) returned to pengjin
pengjin collected $0.04 from pot
pengjin: doesn't show hand 
*** SUMMARY ***
Total pot $0.04 | Rake $0 
Seat 1: h1_tech_1mba folded before Flop (didn't bet)
Seat 2: AndryiHaiduk (button) folded before Flop (didn't bet)
Seat 3: pengjin (small blind) collected ($0.04)
Seat 4: O.Kontsevoy (big blind) folded before Flop
Seat 5: Dorex2007 folded before Flop (didn't bet)
Seat 6: bueninnN folded before Flop (didn't bet)
Seat 7: Ascobarran folded before Flop (didn't bet)
Seat 8: Mechanism7 folded before Flop (didn't bet)
Seat 9: bluemoon3939 folded before Flop (didn't bet)



PokerStars Hand #232133798459:  Hold'em No Limit ($0.01/$0.02 USD) - 2021/12/11 11:15:34 PT [2021/12/11 14:15:34 ET]
Table 'Orchis II' 9-max Seat #3 is the button
Seat 1: h1_tech_1mba ($6.04 in chips) 
Seat 2: AndryiHaiduk ($1.92 in chips) 
Seat 3: pengjin ($0.30 in chips) 
Seat 4: O.Kontsevoy ($1.07 in chips) 
Seat 5: Dorex2007 ($2.03 in chips) 
Seat 6: bueninnN ($1.85 in chips) 
Seat 7: Ascobarran ($2 in chips) 
Seat 9: bluemoon3939 ($2.07 in chips) 
O.Kontsevoy: posts small blind $0.01
Dorex2007: posts big blind $0.02
*** HOLE CARDS ***
Dealt to Dorex2007 [9c 8s]
bueninnN: folds 
Ascobarran: folds 
bluemoon3939: folds 
h1_tech_1mba: folds 
AndryiHaiduk: folds 
pengjin: folds 
O.Kontsevoy: folds 
Uncalled bet ($0.01) returned to Dorex2007
Dorex2007 collected $0.02 from pot
Dorex2007: doesn't show hand 
*** SUMMARY ***
Total pot $0.02 | Rake $0 
Seat 1: h1_tech_1mba folded before Flop (didn't bet)
Seat 2: AndryiHaiduk folded before Flop (didn't bet)
Seat 3: pengjin (button) folded before Flop (didn't bet)
Seat 4: O.Kontsevoy (small blind) folded before Flop
Seat 5: Dorex2007 (big blind) collected ($0.02)
Seat 6: bueninnN folded before Flop (didn't bet)
Seat 7: Ascobarran folded before Flop (didn't bet)
Seat 9: bluemoon3939 folded before Flop (didn't bet)



PokerStars Hand #232133804583:  Hold'em No Limit ($0.01/$0.02 USD) - 2021/12/11 11:15:45 PT [2021/12/11 14:15:45 ET]
Table 'Orchis II' 9-max Seat #4 is the button
Seat 1: h1_tech_1mba ($6.04 in chips) 
Seat 2: AndryiHaiduk ($1.92 in chips) 
Seat 3: pengjin ($0.30 in chips) 
Seat 4: O.Kontsevoy ($1.06 in chips) 
Seat 5: Dorex2007 ($2.04 in chips) 
Seat 6: bueninnN ($1.85 in chips) 
Seat 7: Ascobarran ($2 in chips) 
Seat 8: Mechanism7 ($7.17 in chips) 
Seat 9: bluemoon3939 ($2.07 in chips) 
Dorex2007: posts small blind $0.01
bueninnN: posts big blind $0.02
*** HOLE CARDS ***
Dealt to Dorex2007 [7d Ac]
Ascobarran: folds 
Mechanism7: folds 
bluemoon3939: folds 
h1_tech_1mba: folds 
AndryiHaiduk: folds 
pengjin: folds 
O.Kontsevoy: folds 
Dorex2007: raises $0.02 to $0.04
bueninnN: calls $0.02
*** FLOP *** [9d Jc Ts]
Dorex2007: checks 
bueninnN: checks 
*** TURN *** [9d Jc Ts] [8c]
Dorex2007: bets $0.08
bueninnN: calls $0.08
*** RIVER *** [9d Jc Ts 8c] [Qd]
Dorex2007: bets $0.15
bueninnN: folds 
Uncalled bet ($0.15) returned to Dorex2007
Dorex2007 collected $0.23 from pot
Dorex2007: doesn't show hand 
*** SUMMARY ***
Total pot $0.24 | Rake $0.01 
Board [9d Jc Ts 8c Qd]
Seat 1: h1_tech_1mba folded before Flop (didn't bet)
Seat 2: AndryiHaiduk folded before Flop (didn't bet)
Seat 3: pengjin folded before Flop (didn't bet)
Seat 4: O.Kontsevoy (button) folded before Flop (didn't bet)
Seat 5: Dorex2007 (small blind) collected ($0.23)
Seat 6: bueninnN (big blind) folded on the River
Seat 7: Ascobarran folded before Flop (didn't bet)
Seat 8: Mechanism7 folded before Flop (didn't bet)
Seat 9: bluemoon3939 folded before Flop (didn't bet)



PokerStars Hand #232133829723:  Hold'em No Limit ($0.01/$0.02 USD) - 2021/12/11 11:16:31 PT [2021/12/11 14:16:31 ET]
Table 'Orchis II' 9-max Seat #5 is the button
Seat 1: h1_tech_1mba ($6.04 in chips) 
Seat 2: AndryiHaiduk ($1.92 in chips) 
Seat 3: pengjin ($0.30 in chips) 
Seat 4: O.Kontsevoy ($1.06 in chips) 
Seat 5: Dorex2007 ($2.15 in chips) 
Seat 6: bueninnN ($1.73 in chips) 
Seat 7: Ascobarran ($2 in chips) 
Seat 8: Mechanism7 ($7.17 in chips) 
Seat 9: bluemoon3939 ($2.07 in chips) 
bueninnN: posts small blind $0.01
Ascobarran: posts big blind $0.02
*** HOLE CARDS ***
Dealt to Dorex2007 [8d Jc]
Mechanism7: folds 
bluemoon3939: folds 
h1_tech_1mba: folds 
AndryiHaiduk: folds 
pengjin: folds 
O.Kontsevoy: folds 
Dorex2007: folds 
bueninnN: calls $0.01
Ascobarran: checks 
*** FLOP *** [Kh Ts Td]
bueninnN: checks 
Ascobarran: checks 
*** TURN *** [Kh Ts Td] [2d]
bueninnN: checks 
Ascobarran: checks 
*** RIVER *** [Kh Ts Td 2d] [4s]
bueninnN: checks 
Ascobarran: checks 
*** SHOW DOWN ***
bueninnN: shows [5s Qd] (a pair of Tens)
Ascobarran: mucks hand 
bueninnN collected $0.04 from pot
*** SUMMARY ***
Total pot $0.04 | Rake $0 
Board [Kh Ts Td 2d 4s]
Seat 1: h1_tech_1mba folded before Flop (didn't bet)
Seat 2: AndryiHaiduk folded before Flop (didn't bet)
Seat 3: pengjin folded before Flop (didn't bet)
Seat 4: O.Kontsevoy folded before Flop (didn't bet)
Seat 5: Dorex2007 (button) folded before Flop (didn't bet)
Seat 6: bueninnN (small blind) showed [5s Qd] and won ($0.04) with a pair of Tens
Seat 7: Ascobarran (big blind) mucked [7d 9h]
Seat 8: Mechanism7 folded before Flop (didn't bet)
Seat 9: bluemoon3939 folded before Flop (didn't bet)



PokerStars Hand #232133849178:  Hold'em No Limit ($0.01/$0.02 USD) - 2021/12/11 11:17:07 PT [2021/12/11 14:17:07 ET]
Table 'Orchis II' 9-max Seat #6 is the button
Seat 1: h1_tech_1mba ($6.04 in chips) 
Seat 2: AndryiHaiduk ($1.92 in chips) 
Seat 3: pengjin ($0.30 in chips) 
Seat 4: O.Kontsevoy ($1.06 in chips) 
Seat 5: Dorex2007 ($2.15 in chips) 
Seat 6: bueninnN ($1.75 in chips) 
Seat 7: Ascobarran ($2 in chips) 
Seat 8: Mechanism7 ($7.17 in chips) 
Seat 9: bluemoon3939 ($2.07 in chips) 
Ascobarran: posts small blind $0.01
Mechanism7: posts big blind $0.02
*** HOLE CARDS ***
Dealt to Dorex2007 [3s Th]
bluemoon3939: folds 
h1_tech_1mba: folds 
AndryiHaiduk: folds 
pengjin: folds 
O.Kontsevoy: folds 
Dorex2007: folds 
bueninnN: folds 
Ascobarran: raises $0.06 to $0.08
Mechanism7: calls $0.06
*** FLOP *** [5s Tc 2d]
Ascobarran: checks 
Mechanism7: checks 
*** TURN *** [5s Tc 2d] [Ac]
Ascobarran: checks 
Mechanism7: checks 
*** RIVER *** [5s Tc 2d Ac] [5d]
Ascobarran: checks 
Mechanism7: bets $0.10
Ascobarran: folds 
Uncalled bet ($0.10) returned to Mechanism7
Mechanism7 collected $0.15 from pot
Mechanism7: doesn't show hand 
*** SUMMARY ***
Total pot $0.16 | Rake $0.01 
Board [5s Tc 2d Ac 5d]
Seat 1: h1_tech_1mba folded before Flop (didn't bet)
Seat 2: AndryiHaiduk folded before Flop (didn't bet)
Seat 3: pengjin folded before Flop (didn't bet)
Seat 4: O.Kontsevoy folded before Flop (didn't bet)
Seat 5: Dorex2007 folded before Flop (didn't bet)
Seat 6: bueninnN (button) folded before Flop (didn't bet)
Seat 7: Ascobarran (small blind) folded on the River
Seat 8: Mechanism7 (big blind) collected ($0.15)
Seat 9: bluemoon3939 folded before Flop (didn't bet)



PokerStars Hand #232133879397:  Hold'em No Limit ($0.01/$0.02 USD) - 2021/12/11 11:18:03 PT [2021/12/11 14:18:03 ET]
Table 'Orchis II' 9-max Seat #7 is the button
Seat 1: h1_tech_1mba ($6.04 in chips) 
Seat 2: AndryiHaiduk ($1.92 in chips) 
Seat 3: pengjin ($0.30 in chips) 
Seat 4: O.Kontsevoy ($1.06 in chips) 
Seat 5: Dorex2007 ($2.15 in chips) 
Seat 6: bueninnN ($1.75 in chips) 
Seat 7: Ascobarran ($2 in chips) 
Seat 8: Mechanism7 ($7.24 in chips) 
Seat 9: bluemoon3939 ($2.07 in chips) 
Mechanism7: posts small blind $0.01
bluemoon3939: posts big blind $0.02
*** HOLE CARDS ***
Dealt to Dorex2007 [8d Qd]
h1_tech_1mba: folds 
AndryiHaiduk: folds 
pengjin: folds 
O.Kontsevoy: folds 
Dorex2007: folds 
bueninnN: folds 
Ascobarran: folds 
Mechanism7: folds 
Uncalled bet ($0.01) returned to bluemoon3939
bluemoon3939 collected $0.02 from pot
bluemoon3939: doesn't show hand 
*** SUMMARY ***
Total pot $0.02 | Rake $0 
Seat 1: h1_tech_1mba folded before Flop (didn't bet)
Seat 2: AndryiHaiduk folded before Flop (didn't bet)
Seat 3: pengjin folded before Flop (didn't bet)
Seat 4: O.Kontsevoy folded before Flop (didn't bet)
Seat 5: Dorex2007 folded before Flop (didn't bet)
Seat 6: bueninnN folded before Flop (didn't bet)
Seat 7: Ascobarran (button) folded before Flop (didn't bet)
Seat 8: Mechanism7 (small blind) folded before Flop
Seat 9: bluemoon3939 (big blind) collected ($0.02)



PokerStars Hand #232133887737:  Hold'em No Limit ($0.01/$0.02 USD) - 2021/12/11 11:18:19 PT [2021/12/11 14:18:19 ET]
Table 'Orchis II' 9-max Seat #8 is the button
Seat 1: h1_tech_1mba ($6.04 in chips) 
Seat 2: AndryiHaiduk ($1.92 in chips) 
Seat 3: pengjin ($0.30 in chips) 
Seat 4: O.Kontsevoy ($1.06 in chips) 
Seat 5: Dorex2007 ($2.15 in chips) 
Seat 6: bueninnN ($1.75 in chips) 
Seat 7: Ascobarran ($2 in chips) 
Seat 8: Mechanism7 ($7.23 in chips) 
Seat 9: bluemoon3939 ($2.08 in chips) 
bluemoon3939: posts small blind $0.01
h1_tech_1mba: posts big blind $0.02
*** HOLE CARDS ***
Dealt to Dorex2007 [9s 7c]
AndryiHaiduk: folds 
pengjin: folds 
O.Kontsevoy: folds 
Dorex2007: folds 
bueninnN: folds 
Ascobarran: folds 
Mechanism7: folds 
bluemoon3939: folds 
Uncalled bet ($0.01) returned to h1_tech_1mba
h1_tech_1mba collected $0.02 from pot
h1_tech_1mba: doesn't show hand 
*** SUMMARY ***
Total pot $0.02 | Rake $0 
Seat 1: h1_tech_1mba (big blind) collected ($0.02)
Seat 2: AndryiHaiduk folded before Flop (didn't bet)
Seat 3: pengjin folded before Flop (didn't bet)
Seat 4: O.Kontsevoy folded before Flop (didn't bet)
Seat 5: Dorex2007 folded before Flop (didn't bet)
Seat 6: bueninnN folded before Flop (didn't bet)
Seat 7: Ascobarran folded before Flop (didn't bet)
Seat 8: Mechanism7 (button) folded before Flop (didn't bet)
Seat 9: bluemoon3939 (small blind) folded before Flop



PokerStars Hand #232133892766:  Hold'em No Limit ($0.01/$0.02 USD) - 2021/12/11 11:18:28 PT [2021/12/11 14:18:28 ET]
Table 'Orchis II' 9-max Seat #9 is the button
Seat 1: h1_tech_1mba ($6.05 in chips) 
Seat 2: AndryiHaiduk ($1.92 in chips) 
Seat 3: pengjin ($0.30 in chips) 
Seat 4: O.Kontsevoy ($1.06 in chips) 
Seat 5: Dorex2007 ($2.15 in chips) 
Seat 6: bueninnN ($1.75 in chips) 
Seat 7: Ascobarran ($2 in chips) 
Seat 8: Mechanism7 ($7.23 in chips) 
Seat 9: bluemoon3939 ($2.07 in chips) 
h1_tech_1mba: posts small blind $0.01
AndryiHaiduk: posts big blind $0.02
*** HOLE CARDS ***
Dealt to Dorex2007 [Qh Jc]
pengjin: folds 
O.Kontsevoy: calls $0.02
Dorex2007: calls $0.02
bueninnN: folds 
Ascobarran: folds 
Mechanism7: folds 
bluemoon3939: folds 
h1_tech_1mba: calls $0.01
AndryiHaiduk: checks 
*** FLOP *** [5c 2c 7d]
h1_tech_1mba: checks 
AndryiHaiduk: checks 
O.Kontsevoy: checks 
Dorex2007: checks 
*** TURN *** [5c 2c 7d] [3h]
h1_tech_1mba: checks 
AndryiHaiduk: checks 
O.Kontsevoy: checks 
Dorex2007: bets $0.08
h1_tech_1mba: folds 
AndryiHaiduk: folds 
O.Kontsevoy: folds 
Uncalled bet ($0.08) returned to Dorex2007
Dorex2007 collected $0.08 from pot
Dorex2007: doesn't show hand 
*** SUMMARY ***
Total pot $0.08 | Rake $0 
Board [5c 2c 7d 3h]
Seat 1: h1_tech_1mba (small blind) folded on the Turn
Seat 2: AndryiHaiduk (big blind) folded on the Turn
Seat 3: pengjin folded before Flop (didn't bet)
Seat 4: O.Kontsevoy folded on the Turn
Seat 5: Dorex2007 collected ($0.08)
Seat 6: bueninnN folded before Flop (didn't bet)
Seat 7: Ascobarran folded before Flop (didn't bet)
Seat 8: Mechanism7 folded before Flop (didn't bet)
Seat 9: bluemoon3939 (button) folded before Flop (didn't bet)



PokerStars Hand #232133929278:  Hold'em No Limit ($0.01/$0.02 USD) - 2021/12/11 11:19:36 PT [2021/12/11 14:19:36 ET]
Table 'Orchis II' 9-max Seat #1 is the button
Seat 1: h1_tech_1mba ($6.03 in chips) 
Seat 2: AndryiHaiduk ($1.90 in chips) 
Seat 3: pengjin ($0.30 in chips) 
Seat 4: O.Kontsevoy ($1.04 in chips) 
Seat 5: Dorex2007 ($2.21 in chips) 
Seat 6: bueninnN ($1.75 in chips) 
Seat 7: Ascobarran ($2 in chips) 
Seat 8: Mechanism7 ($7.23 in chips) 
Seat 9: bluemoon3939 ($2.07 in chips) 
AndryiHaiduk: posts small blind $0.01
pengjin: posts big blind $0.02
*** HOLE CARDS ***
Dealt to Dorex2007 [Qs Td]
O.Kontsevoy: folds 
Dorex2007: folds 
bueninnN: raises $0.04 to $0.06
Ascobarran: folds 
Mechanism7: folds 
bluemoon3939: folds 
h1_tech_1mba: folds 
AndryiHaiduk: calls $0.05
pengjin: folds 
*** FLOP *** [Qh Qc 3d]
AndryiHaiduk: checks 
bueninnN: bets $0.04
AndryiHaiduk: calls $0.04
*** TURN *** [Qh Qc 3d] [4d]
AndryiHaiduk: checks 
bueninnN: checks 
*** RIVER *** [Qh Qc 3d 4d] [5c]
AndryiHaiduk: checks 
bueninnN: checks 
*** SHOW DOWN ***
AndryiHaiduk: shows [Th Ad] (a pair of Queens)
bueninnN: shows [Ah Kc] (a pair of Queens - Ace+King kicker)
bueninnN collected $0.21 from pot
*** SUMMARY ***
Total pot $0.22 | Rake $0.01 
Board [Qh Qc 3d 4d 5c]
Seat 1: h1_tech_1mba (button) folded before Flop (didn't bet)
Seat 2: AndryiHaiduk (small blind) showed [Th Ad] and lost with a pair of Queens
Seat 3: pengjin (big blind) folded before Flop
Seat 4: O.Kontsevoy folded before Flop (didn't bet)
Seat 5: Dorex2007 folded before Flop (didn't bet)
Seat 6: bueninnN showed [Ah Kc] and won ($0.21) with a pair of Queens
Seat 7: Ascobarran folded before Flop (didn't bet)
Seat 8: Mechanism7 folded before Flop (didn't bet)
Seat 9: bluemoon3939 folded before Flop (didn't bet)



PokerStars Hand #232133955614:  Hold'em No Limit ($0.01/$0.02 USD) - 2021/12/11 11:20:26 PT [2021/12/11 14:20:26 ET]
Table 'Orchis II' 9-max Seat #2 is the button
Seat 1: h1_tech_1mba ($6.03 in chips) 
Seat 2: AndryiHaiduk ($1.80 in chips) 
Seat 3: pengjin ($0.28 in chips) 
Seat 5: Dorex2007 ($2.21 in chips) 
Seat 6: bueninnN ($1.86 in chips) 
Seat 7: Ascobarran ($2 in chips) 
Seat 8: Mechanism7 ($7.23 in chips) 
Seat 9: bluemoon3939 ($2.07 in chips) 
pengjin: posts small blind $0.01
O.Kontsevoy: is sitting out 
Dorex2007: posts big blind $0.02
*** HOLE CARDS ***
Dealt to Dorex2007 [Td 7h]
bueninnN: folds 
Ascobarran: folds 
Mechanism7: raises $0.04 to $0.06
bluemoon3939: folds 
h1_tech_1mba: folds 
AndryiHaiduk: folds 
pengjin: folds 
Dorex2007: folds 
Uncalled bet ($0.04) returned to Mechanism7
Mechanism7 collected $0.05 from pot
Mechanism7: doesn't show hand 
*** SUMMARY ***
Total pot $0.05 | Rake $0 
Seat 1: h1_tech_1mba folded before Flop (didn't bet)
Seat 2: AndryiHaiduk (button) folded before Flop (didn't bet)
Seat 3: pengjin (small blind) folded before Flop
Seat 5: Dorex2007 (big blind) folded before Flop
Seat 6: bueninnN folded before Flop (didn't bet)
Seat 7: Ascobarran folded before Flop (didn't bet)
Seat 8: Mechanism7 collected ($0.05)
Seat 9: bluemoon3939 folded before Flop (didn't bet)



PokerStars Hand #232133966243:  Hold'em No Limit ($0.01/$0.02 USD) - 2021/12/11 11:20:45 PT [2021/12/11 14:20:45 ET]
Table 'Orchis II' 9-max Seat #3 is the button
Seat 1: h1_tech_1mba ($6.03 in chips) 
Seat 2: AndryiHaiduk ($1.80 in chips) 
Seat 3: pengjin ($0.27 in chips) 
Seat 5: Dorex2007 ($2.19 in chips) 
Seat 6: bueninnN ($1.86 in chips) 
Seat 7: Ascobarran ($2 in chips) 
Seat 8: Mechanism7 ($7.26 in chips) 
Seat 9: bluemoon3939 ($2.07 in chips) 
Dorex2007: posts small blind $0.01
bueninnN: posts big blind $0.02
*** HOLE CARDS ***
Dealt to Dorex2007 [2s 6h]
Ascobarran: folds 
Mechanism7: folds 
bluemoon3939: folds 
h1_tech_1mba: folds 
O.Kontsevoy leaves the table
AndryiHaiduk: folds 
pengjin: folds 
Dorex2007: folds 
Uncalled bet ($0.01) returned to bueninnN
bueninnN collected $0.02 from pot
bueninnN: doesn't show hand 
*** SUMMARY ***
Total pot $0.02 | Rake $0 
Seat 1: h1_tech_1mba folded before Flop (didn't bet)
Seat 2: AndryiHaiduk folded before Flop (didn't bet)
Seat 3: pengjin (button) folded before Flop (didn't bet)
Seat 5: Dorex2007 (small blind) folded before Flop
Seat 6: bueninnN (big blind) collected ($0.02)
Seat 7: Ascobarran folded before Flop (didn't bet)
Seat 8: Mechanism7 folded before Flop (didn't bet)
Seat 9: bluemoon3939 folded before Flop (didn't bet)



PokerStars Hand #232133973957:  Hold'em No Limit ($0.01/$0.02 USD) - 2021/12/11 11:21:00 PT [2021/12/11 14:21:00 ET]
Table 'Orchis II' 9-max Seat #5 is the button
Seat 1: h1_tech_1mba ($6.03 in chips) 
Seat 2: AndryiHaiduk ($1.80 in chips) 
Seat 3: pengjin ($0.27 in chips) 
Seat 5: Dorex2007 ($2.18 in chips) 
Seat 6: bueninnN ($1.87 in chips) 
Seat 7: Ascobarran ($2 in chips) 
Seat 8: Mechanism7 ($7.26 in chips) 
Seat 9: bluemoon3939 ($2.07 in chips) 
bueninnN: posts small blind $0.01
Ascobarran: posts big blind $0.02
*** HOLE CARDS ***
Dealt to Dorex2007 [Td 3s]
Mechanism7: folds 
bluemoon3939: folds 
h1_tech_1mba: folds 
AndryiHaiduk: folds 
pengjin: calls $0.02
Dorex2007: folds 
bueninnN: folds 
Ascobarran: checks 
*** FLOP *** [5s 2d 6c]
Ascobarran: bets $0.03
pengjin: folds 
Uncalled bet ($0.03) returned to Ascobarran
Ascobarran collected $0.05 from pot
Ascobarran: doesn't show hand 
*** SUMMARY ***
Total pot $0.05 | Rake $0 
Board [5s 2d 6c]
Seat 1: h1_tech_1mba folded before Flop (didn't bet)
Seat 2: AndryiHaiduk folded before Flop (didn't bet)
Seat 3: pengjin folded on the Flop
Seat 5: Dorex2007 (button) folded before Flop (didn't bet)
Seat 6: bueninnN (small blind) folded before Flop
Seat 7: Ascobarran (big blind) collected ($0.05)
Seat 8: Mechanism7 folded before Flop (didn't bet)
Seat 9: bluemoon3939 folded before Flop (didn't bet)



PokerStars Hand #232133993206:  Hold'em No Limit ($0.01/$0.02 USD) - 2021/12/11 11:21:36 PT [2021/12/11 14:21:36 ET]
Table 'Orchis II' 9-max Seat #6 is the button
Seat 1: h1_tech_1mba ($6.03 in chips) 
Seat 2: AndryiHaiduk ($1.80 in chips) 
Seat 3: pengjin ($0.25 in chips) 
Seat 5: Dorex2007 ($2.18 in chips) 
Seat 6: bueninnN ($1.86 in chips) 
Seat 7: Ascobarran ($2.03 in chips) 
Seat 8: Mechanism7 ($7.26 in chips) 
Seat 9: bluemoon3939 ($2.07 in chips) 
Ascobarran: posts small blind $0.01
Mechanism7: posts big blind $0.02
*** HOLE CARDS ***
Dealt to Dorex2007 [4h 9s]
bluemoon3939: folds 
h1_tech_1mba: folds 
AndryiHaiduk: folds 
pengjin: folds 
Dorex2007: folds 
bueninnN: folds 
Ascobarran: raises $0.06 to $0.08
Mechanism7: folds 
Uncalled bet ($0.06) returned to Ascobarran
Ascobarran collected $0.04 from pot
Ascobarran: doesn't show hand 
*** SUMMARY ***
Total pot $0.04 | Rake $0 
Seat 1: h1_tech_1mba folded before Flop (didn't bet)
Seat 2: AndryiHaiduk folded before Flop (didn't bet)
Seat 3: pengjin folded before Flop (didn't bet)
Seat 5: Dorex2007 folded before Flop (didn't bet)
Seat 6: bueninnN (button) folded before Flop (didn't bet)
Seat 7: Ascobarran (small blind) collected ($0.04)
Seat 8: Mechanism7 (big blind) folded before Flop
Seat 9: bluemoon3939 folded before Flop (didn't bet)



PokerStars Hand #232134000761:  Hold'em No Limit ($0.01/$0.02 USD) - 2021/12/11 11:21:50 PT [2021/12/11 14:21:50 ET]
Table 'Orchis II' 9-max Seat #7 is the button
Seat 1: h1_tech_1mba ($6.03 in chips) 
Seat 2: AndryiHaiduk ($1.80 in chips) 
Seat 3: pengjin ($0.25 in chips) 
Seat 5: Dorex2007 ($2.18 in chips) 
Seat 6: bueninnN ($1.86 in chips) 
Seat 7: Ascobarran ($2.05 in chips) 
Seat 8: Mechanism7 ($7.24 in chips) 
Seat 9: bluemoon3939 ($2.07 in chips) 
Mechanism7: posts small blind $0.01
bluemoon3939: posts big blind $0.02
*** HOLE CARDS ***
Dealt to Dorex2007 [Ad 6s]
h1_tech_1mba: folds 
AndryiHaiduk: folds 
pengjin: folds 
Dorex2007: folds 
bueninnN: folds 
Ascobarran: raises $0.06 to $0.08
Mechanism7: folds 
bluemoon3939: folds 
Uncalled bet ($0.06) returned to Ascobarran
Ascobarran collected $0.05 from pot
Ascobarran: doesn't show hand 
*** SUMMARY ***
Total pot $0.05 | Rake $0 
Seat 1: h1_tech_1mba folded before Flop (didn't bet)
Seat 2: AndryiHaiduk folded before Flop (didn't bet)
Seat 3: pengjin folded before Flop (didn't bet)
Seat 5: Dorex2007 folded before Flop (didn't bet)
Seat 6: bueninnN folded before Flop (didn't bet)
Seat 7: Ascobarran (button) collected ($0.05)
Seat 8: Mechanism7 (small blind) folded before Flop
Seat 9: bluemoon3939 (big blind) folded before Flop



PokerStars Hand #232134012297:  Hold'em No Limit ($0.01/$0.02 USD) - 2021/12/11 11:22:11 PT [2021/12/11 14:22:11 ET]
Table 'Orchis II' 9-max Seat #8 is the button
Seat 1: h1_tech_1mba ($6.03 in chips) 
Seat 2: AndryiHaiduk ($1.80 in chips) 
Seat 3: pengjin ($0.25 in chips) 
Seat 5: Dorex2007 ($2.18 in chips) 
Seat 6: bueninnN ($1.86 in chips) 
Seat 7: Ascobarran ($2.08 in chips) 
Seat 8: Mechanism7 ($7.23 in chips) 
Seat 9: bluemoon3939 ($2.05 in chips) 
bluemoon3939: posts small blind $0.01
h1_tech_1mba: posts big blind $0.02
*** HOLE CARDS ***
Dealt to Dorex2007 [6d 7h]
AndryiHaiduk: folds 
pengjin: folds 
Dorex2007: folds 
bueninnN: folds 
Ascobarran: folds 
Mechanism7: folds 
bluemoon3939: raises $0.04 to $0.06
Akisey44 joins the table at seat #4 
h1_tech_1mba: calls $0.04
*** FLOP *** [Ts 3s 7s]
bluemoon3939: bets $0.07
h1_tech_1mba: calls $0.07
*** TURN *** [Ts 3s 7s] [5d]
bluemoon3939: bets $0.14
h1_tech_1mba: calls $0.14
*** RIVER *** [Ts 3s 7s 5d] [9d]
bueninnN leaves the table
bluemoon3939: bets $0.17
h1_tech_1mba: folds 
Uncalled bet ($0.17) returned to bluemoon3939
bluemoon3939 collected $0.52 from pot
bluemoon3939: doesn't show hand 
*** SUMMARY ***
Total pot $0.54 | Rake $0.02 
Board [Ts 3s 7s 5d 9d]
Seat 1: h1_tech_1mba (big blind) folded on the River
Seat 2: AndryiHaiduk folded before Flop (didn't bet)
Seat 3: pengjin folded before Flop (didn't bet)
Seat 5: Dorex2007 folded before Flop (didn't bet)
Seat 6: bueninnN folded before Flop (didn't bet)
Seat 7: Ascobarran folded before Flop (didn't bet)
Seat 8: Mechanism7 (button) folded before Flop (didn't bet)
Seat 9: bluemoon3939 (small blind) collected ($0.52)



PokerStars Hand #232134049316:  Hold'em No Limit ($0.01/$0.02 USD) - 2021/12/11 11:23:21 PT [2021/12/11 14:23:21 ET]
Table 'Orchis II' 9-max Seat #9 is the button
Seat 1: h1_tech_1mba ($5.76 in chips) 
Seat 2: AndryiHaiduk ($1.80 in chips) 
Seat 3: pengjin ($0.25 in chips) 
Seat 5: Dorex2007 ($2.18 in chips) 
Seat 7: Ascobarran ($2.08 in chips) 
Seat 8: Mechanism7 ($7.23 in chips) 
Seat 9: bluemoon3939 ($2.30 in chips) 
h1_tech_1mba: posts small blind $0.01
AndryiHaiduk: posts big blind $0.02
Akisey44: sits out 
*** HOLE CARDS ***
Dealt to Dorex2007 [3s 6c]
pengjin: folds 
Dorex2007: folds 
Ascobarran: folds 
Mechanism7: folds 
bluemoon3939: raises $0.04 to $0.06
h1_tech_1mba: folds 
AndryiHaiduk: folds 
Uncalled bet ($0.04) returned to bluemoon3939
bluemoon3939 collected $0.05 from pot
bluemoon3939: doesn't show hand 
*** SUMMARY ***
Total pot $0.05 | Rake $0 
Seat 1: h1_tech_1mba (small blind) folded before Flop
Seat 2: AndryiHaiduk (big blind) folded before Flop
Seat 3: pengjin folded before Flop (didn't bet)
Seat 5: Dorex2007 folded before Flop (didn't bet)
Seat 7: Ascobarran folded before Flop (didn't bet)
Seat 8: Mechanism7 folded before Flop (didn't bet)
Seat 9: bluemoon3939 (button) collected ($0.05)



PokerStars Hand #232134065247:  Hold'em No Limit ($0.01/$0.02 USD) - 2021/12/11 11:23:50 PT [2021/12/11 14:23:50 ET]
Table 'Orchis II' 9-max Seat #2 is the button
Seat 2: AndryiHaiduk ($1.78 in chips) 
Seat 3: pengjin ($0.25 in chips) 
Seat 4: Akisey44 ($2 in chips) 
Seat 5: Dorex2007 ($2.18 in chips) 
Seat 7: Ascobarran ($2.08 in chips) 
Seat 8: Mechanism7 ($7.23 in chips) 
Seat 9: bluemoon3939 ($2.33 in chips) 
pengjin: posts small blind $0.01
Akisey44: posts big blind $0.02
*** HOLE CARDS ***
Dealt to Dorex2007 [8h 2h]
Dorex2007: folds 
Ascobarran: folds 
Mechanism7: folds 
bluemoon3939: folds 
AndryiHaiduk: raises $0.04 to $0.06
pengjin: folds 
Akisey44: folds 
Uncalled bet ($0.04) returned to AndryiHaiduk
AndryiHaiduk collected $0.05 from pot
AndryiHaiduk: doesn't show hand 
*** SUMMARY ***
Total pot $0.05 | Rake $0 
Seat 2: AndryiHaiduk (button) collected ($0.05)
Seat 3: pengjin (small blind) folded before Flop
Seat 4: Akisey44 (big blind) folded before Flop
Seat 5: Dorex2007 folded before Flop (didn't bet)
Seat 7: Ascobarran folded before Flop (didn't bet)
Seat 8: Mechanism7 folded before Flop (didn't bet)
Seat 9: bluemoon3939 folded before Flop (didn't bet)



PokerStars Hand #232134078184:  Hold'em No Limit ($0.01/$0.02 USD) - 2021/12/11 11:24:15 PT [2021/12/11 14:24:15 ET]
Table 'Orchis II' 9-max Seat #3 is the button
Seat 2: AndryiHaiduk ($1.81 in chips) 
Seat 3: pengjin ($0.24 in chips) 
Seat 4: Akisey44 ($2 in chips) 
Seat 5: Dorex2007 ($2.18 in chips) 
Seat 7: Ascobarran ($2.08 in chips) 
Seat 8: Mechanism7 ($7.23 in chips) 
Seat 9: bluemoon3939 ($2.33 in chips) 
Akisey44: posts small blind $0.01
Dorex2007: posts big blind $0.02
*** HOLE CARDS ***
Dealt to Dorex2007 [Qh 2s]
Ascobarran: folds 
Mechanism7 has timed out
Mechanism7: folds 
bluemoon3939: raises $0.04 to $0.06
AndryiHaiduk: folds 
pengjin: folds 
Akisey44: calls $0.05
Dorex2007: folds 
*** FLOP *** [7h 3c Kc]
Akisey44: checks 
bluemoon3939: bets $0.05
Akisey44: folds 
Uncalled bet ($0.05) returned to bluemoon3939
bluemoon3939 collected $0.14 from pot
bluemoon3939: doesn't show hand 
*** SUMMARY ***
Total pot $0.14 | Rake $0 
Board [7h 3c Kc]
Seat 2: AndryiHaiduk folded before Flop (didn't bet)
Seat 3: pengjin (button) folded before Flop (didn't bet)
Seat 4: Akisey44 (small blind) folded on the Flop
Seat 5: Dorex2007 (big blind) folded before Flop
Seat 7: Ascobarran folded before Flop (didn't bet)
Seat 8: Mechanism7 folded before Flop (didn't bet)
Seat 9: bluemoon3939 collected ($0.14)



PokerStars Hand #232134095226:  Hold'em No Limit ($0.01/$0.02 USD) - 2021/12/11 11:24:47 PT [2021/12/11 14:24:47 ET]
Table 'Orchis II' 9-max Seat #4 is the button
Seat 2: AndryiHaiduk ($1.81 in chips) 
Seat 3: pengjin ($0.24 in chips) 
Seat 4: Akisey44 ($2 in chips) 
Seat 5: Dorex2007 ($2.16 in chips) 
Seat 8: Mechanism7 ($7.23 in chips) 
Seat 9: bluemoon3939 ($2.41 in chips) 
Dorex2007: posts small blind $0.01
Ascobarran: is sitting out 
Mechanism7: posts big blind $0.02
*** HOLE CARDS ***
Dealt to Dorex2007 [Qc Ts]
bluemoon3939: folds 
AndryiHaiduk: folds 
pengjin: calls $0.02
Akisey44: folds 
Dorex2007: calls $0.01
Mechanism7: checks 
*** FLOP *** [Jc 7d 3d]
Dorex2007: checks 
Mechanism7: checks 
pengjin: checks 
*** TURN *** [Jc 7d 3d] [3c]
Dorex2007: checks 
Mechanism7: checks 
pengjin: checks 
*** RIVER *** [Jc 7d 3d 3c] [9h]
Dorex2007: bets $0.06
Mechanism7: calls $0.06
pengjin: calls $0.06
*** SHOW DOWN ***
Dorex2007: shows [Qc Ts] (a pair of Threes)
Mechanism7: shows [5h 9d] (two pair, Nines and Threes)
pengjin: shows [Ah 9s] (two pair, Nines and Threes - Ace kicker)
pengjin collected $0.23 from pot
*** SUMMARY ***
Total pot $0.24 | Rake $0.01 
Board [Jc 7d 3d 3c 9h]
Seat 2: AndryiHaiduk folded before Flop (didn't bet)
Seat 3: pengjin showed [Ah 9s] and won ($0.23) with two pair, Nines and Threes
Seat 4: Akisey44 (button) folded before Flop (didn't bet)
Seat 5: Dorex2007 (small blind) showed [Qc Ts] and lost with a pair of Threes
Seat 8: Mechanism7 (big blind) showed [5h 9d] and lost with two pair, Nines and Threes
Seat 9: bluemoon3939 folded before Flop (didn't bet)



PokerStars Hand #232134154871:  Hold'em No Limit ($0.01/$0.02 USD) - 2021/12/11 11:26:35 PT [2021/12/11 14:26:35 ET]
Table 'Orchis II' 9-max Seat #5 is the button
Seat 2: AndryiHaiduk ($1.81 in chips) 
Seat 3: pengjin ($0.39 in chips) 
Seat 4: Akisey44 ($2 in chips) 
Seat 5: Dorex2007 ($2.08 in chips) 
Seat 8: Mechanism7 ($7.15 in chips) 
Mechanism7: posts small blind $0.01
bluemoon3939: is sitting out 
AndryiHaiduk: posts big blind $0.02
*** HOLE CARDS ***
Dealt to Dorex2007 [5d Qs]
bluemoon3939 leaves the table
alex071001 joins the table at seat #6 
pengjin: calls $0.02
Akisey44: folds 
Dorex2007: folds 
Mechanism7: folds 
AndryiHaiduk: checks 
*** FLOP *** [Th 6d Qc]
AndryiHaiduk: checks 
alex071001 leaves the table
pengjin: bets $0.02
AndryiHaiduk: folds 
Uncalled bet ($0.02) returned to pengjin
pengjin collected $0.05 from pot
pengjin: doesn't show hand 
*** SUMMARY ***
Total pot $0.05 | Rake $0 
Board [Th 6d Qc]
Seat 2: AndryiHaiduk (big blind) folded on the Flop
Seat 3: pengjin collected ($0.05)
Seat 4: Akisey44 folded before Flop (didn't bet)
Seat 5: Dorex2007 (button) folded before Flop (didn't bet)
Seat 8: Mechanism7 (small blind) folded before Flop



PokerStars Hand #232134168557:  Hold'em No Limit ($0.01/$0.02 USD) - 2021/12/11 11:27:01 PT [2021/12/11 14:27:01 ET]
Table 'Orchis II' 9-max Seat #8 is the button
Seat 2: AndryiHaiduk ($1.79 in chips) 
Seat 3: pengjin ($0.42 in chips) 
Seat 4: Akisey44 ($2 in chips) 
Seat 5: Dorex2007 ($2.08 in chips) 
Seat 8: Mechanism7 ($7.14 in chips) 
AndryiHaiduk: posts small blind $0.01
pengjin: posts big blind $0.02
*** HOLE CARDS ***
Dealt to Dorex2007 [4c Js]
Akisey44: folds 
Dorex2007: folds 
Mechanism7 has timed out
Mechanism7: folds 
AndryiHaiduk: folds 
Uncalled bet ($0.01) returned to pengjin
pengjin collected $0.02 from pot
pengjin: doesn't show hand 
*** SUMMARY ***
Total pot $0.02 | Rake $0 
Seat 2: AndryiHaiduk (small blind) folded before Flop
Seat 3: pengjin (big blind) collected ($0.02)
Seat 4: Akisey44 folded before Flop (didn't bet)
Seat 5: Dorex2007 folded before Flop (didn't bet)
Seat 8: Mechanism7 (button) folded before Flop (didn't bet)



PokerStars Hand #232134177513:  Hold'em No Limit ($0.01/$0.02 USD) - 2021/12/11 11:27:19 PT [2021/12/11 14:27:19 ET]
Table 'Orchis II' 9-max Seat #2 is the button
Seat 2: AndryiHaiduk ($1.78 in chips) 
Seat 3: pengjin ($0.43 in chips) 
Seat 4: Akisey44 ($2 in chips) 
Seat 5: Dorex2007 ($2.08 in chips) 
pengjin: posts small blind $0.01
Akisey44: posts big blind $0.02
h1_tech_1mba: sits out 
*** HOLE CARDS ***
Dealt to Dorex2007 [8c Jh]
Dorex2007: folds 
AndryiHaiduk: raises $0.04 to $0.06
pengjin: folds 
Akisey44: folds 
Uncalled bet ($0.04) returned to AndryiHaiduk
AndryiHaiduk collected $0.05 from pot
AndryiHaiduk: doesn't show hand 
*** SUMMARY ***
Total pot $0.05 | Rake $0 
Seat 2: AndryiHaiduk (button) collected ($0.05)
Seat 3: pengjin (small blind) folded before Flop
Seat 4: Akisey44 (big blind) folded before Flop
Seat 5: Dorex2007 folded before Flop (didn't bet)



PokerStars Hand #232134185154:  Hold'em No Limit ($0.01/$0.02 USD) - 2021/12/11 11:27:33 PT [2021/12/11 14:27:33 ET]
Table 'Orchis II' 9-max Seat #3 is the button
Seat 2: AndryiHaiduk ($1.81 in chips) 
Seat 3: pengjin ($0.42 in chips) 
Seat 4: Akisey44 ($2 in chips) 
Seat 5: Dorex2007 ($2.08 in chips) 
Seat 8: Mechanism7 ($7.14 in chips) 
Akisey44: posts small blind $0.01
Dorex2007: posts big blind $0.02
h1_tech_1mba: sits out 
*** HOLE CARDS ***
Dealt to Dorex2007 [3s 2s]
Mechanism7: raises $0.04 to $0.06
AndryiHaiduk: calls $0.06
pengjin: folds 
Akisey44: folds 
Dorex2007: folds 
*** FLOP *** [Js Ks Kc]
RayRed_1 joins the table at seat #6 
Mechanism7: checks 
AndryiHaiduk: checks 
*** TURN *** [Js Ks Kc] [Kh]
Mechanism7: bets $0.06
AndryiHaiduk: calls $0.06
*** RIVER *** [Js Ks Kc Kh] [2d]
Mechanism7: checks 
AndryiHaiduk: bets $0.26
Abonka joins the table at seat #9 
Mechanism7: folds 
Uncalled bet ($0.26) returned to AndryiHaiduk
AndryiHaiduk collected $0.26 from pot
AndryiHaiduk: doesn't show hand 
*** SUMMARY ***
Total pot $0.27 | Rake $0.01 
Board [Js Ks Kc Kh 2d]
Seat 2: AndryiHaiduk collected ($0.26)
Seat 3: pengjin (button) folded before Flop (didn't bet)
Seat 4: Akisey44 (small blind) folded before Flop
Seat 5: Dorex2007 (big blind) folded before Flop
Seat 8: Mechanism7 folded on the River



PokerStars Hand #232134210847:  Hold'em No Limit ($0.01/$0.02 USD) - 2021/12/11 11:28:23 PT [2021/12/11 14:28:23 ET]
Table 'Orchis II' 9-max Seat #4 is the button
Seat 2: AndryiHaiduk ($1.95 in chips) 
Seat 3: pengjin ($0.42 in chips) 
Seat 4: Akisey44 ($2 in chips) 
Seat 5: Dorex2007 ($2.06 in chips) 
Seat 6: RayRed_1 ($2 in chips) 
Seat 8: Mechanism7 ($7.02 in chips) 
Dorex2007: posts small blind $0.01
RayRed_1: posts big blind $0.02
Abonka: sits out 
h1_tech_1mba: sits out 
*** HOLE CARDS ***
Dealt to Dorex2007 [6d 8d]
Mechanism7: folds 
AndryiHaiduk: folds 
pengjin: calls $0.02
Akisey44: folds 
Dorex2007: calls $0.01
RayRed_1: checks 
*** FLOP *** [7c 9d 5s]
Dorex2007: checks 
RayRed_1: checks 
pengjin: checks 
*** TURN *** [7c 9d 5s] [4s]
Dorex2007: bets $0.04
RayRed_1: calls $0.04
pengjin: folds 
*** RIVER *** [7c 9d 5s 4s] [Th]
Dorex2007: bets $0.14
RayRed_1: folds 
Uncalled bet ($0.14) returned to Dorex2007
Dorex2007 collected $0.14 from pot
Dorex2007: doesn't show hand 
*** SUMMARY ***
Total pot $0.14 | Rake $0 
Board [7c 9d 5s 4s Th]
Seat 2: AndryiHaiduk folded before Flop (didn't bet)
Seat 3: pengjin folded on the Turn
Seat 4: Akisey44 (button) folded before Flop (didn't bet)
Seat 5: Dorex2007 (small blind) collected ($0.14)
Seat 6: RayRed_1 (big blind) folded on the River
Seat 8: Mechanism7 folded before Flop (didn't bet)



PokerStars Hand #232134241113:  Hold'em No Limit ($0.01/$0.02 USD) - 2021/12/11 11:29:21 PT [2021/12/11 14:29:21 ET]
Table 'Orchis II' 9-max Seat #5 is the button
Seat 2: AndryiHaiduk ($1.95 in chips) 
Seat 3: pengjin ($0.40 in chips) 
Seat 4: Akisey44 ($2 in chips) 
Seat 5: Dorex2007 ($2.14 in chips) 
Seat 6: RayRed_1 ($1.94 in chips) 
Seat 8: Mechanism7 ($7.02 in chips) 
RayRed_1: posts small blind $0.01
Mechanism7: posts big blind $0.02
Abonka: sits out 
h1_tech_1mba: sits out 
*** HOLE CARDS ***
Dealt to Dorex2007 [7d Ad]
AndryiHaiduk: raises $0.04 to $0.06
pengjin: folds 
Akisey44: folds 
Dorex2007: calls $0.06
RayRed_1: folds 
Mechanism7: folds 
*** FLOP *** [5s Jd Qh]
RayRed_1 leaves the table
AndryiHaiduk: bets $0.14
Dorex2007: folds 
Uncalled bet ($0.14) returned to AndryiHaiduk
AndryiHaiduk collected $0.14 from pot
AndryiHaiduk: doesn't show hand 
*** SUMMARY ***
Total pot $0.15 | Rake $0.01 
Board [5s Jd Qh]
Seat 2: AndryiHaiduk collected ($0.14)
Seat 3: pengjin folded before Flop (didn't bet)
Seat 4: Akisey44 folded before Flop (didn't bet)
Seat 5: Dorex2007 (button) folded on the Flop
Seat 6: RayRed_1 (small blind) folded before Flop
Seat 8: Mechanism7 (big blind) folded before Flop



PokerStars Hand #232134254063:  Hold'em No Limit ($0.01/$0.02 USD) - 2021/12/11 11:29:45 PT [2021/12/11 14:29:45 ET]
Table 'Orchis II' 9-max Seat #8 is the button
Seat 2: AndryiHaiduk ($2.03 in chips) 
Seat 3: pengjin ($0.40 in chips) 
Seat 4: Akisey44 ($2 in chips) 
Seat 5: Dorex2007 ($2.08 in chips) 
Seat 8: Mechanism7 ($7 in chips) 
AndryiHaiduk: posts small blind $0.01
pengjin: posts big blind $0.02
*** HOLE CARDS ***
Dealt to Dorex2007 [Th Jc]
Akisey44: folds 
Dorex2007: folds 
Mechanism7: folds 
AndryiHaiduk: folds 
Uncalled bet ($0.01) returned to pengjin
yjqian23 joins the table at seat #6 
pengjin collected $0.02 from pot
pengjin: doesn't show hand 
*** SUMMARY ***
Total pot $0.02 | Rake $0 
Seat 2: AndryiHaiduk (small blind) folded before Flop
Seat 3: pengjin (big blind) collected ($0.02)
Seat 4: Akisey44 folded before Flop (didn't bet)
Seat 5: Dorex2007 folded before Flop (didn't bet)
Seat 8: Mechanism7 (button) folded before Flop (didn't bet)



PokerStars Hand #232134261444:  Hold'em No Limit ($0.01/$0.02 USD) - 2021/12/11 11:29:59 PT [2021/12/11 14:29:59 ET]
Table 'Orchis II' 9-max Seat #2 is the button
Seat 2: AndryiHaiduk ($2.02 in chips) 
Seat 3: pengjin ($0.41 in chips) 
Seat 4: Akisey44 ($2 in chips) 
Seat 5: Dorex2007 ($2.08 in chips) 
Seat 8: Mechanism7 ($7 in chips) 
pengjin: posts small blind $0.01
Akisey44: posts big blind $0.02
yjqian23: sits out 
Abonka: sits out 
h1_tech_1mba: sits out 
*** HOLE CARDS ***
Dealt to Dorex2007 [Qc 5h]
Dorex2007: folds 
Mechanism7: folds 
AndryiHaiduk: raises $0.04 to $0.06
pengjin: folds 
Akisey44: folds 
Uncalled bet ($0.04) returned to AndryiHaiduk
AndryiHaiduk collected $0.05 from pot
AndryiHaiduk: doesn't show hand 
*** SUMMARY ***
Total pot $0.05 | Rake $0 
Seat 2: AndryiHaiduk (button) collected ($0.05)
Seat 3: pengjin (small blind) folded before Flop
Seat 4: Akisey44 (big blind) folded before Flop
Seat 5: Dorex2007 folded before Flop (didn't bet)
Seat 8: Mechanism7 folded before Flop (didn't bet)



PokerStars Hand #232134269088:  Hold'em No Limit ($0.01/$0.02 USD) - 2021/12/11 11:30:13 PT [2021/12/11 14:30:13 ET]
Table 'Orchis II' 9-max Seat #3 is the button
Seat 2: AndryiHaiduk ($2.05 in chips) 
Seat 3: pengjin ($0.40 in chips) 
Seat 4: Akisey44 ($2 in chips) 
Seat 5: Dorex2007 ($2.08 in chips) 
Seat 8: Mechanism7 ($7 in chips) 
Akisey44: posts small blind $0.01
Dorex2007: posts big blind $0.02
yjqian23: sits out 
Abonka: sits out 
h1_tech_1mba: sits out 
*** HOLE CARDS ***
Dealt to Dorex2007 [4c 2s]
Mechanism7: folds 
AndryiHaiduk: raises $0.04 to $0.06
pengjin: folds 
Akisey44: raises $0.18 to $0.24
Dorex2007: folds 
AndryiHaiduk: folds 
Uncalled bet ($0.18) returned to Akisey44
Akisey44 collected $0.14 from pot
Akisey44: doesn't show hand 
*** SUMMARY ***
Total pot $0.14 | Rake $0 
Seat 2: AndryiHaiduk folded before Flop
Seat 3: pengjin (button) folded before Flop (didn't bet)
Seat 4: Akisey44 (small blind) collected ($0.14)
Seat 5: Dorex2007 (big blind) folded before Flop
Seat 8: Mechanism7 folded before Flop (didn't bet)



PokerStars Hand #232134285799:  Hold'em No Limit ($0.01/$0.02 USD) - 2021/12/11 11:30:45 PT [2021/12/11 14:30:45 ET]
Table 'Orchis II' 9-max Seat #4 is the button
Seat 2: AndryiHaiduk ($1.99 in chips) 
Seat 3: pengjin ($0.40 in chips) 
Seat 4: Akisey44 ($2.08 in chips) 
Seat 5: Dorex2007 ($2.06 in chips) 
Seat 6: yjqian23 ($2 in chips) 
Seat 8: Mechanism7 ($7 in chips) 
Dorex2007: posts small blind $0.01
yjqian23: posts big blind $0.02
Abonka: sits out 
h1_tech_1mba: sits out 
*** HOLE CARDS ***
Dealt to Dorex2007 [7c Qd]
Mechanism7: folds 
AndryiHaiduk: folds 
pengjin: folds 
Akisey44: folds 
Dorex2007: calls $0.01
yjqian23: raises $0.28 to $0.30
Dorex2007: folds 
Uncalled bet ($0.28) returned to yjqian23
yjqian23 collected $0.04 from pot
yjqian23: doesn't show hand 
*** SUMMARY ***
Total pot $0.04 | Rake $0 
Seat 2: AndryiHaiduk folded before Flop (didn't bet)
Seat 3: pengjin folded before Flop (didn't bet)
Seat 4: Akisey44 (button) folded before Flop (didn't bet)
Seat 5: Dorex2007 (small blind) folded before Flop
Seat 6: yjqian23 (big blind) collected ($0.04)
Seat 8: Mechanism7 folded before Flop (didn't bet)



PokerStars Hand #232134302326:  Hold'em No Limit ($0.01/$0.02 USD) - 2021/12/11 11:31:16 PT [2021/12/11 14:31:16 ET]
Table 'Orchis II' 9-max Seat #5 is the button
Seat 2: AndryiHaiduk ($1.99 in chips) 
Seat 3: pengjin ($0.40 in chips) 
Seat 4: Akisey44 ($2.08 in chips) 
Seat 5: Dorex2007 ($2.04 in chips) 
Seat 6: yjqian23 ($2.02 in chips) 
Seat 8: Mechanism7 ($7 in chips) 
yjqian23: posts small blind $0.01
Mechanism7: posts big blind $0.02
Abonka: sits out 
h1_tech_1mba: sits out 
*** HOLE CARDS ***
Dealt to Dorex2007 [7c 6c]
AndryiHaiduk: folds 
pengjin: folds 
Akisey44: folds 
Dorex2007: raises $0.02 to $0.04
yjqian23: folds 
Mechanism7: calls $0.02
*** FLOP *** [9h 5h 3d]
Mechanism7: checks 
Dorex2007: checks 
*** TURN *** [9h 5h 3d] [6d]
Mechanism7: checks 
Dorex2007: bets $0.06
Mechanism7: folds 
Uncalled bet ($0.06) returned to Dorex2007
Dorex2007 collected $0.09 from pot
Dorex2007: doesn't show hand 
*** SUMMARY ***
Total pot $0.09 | Rake $0 
Board [9h 5h 3d 6d]
Seat 2: AndryiHaiduk folded before Flop (didn't bet)
Seat 3: pengjin folded before Flop (didn't bet)
Seat 4: Akisey44 folded before Flop (didn't bet)
Seat 5: Dorex2007 (button) collected ($0.09)
Seat 6: yjqian23 (small blind) folded before Flop
Seat 8: Mechanism7 (big blind) folded on the Turn



PokerStars Hand #232134325431:  Hold'em No Limit ($0.01/$0.02 USD) - 2021/12/11 11:32:00 PT [2021/12/11 14:32:00 ET]
Table 'Orchis II' 9-max Seat #6 is the button
Seat 2: AndryiHaiduk ($1.99 in chips) 
Seat 3: pengjin ($0.40 in chips) 
Seat 4: Akisey44 ($2.08 in chips) 
Seat 5: Dorex2007 ($2.09 in chips) 
Seat 6: yjqian23 ($2.01 in chips) 
Seat 8: Mechanism7 ($6.96 in chips) 
Seat 9: Abonka ($1.60 in chips) 
Mechanism7: posts small blind $0.01
Abonka: posts big blind $0.02
h1_tech_1mba: sits out 
*** HOLE CARDS ***
Dealt to Dorex2007 [6s 2c]
AndryiHaiduk has timed out
AndryiHaiduk: folds 
pengjin: folds 
Akisey44: folds 
Dorex2007: folds 
yjqian23: folds 
yjqian23 leaves the table
Mechanism7: folds 
Uncalled bet ($0.01) returned to Abonka
Abonka collected $0.02 from pot
Abonka: doesn't show hand 
*** SUMMARY ***
Total pot $0.02 | Rake $0 
Seat 2: AndryiHaiduk folded before Flop (didn't bet)
Seat 3: pengjin folded before Flop (didn't bet)
Seat 4: Akisey44 folded before Flop (didn't bet)
Seat 5: Dorex2007 folded before Flop (didn't bet)
Seat 6: yjqian23 (button) folded before Flop (didn't bet)
Seat 8: Mechanism7 (small blind) folded before Flop
Seat 9: Abonka (big blind) collected ($0.02)



PokerStars Hand #232134339978:  Hold'em No Limit ($0.01/$0.02 USD) - 2021/12/11 11:32:20 PT [2021/12/11 14:32:20 ET]
Table 'Orchis II' 9-max Seat #8 is the button
Seat 1: h1_tech_1mba ($5.75 in chips) 
Seat 3: pengjin ($0.40 in chips) 
Seat 4: Akisey44 ($2.08 in chips) 
Seat 5: Dorex2007 ($2.09 in chips) 
Seat 8: Mechanism7 ($6.95 in chips) 
Seat 9: Abonka ($1.61 in chips) 
Abonka: posts small blind $0.01
h1_tech_1mba: posts big blind $0.02
*** HOLE CARDS ***
Dealt to Dorex2007 [9s Ts]
pengjin: folds 
Akisey44: folds 
Dorex2007: calls $0.02
Mechanism7: raises $0.04 to $0.06
vas.fegaris joins the table at seat #6 
Abonka: folds 
h1_tech_1mba: folds 
Dorex2007: calls $0.04
*** FLOP *** [7c As 3c]
Dorex2007: checks 
Mechanism7: checks 
*** TURN *** [7c As 3c] [Th]
Dorex2007: bets $0.09
Mechanism7: folds 
Uncalled bet ($0.09) returned to Dorex2007
Dorex2007 collected $0.14 from pot
Dorex2007: doesn't show hand 
*** SUMMARY ***
Total pot $0.15 | Rake $0.01 
Board [7c As 3c Th]
Seat 1: h1_tech_1mba (big blind) folded before Flop
Seat 3: pengjin folded before Flop (didn't bet)
Seat 4: Akisey44 folded before Flop (didn't bet)
Seat 5: Dorex2007 collected ($0.14)
Seat 8: Mechanism7 (button) folded on the Turn
Seat 9: Abonka (small blind) folded before Flop



PokerStars Hand #232134373181:  Hold'em No Limit ($0.01/$0.02 USD) - 2021/12/11 11:33:22 PT [2021/12/11 14:33:22 ET]
Table 'Orchis II' 9-max Seat #9 is the button
Seat 1: h1_tech_1mba ($5.73 in chips) 
Seat 2: AndryiHaiduk ($1.99 in chips) 
Seat 3: pengjin ($0.40 in chips) 
Seat 4: Akisey44 ($2.08 in chips) 
Seat 5: Dorex2007 ($2.17 in chips) 
Seat 8: Mechanism7 ($6.89 in chips) 
Seat 9: Abonka ($1.60 in chips) 
h1_tech_1mba: posts small blind $0.01
AndryiHaiduk: posts big blind $0.02
vas.fegaris: sits out 
*** HOLE CARDS ***
Dealt to Dorex2007 [5s 8d]
pengjin: folds 
Akisey44: folds 
Dorex2007: folds 
Mechanism7: folds 
Abonka: folds 
h1_tech_1mba: raises $0.04 to $0.06
AndryiHaiduk: folds 
Uncalled bet ($0.04) returned to h1_tech_1mba
h1_tech_1mba collected $0.04 from pot
h1_tech_1mba: doesn't show hand 
*** SUMMARY ***
Total pot $0.04 | Rake $0 
Seat 1: h1_tech_1mba (small blind) collected ($0.04)
Seat 2: AndryiHaiduk (big blind) folded before Flop
Seat 3: pengjin folded before Flop (didn't bet)
Seat 4: Akisey44 folded before Flop (didn't bet)
Seat 5: Dorex2007 folded before Flop (didn't bet)
Seat 8: Mechanism7 folded before Flop (didn't bet)
Seat 9: Abonka (button) folded before Flop (didn't bet)



PokerStars Hand #232134384698:  Hold'em No Limit ($0.01/$0.02 USD) - 2021/12/11 11:33:44 PT [2021/12/11 14:33:44 ET]
Table 'Orchis II' 9-max Seat #1 is the button
Seat 1: h1_tech_1mba ($5.75 in chips) 
Seat 2: AndryiHaiduk ($1.97 in chips) 
Seat 3: pengjin ($0.40 in chips) 
Seat 4: Akisey44 ($2.08 in chips) 
Seat 5: Dorex2007 ($2.17 in chips) 
Seat 8: Mechanism7 ($6.89 in chips) 
Seat 9: Abonka ($1.60 in chips) 
AndryiHaiduk: posts small blind $0.01
pengjin: posts big blind $0.02
vas.fegaris: sits out 
*** HOLE CARDS ***
Dealt to Dorex2007 [8c Kh]
Akisey44: folds 
Dorex2007: folds 
Mechanism7 has timed out
Mechanism7: folds 
Abonka: folds 
h1_tech_1mba: folds 
AndryiHaiduk: folds 
Uncalled bet ($0.01) returned to pengjin
pengjin collected $0.02 from pot
pengjin: doesn't show hand 
*** SUMMARY ***
Total pot $0.02 | Rake $0 
Seat 1: h1_tech_1mba (button) folded before Flop (didn't bet)
Seat 2: AndryiHaiduk (small blind) folded before Flop
Seat 3: pengjin (big blind) collected ($0.02)
Seat 4: Akisey44 folded before Flop (didn't bet)
Seat 5: Dorex2007 folded before Flop (didn't bet)
Seat 8: Mechanism7 folded before Flop (didn't bet)
Seat 9: Abonka folded before Flop (didn't bet)



PokerStars Hand #232134401756:  Hold'em No Limit ($0.01/$0.02 USD) - 2021/12/11 11:34:16 PT [2021/12/11 14:34:16 ET]
Table 'Orchis II' 9-max Seat #2 is the button
Seat 1: h1_tech_1mba ($5.75 in chips) 
Seat 2: AndryiHaiduk ($1.96 in chips) 
Seat 3: pengjin ($0.41 in chips) 
Seat 4: Akisey44 ($2.08 in chips) 
Seat 5: Dorex2007 ($2.17 in chips) 
Seat 8: Mechanism7 ($6.89 in chips) 
Seat 9: Abonka ($1.60 in chips) 
pengjin: posts small blind $0.01
Akisey44: posts big blind $0.02
vas.fegaris: sits out 
*** HOLE CARDS ***
Dealt to Dorex2007 [7h Qd]
Dorex2007: folds 
Mechanism7: raises $0.04 to $0.06
Abonka: folds 
h1_tech_1mba: folds 
AndryiHaiduk: folds 
pengjin: folds 
Akisey44: folds 
Uncalled bet ($0.04) returned to Mechanism7
Mechanism7 collected $0.05 from pot
Mechanism7: doesn't show hand 
*** SUMMARY ***
Total pot $0.05 | Rake $0 
Seat 1: h1_tech_1mba folded before Flop (didn't bet)
Seat 2: AndryiHaiduk (button) folded before Flop (didn't bet)
Seat 3: pengjin (small blind) folded before Flop
Seat 4: Akisey44 (big blind) folded before Flop
Seat 5: Dorex2007 folded before Flop (didn't bet)
Seat 8: Mechanism7 collected ($0.05)
Seat 9: Abonka folded before Flop (didn't bet)



PokerStars Hand #232134420109:  Hold'em No Limit ($0.01/$0.02 USD) - 2021/12/11 11:34:51 PT [2021/12/11 14:34:51 ET]
Table 'Orchis II' 9-max Seat #3 is the button
Seat 1: h1_tech_1mba ($5.75 in chips) 
Seat 2: AndryiHaiduk ($1.96 in chips) 
Seat 3: pengjin ($0.40 in chips) 
Seat 4: Akisey44 ($2.06 in chips) 
Seat 5: Dorex2007 ($2.17 in chips) 
Seat 8: Mechanism7 ($6.92 in chips) 
Seat 9: Abonka ($1.60 in chips) 
Akisey44: posts small blind $0.01
Dorex2007: posts big blind $0.02
vas.fegaris: sits out 
*** HOLE CARDS ***
Dealt to Dorex2007 [As Qc]
Mechanism7: folds 
Abonka: folds 
h1_tech_1mba: folds 
AndryiHaiduk: raises $0.04 to $0.06
pengjin: calls $0.06
Akisey44: folds 
Dorex2007: calls $0.04
*** FLOP *** [4h 5s Tc]
Dorex2007: checks 
AndryiHaiduk: checks 
pengjin: bets $0.34 and is all-in
Dorex2007: folds 
AndryiHaiduk: folds 
Uncalled bet ($0.34) returned to pengjin
pengjin collected $0.18 from pot
pengjin: doesn't show hand 
*** SUMMARY ***
Total pot $0.19 | Rake $0.01 
Board [4h 5s Tc]
Seat 1: h1_tech_1mba folded before Flop (didn't bet)
Seat 2: AndryiHaiduk folded on the Flop
Seat 3: pengjin (button) collected ($0.18)
Seat 4: Akisey44 (small blind) folded before Flop
Seat 5: Dorex2007 (big blind) folded on the Flop
Seat 8: Mechanism7 folded before Flop (didn't bet)
Seat 9: Abonka folded before Flop (didn't bet)



PokerStars Hand #232134445813:  Hold'em No Limit ($0.01/$0.02 USD) - 2021/12/11 11:35:39 PT [2021/12/11 14:35:39 ET]
Table 'Orchis II' 9-max Seat #4 is the button
Seat 1: h1_tech_1mba ($5.75 in chips) 
Seat 2: AndryiHaiduk ($1.90 in chips) 
Seat 3: pengjin ($0.52 in chips) 
Seat 4: Akisey44 ($2.05 in chips) 
Seat 5: Dorex2007 ($2.11 in chips) 
Seat 6: vas.fegaris ($0.80 in chips) 
Seat 8: Mechanism7 ($6.92 in chips) 
Seat 9: Abonka ($1.60 in chips) 
Dorex2007: posts small blind $0.01
vas.fegaris: posts big blind $0.02
*** HOLE CARDS ***
Dealt to Dorex2007 [Jd 9c]
Mechanism7: raises $0.04 to $0.06
Abonka: folds 
h1_tech_1mba: folds 
AndryiHaiduk: folds 
pengjin: folds 
Akisey44: folds 
Dorex2007: folds 
vas.fegaris: calls $0.04
*** FLOP *** [3c Qs Kd]
vas.fegaris: checks 
Mechanism7: bets $0.09
vas.fegaris: calls $0.09
*** TURN *** [3c Qs Kd] [7s]
vas.fegaris: checks 
Mechanism7: checks 
*** RIVER *** [3c Qs Kd 7s] [Js]
vas.fegaris: checks 
Mechanism7: checks 
*** SHOW DOWN ***
vas.fegaris: shows [Qh Ah] (a pair of Queens)
Mechanism7: mucks hand 
vas.fegaris collected $0.30 from pot
*** SUMMARY ***
Total pot $0.31 | Rake $0.01 
Board [3c Qs Kd 7s Js]
Seat 1: h1_tech_1mba folded before Flop (didn't bet)
Seat 2: AndryiHaiduk folded before Flop (didn't bet)
Seat 3: pengjin folded before Flop (didn't bet)
Seat 4: Akisey44 (button) folded before Flop (didn't bet)
Seat 5: Dorex2007 (small blind) folded before Flop
Seat 6: vas.fegaris (big blind) showed [Qh Ah] and won ($0.30) with a pair of Queens
Seat 8: Mechanism7 mucked [Jc Ac]
Seat 9: Abonka folded before Flop (didn't bet)



PokerStars Hand #232134473456:  Hold'em No Limit ($0.01/$0.02 USD) - 2021/12/11 11:36:32 PT [2021/12/11 14:36:32 ET]
Table 'Orchis II' 9-max Seat #5 is the button
Seat 1: h1_tech_1mba ($5.75 in chips) 
Seat 2: AndryiHaiduk ($1.90 in chips) 
Seat 3: pengjin ($0.52 in chips) 
Seat 4: Akisey44 ($2.05 in chips) 
Seat 5: Dorex2007 ($2.10 in chips) 
Seat 6: vas.fegaris ($0.95 in chips) 
Seat 8: Mechanism7 ($6.77 in chips) 
Seat 9: Abonka ($1.60 in chips) 
vas.fegaris: posts small blind $0.01
Mechanism7: posts big blind $0.02
*** HOLE CARDS ***
Dealt to Dorex2007 [2s 9s]
Abonka: folds 
h1_tech_1mba: raises $0.04 to $0.06
AndryiHaiduk: folds 
pengjin: folds 
Akisey44: folds 
Dorex2007: folds 
vas.fegaris: folds 
Mechanism7: folds 
Uncalled bet ($0.04) returned to h1_tech_1mba
h1_tech_1mba collected $0.05 from pot
h1_tech_1mba: doesn't show hand 
*** SUMMARY ***
Total pot $0.05 | Rake $0 
Seat 1: h1_tech_1mba collected ($0.05)
Seat 2: AndryiHaiduk folded before Flop (didn't bet)
Seat 3: pengjin folded before Flop (didn't bet)
Seat 4: Akisey44 folded before Flop (didn't bet)
Seat 5: Dorex2007 (button) folded before Flop (didn't bet)
Seat 6: vas.fegaris (small blind) folded before Flop
Seat 8: Mechanism7 (big blind) folded before Flop
Seat 9: Abonka folded before Flop (didn't bet)



PokerStars Hand #232134480793:  Hold'em No Limit ($0.01/$0.02 USD) - 2021/12/11 11:36:45 PT [2021/12/11 14:36:45 ET]
Table 'Orchis II' 9-max Seat #6 is the button
Seat 1: h1_tech_1mba ($5.78 in chips) 
Seat 2: AndryiHaiduk ($1.90 in chips) 
Seat 3: pengjin ($0.52 in chips) 
Seat 4: Akisey44 ($2.05 in chips) 
Seat 5: Dorex2007 ($2.10 in chips) 
Seat 6: vas.fegaris ($0.94 in chips) 
Seat 8: Mechanism7 ($6.75 in chips) 
Seat 9: Abonka ($1.60 in chips) 
Mechanism7: posts small blind $0.01
Abonka: posts big blind $0.02
*** HOLE CARDS ***
Dealt to Dorex2007 [9s Qd]
h1_tech_1mba: folds 
AndryiHaiduk: folds 
pengjin: folds 
Akisey44: folds 
Dorex2007: folds 
vas.fegaris: folds 
Mechanism7: raises $0.04 to $0.06
Abonka: folds 
Uncalled bet ($0.04) returned to Mechanism7
Mechanism7 collected $0.04 from pot
Mechanism7: doesn't show hand 
*** SUMMARY ***
Total pot $0.04 | Rake $0 
Seat 1: h1_tech_1mba folded before Flop (didn't bet)
Seat 2: AndryiHaiduk folded before Flop (didn't bet)
Seat 3: pengjin folded before Flop (didn't bet)
Seat 4: Akisey44 folded before Flop (didn't bet)
Seat 5: Dorex2007 folded before Flop (didn't bet)
Seat 6: vas.fegaris (button) folded before Flop (didn't bet)
Seat 8: Mechanism7 (small blind) collected ($0.04)
Seat 9: Abonka (big blind) folded before Flop



PokerStars Hand #232134495443:  Hold'em No Limit ($0.01/$0.02 USD) - 2021/12/11 11:37:13 PT [2021/12/11 14:37:13 ET]
Table 'Orchis II' 9-max Seat #8 is the button
Seat 1: h1_tech_1mba ($5.78 in chips) 
Seat 2: AndryiHaiduk ($1.90 in chips) 
Seat 3: pengjin ($0.52 in chips) 
Seat 4: Akisey44 ($2.05 in chips) 
Seat 5: Dorex2007 ($2.10 in chips) 
Seat 6: vas.fegaris ($0.94 in chips) 
Seat 8: Mechanism7 ($6.77 in chips) 
Seat 9: Abonka ($1.58 in chips) 
Abonka: posts small blind $0.01
h1_tech_1mba: posts big blind $0.02
*** HOLE CARDS ***
Dealt to Dorex2007 [2s 7d]
AndryiHaiduk: folds 
pengjin: folds 
Akisey44: folds 
Dorex2007: folds 
vas.fegaris: folds 
Mechanism7: raises $0.04 to $0.06
Abonka: folds 
h1_tech_1mba: calls $0.04
*** FLOP *** [3c Qc Qh]
h1_tech_1mba: checks 
Mechanism7: bets $0.09
h1_tech_1mba: calls $0.09
*** TURN *** [3c Qc Qh] [Ad]
h1_tech_1mba: checks 
Mechanism7: bets $0.20
h1_tech_1mba: folds 
Uncalled bet ($0.20) returned to Mechanism7
Mechanism7 collected $0.30 from pot
Mechanism7: doesn't show hand 
*** SUMMARY ***
Total pot $0.31 | Rake $0.01 
Board [3c Qc Qh Ad]
Seat 1: h1_tech_1mba (big blind) folded on the Turn
Seat 2: AndryiHaiduk folded before Flop (didn't bet)
Seat 3: pengjin folded before Flop (didn't bet)
Seat 4: Akisey44 folded before Flop (didn't bet)
Seat 5: Dorex2007 folded before Flop (didn't bet)
Seat 6: vas.fegaris folded before Flop (didn't bet)
Seat 8: Mechanism7 (button) collected ($0.30)
Seat 9: Abonka (small blind) folded before Flop



PokerStars Hand #232134523300:  Hold'em No Limit ($0.01/$0.02 USD) - 2021/12/11 11:38:06 PT [2021/12/11 14:38:06 ET]
Table 'Orchis II' 9-max Seat #9 is the button
Seat 1: h1_tech_1mba ($5.63 in chips) 
Seat 2: AndryiHaiduk ($1.90 in chips) 
Seat 3: pengjin ($0.52 in chips) 
Seat 4: Akisey44 ($2.05 in chips) 
Seat 5: Dorex2007 ($2.10 in chips) 
Seat 6: vas.fegaris ($0.94 in chips) 
Seat 8: Mechanism7 ($6.92 in chips) 
Seat 9: Abonka ($1.57 in chips) 
h1_tech_1mba: posts small blind $0.01
AndryiHaiduk: posts big blind $0.02
*** HOLE CARDS ***
Dealt to Dorex2007 [9c 4h]
pengjin: folds 
Akisey44: folds 
Dorex2007: folds 
vas.fegaris: calls $0.02
Mechanism7: raises $0.04 to $0.06
Abonka: folds 
h1_tech_1mba: folds 
AndryiHaiduk: folds 
vas.fegaris: folds 
Uncalled bet ($0.04) returned to Mechanism7
Mechanism7 collected $0.07 from pot
Mechanism7: doesn't show hand 
*** SUMMARY ***
Total pot $0.07 | Rake $0 
Seat 1: h1_tech_1mba (small blind) folded before Flop
Seat 2: AndryiHaiduk (big blind) folded before Flop
Seat 3: pengjin folded before Flop (didn't bet)
Seat 4: Akisey44 folded before Flop (didn't bet)
Seat 5: Dorex2007 folded before Flop (didn't bet)
Seat 6: vas.fegaris folded before Flop
Seat 8: Mechanism7 collected ($0.07)
Seat 9: Abonka (button) folded before Flop (didn't bet)



PokerStars Hand #232134542469:  Hold'em No Limit ($0.01/$0.02 USD) - 2021/12/11 11:38:43 PT [2021/12/11 14:38:43 ET]
Table 'Orchis II' 9-max Seat #1 is the button
Seat 1: h1_tech_1mba ($5.62 in chips) 
Seat 2: AndryiHaiduk ($1.88 in chips) 
Seat 3: pengjin ($0.52 in chips) 
Seat 4: Akisey44 ($2.05 in chips) 
Seat 5: Dorex2007 ($2.10 in chips) 
Seat 6: vas.fegaris ($0.92 in chips) 
Seat 8: Mechanism7 ($6.97 in chips) 
Seat 9: Abonka ($1.57 in chips) 
AndryiHaiduk: posts small blind $0.01
pengjin: posts big blind $0.02
*** HOLE CARDS ***
Dealt to Dorex2007 [7c 5d]
Akisey44: folds 
Dorex2007: folds 
vas.fegaris: folds 
Mechanism7: folds 
Abonka: calls $0.02
h1_tech_1mba: folds 
AndryiHaiduk: calls $0.01
pengjin: checks 
*** FLOP *** [Tc 8s Qd]
AndryiHaiduk: checks 
pengjin: bets $0.06
Abonka: folds 
AndryiHaiduk: folds 
Uncalled bet ($0.06) returned to pengjin
pengjin collected $0.06 from pot
pengjin: doesn't show hand 
*** SUMMARY ***
Total pot $0.06 | Rake $0 
Board [Tc 8s Qd]
Seat 1: h1_tech_1mba (button) folded before Flop (didn't bet)
Seat 2: AndryiHaiduk (small blind) folded on the Flop
Seat 3: pengjin (big blind) collected ($0.06)
Seat 4: Akisey44 folded before Flop (didn't bet)
Seat 5: Dorex2007 folded before Flop (didn't bet)
Seat 6: vas.fegaris folded before Flop (didn't bet)
Seat 8: Mechanism7 folded before Flop (didn't bet)
Seat 9: Abonka folded on the Flop



PokerStars Hand #232134568742:  Hold'em No Limit ($0.01/$0.02 USD) - 2021/12/11 11:39:33 PT [2021/12/11 14:39:33 ET]
Table 'Orchis II' 9-max Seat #2 is the button
Seat 1: h1_tech_1mba ($5.62 in chips) 
Seat 2: AndryiHaiduk ($1.86 in chips) 
Seat 3: pengjin ($0.56 in chips) 
Seat 5: Dorex2007 ($2.10 in chips) 
Seat 6: vas.fegaris ($0.92 in chips) 
Seat 8: Mechanism7 ($6.97 in chips) 
Seat 9: Abonka ($1.55 in chips) 
pengjin: posts small blind $0.01
Akisey44: is sitting out 
Dorex2007: posts big blind $0.02
*** HOLE CARDS ***
Dealt to Dorex2007 [As 3s]
Akisey44 leaves the table
vas.fegaris: folds 
Mechanism7: folds 
Abonka: folds 
h1_tech_1mba: folds 
AndryiHaiduk: raises $0.04 to $0.06
pengjin: folds 
veronn11 joins the table at seat #4 
Dorex2007: calls $0.04
*** FLOP *** [Qs Ad 2s]
Dorex2007: checks 
AndryiHaiduk: bets $0.04
Dorex2007: calls $0.04
*** TURN *** [Qs Ad 2s] [7h]
Dorex2007: checks 
AndryiHaiduk: checks 
*** RIVER *** [Qs Ad 2s 7h] [9c]
Dorex2007: bets $0.10
AndryiHaiduk: folds 
Uncalled bet ($0.10) returned to Dorex2007
Dorex2007 collected $0.20 from pot
Dorex2007: doesn't show hand 
*** SUMMARY ***
Total pot $0.21 | Rake $0.01 
Board [Qs Ad 2s 7h 9c]
Seat 1: h1_tech_1mba folded before Flop (didn't bet)
Seat 2: AndryiHaiduk (button) folded on the River
Seat 3: pengjin (small blind) folded before Flop
Seat 5: Dorex2007 (big blind) collected ($0.20)
Seat 6: vas.fegaris folded before Flop (didn't bet)
Seat 8: Mechanism7 folded before Flop (didn't bet)
Seat 9: Abonka folded before Flop (didn't bet)



PokerStars Hand #232134591402:  Hold'em No Limit ($0.01/$0.02 USD) - 2021/12/11 11:40:16 PT [2021/12/11 14:40:16 ET]
Table 'Orchis II' 9-max Seat #3 is the button
Seat 1: h1_tech_1mba ($5.62 in chips) 
Seat 2: AndryiHaiduk ($1.76 in chips) 
Seat 3: pengjin ($0.55 in chips) 
Seat 5: Dorex2007 ($2.20 in chips) 
Seat 6: vas.fegaris ($0.92 in chips) 
Seat 8: Mechanism7 ($6.97 in chips) 
Seat 9: Abonka ($1.55 in chips) 
Dorex2007: posts small blind $0.01
vas.fegaris: posts big blind $0.02
*** HOLE CARDS ***
Dealt to Dorex2007 [2s 5h]
Mechanism7: folds 
Abonka: folds 
h1_tech_1mba: folds 
AndryiHaiduk: folds 
pengjin: calls $0.02
Dorex2007: folds 
vas.fegaris: checks 
*** FLOP *** [6d 9h Kd]
vas.fegaris: checks 
pengjin: checks 
*** TURN *** [6d 9h Kd] [8d]
vas.fegaris: bets $0.02
pengjin: raises $0.51 to $0.53 and is all-in
vas.fegaris: folds 
Uncalled bet ($0.51) returned to pengjin
pengjin collected $0.09 from pot
pengjin: doesn't show hand 
*** SUMMARY ***
Total pot $0.09 | Rake $0 
Board [6d 9h Kd 8d]
Seat 1: h1_tech_1mba folded before Flop (didn't bet)
Seat 2: AndryiHaiduk folded before Flop (didn't bet)
Seat 3: pengjin (button) collected ($0.09)
Seat 5: Dorex2007 (small blind) folded before Flop
Seat 6: vas.fegaris (big blind) folded on the Turn
Seat 8: Mechanism7 folded before Flop (didn't bet)
Seat 9: Abonka folded before Flop (didn't bet)



PokerStars Hand #232134614473:  Hold'em No Limit ($0.01/$0.02 USD) - 2021/12/11 11:40:55 PT [2021/12/11 14:40:55 ET]
Table 'Orchis II' 9-max Seat #5 is the button
Seat 1: h1_tech_1mba ($5.62 in chips) 
Seat 2: AndryiHaiduk ($1.76 in chips) 
Seat 3: pengjin ($0.60 in chips) 
Seat 4: veronn11 ($1.60 in chips) 
Seat 5: Dorex2007 ($2.19 in chips) 
Seat 6: vas.fegaris ($0.88 in chips) 
Seat 8: Mechanism7 ($6.97 in chips) 
Seat 9: Abonka ($1.55 in chips) 
vas.fegaris: posts small blind $0.01
Mechanism7: posts big blind $0.02
veronn11: posts big blind $0.02
*** HOLE CARDS ***
Dealt to Dorex2007 [9d 6h]
Abonka: folds 
h1_tech_1mba: folds 
AndryiHaiduk: folds 
pengjin: folds 
veronn11: checks 
Dorex2007: folds 
vas.fegaris: folds 
Mechanism7: checks 
*** FLOP *** [Ad Qc 7c]
Abonka leaves the table
Mechanism7: checks 
veronn11: checks 
*** TURN *** [Ad Qc 7c] [Ac]
Mechanism7: checks 
veronn11: checks 
*** RIVER *** [Ad Qc 7c Ac] [Jh]
Mechanism7: checks 
veronn11: checks 
*** SHOW DOWN ***
Mechanism7: shows [5d Th] (a pair of Aces)
veronn11: shows [Jd Ks] (two pair, Aces and Jacks)
veronn11 collected $0.05 from pot
Ascobarran leaves the table
*** SUMMARY ***
Total pot $0.05 | Rake $0 
Board [Ad Qc 7c Ac Jh]
Seat 1: h1_tech_1mba folded before Flop (didn't bet)
Seat 2: AndryiHaiduk folded before Flop (didn't bet)
Seat 3: pengjin folded before Flop (didn't bet)
Seat 4: veronn11 showed [Jd Ks] and won ($0.05) with two pair, Aces and Jacks
Seat 5: Dorex2007 (button) folded before Flop (didn't bet)
Seat 6: vas.fegaris (small blind) folded before Flop
Seat 8: Mechanism7 (big blind) showed [5d Th] and lost with a pair of Aces
Seat 9: Abonka folded before Flop (didn't bet)



PokerStars Hand #232134641730:  Hold'em No Limit ($0.01/$0.02 USD) - 2021/12/11 11:41:47 PT [2021/12/11 14:41:47 ET]
Table 'Orchis II' 9-max Seat #6 is the button
Seat 2: AndryiHaiduk ($1.76 in chips) 
Seat 3: pengjin ($0.60 in chips) 
Seat 4: veronn11 ($1.63 in chips) 
Seat 5: Dorex2007 ($2.19 in chips) 
Seat 6: vas.fegaris ($0.87 in chips) 
Seat 8: Mechanism7 ($6.95 in chips) 
Mechanism7: posts small blind $0.01
h1_tech_1mba: is sitting out 
AndryiHaiduk: posts big blind $0.02
*** HOLE CARDS ***
Dealt to Dorex2007 [Tc Qc]
h1_tech_1mba leaves the table
pengjin: folds 
veronn11: folds 
Dorex2007: raises $0.04 to $0.06
vas.fegaris: folds 
Mechanism7: folds 
AndryiHaiduk: folds 
Uncalled bet ($0.04) returned to Dorex2007
Dorex2007 collected $0.05 from pot
Dorex2007: doesn't show hand 
*** SUMMARY ***
Total pot $0.05 | Rake $0 
Seat 2: AndryiHaiduk (big blind) folded before Flop
Seat 3: pengjin folded before Flop (didn't bet)
Seat 4: veronn11 folded before Flop (didn't bet)
Seat 5: Dorex2007 collected ($0.05)
Seat 6: vas.fegaris (button) folded before Flop (didn't bet)
Seat 8: Mechanism7 (small blind) folded before Flop



PokerStars Hand #232134648607:  Hold'em No Limit ($0.01/$0.02 USD) - 2021/12/11 11:42:00 PT [2021/12/11 14:42:00 ET]
Table 'Orchis II' 9-max Seat #8 is the button
Seat 2: AndryiHaiduk ($1.74 in chips) 
Seat 3: pengjin ($0.60 in chips) 
Seat 4: veronn11 ($1.63 in chips) 
Seat 5: Dorex2007 ($2.22 in chips) 
Seat 6: vas.fegaris ($0.87 in chips) 
Seat 8: Mechanism7 ($6.94 in chips) 
AndryiHaiduk: posts small blind $0.01
pengjin: posts big blind $0.02
*** HOLE CARDS ***
Dealt to Dorex2007 [9s 8d]
veronn11: folds 
Dorex2007: folds 
vas.fegaris: folds 
Mechanism7: folds 
AndryiHaiduk: folds 
Uncalled bet ($0.01) returned to pengjin
pengjin collected $0.02 from pot
pengjin: doesn't show hand 
*** SUMMARY ***
Total pot $0.02 | Rake $0 
Seat 2: AndryiHaiduk (small blind) folded before Flop
Seat 3: pengjin (big blind) collected ($0.02)
Seat 4: veronn11 folded before Flop (didn't bet)
Seat 5: Dorex2007 folded before Flop (didn't bet)
Seat 6: vas.fegaris folded before Flop (didn't bet)
Seat 8: Mechanism7 (button) folded before Flop (didn't bet)



