PokerStars Hand #232730649354:  Hold'em No Limit ($0.01/$0.02 USD) - 2022/01/01 17:38:19 PT [2022/01/01 20:38:19 ET]
Table 'Castafiore II' 9-max Seat #7 is the button
Seat 1: matt blakk ($4.77 in chips) 
Seat 2: mouzinho1992 ($2.61 in chips) 
Seat 3: desdinova13 ($2.87 in chips) 
Seat 4: Andorrior ($1.37 in chips) 
Seat 5: Dorex2007 ($2 in chips) 
Seat 6: PampuLobboxX ($2.48 in chips) 
Seat 7: pavluha13 ($1.26 in chips) 
Seat 8: alex791 ($2.03 in chips) 
Seat 9: marialazar ($1.71 in chips) 
alex791: posts small blind $0.01
marialazar: posts big blind $0.02
Dorex2007: posts big blind $0.02
*** HOLE CARDS ***
Dealt to Dorex2007 [Kd 2c]
matt blakk: folds 
mouzinho1992: folds 
desdinova13: folds 
Andorrior: folds 
Dorex2007: raises $0.04 to $0.06
PampuLobboxX: folds 
pavluha13: calls $0.06
alex791: calls $0.05
marialazar: folds 
*** FLOP *** [5c 8d 9s]
alex791: checks 
Dorex2007: bets $0.10
pavluha13: folds 
alex791: calls $0.10
*** TURN *** [5c 8d 9s] [Jd]
alex791: checks 
Dorex2007: checks 
*** RIVER *** [5c 8d 9s Jd] [2d]
alex791: bets $0.20
Dorex2007: raises $0.20 to $0.40
alex791: folds 
Uncalled bet ($0.20) returned to Dorex2007
Dorex2007 collected $0.77 from pot
Dorex2007: doesn't show hand 
*** SUMMARY ***
Total pot $0.80 | Rake $0.03 
Board [5c 8d 9s Jd 2d]
Seat 1: matt blakk folded before Flop (didn't bet)
Seat 2: mouzinho1992 folded before Flop (didn't bet)
Seat 3: desdinova13 folded before Flop (didn't bet)
Seat 4: Andorrior folded before Flop (didn't bet)
Seat 5: Dorex2007 collected ($0.77)
Seat 6: PampuLobboxX folded before Flop (didn't bet)
Seat 7: pavluha13 (button) folded on the Flop
Seat 8: alex791 (small blind) folded on the River
Seat 9: marialazar (big blind) folded before Flop



PokerStars Hand #232730667529:  Hold'em No Limit ($0.01/$0.02 USD) - 2022/01/01 17:39:20 PT [2022/01/01 20:39:20 ET]
Table 'Castafiore II' 9-max Seat #8 is the button
Seat 1: matt blakk ($4.77 in chips) 
Seat 2: mouzinho1992 ($2.61 in chips) 
Seat 3: desdinova13 ($2.87 in chips) 
Seat 4: Andorrior ($1.37 in chips) 
Seat 5: Dorex2007 ($2.41 in chips) 
Seat 6: PampuLobboxX ($2.48 in chips) 
Seat 7: pavluha13 ($1.20 in chips) 
Seat 8: alex791 ($1.67 in chips) 
Seat 9: marialazar ($1.98 in chips) 
marialazar: posts small blind $0.01
matt blakk: posts big blind $0.02
*** HOLE CARDS ***
Dealt to Dorex2007 [Qh 8h]
mouzinho1992: calls $0.02
desdinova13: raises $0.08 to $0.10
Andorrior: folds 
Dorex2007: folds 
PampuLobboxX: folds 
pavluha13: calls $0.10
alex791: folds 
marialazar: calls $0.09
matt blakk: folds 
mouzinho1992: folds 
*** FLOP *** [3c 3s Jc]
marialazar: bets $0.11
mouzinho1992 leaves the table
desdinova13: folds 
kiling1 joins the table at seat #2 
pavluha13: folds 
Uncalled bet ($0.11) returned to marialazar
marialazar collected $0.33 from pot
*** SUMMARY ***
Total pot $0.34 | Rake $0.01 
Board [3c 3s Jc]
Seat 1: matt blakk (big blind) folded before Flop
Seat 2: mouzinho1992 folded before Flop
Seat 3: desdinova13 folded on the Flop
Seat 4: Andorrior folded before Flop (didn't bet)
Seat 5: Dorex2007 folded before Flop (didn't bet)
Seat 6: PampuLobboxX folded before Flop (didn't bet)
Seat 7: pavluha13 folded on the Flop
Seat 8: alex791 (button) folded before Flop (didn't bet)
Seat 9: marialazar (small blind) collected ($0.33)



PokerStars Hand #232730683678:  Hold'em No Limit ($0.01/$0.02 USD) - 2022/01/01 17:40:13 PT [2022/01/01 20:40:13 ET]
Table 'Castafiore II' 9-max Seat #9 is the button
Seat 1: matt blakk ($4.75 in chips) 
Seat 2: kiling1 ($0.80 in chips) 
Seat 3: desdinova13 ($2.77 in chips) 
Seat 4: Andorrior ($1.37 in chips) 
Seat 5: Dorex2007 ($2.41 in chips) 
Seat 6: PampuLobboxX ($2.48 in chips) 
Seat 7: pavluha13 ($1.10 in chips) 
Seat 8: alex791 ($2 in chips) 
Seat 9: marialazar ($2.21 in chips) 
matt blakk: posts small blind $0.01
kiling1: posts big blind $0.02
*** HOLE CARDS ***
Dealt to Dorex2007 [4d 8c]
desdinova13: folds 
Andorrior: folds 
Dorex2007: folds 
PampuLobboxX: folds 
pavluha13: folds 
alex791: folds 
marialazar: folds 
matt blakk: raises $0.04 to $0.06
kiling1: calls $0.04
*** FLOP *** [Td 7c 9h]
matt blakk: checks 
kiling1: bets $0.08
matt blakk: raises $0.13 to $0.21
kiling1: calls $0.13
*** TURN *** [Td 7c 9h] [8s]
matt blakk: bets $0.24
kiling1: raises $0.29 to $0.53 and is all-in
matt blakk: folds 
Uncalled bet ($0.29) returned to kiling1
kiling1 collected $0.98 from pot
kiling1: doesn't show hand 
*** SUMMARY ***
Total pot $1.02 | Rake $0.04 
Board [Td 7c 9h 8s]
Seat 1: matt blakk (small blind) folded on the Turn
Seat 2: kiling1 (big blind) collected ($0.98)
Seat 3: desdinova13 folded before Flop (didn't bet)
Seat 4: Andorrior folded before Flop (didn't bet)
Seat 5: Dorex2007 folded before Flop (didn't bet)
Seat 6: PampuLobboxX folded before Flop (didn't bet)
Seat 7: pavluha13 folded before Flop (didn't bet)
Seat 8: alex791 folded before Flop (didn't bet)
Seat 9: marialazar (button) folded before Flop (didn't bet)



PokerStars Hand #232730714651:  Hold'em No Limit ($0.01/$0.02 USD) - 2022/01/01 17:41:56 PT [2022/01/01 20:41:56 ET]
Table 'Castafiore II' 9-max Seat #1 is the button
Seat 1: matt blakk ($4.24 in chips) 
Seat 2: kiling1 ($1.27 in chips) 
Seat 3: desdinova13 ($2.77 in chips) 
Seat 4: Andorrior ($1.37 in chips) 
Seat 5: Dorex2007 ($2.41 in chips) 
Seat 6: PampuLobboxX ($2.48 in chips) 
Seat 7: pavluha13 ($1.10 in chips) 
Seat 8: alex791 ($2 in chips) 
Seat 9: marialazar ($2.21 in chips) 
kiling1: posts small blind $0.01
desdinova13: posts big blind $0.02
*** HOLE CARDS ***
Dealt to Dorex2007 [6s Kc]
Andorrior: folds 
Dorex2007: folds 
PampuLobboxX: raises $0.04 to $0.06
pavluha13: folds 
alex791: folds 
marialazar: folds 
matt blakk: folds 
kiling1: folds 
desdinova13: folds 
Uncalled bet ($0.04) returned to PampuLobboxX
PampuLobboxX collected $0.05 from pot
PampuLobboxX: doesn't show hand 
*** SUMMARY ***
Total pot $0.05 | Rake $0 
Seat 1: matt blakk (button) folded before Flop (didn't bet)
Seat 2: kiling1 (small blind) folded before Flop
Seat 3: desdinova13 (big blind) folded before Flop
Seat 4: Andorrior folded before Flop (didn't bet)
Seat 5: Dorex2007 folded before Flop (didn't bet)
Seat 6: PampuLobboxX collected ($0.05)
Seat 7: pavluha13 folded before Flop (didn't bet)
Seat 8: alex791 folded before Flop (didn't bet)
Seat 9: marialazar folded before Flop (didn't bet)



PokerStars Hand #232730720568:  Hold'em No Limit ($0.01/$0.02 USD) - 2022/01/01 17:42:16 PT [2022/01/01 20:42:16 ET]
Table 'Castafiore II' 9-max Seat #2 is the button
Seat 1: matt blakk ($4.24 in chips) 
Seat 2: kiling1 ($1.26 in chips) 
Seat 3: desdinova13 ($2.75 in chips) 
Seat 4: Andorrior ($1.37 in chips) 
Seat 5: Dorex2007 ($2.41 in chips) 
Seat 6: PampuLobboxX ($2.51 in chips) 
Seat 7: pavluha13 ($1.10 in chips) 
Seat 8: alex791 ($2 in chips) 
Seat 9: marialazar ($2.21 in chips) 
desdinova13: posts small blind $0.01
Andorrior: posts big blind $0.02
*** HOLE CARDS ***
Dealt to Dorex2007 [3d 7c]
Dorex2007: folds 
PampuLobboxX: folds 
pavluha13: folds 
alex791: folds 
marialazar: folds 
matt blakk: folds 
kiling1: folds 
desdinova13: folds 
Uncalled bet ($0.01) returned to Andorrior
Andorrior collected $0.02 from pot
*** SUMMARY ***
Total pot $0.02 | Rake $0 
Seat 1: matt blakk folded before Flop (didn't bet)
Seat 2: kiling1 (button) folded before Flop (didn't bet)
Seat 3: desdinova13 (small blind) folded before Flop
Seat 4: Andorrior (big blind) collected ($0.02)
Seat 5: Dorex2007 folded before Flop (didn't bet)
Seat 6: PampuLobboxX folded before Flop (didn't bet)
Seat 7: pavluha13 folded before Flop (didn't bet)
Seat 8: alex791 folded before Flop (didn't bet)
Seat 9: marialazar folded before Flop (didn't bet)



PokerStars Hand #232730725985:  Hold'em No Limit ($0.01/$0.02 USD) - 2022/01/01 17:42:34 PT [2022/01/01 20:42:34 ET]
Table 'Castafiore II' 9-max Seat #3 is the button
Seat 1: matt blakk ($4.24 in chips) 
Seat 2: kiling1 ($1.26 in chips) 
Seat 3: desdinova13 ($2.74 in chips) 
Seat 4: Andorrior ($1.38 in chips) 
Seat 5: Dorex2007 ($2.41 in chips) 
Seat 6: PampuLobboxX ($2.51 in chips) 
Seat 7: pavluha13 ($1.10 in chips) 
Seat 8: alex791 ($2 in chips) 
Seat 9: marialazar ($2.21 in chips) 
Andorrior: posts small blind $0.01
Dorex2007: posts big blind $0.02
*** HOLE CARDS ***
Dealt to Dorex2007 [3d 5c]
PampuLobboxX: folds 
pavluha13: folds 
alex791: raises $0.04 to $0.06
marialazar: folds 
matt blakk: folds 
kiling1: folds 
desdinova13: calls $0.06
Andorrior: folds 
Dorex2007: folds 
*** FLOP *** [3c Jh 8d]
alex791: bets $0.08
desdinova13: folds 
Uncalled bet ($0.08) returned to alex791
alex791 collected $0.14 from pot
alex791: doesn't show hand 
*** SUMMARY ***
Total pot $0.15 | Rake $0.01 
Board [3c Jh 8d]
Seat 1: matt blakk folded before Flop (didn't bet)
Seat 2: kiling1 folded before Flop (didn't bet)
Seat 3: desdinova13 (button) folded on the Flop
Seat 4: Andorrior (small blind) folded before Flop
Seat 5: Dorex2007 (big blind) folded before Flop
Seat 6: PampuLobboxX folded before Flop (didn't bet)
Seat 7: pavluha13 folded before Flop (didn't bet)
Seat 8: alex791 collected ($0.14)
Seat 9: marialazar folded before Flop (didn't bet)



PokerStars Hand #232730743193:  Hold'em No Limit ($0.01/$0.02 USD) - 2022/01/01 17:43:31 PT [2022/01/01 20:43:31 ET]
Table 'Castafiore II' 9-max Seat #4 is the button
Seat 1: matt blakk ($4.24 in chips) 
Seat 2: kiling1 ($1.26 in chips) 
Seat 3: desdinova13 ($2.68 in chips) 
Seat 4: Andorrior ($1.37 in chips) 
Seat 5: Dorex2007 ($2.39 in chips) 
Seat 6: PampuLobboxX ($2.51 in chips) 
Seat 7: pavluha13 ($1.10 in chips) 
Seat 8: alex791 ($2.08 in chips) 
Seat 9: marialazar ($2.21 in chips) 
Dorex2007: posts small blind $0.01
PampuLobboxX: posts big blind $0.02
*** HOLE CARDS ***
Dealt to Dorex2007 [Kd 2d]
pavluha13: folds 
alex791: folds 
marialazar: folds 
matt blakk: folds 
kiling1: folds 
desdinova13: folds 
Andorrior: folds 
Dorex2007: raises $0.02 to $0.04
PampuLobboxX: calls $0.02
*** FLOP *** [Ad 9d 8d]
Dorex2007: checks 
PampuLobboxX: bets $0.03
Dorex2007: calls $0.03
*** TURN *** [Ad 9d 8d] [4d]
Dorex2007: checks 
PampuLobboxX: bets $0.11
Dorex2007: raises $0.11 to $0.22
PampuLobboxX: folds 
Uncalled bet ($0.11) returned to Dorex2007
Dorex2007 collected $0.35 from pot
Dorex2007: doesn't show hand 
*** SUMMARY ***
Total pot $0.36 | Rake $0.01 
Board [Ad 9d 8d 4d]
Seat 1: matt blakk folded before Flop (didn't bet)
Seat 2: kiling1 folded before Flop (didn't bet)
Seat 3: desdinova13 folded before Flop (didn't bet)
Seat 4: Andorrior (button) folded before Flop (didn't bet)
Seat 5: Dorex2007 (small blind) collected ($0.35)
Seat 6: PampuLobboxX (big blind) folded on the Turn
Seat 7: pavluha13 folded before Flop (didn't bet)
Seat 8: alex791 folded before Flop (didn't bet)
Seat 9: marialazar folded before Flop (didn't bet)



PokerStars Hand #232730761365:  Hold'em No Limit ($0.01/$0.02 USD) - 2022/01/01 17:44:18 PT [2022/01/01 20:44:18 ET]
Table 'Castafiore II' 9-max Seat #5 is the button
Seat 1: matt blakk ($4.24 in chips) 
Seat 2: kiling1 ($1.26 in chips) 
Seat 3: desdinova13 ($2.68 in chips) 
Seat 4: Andorrior ($1.37 in chips) 
Seat 5: Dorex2007 ($2.56 in chips) 
Seat 6: PampuLobboxX ($2.33 in chips) 
Seat 7: pavluha13 ($1.10 in chips) 
Seat 8: alex791 ($2.08 in chips) 
Seat 9: marialazar ($2.21 in chips) 
PampuLobboxX: posts small blind $0.01
pavluha13: posts big blind $0.02
*** HOLE CARDS ***
Dealt to Dorex2007 [3s 7c]
alex791: folds 
marialazar: folds 
matt blakk: folds 
kiling1: raises $0.04 to $0.06
desdinova13: folds 
Andorrior: folds 
Dorex2007: folds 
PampuLobboxX: folds 
pavluha13: calls $0.04
*** FLOP *** [Kd Tc 3h]
pavluha13: checks 
kiling1: bets $0.04
pavluha13: folds 
Uncalled bet ($0.04) returned to kiling1
kiling1 collected $0.13 from pot
kiling1: doesn't show hand 
*** SUMMARY ***
Total pot $0.13 | Rake $0 
Board [Kd Tc 3h]
Seat 1: matt blakk folded before Flop (didn't bet)
Seat 2: kiling1 collected ($0.13)
Seat 3: desdinova13 folded before Flop (didn't bet)
Seat 4: Andorrior folded before Flop (didn't bet)
Seat 5: Dorex2007 (button) folded before Flop (didn't bet)
Seat 6: PampuLobboxX (small blind) folded before Flop
Seat 7: pavluha13 (big blind) folded on the Flop
Seat 8: alex791 folded before Flop (didn't bet)
Seat 9: marialazar folded before Flop (didn't bet)



PokerStars Hand #232730770376:  Hold'em No Limit ($0.01/$0.02 USD) - 2022/01/01 17:44:48 PT [2022/01/01 20:44:48 ET]
Table 'Castafiore II' 9-max Seat #6 is the button
Seat 1: matt blakk ($4.24 in chips) 
Seat 2: kiling1 ($1.33 in chips) 
Seat 3: desdinova13 ($2.68 in chips) 
Seat 4: Andorrior ($1.37 in chips) 
Seat 5: Dorex2007 ($2.56 in chips) 
Seat 6: PampuLobboxX ($2.32 in chips) 
Seat 7: pavluha13 ($1.04 in chips) 
Seat 8: alex791 ($2.08 in chips) 
Seat 9: marialazar ($2.21 in chips) 
pavluha13: posts small blind $0.01
alex791: posts big blind $0.02
*** HOLE CARDS ***
Dealt to Dorex2007 [As Td]
marialazar: raises $0.04 to $0.06
matt blakk: folds 
kiling1: folds 
desdinova13: folds 
Andorrior: folds 
Dorex2007: folds 
PampuLobboxX: folds 
pavluha13: folds 
alex791: calls $0.04
*** FLOP *** [6d 2s 4c]
alex791: checks 
marialazar: bets $0.10
alex791: calls $0.10
*** TURN *** [6d 2s 4c] [Qc]
alex791: checks 
marialazar: checks 
*** RIVER *** [6d 2s 4c Qc] [6s]
alex791: bets $0.12
marialazar: calls $0.12
*** SHOW DOWN ***
alex791: shows [7c 7h] (two pair, Sevens and Sixes)
marialazar: shows [Th Ts] (two pair, Tens and Sixes)
marialazar collected $0.55 from pot
*** SUMMARY ***
Total pot $0.57 | Rake $0.02 
Board [6d 2s 4c Qc 6s]
Seat 1: matt blakk folded before Flop (didn't bet)
Seat 2: kiling1 folded before Flop (didn't bet)
Seat 3: desdinova13 folded before Flop (didn't bet)
Seat 4: Andorrior folded before Flop (didn't bet)
Seat 5: Dorex2007 folded before Flop (didn't bet)
Seat 6: PampuLobboxX (button) folded before Flop (didn't bet)
Seat 7: pavluha13 (small blind) folded before Flop
Seat 8: alex791 (big blind) showed [7c 7h] and lost with two pair, Sevens and Sixes
Seat 9: marialazar showed [Th Ts] and won ($0.55) with two pair, Tens and Sixes



PokerStars Hand #232730787863:  Hold'em No Limit ($0.01/$0.02 USD) - 2022/01/01 17:45:47 PT [2022/01/01 20:45:47 ET]
Table 'Castafiore II' 9-max Seat #7 is the button
Seat 1: matt blakk ($4.24 in chips) 
Seat 2: kiling1 ($1.33 in chips) 
Seat 3: desdinova13 ($2.68 in chips) 
Seat 4: Andorrior ($1.37 in chips) 
Seat 5: Dorex2007 ($2.56 in chips) 
Seat 6: PampuLobboxX ($2.32 in chips) 
Seat 7: pavluha13 ($1.03 in chips) 
Seat 8: alex791 ($1.80 in chips) 
Seat 9: marialazar ($2.48 in chips) 
alex791: posts small blind $0.01
marialazar: posts big blind $0.02
*** HOLE CARDS ***
Dealt to Dorex2007 [5c 9d]
matt blakk: folds 
kiling1: folds 
desdinova13: raises $0.04 to $0.06
Andorrior: folds 
Dorex2007: folds 
PampuLobboxX: calls $0.06
pavluha13: folds 
alex791: folds 
marialazar: folds 
*** FLOP *** [3d 8h Ad]
desdinova13: bets $0.06
PampuLobboxX: calls $0.06
*** TURN *** [3d 8h Ad] [2h]
desdinova13: bets $0.16
PampuLobboxX: raises $0.22 to $0.38
desdinova13: folds 
Uncalled bet ($0.22) returned to PampuLobboxX
PampuLobboxX collected $0.57 from pot
PampuLobboxX: doesn't show hand 
*** SUMMARY ***
Total pot $0.59 | Rake $0.02 
Board [3d 8h Ad 2h]
Seat 1: matt blakk folded before Flop (didn't bet)
Seat 2: kiling1 folded before Flop (didn't bet)
Seat 3: desdinova13 folded on the Turn
Seat 4: Andorrior folded before Flop (didn't bet)
Seat 5: Dorex2007 folded before Flop (didn't bet)
Seat 6: PampuLobboxX collected ($0.57)
Seat 7: pavluha13 (button) folded before Flop (didn't bet)
Seat 8: alex791 (small blind) folded before Flop
Seat 9: marialazar (big blind) folded before Flop



