PokerStars Hand #232621394292:  Hold'em No Limit ($0.01/$0.02 USD) - 2021/12/28 20:08:54 PT [2021/12/28 23:08:54 ET]
Table 'Alrai III' 9-max Seat #3 is the button
Seat 1: mvscdrqcdl ($3.34 in chips) 
Seat 2: Dorex2007 ($2 in chips) 
Seat 3: yur4ik777 ($2.55 in chips) 
Seat 4: sergei123158 ($2.07 in chips) 
Seat 5: MC_Shamik ($2 in chips) 
Seat 6: Mombak ($1.10 in chips) 
Seat 7: danielauricella ($2.26 in chips) 
Seat 8: TesticulrCancr ($1.79 in chips) 
sergei123158: posts small blind $0.01
MC_Shamik: posts big blind $0.02
Dorex2007: posts big blind $0.02
*** HOLE CARDS ***
Dealt to Dorex2007 [5d 3d]
Mombak: folds 
danielauricella: folds 
TesticulrCancr: raises $0.02 to $0.04
mvscdrqcdl: folds 
Dorex2007: folds 
yur4ik777: folds 
sergei123158: folds 
MC_Shamik: folds 
Uncalled bet ($0.02) returned to TesticulrCancr
TesticulrCancr collected $0.07 from pot
TesticulrCancr: doesn't show hand 
*** SUMMARY ***
Total pot $0.07 | Rake $0 
Seat 1: mvscdrqcdl folded before Flop (didn't bet)
Seat 2: Dorex2007 folded before Flop (didn't bet)
Seat 3: yur4ik777 (button) folded before Flop (didn't bet)
Seat 4: sergei123158 (small blind) folded before Flop
Seat 5: MC_Shamik (big blind) folded before Flop
Seat 6: Mombak folded before Flop (didn't bet)
Seat 7: danielauricella folded before Flop (didn't bet)
Seat 8: TesticulrCancr collected ($0.07)



PokerStars Hand #232621400052:  Hold'em No Limit ($0.01/$0.02 USD) - 2021/12/28 20:09:23 PT [2021/12/28 23:09:23 ET]
Table 'Alrai III' 9-max Seat #4 is the button
Seat 1: mvscdrqcdl ($3.34 in chips) 
Seat 2: Dorex2007 ($2 in chips) 
Seat 3: yur4ik777 ($2.55 in chips) 
Seat 4: sergei123158 ($2.06 in chips) 
Seat 5: MC_Shamik ($2 in chips) 
Seat 6: Mombak ($1.10 in chips) 
Seat 7: danielauricella ($2.26 in chips) 
Seat 8: TesticulrCancr ($1.84 in chips) 
MC_Shamik: posts small blind $0.01
Mombak: posts big blind $0.02
*** HOLE CARDS ***
Dealt to Dorex2007 [6h 8d]
danielauricella: folds 
TesticulrCancr: raises $0.02 to $0.04
mvscdrqcdl: folds 
Dorex2007: folds 
yur4ik777: calls $0.04
sergei123158: folds 
MC_Shamik: folds 
Mombak: calls $0.02
*** FLOP *** [Qs Jd 3d]
Mombak: checks 
TesticulrCancr: bets $0.04
yur4ik777: calls $0.04
Mombak: folds 
*** TURN *** [Qs Jd 3d] [Ks]
TesticulrCancr: checks 
yur4ik777: bets $0.11
TesticulrCancr: calls $0.11
*** RIVER *** [Qs Jd 3d Ks] [3c]
TesticulrCancr: bets $0.12
yur4ik777: raises $0.38 to $0.50
TesticulrCancr: folds 
Uncalled bet ($0.38) returned to yur4ik777
yur4ik777 collected $0.65 from pot
yur4ik777: doesn't show hand 
*** SUMMARY ***
Total pot $0.67 | Rake $0.02 
Board [Qs Jd 3d Ks 3c]
Seat 1: mvscdrqcdl folded before Flop (didn't bet)
Seat 2: Dorex2007 folded before Flop (didn't bet)
Seat 3: yur4ik777 collected ($0.65)
Seat 4: sergei123158 (button) folded before Flop (didn't bet)
Seat 5: MC_Shamik (small blind) folded before Flop
Seat 6: Mombak (big blind) folded on the Flop
Seat 7: danielauricella folded before Flop (didn't bet)
Seat 8: TesticulrCancr folded on the River



PokerStars Hand #232621416604:  Hold'em No Limit ($0.01/$0.02 USD) - 2021/12/28 20:10:46 PT [2021/12/28 23:10:46 ET]
Table 'Alrai III' 9-max Seat #5 is the button
Seat 1: mvscdrqcdl ($3.34 in chips) 
Seat 2: Dorex2007 ($2 in chips) 
Seat 4: sergei123158 ($2.06 in chips) 
Seat 5: MC_Shamik ($2 in chips) 
Seat 6: Mombak ($1.06 in chips) 
Seat 7: danielauricella ($2.26 in chips) 
Seat 8: TesticulrCancr ($1.53 in chips) 
Mombak: posts small blind $0.01
danielauricella: posts big blind $0.02
*** HOLE CARDS ***
Dealt to Dorex2007 [Jh Jd]
TesticulrCancr: raises $0.05 to $0.07
mvscdrqcdl: folds 
Dorex2007: calls $0.07
sergei123158: folds 
MC_Shamik: folds 
Mombak: folds 
danielauricella: folds 
*** FLOP *** [3c Qs 9d]
TesticulrCancr: bets $0.12
Dorex2007: folds 
Uncalled bet ($0.12) returned to TesticulrCancr
TesticulrCancr collected $0.16 from pot
TesticulrCancr: doesn't show hand 
*** SUMMARY ***
Total pot $0.17 | Rake $0.01 
Board [3c Qs 9d]
Seat 1: mvscdrqcdl folded before Flop (didn't bet)
Seat 2: Dorex2007 folded on the Flop
Seat 4: sergei123158 folded before Flop (didn't bet)
Seat 5: MC_Shamik (button) folded before Flop (didn't bet)
Seat 6: Mombak (small blind) folded before Flop
Seat 7: danielauricella (big blind) folded before Flop
Seat 8: TesticulrCancr collected ($0.16)



PokerStars Hand #232621424324:  Hold'em No Limit ($0.01/$0.02 USD) - 2021/12/28 20:11:25 PT [2021/12/28 23:11:25 ET]
Table 'Alrai III' 9-max Seat #6 is the button
Seat 1: mvscdrqcdl ($3.34 in chips) 
Seat 2: Dorex2007 ($2 in chips) 
Seat 4: sergei123158 ($2.06 in chips) 
Seat 5: MC_Shamik ($2 in chips) 
Seat 6: Mombak ($1.05 in chips) 
Seat 7: danielauricella ($2.24 in chips) 
Seat 8: TesticulrCancr ($1.62 in chips) 
danielauricella: posts small blind $0.01
TesticulrCancr: posts big blind $0.02
*** HOLE CARDS ***
Dealt to Dorex2007 [8d Qc]
mvscdrqcdl: raises $0.04 to $0.06
Dorex2007: folds 
sergei123158: folds 
MC_Shamik: calls $0.06
Mombak: folds 
danielauricella: folds 
TesticulrCancr: raises $0.04 to $0.10
mvscdrqcdl: calls $0.04
MC_Shamik: calls $0.04
*** FLOP *** [9c 6s Td]
TesticulrCancr: bets $0.08
mvscdrqcdl: folds 
MC_Shamik: folds 
Uncalled bet ($0.08) returned to TesticulrCancr
TesticulrCancr collected $0.30 from pot
TesticulrCancr: doesn't show hand 
*** SUMMARY ***
Total pot $0.31 | Rake $0.01 
Board [9c 6s Td]
Seat 1: mvscdrqcdl folded on the Flop
Seat 2: Dorex2007 folded before Flop (didn't bet)
Seat 4: sergei123158 folded before Flop (didn't bet)
Seat 5: MC_Shamik folded on the Flop
Seat 6: Mombak (button) folded before Flop (didn't bet)
Seat 7: danielauricella (small blind) folded before Flop
Seat 8: TesticulrCancr (big blind) collected ($0.30)



PokerStars Hand #232621432180:  Hold'em No Limit ($0.01/$0.02 USD) - 2021/12/28 20:12:04 PT [2021/12/28 23:12:04 ET]
Table 'Alrai III' 9-max Seat #7 is the button
Seat 1: mvscdrqcdl ($3.24 in chips) 
Seat 2: Dorex2007 ($2 in chips) 
Seat 4: sergei123158 ($2.06 in chips) 
Seat 5: MC_Shamik ($2 in chips) 
Seat 6: Mombak ($1.85 in chips) 
Seat 7: danielauricella ($2.23 in chips) 
Seat 8: TesticulrCancr ($1.82 in chips) 
TesticulrCancr: posts small blind $0.01
mvscdrqcdl: posts big blind $0.02
*** HOLE CARDS ***
Dealt to Dorex2007 [7d 4d]
Dorex2007: folds 
sergei123158: folds 
MC_Shamik: folds 
Mombak: folds 
danielauricella: folds 
TesticulrCancr: folds 
Uncalled bet ($0.01) returned to mvscdrqcdl
mvscdrqcdl collected $0.02 from pot
mvscdrqcdl: doesn't show hand 
*** SUMMARY ***
Total pot $0.02 | Rake $0 
Seat 1: mvscdrqcdl (big blind) collected ($0.02)
Seat 2: Dorex2007 folded before Flop (didn't bet)
Seat 4: sergei123158 folded before Flop (didn't bet)
Seat 5: MC_Shamik folded before Flop (didn't bet)
Seat 6: Mombak folded before Flop (didn't bet)
Seat 7: danielauricella (button) folded before Flop (didn't bet)
Seat 8: TesticulrCancr (small blind) folded before Flop



PokerStars Hand #232621435679:  Hold'em No Limit ($0.01/$0.02 USD) - 2021/12/28 20:12:22 PT [2021/12/28 23:12:22 ET]
Table 'Alrai III' 9-max Seat #8 is the button
Seat 1: mvscdrqcdl ($3.25 in chips) 
Seat 2: Dorex2007 ($2 in chips) 
Seat 4: sergei123158 ($2.06 in chips) 
Seat 5: MC_Shamik ($2 in chips) 
Seat 6: Mombak ($1.85 in chips) 
Seat 7: danielauricella ($2.23 in chips) 
Seat 8: TesticulrCancr ($1.81 in chips) 
mvscdrqcdl: posts small blind $0.01
Dorex2007: posts big blind $0.02
*** HOLE CARDS ***
Dealt to Dorex2007 [As Ts]
sergei123158: folds 
MC_Shamik: folds 
Mombak: folds 
danielauricella: folds 
TesticulrCancr: raises $0.02 to $0.04
mvscdrqcdl: folds 
Dorex2007: calls $0.02
*** FLOP *** [Tc 8s 9h]
Dorex2007: bets $0.09
TesticulrCancr: calls $0.09
*** TURN *** [Tc 8s 9h] [Kd]
Dorex2007: bets $0.13
TesticulrCancr: calls $0.13
*** RIVER *** [Tc 8s 9h Kd] [2h]
Dorex2007: bets $0.12
TesticulrCancr: raises $1.43 to $1.55 and is all-in
Dorex2007: folds 
Uncalled bet ($1.43) returned to TesticulrCancr
TesticulrCancr collected $0.74 from pot
TesticulrCancr: doesn't show hand 
*** SUMMARY ***
Total pot $0.77 | Rake $0.03 
Board [Tc 8s 9h Kd 2h]
Seat 1: mvscdrqcdl (small blind) folded before Flop
Seat 2: Dorex2007 (big blind) folded on the River
Seat 4: sergei123158 folded before Flop (didn't bet)
Seat 5: MC_Shamik folded before Flop (didn't bet)
Seat 6: Mombak folded before Flop (didn't bet)
Seat 7: danielauricella folded before Flop (didn't bet)
Seat 8: TesticulrCancr (button) collected ($0.74)



PokerStars Hand #232621444919:  Hold'em No Limit ($0.01/$0.02 USD) - 2021/12/28 20:13:08 PT [2021/12/28 23:13:08 ET]
Table 'Alrai III' 9-max Seat #1 is the button
Seat 1: mvscdrqcdl ($3.24 in chips) 
Seat 2: Dorex2007 ($2 in chips) 
Seat 4: sergei123158 ($2.06 in chips) 
Seat 5: MC_Shamik ($2 in chips) 
Seat 6: Mombak ($1.85 in chips) 
Seat 7: danielauricella ($2.23 in chips) 
Seat 8: TesticulrCancr ($2.17 in chips) 
Dorex2007: posts small blind $0.01
sergei123158: posts big blind $0.02
*** HOLE CARDS ***
Dealt to Dorex2007 [8c 2d]
MC_Shamik: folds 
Mombak: folds 
danielauricella: raises $0.03 to $0.05
TesticulrCancr: folds 
mvscdrqcdl: folds 
Dorex2007: folds 
sergei123158: folds 
Uncalled bet ($0.03) returned to danielauricella
danielauricella collected $0.05 from pot
danielauricella: doesn't show hand 
*** SUMMARY ***
Total pot $0.05 | Rake $0 
Seat 1: mvscdrqcdl (button) folded before Flop (didn't bet)
Seat 2: Dorex2007 (small blind) folded before Flop
Seat 4: sergei123158 (big blind) folded before Flop
Seat 5: MC_Shamik folded before Flop (didn't bet)
Seat 6: Mombak folded before Flop (didn't bet)
Seat 7: danielauricella collected ($0.05)
Seat 8: TesticulrCancr folded before Flop (didn't bet)



PokerStars Hand #232621454203:  Hold'em No Limit ($0.01/$0.02 USD) - 2021/12/28 20:13:37 PT [2021/12/28 23:13:37 ET]
Table 'Alrai III' 9-max Seat #2 is the button
Seat 1: mvscdrqcdl ($3.24 in chips) 
Seat 2: Dorex2007 ($2 in chips) 
Seat 4: sergei123158 ($2.04 in chips) 
Seat 5: MC_Shamik ($2 in chips) 
Seat 6: Mombak ($1.85 in chips) 
Seat 7: danielauricella ($2.26 in chips) 
Seat 8: TesticulrCancr ($2.17 in chips) 
sergei123158: posts small blind $0.01
MC_Shamik: posts big blind $0.02
*** HOLE CARDS ***
Dealt to Dorex2007 [3d Ad]
Mombak: folds 
danielauricella: folds 
TesticulrCancr: raises $0.02 to $0.04
mvscdrqcdl: folds 
Dorex2007: folds 
sergei123158: folds 
MC_Shamik: folds 
Uncalled bet ($0.02) returned to TesticulrCancr
TesticulrCancr collected $0.05 from pot
TesticulrCancr: doesn't show hand 
*** SUMMARY ***
Total pot $0.05 | Rake $0 
Seat 1: mvscdrqcdl folded before Flop (didn't bet)
Seat 2: Dorex2007 (button) folded before Flop (didn't bet)
Seat 4: sergei123158 (small blind) folded before Flop
Seat 5: MC_Shamik (big blind) folded before Flop
Seat 6: Mombak folded before Flop (didn't bet)
Seat 7: danielauricella folded before Flop (didn't bet)
Seat 8: TesticulrCancr collected ($0.05)



PokerStars Hand #232621458475:  Hold'em No Limit ($0.01/$0.02 USD) - 2021/12/28 20:13:59 PT [2021/12/28 23:13:59 ET]
Table 'Alrai III' 9-max Seat #4 is the button
Seat 1: mvscdrqcdl ($3.24 in chips) 
Seat 2: Dorex2007 ($2 in chips) 
Seat 4: sergei123158 ($2.03 in chips) 
Seat 5: MC_Shamik ($2 in chips) 
Seat 6: Mombak ($1.85 in chips) 
Seat 7: danielauricella ($2.26 in chips) 
Seat 8: TesticulrCancr ($2.20 in chips) 
MC_Shamik: posts small blind $0.01
Mombak: posts big blind $0.02
*** HOLE CARDS ***
Dealt to Dorex2007 [9s 4c]
danielauricella: folds 
TesticulrCancr: raises $0.02 to $0.04
mvscdrqcdl: folds 
Dorex2007: folds 
sergei123158: folds 
MC_Shamik: folds 
Mombak: calls $0.02
*** FLOP *** [3s 8s 7d]
Mombak: bets $0.05
TesticulrCancr: calls $0.05
*** TURN *** [3s 8s 7d] [6h]
Mombak: bets $0.09
TesticulrCancr: calls $0.09
*** RIVER *** [3s 8s 7d 6h] [Td]
Mombak: bets $0.18
TesticulrCancr: folds 
Uncalled bet ($0.18) returned to Mombak
Mombak collected $0.36 from pot
Mombak: doesn't show hand 
*** SUMMARY ***
Total pot $0.37 | Rake $0.01 
Board [3s 8s 7d 6h Td]
Seat 1: mvscdrqcdl folded before Flop (didn't bet)
Seat 2: Dorex2007 folded before Flop (didn't bet)
Seat 4: sergei123158 (button) folded before Flop (didn't bet)
Seat 5: MC_Shamik (small blind) folded before Flop
Seat 6: Mombak (big blind) collected ($0.36)
Seat 7: danielauricella folded before Flop (didn't bet)
Seat 8: TesticulrCancr folded on the River



PokerStars Hand #232621468691:  Hold'em No Limit ($0.01/$0.02 USD) - 2021/12/28 20:14:51 PT [2021/12/28 23:14:51 ET]
Table 'Alrai III' 9-max Seat #5 is the button
Seat 1: mvscdrqcdl ($3.24 in chips) 
Seat 2: Dorex2007 ($2 in chips) 
Seat 4: sergei123158 ($2.03 in chips) 
Seat 5: MC_Shamik ($2 in chips) 
Seat 6: Mombak ($2.03 in chips) 
Seat 7: danielauricella ($2.26 in chips) 
Seat 8: TesticulrCancr ($2.02 in chips) 
Mombak: posts small blind $0.01
danielauricella: posts big blind $0.02
*** HOLE CARDS ***
Dealt to Dorex2007 [6h 3s]
TesticulrCancr: raises $0.02 to $0.04
mvscdrqcdl: calls $0.04
Dorex2007: folds 
sergei123158: calls $0.04
MC_Shamik: folds 
Mombak: calls $0.03
danielauricella: calls $0.02
*** FLOP *** [8s 6d 3h]
Mombak: checks 
danielauricella: checks 
TesticulrCancr: bets $0.08
mvscdrqcdl: calls $0.08
sergei123158: folds 
Mombak: folds 
danielauricella: folds 
*** TURN *** [8s 6d 3h] [Jd]
TesticulrCancr: bets $0.35
mvscdrqcdl: folds 
Uncalled bet ($0.35) returned to TesticulrCancr
TesticulrCancr collected $0.35 from pot
TesticulrCancr: doesn't show hand 
*** SUMMARY ***
Total pot $0.36 | Rake $0.01 
Board [8s 6d 3h Jd]
Seat 1: mvscdrqcdl folded on the Turn
Seat 2: Dorex2007 folded before Flop (didn't bet)
Seat 4: sergei123158 folded on the Flop
Seat 5: MC_Shamik (button) folded before Flop (didn't bet)
Seat 6: Mombak (small blind) folded on the Flop
Seat 7: danielauricella (big blind) folded on the Flop
Seat 8: TesticulrCancr collected ($0.35)



PokerStars Hand #232621478836:  Hold'em No Limit ($0.01/$0.02 USD) - 2021/12/28 20:15:43 PT [2021/12/28 23:15:43 ET]
Table 'Alrai III' 9-max Seat #6 is the button
Seat 1: mvscdrqcdl ($3.12 in chips) 
Seat 2: Dorex2007 ($2 in chips) 
Seat 4: sergei123158 ($2 in chips) 
Seat 5: MC_Shamik ($2 in chips) 
Seat 6: Mombak ($1.99 in chips) 
Seat 7: danielauricella ($2.22 in chips) 
Seat 8: TesticulrCancr ($2.25 in chips) 
danielauricella: posts small blind $0.01
TesticulrCancr: posts big blind $0.02
*** HOLE CARDS ***
Dealt to Dorex2007 [Ac Ah]
mvscdrqcdl: calls $0.02
Dorex2007: raises $0.04 to $0.06
sergei123158: folds 
MC_Shamik: folds 
Mombak: folds 
danielauricella: folds 
TesticulrCancr: calls $0.04
mvscdrqcdl: calls $0.04
*** FLOP *** [Jh Tc 6d]
TesticulrCancr: checks 
mvscdrqcdl: checks 
Dorex2007: bets $0.09
TesticulrCancr: folds 
mvscdrqcdl: folds 
Uncalled bet ($0.09) returned to Dorex2007
Dorex2007 collected $0.18 from pot
Dorex2007: doesn't show hand 
*** SUMMARY ***
Total pot $0.19 | Rake $0.01 
Board [Jh Tc 6d]
Seat 1: mvscdrqcdl folded on the Flop
Seat 2: Dorex2007 collected ($0.18)
Seat 4: sergei123158 folded before Flop (didn't bet)
Seat 5: MC_Shamik folded before Flop (didn't bet)
Seat 6: Mombak (button) folded before Flop (didn't bet)
Seat 7: danielauricella (small blind) folded before Flop
Seat 8: TesticulrCancr (big blind) folded on the Flop



PokerStars Hand #232621487294:  Hold'em No Limit ($0.01/$0.02 USD) - 2021/12/28 20:16:25 PT [2021/12/28 23:16:25 ET]
Table 'Alrai III' 9-max Seat #7 is the button
Seat 1: mvscdrqcdl ($3.06 in chips) 
Seat 2: Dorex2007 ($2.12 in chips) 
Seat 4: sergei123158 ($2 in chips) 
Seat 5: MC_Shamik ($2 in chips) 
Seat 6: Mombak ($1.99 in chips) 
Seat 7: danielauricella ($2.21 in chips) 
Seat 8: TesticulrCancr ($2.19 in chips) 
TesticulrCancr: posts small blind $0.01
mvscdrqcdl: posts big blind $0.02
*** HOLE CARDS ***
Dealt to Dorex2007 [3h 3d]
Dorex2007: folds 
sergei123158: folds 
MC_Shamik: raises $0.03 to $0.05
Mombak: calls $0.05
danielauricella: folds 
TesticulrCancr: raises $0.03 to $0.08
mvscdrqcdl: raises $0.08 to $0.16
MC_Shamik: calls $0.11
Mombak: calls $0.11
TesticulrCancr: raises $0.08 to $0.24
mvscdrqcdl: calls $0.08
MC_Shamik: calls $0.08
Mombak: calls $0.08
*** FLOP *** [Ac 8h Ts]
TesticulrCancr: bets $1.95 and is all-in
mvscdrqcdl: raises $0.87 to $2.82 and is all-in
MC_Shamik: folds 
Mombak: calls $1.75 and is all-in
Uncalled bet ($0.87) returned to mvscdrqcdl
*** TURN *** [Ac 8h Ts] [As]
*** RIVER *** [Ac 8h Ts As] [7h]
*** SHOW DOWN ***
TesticulrCancr: shows [Qc Qd] (two pair, Aces and Queens)
mvscdrqcdl: shows [Kh Ad] (three of a kind, Aces)
mvscdrqcdl collected $0.39 from side pot
Mombak: shows [Ah Kc] (three of a kind, Aces)
mvscdrqcdl collected $3 from main pot
Mombak collected $2.99 from main pot
Pierotpro leaves the table
*** SUMMARY ***
Total pot $6.61 Main pot $5.99. Side pot $0.39. | Rake $0.23 
Board [Ac 8h Ts As 7h]
Seat 1: mvscdrqcdl (big blind) showed [Kh Ad] and won ($3.39) with three of a kind, Aces
Seat 2: Dorex2007 folded before Flop (didn't bet)
Seat 4: sergei123158 folded before Flop (didn't bet)
Seat 5: MC_Shamik folded on the Flop
Seat 6: Mombak showed [Ah Kc] and won ($2.99) with three of a kind, Aces
Seat 7: danielauricella (button) folded before Flop (didn't bet)
Seat 8: TesticulrCancr (small blind) showed [Qc Qd] and lost with two pair, Aces and Queens



PokerStars Hand #232621499959:  Hold'em No Limit ($0.01/$0.02 USD) - 2021/12/28 20:17:29 PT [2021/12/28 23:17:29 ET]
Table 'Alrai III' 9-max Seat #1 is the button
Seat 1: mvscdrqcdl ($4.26 in chips) 
Seat 2: Dorex2007 ($2.12 in chips) 
Seat 3: yur4ik777 ($2.89 in chips) 
Seat 4: sergei123158 ($2 in chips) 
Seat 5: MC_Shamik ($2 in chips) 
Seat 6: Mombak ($2.99 in chips) 
Seat 7: danielauricella ($2.21 in chips) 
Dorex2007: posts small blind $0.01
yur4ik777: posts big blind $0.02
*** HOLE CARDS ***
Dealt to Dorex2007 [Jh 8h]
sergei123158: folds 
MC_Shamik: folds 
Mombak: calls $0.02
danielauricella: raises $0.03 to $0.05
mvscdrqcdl: folds 
Dorex2007: folds 
TesticulrCancr is disconnected 
yur4ik777: raises $0.13 to $0.18
dthstd joins the table at seat #9 
Mombak: folds 
danielauricella: folds 
Uncalled bet ($0.13) returned to yur4ik777
yur4ik777 collected $0.13 from pot
yur4ik777: doesn't show hand 
*** SUMMARY ***
Total pot $0.13 | Rake $0 
Seat 1: mvscdrqcdl (button) folded before Flop (didn't bet)
Seat 2: Dorex2007 (small blind) folded before Flop
Seat 3: yur4ik777 (big blind) collected ($0.13)
Seat 4: sergei123158 folded before Flop (didn't bet)
Seat 5: MC_Shamik folded before Flop (didn't bet)
Seat 6: Mombak folded before Flop
Seat 7: danielauricella folded before Flop



PokerStars Hand #232621509761:  Hold'em No Limit ($0.01/$0.02 USD) - 2021/12/28 20:18:19 PT [2021/12/28 23:18:19 ET]
Table 'Alrai III' 9-max Seat #2 is the button
Seat 1: mvscdrqcdl ($4.26 in chips) 
Seat 2: Dorex2007 ($2.11 in chips) 
Seat 3: yur4ik777 ($2.97 in chips) 
Seat 4: sergei123158 ($2 in chips) 
Seat 5: MC_Shamik ($2 in chips) 
Seat 6: Mombak ($2.97 in chips) 
Seat 7: danielauricella ($2.16 in chips) 
yur4ik777: posts small blind $0.01
sergei123158: posts big blind $0.02
dthstd: sits out 
*** HOLE CARDS ***
Dealt to Dorex2007 [7d 7s]
MC_Shamik: folds 
Mombak: raises $0.02 to $0.04
danielauricella: folds 
mvscdrqcdl: folds 
Dorex2007: calls $0.04
yur4ik777: calls $0.03
sergei123158: folds 
*** FLOP *** [Js 5h 9s]
yur4ik777: checks 
Mombak: bets $0.07
Dorex2007: folds 
yur4ik777: calls $0.07
*** TURN *** [Js 5h 9s] [3d]
yur4ik777: checks 
Mombak: bets $0.14
yur4ik777: calls $0.14
*** RIVER *** [Js 5h 9s 3d] [Kd]
yur4ik777: bets $0.41
Mombak: raises $0.41 to $0.82
yur4ik777: raises $1.90 to $2.72 and is all-in
Mombak: calls $1.90 and is all-in
*** SHOW DOWN ***
yur4ik777: shows [Tc Qc] (a straight, Nine to King)
Mombak: shows [Th Qh] (a straight, Nine to King)
yur4ik777 collected $2.90 from pot
Mombak collected $2.89 from pot
*** SUMMARY ***
Total pot $6 | Rake $0.21 
Board [Js 5h 9s 3d Kd]
Seat 1: mvscdrqcdl folded before Flop (didn't bet)
Seat 2: Dorex2007 (button) folded on the Flop
Seat 3: yur4ik777 (small blind) showed [Tc Qc] and won ($2.90) with a straight, Nine to King
Seat 4: sergei123158 (big blind) folded before Flop
Seat 5: MC_Shamik folded before Flop (didn't bet)
Seat 6: Mombak showed [Th Qh] and won ($2.89) with a straight, Nine to King
Seat 7: danielauricella folded before Flop (didn't bet)



PokerStars Hand #232621523670:  Hold'em No Limit ($0.01/$0.02 USD) - 2021/12/28 20:19:29 PT [2021/12/28 23:19:29 ET]
Table 'Alrai III' 9-max Seat #3 is the button
Seat 1: mvscdrqcdl ($4.26 in chips) 
Seat 2: Dorex2007 ($2.07 in chips) 
Seat 3: yur4ik777 ($2.90 in chips) 
Seat 4: sergei123158 ($2 in chips) 
Seat 5: MC_Shamik ($2 in chips) 
Seat 6: Mombak ($2.89 in chips) 
Seat 7: danielauricella ($2.16 in chips) 
sergei123158: posts small blind $0.01
MC_Shamik: posts big blind $0.02
dthstd: sits out 
*** HOLE CARDS ***
Dealt to Dorex2007 [Kc Qh]
Mombak said, "LOL"
Mombak: folds 
danielauricella: folds 
mvscdrqcdl: folds 
Dorex2007: raises $0.04 to $0.06
yur4ik777: folds 
sergei123158: folds 
MC_Shamik: calls $0.04
*** FLOP *** [7s Ts 8d]
Mombak leaves the table
MC_Shamik: checks 
Dorex2007: checks 
*** TURN *** [7s Ts 8d] [Tc]
MC_Shamik: checks 
Dorex2007: bets $0.09
MC_Shamik: folds 
Uncalled bet ($0.09) returned to Dorex2007
Dorex2007 collected $0.13 from pot
Dorex2007: doesn't show hand 
*** SUMMARY ***
Total pot $0.13 | Rake $0 
Board [7s Ts 8d Tc]
Seat 1: mvscdrqcdl folded before Flop (didn't bet)
Seat 2: Dorex2007 collected ($0.13)
Seat 3: yur4ik777 (button) folded before Flop (didn't bet)
Seat 4: sergei123158 (small blind) folded before Flop
Seat 5: MC_Shamik (big blind) folded on the Turn
Seat 6: Mombak folded before Flop (didn't bet)
Seat 7: danielauricella folded before Flop (didn't bet)



PokerStars Hand #232621529889:  Hold'em No Limit ($0.01/$0.02 USD) - 2021/12/28 20:20:01 PT [2021/12/28 23:20:01 ET]
Table 'Alrai III' 9-max Seat #4 is the button
Seat 1: mvscdrqcdl ($4.26 in chips) 
Seat 2: Dorex2007 ($2.14 in chips) 
Seat 3: yur4ik777 ($2.90 in chips) 
Seat 4: sergei123158 ($2 in chips) 
Seat 5: MC_Shamik ($2 in chips) 
Seat 7: danielauricella ($2.16 in chips) 
MC_Shamik: posts small blind $0.01
danielauricella: posts big blind $0.02
dthstd: sits out 
*** HOLE CARDS ***
Dealt to Dorex2007 [Kc 8h]
mvscdrqcdl: folds 
Dorex2007: folds 
yur4ik777: raises $0.05 to $0.07
sergei123158: folds 
zevsss555 joins the table at seat #6 
MC_Shamik: folds 
danielauricella: folds 
Uncalled bet ($0.05) returned to yur4ik777
yur4ik777 collected $0.05 from pot
yur4ik777: doesn't show hand 
*** SUMMARY ***
Total pot $0.05 | Rake $0 
Seat 1: mvscdrqcdl folded before Flop (didn't bet)
Seat 2: Dorex2007 folded before Flop (didn't bet)
Seat 3: yur4ik777 collected ($0.05)
Seat 4: sergei123158 (button) folded before Flop (didn't bet)
Seat 5: MC_Shamik (small blind) folded before Flop
Seat 7: danielauricella (big blind) folded before Flop



PokerStars Hand #232621535616:  Hold'em No Limit ($0.01/$0.02 USD) - 2021/12/28 20:20:30 PT [2021/12/28 23:20:30 ET]
Table 'Alrai III' 9-max Seat #5 is the button
Seat 1: mvscdrqcdl ($4.26 in chips) 
Seat 2: Dorex2007 ($2.14 in chips) 
Seat 3: yur4ik777 ($2.93 in chips) 
Seat 4: sergei123158 ($2 in chips) 
Seat 5: MC_Shamik ($2 in chips) 
Seat 7: danielauricella ($2.14 in chips) 
Seat 9: dthstd ($2 in chips) 
danielauricella: posts small blind $0.01
dthstd: posts big blind $0.02
*** HOLE CARDS ***
Dealt to Dorex2007 [Qc 6h]
mvscdrqcdl: folds 
Dorex2007: folds 
yur4ik777: folds 
sergei123158: folds 
MC_Shamik: folds 
danielauricella: raises $0.05 to $0.07
dthstd: folds 
Uncalled bet ($0.05) returned to danielauricella
danielauricella collected $0.04 from pot
danielauricella: doesn't show hand 
*** SUMMARY ***
Total pot $0.04 | Rake $0 
Seat 1: mvscdrqcdl folded before Flop (didn't bet)
Seat 2: Dorex2007 folded before Flop (didn't bet)
Seat 3: yur4ik777 folded before Flop (didn't bet)
Seat 4: sergei123158 folded before Flop (didn't bet)
Seat 5: MC_Shamik (button) folded before Flop (didn't bet)
Seat 7: danielauricella (small blind) collected ($0.04)
Seat 9: dthstd (big blind) folded before Flop



PokerStars Hand #232621540616:  Hold'em No Limit ($0.01/$0.02 USD) - 2021/12/28 20:20:56 PT [2021/12/28 23:20:56 ET]
Table 'Alrai III' 9-max Seat #7 is the button
Seat 1: mvscdrqcdl ($4.26 in chips) 
Seat 2: Dorex2007 ($2.14 in chips) 
Seat 3: yur4ik777 ($2.93 in chips) 
Seat 4: sergei123158 ($2 in chips) 
Seat 5: MC_Shamik ($2 in chips) 
Seat 6: zevsss555 ($0.80 in chips) 
Seat 7: danielauricella ($2.16 in chips) 
Seat 9: dthstd ($1.98 in chips) 
dthstd: posts small blind $0.01
mvscdrqcdl: posts big blind $0.02
zevsss555: posts big blind $0.02
*** HOLE CARDS ***
Dealt to Dorex2007 [Qh 6d]
Dorex2007: folds 
yur4ik777: folds 
sergei123158: folds 
MC_Shamik: folds 
zevsss555: checks 
danielauricella: folds 
dthstd: calls $0.01
mvscdrqcdl: checks 
*** FLOP *** [8d 3d 9h]
dthstd: bets $0.04
mvscdrqcdl: folds 
zevsss555: calls $0.04
*** TURN *** [8d 3d 9h] [Ac]
dthstd: bets $0.14
zevsss555: folds 
Uncalled bet ($0.14) returned to dthstd
dthstd collected $0.14 from pot
dthstd: doesn't show hand 
*** SUMMARY ***
Total pot $0.14 | Rake $0 
Board [8d 3d 9h Ac]
Seat 1: mvscdrqcdl (big blind) folded on the Flop
Seat 2: Dorex2007 folded before Flop (didn't bet)
Seat 3: yur4ik777 folded before Flop (didn't bet)
Seat 4: sergei123158 folded before Flop (didn't bet)
Seat 5: MC_Shamik folded before Flop (didn't bet)
Seat 6: zevsss555 folded on the Turn
Seat 7: danielauricella (button) folded before Flop (didn't bet)
Seat 9: dthstd (small blind) collected ($0.14)



PokerStars Hand #232621555433:  Hold'em No Limit ($0.01/$0.02 USD) - 2021/12/28 20:21:41 PT [2021/12/28 23:21:41 ET]
Table 'Alrai III' 9-max Seat #9 is the button
Seat 1: mvscdrqcdl ($4.24 in chips) 
Seat 2: Dorex2007 ($2.14 in chips) 
Seat 3: yur4ik777 ($2.93 in chips) 
Seat 4: sergei123158 ($2 in chips) 
Seat 5: MC_Shamik ($2 in chips) 
Seat 6: zevsss555 ($0.74 in chips) 
Seat 7: danielauricella ($2.16 in chips) 
Seat 9: dthstd ($2.06 in chips) 
mvscdrqcdl: posts small blind $0.01
Dorex2007: posts big blind $0.02
*** HOLE CARDS ***
Dealt to Dorex2007 [Qh 7s]
yur4ik777: folds 
sergei123158: folds 
MC_Shamik: folds 
zevsss555: folds 
danielauricella: raises $0.03 to $0.05
dthstd: folds 
dthstd leaves the table
MyTHaeBoka joins the table at seat #9 
mvscdrqcdl: folds 
Dorex2007: folds 
Uncalled bet ($0.03) returned to danielauricella
danielauricella collected $0.05 from pot
danielauricella: doesn't show hand 
*** SUMMARY ***
Total pot $0.05 | Rake $0 
Seat 1: mvscdrqcdl (small blind) folded before Flop
Seat 2: Dorex2007 (big blind) folded before Flop
Seat 3: yur4ik777 folded before Flop (didn't bet)
Seat 4: sergei123158 folded before Flop (didn't bet)
Seat 5: MC_Shamik folded before Flop (didn't bet)
Seat 6: zevsss555 folded before Flop (didn't bet)
Seat 7: danielauricella collected ($0.05)
Seat 9: dthstd (button) folded before Flop (didn't bet)



PokerStars Hand #232621563598:  Hold'em No Limit ($0.01/$0.02 USD) - 2021/12/28 20:22:02 PT [2021/12/28 23:22:02 ET]
Table 'Alrai III' 9-max Seat #1 is the button
Seat 1: mvscdrqcdl ($4.23 in chips) 
Seat 2: Dorex2007 ($2.12 in chips) 
Seat 3: yur4ik777 ($2.93 in chips) 
Seat 4: sergei123158 ($2 in chips) 
Seat 5: MC_Shamik ($2 in chips) 
Seat 6: zevsss555 ($0.74 in chips) 
Seat 7: danielauricella ($2.19 in chips) 
Seat 9: MyTHaeBoka ($2 in chips) 
Dorex2007: posts small blind $0.01
yur4ik777: posts big blind $0.02
MyTHaeBoka: posts big blind $0.02
*** HOLE CARDS ***
Dealt to Dorex2007 [3c Tc]
sergei123158: folds 
MC_Shamik: folds 
zevsss555: calls $0.02
danielauricella: folds 
MyTHaeBoka: checks 
mvscdrqcdl: calls $0.02
Dorex2007: folds 
yur4ik777: checks 
*** FLOP *** [8c 5c 3h]
yur4ik777: checks 
zevsss555: bets $0.06
MyTHaeBoka: folds 
mvscdrqcdl: calls $0.06
yur4ik777: folds 
*** TURN *** [8c 5c 3h] [7h]
zevsss555: bets $0.08
mvscdrqcdl: raises $4.07 to $4.15 and is all-in
sergei123158 leaves the table
zevsss555: calls $0.58 and is all-in
Uncalled bet ($3.49) returned to mvscdrqcdl
*** RIVER *** [8c 5c 3h 7h] [Jd]
*** SHOW DOWN ***
zevsss555: shows [Qc 8d] (a pair of Eights)
mvscdrqcdl: shows [6c 4d] (a straight, Four to Eight)
mvscdrqcdl collected $1.48 from pot
*** SUMMARY ***
Total pot $1.53 | Rake $0.05 
Board [8c 5c 3h 7h Jd]
Seat 1: mvscdrqcdl (button) showed [6c 4d] and won ($1.48) with a straight, Four to Eight
Seat 2: Dorex2007 (small blind) folded before Flop
Seat 3: yur4ik777 (big blind) folded on the Flop
Seat 4: sergei123158 folded before Flop (didn't bet)
Seat 5: MC_Shamik folded before Flop (didn't bet)
Seat 6: zevsss555 showed [Qc 8d] and lost with a pair of Eights
Seat 7: danielauricella folded before Flop (didn't bet)
Seat 9: MyTHaeBoka folded on the Flop (didn't bet)



PokerStars Hand #232621575450:  Hold'em No Limit ($0.01/$0.02 USD) - 2021/12/28 20:23:03 PT [2021/12/28 23:23:03 ET]
Table 'Alrai III' 9-max Seat #2 is the button
Seat 1: mvscdrqcdl ($4.97 in chips) 
Seat 2: Dorex2007 ($2.11 in chips) 
Seat 3: yur4ik777 ($2.91 in chips) 
Seat 5: MC_Shamik ($2 in chips) 
Seat 7: danielauricella ($2.19 in chips) 
Seat 9: MyTHaeBoka ($1.98 in chips) 
yur4ik777: posts small blind $0.01
MC_Shamik: posts big blind $0.02
*** HOLE CARDS ***
Dealt to Dorex2007 [8h Th]
danielauricella: folds 
MyTHaeBoka: raises $0.03 to $0.05
mvscdrqcdl: folds 
zevsss555 leaves the table
Dorex2007: folds 
yur4ik777: folds 
MC_Shamik: folds 
Uncalled bet ($0.03) returned to MyTHaeBoka
MyTHaeBoka collected $0.05 from pot
MyTHaeBoka: doesn't show hand 
*** SUMMARY ***
Total pot $0.05 | Rake $0 
Seat 1: mvscdrqcdl folded before Flop (didn't bet)
Seat 2: Dorex2007 (button) folded before Flop (didn't bet)
Seat 3: yur4ik777 (small blind) folded before Flop
Seat 5: MC_Shamik (big blind) folded before Flop
Seat 7: danielauricella folded before Flop (didn't bet)
Seat 9: MyTHaeBoka collected ($0.05)



PokerStars Hand #232621577956:  Hold'em No Limit ($0.01/$0.02 USD) - 2021/12/28 20:23:16 PT [2021/12/28 23:23:16 ET]
Table 'Alrai III' 9-max Seat #3 is the button
Seat 1: mvscdrqcdl ($4.97 in chips) 
Seat 2: Dorex2007 ($2.11 in chips) 
Seat 3: yur4ik777 ($2.90 in chips) 
Seat 5: MC_Shamik ($2 in chips) 
Seat 7: danielauricella ($2.19 in chips) 
Seat 9: MyTHaeBoka ($2.01 in chips) 
MC_Shamik: posts small blind $0.01
danielauricella: posts big blind $0.02
*** HOLE CARDS ***
Dealt to Dorex2007 [5c 3h]
MyTHaeBoka: folds 
mvscdrqcdl: raises $0.04 to $0.06
Dorex2007: folds 
yur4ik777: calls $0.06
MC_Shamik: folds 
danielauricella: folds 
*** FLOP *** [2s 6d 7c]
mvscdrqcdl: checks 
yur4ik777: bets $0.11
mvscdrqcdl: folds 
Uncalled bet ($0.11) returned to yur4ik777
yur4ik777 collected $0.14 from pot
yur4ik777: doesn't show hand 
*** SUMMARY ***
Total pot $0.15 | Rake $0.01 
Board [2s 6d 7c]
Seat 1: mvscdrqcdl folded on the Flop
Seat 2: Dorex2007 folded before Flop (didn't bet)
Seat 3: yur4ik777 (button) collected ($0.14)
Seat 5: MC_Shamik (small blind) folded before Flop
Seat 7: danielauricella (big blind) folded before Flop
Seat 9: MyTHaeBoka folded before Flop (didn't bet)



PokerStars Hand #232621583771:  Hold'em No Limit ($0.01/$0.02 USD) - 2021/12/28 20:23:46 PT [2021/12/28 23:23:46 ET]
Table 'Alrai III' 9-max Seat #5 is the button
Seat 1: mvscdrqcdl ($4.91 in chips) 
Seat 2: Dorex2007 ($2.11 in chips) 
Seat 3: yur4ik777 ($2.98 in chips) 
Seat 5: MC_Shamik ($2 in chips) 
Seat 7: danielauricella ($2.17 in chips) 
Seat 9: MyTHaeBoka ($2.01 in chips) 
danielauricella: posts small blind $0.01
MyTHaeBoka: posts big blind $0.02
*** HOLE CARDS ***
Dealt to Dorex2007 [5h 3d]
mvscdrqcdl: folds 
Dorex2007 has timed out
Dorex2007: folds 
yur4ik777: folds 
MC_Shamik: raises $0.03 to $0.05
danielauricella: folds 
MyTHaeBoka: folds 
Uncalled bet ($0.03) returned to MC_Shamik
MC_Shamik collected $0.05 from pot
MC_Shamik: doesn't show hand 
*** SUMMARY ***
Total pot $0.05 | Rake $0 
Seat 1: mvscdrqcdl folded before Flop (didn't bet)
Seat 2: Dorex2007 folded before Flop (didn't bet)
Seat 3: yur4ik777 folded before Flop (didn't bet)
Seat 5: MC_Shamik (button) collected ($0.05)
Seat 7: danielauricella (small blind) folded before Flop
Seat 9: MyTHaeBoka (big blind) folded before Flop



