PokerStars Hand #231388410742:  Hold'em No Limit ($0.01/$0.02 USD) - 2021/11/13 21:04:00 PT [2021/11/14 0:04:00 ET]
Table 'Schilt II' 9-max Seat #8 is the button
Seat 1: elpela2000 ($1.45 in chips) 
Seat 2: VilpPS ($2.51 in chips) 
Seat 3: Ancalagon651 ($2 in chips) 
Seat 4: TheDuffMan3 ($1.15 in chips) 
Seat 5: frosa9397 ($3.78 in chips) 
Seat 6: Dorex2007 ($2 in chips) 
Seat 7: JungleManV ($3.83 in chips) 
Seat 8: DonBawor ($5.30 in chips) 
Seat 9: Adrel ($1.52 in chips) 
Adrel: posts small blind $0.01
elpela2000: posts big blind $0.02
Dorex2007: posts big blind $0.02
*** HOLE CARDS ***
Dealt to Dorex2007 [5s 6s]
VilpPS: raises $0.04 to $0.06
DonBawor said, "bluff."
Ancalagon651: calls $0.06
TheDuffMan3: folds 
frosa9397: calls $0.06
Dorex2007: folds 
JungleManV: folds 
DonBawor: calls $0.06
Adrel: folds 
elpela2000: folds 
*** FLOP *** [Kd Ts 2d]
VilpPS: checks 
Ancalagon651: checks 
frosa9397: checks 
DonBawor: checks 
*** TURN *** [Kd Ts 2d] [4s]
VilpPS: checks 
Ancalagon651: checks 
frosa9397: checks 
DonBawor: checks 
*** RIVER *** [Kd Ts 2d 4s] [Ac]
VilpPS: checks 
Ancalagon651: bets $0.06
frosa9397: folds 
DonBawor: folds 
VilpPS: folds 
Uncalled bet ($0.06) returned to Ancalagon651
Ancalagon651 collected $0.28 from pot
Ancalagon651: doesn't show hand 
*** SUMMARY ***
Total pot $0.29 | Rake $0.01 
Board [Kd Ts 2d 4s Ac]
Seat 1: elpela2000 (big blind) folded before Flop
Seat 2: VilpPS folded on the River
Seat 3: Ancalagon651 collected ($0.28)
Seat 4: TheDuffMan3 folded before Flop (didn't bet)
Seat 5: frosa9397 folded on the River
Seat 6: Dorex2007 folded before Flop (didn't bet)
Seat 7: JungleManV folded before Flop (didn't bet)
Seat 8: DonBawor (button) folded on the River
Seat 9: Adrel (small blind) folded before Flop



PokerStars Hand #231388420976:  Hold'em No Limit ($0.01/$0.02 USD) - 2021/11/13 21:05:05 PT [2021/11/14 0:05:05 ET]
Table 'Schilt II' 9-max Seat #9 is the button
Seat 1: elpela2000 ($1.43 in chips) 
Seat 2: VilpPS ($2.45 in chips) 
Seat 3: Ancalagon651 ($2.22 in chips) 
Seat 4: TheDuffMan3 ($1.15 in chips) 
Seat 5: frosa9397 ($3.72 in chips) 
Seat 6: Dorex2007 ($2 in chips) 
Seat 8: DonBawor ($5.24 in chips) 
Seat 9: Adrel ($1.51 in chips) 
elpela2000: posts small blind $0.01
VilpPS: posts big blind $0.02
*** HOLE CARDS ***
Dealt to Dorex2007 [Qs 6h]
Ancalagon651: raises $0.02 to $0.04
TheDuffMan3: folds 
frosa9397: folds 
Dorex2007: folds 
DonBawor: calls $0.04
Adrel: calls $0.04
elpela2000: folds 
VilpPS: folds 
*** FLOP *** [9c Jc Jd]
Ancalagon651: bets $0.04
DonBawor: folds 
Adrel: calls $0.04
*** TURN *** [9c Jc Jd] [Kh]
Ancalagon651: bets $0.06
Adrel: calls $0.06
*** RIVER *** [9c Jc Jd Kh] [Ah]
Ancalagon651: bets $0.10
Adrel: folds 
Uncalled bet ($0.10) returned to Ancalagon651
Ancalagon651 collected $0.34 from pot
Ancalagon651: doesn't show hand 
*** SUMMARY ***
Total pot $0.35 | Rake $0.01 
Board [9c Jc Jd Kh Ah]
Seat 1: elpela2000 (small blind) folded before Flop
Seat 2: VilpPS (big blind) folded before Flop
Seat 3: Ancalagon651 collected ($0.34)
Seat 4: TheDuffMan3 folded before Flop (didn't bet)
Seat 5: frosa9397 folded before Flop (didn't bet)
Seat 6: Dorex2007 folded before Flop (didn't bet)
Seat 8: DonBawor folded on the Flop
Seat 9: Adrel (button) folded on the River



PokerStars Hand #231388434902:  Hold'em No Limit ($0.01/$0.02 USD) - 2021/11/13 21:05:48 PT [2021/11/14 0:05:48 ET]
Table 'Schilt II' 9-max Seat #1 is the button
Seat 1: elpela2000 ($1.42 in chips) 
Seat 2: VilpPS ($2.43 in chips) 
Seat 3: Ancalagon651 ($2.42 in chips) 
Seat 4: TheDuffMan3 ($1.15 in chips) 
Seat 5: frosa9397 ($3.72 in chips) 
Seat 6: Dorex2007 ($2 in chips) 
Seat 8: DonBawor ($5.20 in chips) 
Seat 9: Adrel ($1.37 in chips) 
VilpPS: posts small blind $0.01
Ancalagon651: posts big blind $0.02
*** HOLE CARDS ***
Dealt to Dorex2007 [Ac 8h]
TheDuffMan3: raises $0.04 to $0.06
frosa9397: folds 
Dorex2007: folds 
DonBawor: folds 
Adrel: calls $0.06
elpela2000: folds 
VilpPS: folds 
Ancalagon651: calls $0.04
*** FLOP *** [6d Td 9h]
Ancalagon651: checks 
TheDuffMan3: bets $0.18
Adrel: folds 
Ancalagon651: folds 
Uncalled bet ($0.18) returned to TheDuffMan3
TheDuffMan3 collected $0.18 from pot
TheDuffMan3: doesn't show hand 
*** SUMMARY ***
Total pot $0.19 | Rake $0.01 
Board [6d Td 9h]
Seat 1: elpela2000 (button) folded before Flop (didn't bet)
Seat 2: VilpPS (small blind) folded before Flop
Seat 3: Ancalagon651 (big blind) folded on the Flop
Seat 4: TheDuffMan3 collected ($0.18)
Seat 5: frosa9397 folded before Flop (didn't bet)
Seat 6: Dorex2007 folded before Flop (didn't bet)
Seat 8: DonBawor folded before Flop (didn't bet)
Seat 9: Adrel folded on the Flop



PokerStars Hand #231388440202:  Hold'em No Limit ($0.01/$0.02 USD) - 2021/11/13 21:06:21 PT [2021/11/14 0:06:21 ET]
Table 'Schilt II' 9-max Seat #2 is the button
Seat 1: elpela2000 ($1.42 in chips) 
Seat 2: VilpPS ($2.42 in chips) 
Seat 3: Ancalagon651 ($2.36 in chips) 
Seat 4: TheDuffMan3 ($1.27 in chips) 
Seat 5: frosa9397 ($3.72 in chips) 
Seat 6: Dorex2007 ($2 in chips) 
Seat 8: DonBawor ($5.20 in chips) 
Seat 9: Adrel ($1.31 in chips) 
Ancalagon651: posts small blind $0.01
TheDuffMan3: posts big blind $0.02
*** HOLE CARDS ***
Dealt to Dorex2007 [9h 4h]
frosa9397: raises $0.09 to $0.11
Dorex2007: folds 
DonBawor: folds 
Adrel: calls $0.11
elpela2000: folds 
VilpPS: folds 
Ancalagon651: folds 
TheDuffMan3: calls $0.09
*** FLOP *** [2h 5h 9d]
TheDuffMan3: checks 
frosa9397: bets $0.20
Adrel: folds 
TheDuffMan3: folds 
Uncalled bet ($0.20) returned to frosa9397
frosa9397 collected $0.33 from pot
frosa9397: doesn't show hand 
*** SUMMARY ***
Total pot $0.34 | Rake $0.01 
Board [2h 5h 9d]
Seat 1: elpela2000 folded before Flop (didn't bet)
Seat 2: VilpPS (button) folded before Flop (didn't bet)
Seat 3: Ancalagon651 (small blind) folded before Flop
Seat 4: TheDuffMan3 (big blind) folded on the Flop
Seat 5: frosa9397 collected ($0.33)
Seat 6: Dorex2007 folded before Flop (didn't bet)
Seat 8: DonBawor folded before Flop (didn't bet)
Seat 9: Adrel folded on the Flop



PokerStars Hand #231388446522:  Hold'em No Limit ($0.01/$0.02 USD) - 2021/11/13 21:07:01 PT [2021/11/14 0:07:01 ET]
Table 'Schilt II' 9-max Seat #3 is the button
Seat 1: elpela2000 ($1.42 in chips) 
Seat 2: VilpPS ($2.42 in chips) 
Seat 3: Ancalagon651 ($2.35 in chips) 
Seat 4: TheDuffMan3 ($1.16 in chips) 
Seat 5: frosa9397 ($3.94 in chips) 
Seat 6: Dorex2007 ($2 in chips) 
Seat 8: DonBawor ($5.20 in chips) 
Seat 9: Adrel ($1.20 in chips) 
TheDuffMan3: posts small blind $0.01
frosa9397: posts big blind $0.02
*** HOLE CARDS ***
Dealt to Dorex2007 [7c 6h]
Dorex2007: folds 
JungleManV leaves the table
DonBawor: folds 
Adrel: calls $0.02
elpela2000: folds 
VilpPS: folds 
Ancalagon651: folds 
TheDuffMan3: calls $0.01
frosa9397: checks 
*** FLOP *** [Td Th 5s]
TheDuffMan3: checks 
frosa9397: checks 
Adrel: checks 
*** TURN *** [Td Th 5s] [4d]
Woodie YUL joins the table at seat #7 
TheDuffMan3: bets $0.06
frosa9397: calls $0.06
Adrel: folds 
*** RIVER *** [Td Th 5s 4d] [3s]
TheDuffMan3: bets $0.17
frosa9397: raises $0.42 to $0.59
TheDuffMan3: folds 
Uncalled bet ($0.42) returned to frosa9397
frosa9397 collected $0.50 from pot
frosa9397: doesn't show hand 
*** SUMMARY ***
Total pot $0.52 | Rake $0.02 
Board [Td Th 5s 4d 3s]
Seat 1: elpela2000 folded before Flop (didn't bet)
Seat 2: VilpPS folded before Flop (didn't bet)
Seat 3: Ancalagon651 (button) folded before Flop (didn't bet)
Seat 4: TheDuffMan3 (small blind) folded on the River
Seat 5: frosa9397 (big blind) collected ($0.50)
Seat 6: Dorex2007 folded before Flop (didn't bet)
Seat 8: DonBawor folded before Flop (didn't bet)
Seat 9: Adrel folded on the Turn



PokerStars Hand #231388456627:  Hold'em No Limit ($0.01/$0.02 USD) - 2021/11/13 21:08:05 PT [2021/11/14 0:08:05 ET]
Table 'Schilt II' 9-max Seat #4 is the button
Seat 1: elpela2000 ($1.42 in chips) 
Seat 2: VilpPS ($2.42 in chips) 
Seat 3: Ancalagon651 ($2.35 in chips) 
Seat 4: TheDuffMan3 ($0.91 in chips) 
Seat 5: frosa9397 ($4.19 in chips) 
Seat 6: Dorex2007 ($2 in chips) 
Seat 8: DonBawor ($5.20 in chips) 
Seat 9: Adrel ($1.18 in chips) 
frosa9397: posts small blind $0.01
Dorex2007: posts big blind $0.02
Woodie YUL: sits out 
*** HOLE CARDS ***
Dealt to Dorex2007 [9d 2s]
DonBawor: raises $0.02 to $0.04
Adrel: calls $0.04
elpela2000: calls $0.04
VilpPS: calls $0.04
Ancalagon651: calls $0.04
TheDuffMan3: calls $0.04
frosa9397: folds 
Dorex2007: folds 
*** FLOP *** [5d Qd 5c]
DonBawor: bets $0.06
Adrel: calls $0.06
elpela2000: calls $0.06
VilpPS: folds 
Ancalagon651: calls $0.06
TheDuffMan3: folds 
*** TURN *** [5d Qd 5c] [7c]
DonBawor: bets $0.08
Adrel: calls $0.08
elpela2000: calls $0.08
Ancalagon651: calls $0.08
*** RIVER *** [5d Qd 5c 7c] [6s]
DonBawor: checks 
Adrel: checks 
elpela2000: bets $0.80
Ancalagon651: folds 
DonBawor: folds 
Adrel: calls $0.80
*** SHOW DOWN ***
elpela2000: shows [2d Ad] (a pair of Fives)
Adrel: shows [Ah Qs] (two pair, Queens and Fives)
Adrel collected $2.34 from pot
*** SUMMARY ***
Total pot $2.43 | Rake $0.09 
Board [5d Qd 5c 7c 6s]
Seat 1: elpela2000 showed [2d Ad] and lost with a pair of Fives
Seat 2: VilpPS folded on the Flop
Seat 3: Ancalagon651 folded on the River
Seat 4: TheDuffMan3 (button) folded on the Flop
Seat 5: frosa9397 (small blind) folded before Flop
Seat 6: Dorex2007 (big blind) folded before Flop
Seat 8: DonBawor folded on the River
Seat 9: Adrel showed [Ah Qs] and won ($2.34) with two pair, Queens and Fives



PokerStars Hand #231388469926:  Hold'em No Limit ($0.01/$0.02 USD) - 2021/11/13 21:09:27 PT [2021/11/14 0:09:27 ET]
Table 'Schilt II' 9-max Seat #5 is the button
Seat 1: elpela2000 ($0.44 in chips) 
Seat 2: VilpPS ($2.38 in chips) 
Seat 3: Ancalagon651 ($2.17 in chips) 
Seat 4: TheDuffMan3 ($0.87 in chips) 
Seat 5: frosa9397 ($4.18 in chips) 
Seat 6: Dorex2007 ($2 in chips) 
Seat 7: Woodie YUL ($2 in chips) 
Seat 8: DonBawor ($5.02 in chips) 
Seat 9: Adrel ($2.54 in chips) 
Dorex2007: posts small blind $0.01
Woodie YUL: posts big blind $0.02
*** HOLE CARDS ***
Dealt to Dorex2007 [8s 2c]
DonBawor: calls $0.02
Adrel: calls $0.02
elpela2000: folds 
VilpPS: folds 
Ancalagon651: raises $0.04 to $0.06
TheDuffMan3: folds 
frosa9397: folds 
Dorex2007: folds 
Woodie YUL: calls $0.04
DonBawor: calls $0.04
Adrel: calls $0.04
*** FLOP *** [8d 7c 6d]
Woodie YUL: checks 
DonBawor: checks 
Adrel: bets $0.12
Ancalagon651: folds 
Woodie YUL: calls $0.12
DonBawor: calls $0.12
*** TURN *** [8d 7c 6d] [Qh]
Woodie YUL: checks 
DonBawor: checks 
Adrel: bets $0.30
Woodie YUL: folds 
DonBawor: folds 
Uncalled bet ($0.30) returned to Adrel
Adrel collected $0.59 from pot
Adrel: doesn't show hand 
*** SUMMARY ***
Total pot $0.61 | Rake $0.02 
Board [8d 7c 6d Qh]
Seat 1: elpela2000 folded before Flop (didn't bet)
Seat 2: VilpPS folded before Flop (didn't bet)
Seat 3: Ancalagon651 folded on the Flop
Seat 4: TheDuffMan3 folded before Flop (didn't bet)
Seat 5: frosa9397 (button) folded before Flop (didn't bet)
Seat 6: Dorex2007 (small blind) folded before Flop
Seat 7: Woodie YUL (big blind) folded on the Turn
Seat 8: DonBawor folded on the Turn
Seat 9: Adrel collected ($0.59)



PokerStars Hand #231388477804:  Hold'em No Limit ($0.01/$0.02 USD) - 2021/11/13 21:10:18 PT [2021/11/14 0:10:18 ET]
Table 'Schilt II' 9-max Seat #6 is the button
Seat 1: elpela2000 ($0.44 in chips) 
Seat 2: VilpPS ($2.38 in chips) 
Seat 3: Ancalagon651 ($2.11 in chips) 
Seat 4: TheDuffMan3 ($0.87 in chips) 
Seat 5: frosa9397 ($4.18 in chips) 
Seat 6: Dorex2007 ($2 in chips) 
Seat 7: Woodie YUL ($2 in chips) 
Seat 8: DonBawor ($4.84 in chips) 
Seat 9: Adrel ($2.95 in chips) 
Woodie YUL: posts small blind $0.01
DonBawor: posts big blind $0.02
*** HOLE CARDS ***
Dealt to Dorex2007 [Qd 4c]
Adrel: calls $0.02
elpela2000: raises $0.08 to $0.10
VilpPS: folds 
Ancalagon651: folds 
TheDuffMan3: folds 
frosa9397: folds 
Dorex2007: folds 
Woodie YUL: folds 
DonBawor: folds 
Adrel: calls $0.08
*** FLOP *** [6c 5s 5d]
Adrel: checks 
elpela2000: bets $0.08
Adrel: folds 
Uncalled bet ($0.08) returned to elpela2000
elpela2000 collected $0.22 from pot
elpela2000: doesn't show hand 
*** SUMMARY ***
Total pot $0.23 | Rake $0.01 
Board [6c 5s 5d]
Seat 1: elpela2000 collected ($0.22)
Seat 2: VilpPS folded before Flop (didn't bet)
Seat 3: Ancalagon651 folded before Flop (didn't bet)
Seat 4: TheDuffMan3 folded before Flop (didn't bet)
Seat 5: frosa9397 folded before Flop (didn't bet)
Seat 6: Dorex2007 (button) folded before Flop (didn't bet)
Seat 7: Woodie YUL (small blind) folded before Flop
Seat 8: DonBawor (big blind) folded before Flop
Seat 9: Adrel folded on the Flop



PokerStars Hand #231388482289:  Hold'em No Limit ($0.01/$0.02 USD) - 2021/11/13 21:10:46 PT [2021/11/14 0:10:46 ET]
Table 'Schilt II' 9-max Seat #7 is the button
Seat 1: elpela2000 ($0.56 in chips) 
Seat 2: VilpPS ($2.38 in chips) 
Seat 3: Ancalagon651 ($2.11 in chips) 
Seat 4: TheDuffMan3 ($0.87 in chips) 
Seat 5: frosa9397 ($4.18 in chips) 
Seat 6: Dorex2007 ($2 in chips) 
Seat 7: Woodie YUL ($2 in chips) 
Seat 8: DonBawor ($4.82 in chips) 
DonBawor: posts small blind $0.01
elpela2000: posts big blind $0.02
*** HOLE CARDS ***
Dealt to Dorex2007 [3d 8c]
VilpPS: folds 
Ancalagon651: folds 
TheDuffMan3: folds 
frosa9397: folds 
Dorex2007: folds 
Woodie YUL: folds 
DonBawor: folds 
Uncalled bet ($0.01) returned to elpela2000
elpela2000 collected $0.02 from pot
*** SUMMARY ***
Total pot $0.02 | Rake $0 
Seat 1: elpela2000 (big blind) collected ($0.02)
Seat 2: VilpPS folded before Flop (didn't bet)
Seat 3: Ancalagon651 folded before Flop (didn't bet)
Seat 4: TheDuffMan3 folded before Flop (didn't bet)
Seat 5: frosa9397 folded before Flop (didn't bet)
Seat 6: Dorex2007 folded before Flop (didn't bet)
Seat 7: Woodie YUL (button) folded before Flop (didn't bet)
Seat 8: DonBawor (small blind) folded before Flop



PokerStars Hand #231388484574:  Hold'em No Limit ($0.01/$0.02 USD) - 2021/11/13 21:11:01 PT [2021/11/14 0:11:01 ET]
Table 'Schilt II' 9-max Seat #8 is the button
Seat 1: elpela2000 ($0.57 in chips) 
Seat 2: VilpPS ($2.38 in chips) 
Seat 3: Ancalagon651 ($2.11 in chips) 
Seat 4: TheDuffMan3 ($0.87 in chips) 
Seat 5: frosa9397 ($4.18 in chips) 
Seat 6: Dorex2007 ($2 in chips) 
Seat 7: Woodie YUL ($2 in chips) 
Seat 8: DonBawor ($4.81 in chips) 
elpela2000: posts small blind $0.01
VilpPS: posts big blind $0.02
*** HOLE CARDS ***
Dealt to Dorex2007 [6c 6s]
Ancalagon651: folds 
TheDuffMan3: folds 
frosa9397: folds 
Dorex2007: calls $0.02
Woodie YUL: folds 
DonBawor: raises $0.02 to $0.04
elpela2000: folds 
VilpPS: folds 
Dorex2007: calls $0.02
*** FLOP *** [8h Th Qc]
Dorex2007: checks 
DonBawor: bets $0.05
Dorex2007: folds 
Uncalled bet ($0.05) returned to DonBawor
DonBawor collected $0.11 from pot
DonBawor: doesn't show hand 
*** SUMMARY ***
Total pot $0.11 | Rake $0 
Board [8h Th Qc]
Seat 1: elpela2000 (small blind) folded before Flop
Seat 2: VilpPS (big blind) folded before Flop
Seat 3: Ancalagon651 folded before Flop (didn't bet)
Seat 4: TheDuffMan3 folded before Flop (didn't bet)
Seat 5: frosa9397 folded before Flop (didn't bet)
Seat 6: Dorex2007 folded on the Flop
Seat 7: Woodie YUL folded before Flop (didn't bet)
Seat 8: DonBawor (button) collected ($0.11)



PokerStars Hand #231388490181:  Hold'em No Limit ($0.01/$0.02 USD) - 2021/11/13 21:11:37 PT [2021/11/14 0:11:37 ET]
Table 'Schilt II' 9-max Seat #1 is the button
Seat 1: elpela2000 ($0.56 in chips) 
Seat 2: VilpPS ($2.36 in chips) 
Seat 3: Ancalagon651 ($2.11 in chips) 
Seat 4: TheDuffMan3 ($0.87 in chips) 
Seat 5: frosa9397 ($4.18 in chips) 
Seat 6: Dorex2007 ($2 in chips) 
Seat 7: Woodie YUL ($2 in chips) 
Seat 8: DonBawor ($4.88 in chips) 
Seat 9: Adrel ($2.85 in chips) 
VilpPS: posts small blind $0.01
Ancalagon651: posts big blind $0.02
Adrel: posts small & big blinds $0.03
*** HOLE CARDS ***
Dealt to Dorex2007 [7h As]
TheDuffMan3: folds 
frosa9397: calls $0.02
Dorex2007: folds 
Woodie YUL: folds 
DonBawor: calls $0.02
Adrel: raises $0.02 to $0.04
elpela2000: folds 
VilpPS: folds 
Ancalagon651: folds 
frosa9397: calls $0.02
DonBawor: calls $0.02
*** FLOP *** [3s 3h Th]
frosa9397: checks 
DonBawor: checks 
Adrel: bets $0.08
frosa9397: calls $0.08
DonBawor: folds 
*** TURN *** [3s 3h Th] [6s]
frosa9397: checks 
Adrel: bets $0.08
frosa9397: calls $0.08
*** RIVER *** [3s 3h Th 6s] [2c]
frosa9397: checks 
Adrel: checks 
*** SHOW DOWN ***
frosa9397: shows [9h Ah] (a pair of Threes)
Adrel: shows [Ac Ad] (two pair, Aces and Threes)
Adrel collected $0.46 from pot
*** SUMMARY ***
Total pot $0.48 | Rake $0.02 
Board [3s 3h Th 6s 2c]
Seat 1: elpela2000 (button) folded before Flop (didn't bet)
Seat 2: VilpPS (small blind) folded before Flop
Seat 3: Ancalagon651 (big blind) folded before Flop
Seat 4: TheDuffMan3 folded before Flop (didn't bet)
Seat 5: frosa9397 showed [9h Ah] and lost with a pair of Threes
Seat 6: Dorex2007 folded before Flop (didn't bet)
Seat 7: Woodie YUL folded before Flop (didn't bet)
Seat 8: DonBawor folded on the Flop
Seat 9: Adrel showed [Ac Ad] and won ($0.46) with two pair, Aces and Threes



PokerStars Hand #231388499467:  Hold'em No Limit ($0.01/$0.02 USD) - 2021/11/13 21:12:35 PT [2021/11/14 0:12:35 ET]
Table 'Schilt II' 9-max Seat #2 is the button
Seat 1: elpela2000 ($0.56 in chips) 
Seat 2: VilpPS ($2.35 in chips) 
Seat 3: Ancalagon651 ($2.09 in chips) 
Seat 4: TheDuffMan3 ($0.87 in chips) 
Seat 5: frosa9397 ($3.98 in chips) 
Seat 6: Dorex2007 ($2 in chips) 
Seat 7: Woodie YUL ($2 in chips) 
Seat 8: DonBawor ($4.84 in chips) 
Seat 9: Adrel ($3.10 in chips) 
Ancalagon651: posts small blind $0.01
TheDuffMan3: posts big blind $0.02
*** HOLE CARDS ***
Dealt to Dorex2007 [9c Ks]
frosa9397: folds 
Dorex2007: folds 
Woodie YUL: folds 
DonBawor: folds 
Adrel: folds 
elpela2000: raises $0.03 to $0.05
VilpPS: folds 
Ancalagon651: folds 
TheDuffMan3: calls $0.03
*** FLOP *** [2h 3c Kd]
TheDuffMan3: checks 
elpela2000: bets $0.04
TheDuffMan3: folds 
Uncalled bet ($0.04) returned to elpela2000
elpela2000 collected $0.11 from pot
elpela2000: doesn't show hand 
*** SUMMARY ***
Total pot $0.11 | Rake $0 
Board [2h 3c Kd]
Seat 1: elpela2000 collected ($0.11)
Seat 2: VilpPS (button) folded before Flop (didn't bet)
Seat 3: Ancalagon651 (small blind) folded before Flop
Seat 4: TheDuffMan3 (big blind) folded on the Flop
Seat 5: frosa9397 folded before Flop (didn't bet)
Seat 6: Dorex2007 folded before Flop (didn't bet)
Seat 7: Woodie YUL folded before Flop (didn't bet)
Seat 8: DonBawor folded before Flop (didn't bet)
Seat 9: Adrel folded before Flop (didn't bet)



PokerStars Hand #231388504686:  Hold'em No Limit ($0.01/$0.02 USD) - 2021/11/13 21:13:09 PT [2021/11/14 0:13:09 ET]
Table 'Schilt II' 9-max Seat #3 is the button
Seat 1: elpela2000 ($0.62 in chips) 
Seat 2: VilpPS ($2.35 in chips) 
Seat 3: Ancalagon651 ($2.08 in chips) 
Seat 4: TheDuffMan3 ($0.82 in chips) 
Seat 5: frosa9397 ($3.98 in chips) 
Seat 6: Dorex2007 ($2 in chips) 
Seat 7: Woodie YUL ($2 in chips) 
Seat 8: DonBawor ($4.84 in chips) 
Seat 9: Adrel ($3.10 in chips) 
TheDuffMan3: posts small blind $0.01
frosa9397: posts big blind $0.02
*** HOLE CARDS ***
Dealt to Dorex2007 [Jc 2s]
Dorex2007: folds 
Woodie YUL: folds 
DonBawor: calls $0.02
Adrel: calls $0.02
elpela2000: folds 
VilpPS: raises $0.20 to $0.22
Ancalagon651: folds 
TheDuffMan3: folds 
frosa9397: folds 
DonBawor: folds 
Adrel: folds 
Uncalled bet ($0.20) returned to VilpPS
VilpPS collected $0.09 from pot
VilpPS: doesn't show hand 
*** SUMMARY ***
Total pot $0.09 | Rake $0 
Seat 1: elpela2000 folded before Flop (didn't bet)
Seat 2: VilpPS collected ($0.09)
Seat 3: Ancalagon651 (button) folded before Flop (didn't bet)
Seat 4: TheDuffMan3 (small blind) folded before Flop
Seat 5: frosa9397 (big blind) folded before Flop
Seat 6: Dorex2007 folded before Flop (didn't bet)
Seat 7: Woodie YUL folded before Flop (didn't bet)
Seat 8: DonBawor folded before Flop
Seat 9: Adrel folded before Flop



PokerStars Hand #231388509596:  Hold'em No Limit ($0.01/$0.02 USD) - 2021/11/13 21:13:40 PT [2021/11/14 0:13:40 ET]
Table 'Schilt II' 9-max Seat #4 is the button
Seat 1: elpela2000 ($0.62 in chips) 
Seat 2: VilpPS ($2.42 in chips) 
Seat 3: Ancalagon651 ($2.08 in chips) 
Seat 4: TheDuffMan3 ($0.81 in chips) 
Seat 5: frosa9397 ($3.96 in chips) 
Seat 6: Dorex2007 ($2 in chips) 
Seat 7: Woodie YUL ($2 in chips) 
Seat 8: DonBawor ($4.82 in chips) 
Seat 9: Adrel ($3.08 in chips) 
frosa9397: posts small blind $0.01
Dorex2007: posts big blind $0.02
*** HOLE CARDS ***
Dealt to Dorex2007 [6s 8c]
Woodie YUL: raises $0.04 to $0.06
DonBawor: folds 
Adrel: calls $0.06
elpela2000: folds 
VilpPS: folds 
Ancalagon651: calls $0.06
TheDuffMan3: folds 
frosa9397: folds 
Dorex2007: folds 
*** FLOP *** [Qh Th 6c]
Woodie YUL: bets $0.10
Adrel: calls $0.10
Ancalagon651: raises $0.20 to $0.30
Woodie YUL: folds 
Adrel: calls $0.20
*** TURN *** [Qh Th 6c] [Td]
Adrel: checks 
Ancalagon651: bets $0.30
Adrel: folds 
Uncalled bet ($0.30) returned to Ancalagon651
Ancalagon651 collected $0.88 from pot
Ancalagon651: doesn't show hand 
*** SUMMARY ***
Total pot $0.91 | Rake $0.03 
Board [Qh Th 6c Td]
Seat 1: elpela2000 folded before Flop (didn't bet)
Seat 2: VilpPS folded before Flop (didn't bet)
Seat 3: Ancalagon651 collected ($0.88)
Seat 4: TheDuffMan3 (button) folded before Flop (didn't bet)
Seat 5: frosa9397 (small blind) folded before Flop
Seat 6: Dorex2007 (big blind) folded before Flop
Seat 7: Woodie YUL folded on the Flop
Seat 8: DonBawor folded before Flop (didn't bet)
Seat 9: Adrel folded on the Turn



PokerStars Hand #231388520313:  Hold'em No Limit ($0.01/$0.02 USD) - 2021/11/13 21:14:49 PT [2021/11/14 0:14:49 ET]
Table 'Schilt II' 9-max Seat #5 is the button
Seat 1: elpela2000 ($0.62 in chips) 
Seat 2: VilpPS ($2.42 in chips) 
Seat 3: Ancalagon651 ($2.60 in chips) 
Seat 4: TheDuffMan3 ($0.81 in chips) 
Seat 5: frosa9397 ($3.95 in chips) 
Seat 6: Dorex2007 ($2 in chips) 
Seat 7: Woodie YUL ($2 in chips) 
Seat 8: DonBawor ($4.82 in chips) 
Seat 9: Adrel ($2.72 in chips) 
Dorex2007: posts small blind $0.01
Woodie YUL: posts big blind $0.02
*** HOLE CARDS ***
Dealt to Dorex2007 [4h 2d]
DonBawor: folds 
Adrel: calls $0.02
elpela2000: folds 
VilpPS: raises $0.20 to $0.22
Ancalagon651: folds 
TheDuffMan3: folds 
frosa9397: folds 
Dorex2007: folds 
Woodie YUL: folds 
Adrel: folds 
Uncalled bet ($0.20) returned to VilpPS
VilpPS collected $0.07 from pot
VilpPS: doesn't show hand 
*** SUMMARY ***
Total pot $0.07 | Rake $0 
Seat 1: elpela2000 folded before Flop (didn't bet)
Seat 2: VilpPS collected ($0.07)
Seat 3: Ancalagon651 folded before Flop (didn't bet)
Seat 4: TheDuffMan3 folded before Flop (didn't bet)
Seat 5: frosa9397 (button) folded before Flop (didn't bet)
Seat 6: Dorex2007 (small blind) folded before Flop
Seat 7: Woodie YUL (big blind) folded before Flop
Seat 8: DonBawor folded before Flop (didn't bet)
Seat 9: Adrel folded before Flop



PokerStars Hand #231388523514:  Hold'em No Limit ($0.01/$0.02 USD) - 2021/11/13 21:15:09 PT [2021/11/14 0:15:09 ET]
Table 'Schilt II' 9-max Seat #6 is the button
Seat 1: elpela2000 ($0.62 in chips) 
Seat 2: VilpPS ($2.47 in chips) 
Seat 3: Ancalagon651 ($2.60 in chips) 
Seat 4: TheDuffMan3 ($0.81 in chips) 
Seat 5: frosa9397 ($3.95 in chips) 
Seat 6: Dorex2007 ($2 in chips) 
Seat 7: Woodie YUL ($2 in chips) 
Seat 8: DonBawor ($4.82 in chips) 
Seat 9: Adrel ($2.70 in chips) 
Woodie YUL: posts small blind $0.01
DonBawor: posts big blind $0.02
*** HOLE CARDS ***
Dealt to Dorex2007 [Qh 4s]
Adrel: calls $0.02
elpela2000: folds 
VilpPS: folds 
Ancalagon651: calls $0.02
TheDuffMan3: calls $0.02
frosa9397: folds 
Dorex2007: folds 
Woodie YUL: calls $0.01
DonBawor: raises $0.04 to $0.06
Adrel: calls $0.04
Ancalagon651: calls $0.04
TheDuffMan3: calls $0.04
Woodie YUL: calls $0.04
*** FLOP *** [2d Td 4c]
Woodie YUL: checks 
DonBawor: bets $0.04
Adrel: raises $0.04 to $0.08
Ancalagon651: folds 
TheDuffMan3: folds 
Ancalagon651 leaves the table
Woodie YUL: folds 
DonBawor: calls $0.04
*** TURN *** [2d Td 4c] [5h]
DonBawor: checks 
Adrel: bets $0.22
DonBawor: folds 
Uncalled bet ($0.22) returned to Adrel
BiM-WiNNeR joins the table at seat #3 
Adrel collected $0.44 from pot
Adrel: doesn't show hand 
*** SUMMARY ***
Total pot $0.46 | Rake $0.02 
Board [2d Td 4c 5h]
Seat 1: elpela2000 folded before Flop (didn't bet)
Seat 2: VilpPS folded before Flop (didn't bet)
Seat 3: Ancalagon651 folded on the Flop
Seat 4: TheDuffMan3 folded on the Flop
Seat 5: frosa9397 folded before Flop (didn't bet)
Seat 6: Dorex2007 (button) folded before Flop (didn't bet)
Seat 7: Woodie YUL (small blind) folded on the Flop
Seat 8: DonBawor (big blind) folded on the Turn
Seat 9: Adrel collected ($0.44)



PokerStars Hand #231388537656:  Hold'em No Limit ($0.01/$0.02 USD) - 2021/11/13 21:16:10 PT [2021/11/14 0:16:10 ET]
Table 'Schilt II' 9-max Seat #7 is the button
Seat 1: elpela2000 ($0.62 in chips) 
Seat 2: VilpPS ($2.47 in chips) 
Seat 4: TheDuffMan3 ($0.75 in chips) 
Seat 5: frosa9397 ($3.95 in chips) 
Seat 6: Dorex2007 ($2 in chips) 
Seat 7: Woodie YUL ($2 in chips) 
Seat 8: DonBawor ($4.68 in chips) 
Seat 9: Adrel ($3 in chips) 
DonBawor: posts small blind $0.01
Adrel: posts big blind $0.02
BiM-WiNNeR: sits out 
*** HOLE CARDS ***
Dealt to Dorex2007 [Ac 2c]
elpela2000: folds 
VilpPS: folds 
TheDuffMan3: folds 
frosa9397: calls $0.02
Dorex2007: calls $0.02
Woodie YUL: calls $0.02
DonBawor: calls $0.01
Adrel: raises $0.10 to $0.12
frosa9397: folds 
Dorex2007: folds 
Woodie YUL: folds 
DonBawor: folds 
Uncalled bet ($0.10) returned to Adrel
Adrel collected $0.10 from pot
Adrel: doesn't show hand 
*** SUMMARY ***
Total pot $0.10 | Rake $0 
Seat 1: elpela2000 folded before Flop (didn't bet)
Seat 2: VilpPS folded before Flop (didn't bet)
Seat 4: TheDuffMan3 folded before Flop (didn't bet)
Seat 5: frosa9397 folded before Flop
Seat 6: Dorex2007 folded before Flop
Seat 7: Woodie YUL (button) folded before Flop
Seat 8: DonBawor (small blind) folded before Flop
Seat 9: Adrel (big blind) collected ($0.10)



PokerStars Hand #231388541602:  Hold'em No Limit ($0.01/$0.02 USD) - 2021/11/13 21:16:36 PT [2021/11/14 0:16:36 ET]
Table 'Schilt II' 9-max Seat #8 is the button
Seat 1: elpela2000 ($0.62 in chips) 
Seat 2: VilpPS ($2.47 in chips) 
Seat 4: TheDuffMan3 ($0.75 in chips) 
Seat 5: frosa9397 ($3.93 in chips) 
Seat 6: Dorex2007 ($2 in chips) 
Seat 7: Woodie YUL ($2 in chips) 
Seat 8: DonBawor ($4.66 in chips) 
Seat 9: Adrel ($3.08 in chips) 
Adrel: posts small blind $0.01
elpela2000: posts big blind $0.02
BiM-WiNNeR: sits out 
*** HOLE CARDS ***
Dealt to Dorex2007 [5h Jd]
VilpPS: folds 
TheDuffMan3: folds 
frosa9397: calls $0.02
Dorex2007: folds 
Woodie YUL: raises $0.05 to $0.07
DonBawor: calls $0.07
Adrel: folds 
elpela2000: folds 
frosa9397: folds 
*** FLOP *** [5d 4c As]
Woodie YUL: bets $0.09
DonBawor: calls $0.09
*** TURN *** [5d 4c As] [7s]
Woodie YUL: bets $0.12
DonBawor: raises $0.12 to $0.24
Woodie YUL: calls $0.12
*** RIVER *** [5d 4c As 7s] [Kh]
Woodie YUL: checks 
DonBawor: bets $0.82
Woodie YUL: folds 
Uncalled bet ($0.82) returned to DonBawor
DonBawor collected $0.82 from pot
DonBawor: doesn't show hand 
*** SUMMARY ***
Total pot $0.85 | Rake $0.03 
Board [5d 4c As 7s Kh]
Seat 1: elpela2000 (big blind) folded before Flop
Seat 2: VilpPS folded before Flop (didn't bet)
Seat 4: TheDuffMan3 folded before Flop (didn't bet)
Seat 5: frosa9397 folded before Flop
Seat 6: Dorex2007 folded before Flop (didn't bet)
Seat 7: Woodie YUL folded on the River
Seat 8: DonBawor (button) collected ($0.82)
Seat 9: Adrel (small blind) folded before Flop



PokerStars Hand #231388551921:  Hold'em No Limit ($0.01/$0.02 USD) - 2021/11/13 21:17:41 PT [2021/11/14 0:17:41 ET]
Table 'Schilt II' 9-max Seat #9 is the button
Seat 1: elpela2000 ($0.60 in chips) 
Seat 2: VilpPS ($2.47 in chips) 
Seat 4: TheDuffMan3 ($0.75 in chips) 
Seat 5: frosa9397 ($3.91 in chips) 
Seat 6: Dorex2007 ($2 in chips) 
Seat 7: Woodie YUL ($2 in chips) 
Seat 8: DonBawor ($5.08 in chips) 
Seat 9: Adrel ($3.07 in chips) 
elpela2000: posts small blind $0.01
VilpPS: posts big blind $0.02
BiM-WiNNeR: sits out 
*** HOLE CARDS ***
Dealt to Dorex2007 [2c Tc]
TheDuffMan3: folds 
frosa9397: calls $0.02
Dorex2007: folds 
Woodie YUL: folds 
DonBawor: calls $0.02
Adrel: folds 
elpela2000: raises $0.58 to $0.60 and is all-in
VilpPS: folds 
frosa9397: folds 
DonBawor: folds 
Uncalled bet ($0.58) returned to elpela2000
elpela2000 collected $0.08 from pot
elpela2000: doesn't show hand 
*** SUMMARY ***
Total pot $0.08 | Rake $0 
Seat 1: elpela2000 (small blind) collected ($0.08)
Seat 2: VilpPS (big blind) folded before Flop
Seat 4: TheDuffMan3 folded before Flop (didn't bet)
Seat 5: frosa9397 folded before Flop
Seat 6: Dorex2007 folded before Flop (didn't bet)
Seat 7: Woodie YUL folded before Flop (didn't bet)
Seat 8: DonBawor folded before Flop
Seat 9: Adrel (button) folded before Flop (didn't bet)



PokerStars Hand #231388555926:  Hold'em No Limit ($0.01/$0.02 USD) - 2021/11/13 21:18:07 PT [2021/11/14 0:18:07 ET]
Table 'Schilt II' 9-max Seat #1 is the button
Seat 1: elpela2000 ($0.66 in chips) 
Seat 2: VilpPS ($2.45 in chips) 
Seat 3: BiM-WiNNeR ($2 in chips) 
Seat 4: TheDuffMan3 ($0.75 in chips) 
Seat 5: frosa9397 ($3.89 in chips) 
Seat 6: Dorex2007 ($2 in chips) 
Seat 7: Woodie YUL ($2 in chips) 
Seat 8: DonBawor ($5.06 in chips) 
Seat 9: Adrel ($3.07 in chips) 
VilpPS: posts small blind $0.01
BiM-WiNNeR: posts big blind $0.02
*** HOLE CARDS ***
Dealt to Dorex2007 [2c Jh]
TheDuffMan3: folds 
frosa9397: folds 
Dorex2007: folds 
Woodie YUL: raises $0.03 to $0.05
DonBawor: raises $0.07 to $0.12
Adrel: folds 
elpela2000: raises $0.54 to $0.66 and is all-in
VilpPS: folds 
BiM-WiNNeR: folds 
Woodie YUL: calls $0.61
DonBawor: raises $4.40 to $5.06 and is all-in
Woodie YUL: calls $1.34 and is all-in
Uncalled bet ($3.06) returned to DonBawor
*** FLOP *** [8s 5s 4h]
*** TURN *** [8s 5s 4h] [2h]
*** RIVER *** [8s 5s 4h 2h] [2d]
*** SHOW DOWN ***
Woodie YUL: shows [Ts Tc] (two pair, Tens and Deuces)
DonBawor: shows [Ac Ah] (two pair, Aces and Deuces)
elpela2000: shows [8d 8h] (a full house, Eights full of Deuces)
elpela2000 collected $1.94 from main pot
DonBawor cashed out the hand for $3.33 | Cash Out Fee $0.03
*** SUMMARY ***
Total pot $4.69 Main pot $1.94. Side pot $2.59. | Rake $0.16 
Board [8s 5s 4h 2h 2d]
Seat 1: elpela2000 (button) showed [8d 8h] and won ($1.94) with a full house, Eights full of Deuces
Seat 2: VilpPS (small blind) folded before Flop
Seat 3: BiM-WiNNeR (big blind) folded before Flop
Seat 4: TheDuffMan3 folded before Flop (didn't bet)
Seat 5: frosa9397 folded before Flop (didn't bet)
Seat 6: Dorex2007 folded before Flop (didn't bet)
Seat 7: Woodie YUL showed [Ts Tc] and lost with two pair, Tens and Deuces
Seat 8: DonBawor showed [Ac Ah] and won ($2.59) with two pair, Aces and Deuces (pot not awarded as player cashed out)
Seat 9: Adrel folded before Flop (didn't bet)



PokerStars Hand #231388564405:  Hold'em No Limit ($0.01/$0.02 USD) - 2021/11/13 21:19:01 PT [2021/11/14 0:19:01 ET]
Table 'Schilt II' 9-max Seat #2 is the button
Seat 1: elpela2000 ($1.94 in chips) 
Seat 2: VilpPS ($2.44 in chips) 
Seat 3: BiM-WiNNeR ($2 in chips) 
Seat 4: TheDuffMan3 ($0.75 in chips) 
Seat 5: frosa9397 ($3.89 in chips) 
Seat 6: Dorex2007 ($2 in chips) 
Seat 7: Woodie YUL ($2 in chips) 
Seat 8: DonBawor ($6.39 in chips) 
Seat 9: Adrel ($3.07 in chips) 
BiM-WiNNeR: posts small blind $0.01
TheDuffMan3: posts big blind $0.02
*** HOLE CARDS ***
Dealt to Dorex2007 [9d 3s]
frosa9397: folds 
Dorex2007: folds 
Woodie YUL: folds 
DonBawor: folds 
Adrel: folds 
elpela2000: folds 
VilpPS: folds 
BiM-WiNNeR: raises $0.04 to $0.06
TheDuffMan3: calls $0.04
*** FLOP *** [2d Ac 5h]
BiM-WiNNeR: bets $0.04
TheDuffMan3: raises $0.20 to $0.24
BiM-WiNNeR: folds 
Uncalled bet ($0.20) returned to TheDuffMan3
TheDuffMan3 collected $0.19 from pot
TheDuffMan3: doesn't show hand 
*** SUMMARY ***
Total pot $0.20 | Rake $0.01 
Board [2d Ac 5h]
Seat 1: elpela2000 folded before Flop (didn't bet)
Seat 2: VilpPS (button) folded before Flop (didn't bet)
Seat 3: BiM-WiNNeR (small blind) folded on the Flop
Seat 4: TheDuffMan3 (big blind) collected ($0.19)
Seat 5: frosa9397 folded before Flop (didn't bet)
Seat 6: Dorex2007 folded before Flop (didn't bet)
Seat 7: Woodie YUL folded before Flop (didn't bet)
Seat 8: DonBawor folded before Flop (didn't bet)
Seat 9: Adrel folded before Flop (didn't bet)



PokerStars Hand #231388570248:  Hold'em No Limit ($0.01/$0.02 USD) - 2021/11/13 21:19:38 PT [2021/11/14 0:19:38 ET]
Table 'Schilt II' 9-max Seat #3 is the button
Seat 1: elpela2000 ($1.94 in chips) 
Seat 2: VilpPS ($2.44 in chips) 
Seat 3: BiM-WiNNeR ($2 in chips) 
Seat 4: TheDuffMan3 ($0.84 in chips) 
Seat 5: frosa9397 ($3.89 in chips) 
Seat 6: Dorex2007 ($2 in chips) 
Seat 7: Woodie YUL ($2 in chips) 
Seat 8: DonBawor ($6.39 in chips) 
Seat 9: Adrel ($3.07 in chips) 
TheDuffMan3: posts small blind $0.01
frosa9397: posts big blind $0.02
*** HOLE CARDS ***
Dealt to Dorex2007 [6h Tc]
Dorex2007: folds 
Woodie YUL: folds 
DonBawor: folds 
Adrel: calls $0.02
elpela2000: folds 
VilpPS: folds 
BiM-WiNNeR: folds 
TheDuffMan3: folds 
frosa9397: checks 
*** FLOP *** [Js Ah 9c]
Woodie YUL leaves the table
frosa9397: checks 
Adrel: bets $0.02
frosa9397: folds 
Uncalled bet ($0.02) returned to Adrel
Adrel collected $0.05 from pot
Adrel: doesn't show hand 
*** SUMMARY ***
Total pot $0.05 | Rake $0 
Board [Js Ah 9c]
Seat 1: elpela2000 folded before Flop (didn't bet)
Seat 2: VilpPS folded before Flop (didn't bet)
Seat 3: BiM-WiNNeR (button) folded before Flop (didn't bet)
Seat 4: TheDuffMan3 (small blind) folded before Flop
Seat 5: frosa9397 (big blind) folded on the Flop
Seat 6: Dorex2007 folded before Flop (didn't bet)
Seat 7: Woodie YUL folded before Flop (didn't bet)
Seat 8: DonBawor folded before Flop (didn't bet)
Seat 9: Adrel collected ($0.05)



PokerStars Hand #231388576336:  Hold'em No Limit ($0.01/$0.02 USD) - 2021/11/13 21:20:16 PT [2021/11/14 0:20:16 ET]
Table 'Schilt II' 9-max Seat #4 is the button
Seat 1: elpela2000 ($1.94 in chips) 
Seat 2: VilpPS ($2.44 in chips) 
Seat 3: BiM-WiNNeR ($2 in chips) 
Seat 4: TheDuffMan3 ($0.83 in chips) 
Seat 5: frosa9397 ($3.87 in chips) 
Seat 6: Dorex2007 ($2 in chips) 
Seat 8: DonBawor ($6.39 in chips) 
Seat 9: Adrel ($3.10 in chips) 
frosa9397: posts small blind $0.01
Dorex2007: posts big blind $0.02
*** HOLE CARDS ***
Dealt to Dorex2007 [4c Kd]
DonBawor: folds 
Adrel: folds 
elpela2000: folds 
VilpPS: folds 
BiM-WiNNeR: folds 
TheDuffMan3: calls $0.02
frosa9397: folds 
Dorex2007: checks 
*** FLOP *** [9h Ks 3d]
Dorex2007: checks 
TheDuffMan3: checks 
*** TURN *** [9h Ks 3d] [6h]
Dorex2007: bets $0.05
TheDuffMan3: calls $0.05
*** RIVER *** [9h Ks 3d 6h] [9d]
Dorex2007: checks 
TheDuffMan3: bets $0.14
Dorex2007: folds 
Uncalled bet ($0.14) returned to TheDuffMan3
TheDuffMan3 collected $0.14 from pot
TheDuffMan3: doesn't show hand 
*** SUMMARY ***
Total pot $0.15 | Rake $0.01 
Board [9h Ks 3d 6h 9d]
Seat 1: elpela2000 folded before Flop (didn't bet)
Seat 2: VilpPS folded before Flop (didn't bet)
Seat 3: BiM-WiNNeR folded before Flop (didn't bet)
Seat 4: TheDuffMan3 (button) collected ($0.14)
Seat 5: frosa9397 (small blind) folded before Flop
Seat 6: Dorex2007 (big blind) folded on the River
Seat 8: DonBawor folded before Flop (didn't bet)
Seat 9: Adrel folded before Flop (didn't bet)



PokerStars Hand #231388582175:  Hold'em No Limit ($0.01/$0.02 USD) - 2021/11/13 21:20:53 PT [2021/11/14 0:20:53 ET]
Table 'Schilt II' 9-max Seat #5 is the button
Seat 1: elpela2000 ($1.94 in chips) 
Seat 2: VilpPS ($2.44 in chips) 
Seat 3: BiM-WiNNeR ($2 in chips) 
Seat 4: TheDuffMan3 ($0.90 in chips) 
Seat 5: frosa9397 ($3.86 in chips) 
Seat 6: Dorex2007 ($2 in chips) 
Seat 8: DonBawor ($6.39 in chips) 
Seat 9: Adrel ($3.10 in chips) 
Dorex2007: posts small blind $0.01
DonBawor: posts big blind $0.02
*** HOLE CARDS ***
Dealt to Dorex2007 [As Kh]
Adrel: calls $0.02
elpela2000: folds 
VilpPS: folds 
BiM-WiNNeR: folds 
TheDuffMan3: folds 
frosa9397: folds 
Dorex2007: raises $0.04 to $0.06
DonBawor: calls $0.04
Adrel: calls $0.04
*** FLOP *** [7c 6d 9h]
Dorex2007: checks 
DonBawor: checks 
Adrel: bets $0.02
Dorex2007: calls $0.02
DonBawor: calls $0.02
*** TURN *** [7c 6d 9h] [4c]
Dorex2007: checks 
DonBawor: bets $0.04
Adrel: calls $0.04
Dorex2007: calls $0.04
*** RIVER *** [7c 6d 9h 4c] [7h]
Dorex2007: checks 
DonBawor: bets $0.08
Adrel: calls $0.08
Dorex2007: folds 
*** SHOW DOWN ***
DonBawor: shows [9s Ac] (two pair, Nines and Sevens)
Adrel: mucks hand 
DonBawor collected $0.50 from pot
*** SUMMARY ***
Total pot $0.52 | Rake $0.02 
Board [7c 6d 9h 4c 7h]
Seat 1: elpela2000 folded before Flop (didn't bet)
Seat 2: VilpPS folded before Flop (didn't bet)
Seat 3: BiM-WiNNeR folded before Flop (didn't bet)
Seat 4: TheDuffMan3 folded before Flop (didn't bet)
Seat 5: frosa9397 (button) folded before Flop (didn't bet)
Seat 6: Dorex2007 (small blind) folded on the River
Seat 8: DonBawor (big blind) showed [9s Ac] and won ($0.50) with two pair, Nines and Sevens
Seat 9: Adrel mucked [Jc 9d]



PokerStars Hand #231388594674:  Hold'em No Limit ($0.01/$0.02 USD) - 2021/11/13 21:21:40 PT [2021/11/14 0:21:40 ET]
Table 'Schilt II' 9-max Seat #6 is the button
Seat 1: elpela2000 ($1.94 in chips) 
Seat 2: VilpPS ($2.44 in chips) 
Seat 3: BiM-WiNNeR ($2 in chips) 
Seat 4: TheDuffMan3 ($0.90 in chips) 
Seat 5: frosa9397 ($3.86 in chips) 
Seat 6: Dorex2007 ($2 in chips) 
Seat 8: DonBawor ($6.69 in chips) 
Seat 9: Adrel ($2.90 in chips) 
DonBawor: posts small blind $0.01
Adrel: posts big blind $0.02
*** HOLE CARDS ***
Dealt to Dorex2007 [Qh 4h]
elpela2000: folds 
VilpPS: raises $0.04 to $0.06
BiM-WiNNeR: folds 
TheDuffMan3: folds 
frosa9397: folds 
Dorex2007: folds 
DonBawor: calls $0.05
Adrel: calls $0.04
*** FLOP *** [2h Th 8c]
DonBawor: checks 
Adrel: checks 
VilpPS: checks 
*** TURN *** [2h Th 8c] [6d]
DonBawor: checks 
Adrel: checks 
VilpPS: checks 
*** RIVER *** [2h Th 8c 6d] [9s]
DonBawor: checks 
Adrel: checks 
VilpPS: checks 
*** SHOW DOWN ***
DonBawor: shows [Qc Jd] (a straight, Eight to Queen)
Adrel: mucks hand 
okf1991 joins the table at seat #7 
VilpPS: mucks hand 
DonBawor collected $0.17 from pot
*** SUMMARY ***
Total pot $0.18 | Rake $0.01 
Board [2h Th 8c 6d 9s]
Seat 1: elpela2000 folded before Flop (didn't bet)
Seat 2: VilpPS mucked [5s 5h]
Seat 3: BiM-WiNNeR folded before Flop (didn't bet)
Seat 4: TheDuffMan3 folded before Flop (didn't bet)
Seat 5: frosa9397 folded before Flop (didn't bet)
Seat 6: Dorex2007 (button) folded before Flop (didn't bet)
Seat 8: DonBawor (small blind) showed [Qc Jd] and won ($0.17) with a straight, Eight to Queen
Seat 9: Adrel (big blind) mucked [Ks Qs]



PokerStars Hand #231388601082:  Hold'em No Limit ($0.01/$0.02 USD) - 2021/11/13 21:22:21 PT [2021/11/14 0:22:21 ET]
Table 'Schilt II' 9-max Seat #8 is the button
Seat 1: elpela2000 ($1.94 in chips) 
Seat 2: VilpPS ($2.38 in chips) 
Seat 3: BiM-WiNNeR ($2 in chips) 
Seat 4: TheDuffMan3 ($0.90 in chips) 
Seat 5: frosa9397 ($3.86 in chips) 
Seat 6: Dorex2007 ($2 in chips) 
Seat 8: DonBawor ($6.80 in chips) 
Seat 9: Adrel ($2.84 in chips) 
Adrel: posts small blind $0.01
elpela2000: posts big blind $0.02
okf1991: sits out 
*** HOLE CARDS ***
Dealt to Dorex2007 [Th Tc]
VilpPS: raises $0.04 to $0.06
BiM-WiNNeR: raises $0.12 to $0.18
TheDuffMan3: folds 
frosa9397: calls $0.18
Dorex2007: folds 
DonBawor: folds 
Adrel: calls $0.17
elpela2000: folds 
VilpPS: calls $0.12
*** FLOP *** [9h 9s 3h]
Adrel: checks 
VilpPS: checks 
BiM-WiNNeR: bets $0.37
frosa9397: folds 
Adrel: folds 
VilpPS: folds 
Uncalled bet ($0.37) returned to BiM-WiNNeR
BiM-WiNNeR collected $0.71 from pot
BiM-WiNNeR: doesn't show hand 
*** SUMMARY ***
Total pot $0.74 | Rake $0.03 
Board [9h 9s 3h]
Seat 1: elpela2000 (big blind) folded before Flop
Seat 2: VilpPS folded on the Flop
Seat 3: BiM-WiNNeR collected ($0.71)
Seat 4: TheDuffMan3 folded before Flop (didn't bet)
Seat 5: frosa9397 folded on the Flop
Seat 6: Dorex2007 folded before Flop (didn't bet)
Seat 8: DonBawor (button) folded before Flop (didn't bet)
Seat 9: Adrel (small blind) folded on the Flop



PokerStars Hand #231388608651:  Hold'em No Limit ($0.01/$0.02 USD) - 2021/11/13 21:23:09 PT [2021/11/14 0:23:09 ET]
Table 'Schilt II' 9-max Seat #9 is the button
Seat 1: elpela2000 ($1.92 in chips) 
Seat 2: VilpPS ($2.20 in chips) 
Seat 3: BiM-WiNNeR ($2.53 in chips) 
Seat 4: TheDuffMan3 ($0.90 in chips) 
Seat 5: frosa9397 ($3.68 in chips) 
Seat 6: Dorex2007 ($2 in chips) 
Seat 7: okf1991 ($1.60 in chips) 
Seat 8: DonBawor ($6.80 in chips) 
Seat 9: Adrel ($2.66 in chips) 
elpela2000: posts small blind $0.01
VilpPS: posts big blind $0.02
okf1991: posts big blind $0.02
*** HOLE CARDS ***
Dealt to Dorex2007 [9d 8s]
BiM-WiNNeR: folds 
TheDuffMan3: folds 
frosa9397 has timed out
frosa9397: folds 
Dorex2007: folds 
okf1991: checks 
DonBawor: folds 
Adrel: folds 
Adrel leaves the table
elpela2000: folds 
frosa9397 is disconnected 
VilpPS: checks 
*** FLOP *** [Ad 3c Kc]
VilpPS: checks 
okf1991: checks 
*** TURN *** [Ad 3c Kc] [Qd]
VilpPS: checks 
okf1991: checks 
*** RIVER *** [Ad 3c Kc Qd] [Jd]
VilpPS: checks 
okf1991: checks 
*** SHOW DOWN ***
VilpPS: shows [Ks 5s] (a pair of Kings)
fildapeste joins the table at seat #9 
okf1991: mucks hand 
VilpPS collected $0.05 from pot
*** SUMMARY ***
Total pot $0.05 | Rake $0 
Board [Ad 3c Kc Qd Jd]
Seat 1: elpela2000 (small blind) folded before Flop
Seat 2: VilpPS (big blind) showed [Ks 5s] and won ($0.05) with a pair of Kings
Seat 3: BiM-WiNNeR folded before Flop (didn't bet)
Seat 4: TheDuffMan3 folded before Flop (didn't bet)
Seat 5: frosa9397 folded before Flop (didn't bet)
Seat 6: Dorex2007 folded before Flop (didn't bet)
Seat 7: okf1991 mucked [4s 7s]
Seat 8: DonBawor folded before Flop (didn't bet)
Seat 9: Adrel (button) folded before Flop (didn't bet)



PokerStars Hand #231388617184:  Hold'em No Limit ($0.01/$0.02 USD) - 2021/11/13 21:24:04 PT [2021/11/14 0:24:04 ET]
Table 'Schilt II' 9-max Seat #1 is the button
Seat 1: elpela2000 ($1.91 in chips) 
Seat 2: VilpPS ($2.23 in chips) 
Seat 3: BiM-WiNNeR ($2.53 in chips) 
Seat 4: TheDuffMan3 ($0.90 in chips) 
Seat 6: Dorex2007 ($2 in chips) 
Seat 7: okf1991 ($1.58 in chips) 
Seat 8: DonBawor ($6.80 in chips) 
VilpPS: posts small blind $0.01
BiM-WiNNeR: posts big blind $0.02
fildapeste: sits out 
*** HOLE CARDS ***
Dealt to Dorex2007 [Qs 6s]
TheDuffMan3: raises $0.04 to $0.06
Dorex2007: folds 
okf1991: folds 
DonBawor: calls $0.06
elpela2000: folds 
VilpPS: folds 
BiM-WiNNeR: folds 
*** FLOP *** [Kh Qd 3h]
TheDuffMan3: bets $0.07
DonBawor: folds 
Uncalled bet ($0.07) returned to TheDuffMan3
TheDuffMan3 collected $0.14 from pot
TheDuffMan3: doesn't show hand 
*** SUMMARY ***
Total pot $0.15 | Rake $0.01 
Board [Kh Qd 3h]
Seat 1: elpela2000 (button) folded before Flop (didn't bet)
Seat 2: VilpPS (small blind) folded before Flop
Seat 3: BiM-WiNNeR (big blind) folded before Flop
Seat 4: TheDuffMan3 collected ($0.14)
Seat 6: Dorex2007 folded before Flop (didn't bet)
Seat 7: okf1991 folded before Flop (didn't bet)
Seat 8: DonBawor folded on the Flop



PokerStars Hand #231388620892:  Hold'em No Limit ($0.01/$0.02 USD) - 2021/11/13 21:24:28 PT [2021/11/14 0:24:28 ET]
Table 'Schilt II' 9-max Seat #2 is the button
Seat 1: elpela2000 ($1.91 in chips) 
Seat 2: VilpPS ($2.22 in chips) 
Seat 3: BiM-WiNNeR ($2.51 in chips) 
Seat 4: TheDuffMan3 ($0.98 in chips) 
Seat 6: Dorex2007 ($2 in chips) 
Seat 7: okf1991 ($1.58 in chips) 
Seat 8: DonBawor ($6.74 in chips) 
BiM-WiNNeR: posts small blind $0.01
TheDuffMan3: posts big blind $0.02
fildapeste: sits out 
*** HOLE CARDS ***
Dealt to Dorex2007 [Th 8c]
Dorex2007: folds 
okf1991: calls $0.02
DonBawor: folds 
elpela2000: folds 
VilpPS: raises $0.20 to $0.22
BiM-WiNNeR: folds 
TheDuffMan3: folds 
okf1991: folds 
Uncalled bet ($0.20) returned to VilpPS
VilpPS collected $0.07 from pot
VilpPS: doesn't show hand 
*** SUMMARY ***
Total pot $0.07 | Rake $0 
Seat 1: elpela2000 folded before Flop (didn't bet)
Seat 2: VilpPS (button) collected ($0.07)
Seat 3: BiM-WiNNeR (small blind) folded before Flop
Seat 4: TheDuffMan3 (big blind) folded before Flop
Seat 6: Dorex2007 folded before Flop (didn't bet)
Seat 7: okf1991 folded before Flop
Seat 8: DonBawor folded before Flop (didn't bet)



PokerStars Hand #231388624560:  Hold'em No Limit ($0.01/$0.02 USD) - 2021/11/13 21:24:51 PT [2021/11/14 0:24:51 ET]
Table 'Schilt II' 9-max Seat #3 is the button
Seat 1: elpela2000 ($1.91 in chips) 
Seat 2: VilpPS ($2.27 in chips) 
Seat 3: BiM-WiNNeR ($2.50 in chips) 
Seat 4: TheDuffMan3 ($0.96 in chips) 
Seat 6: Dorex2007 ($2 in chips) 
Seat 7: okf1991 ($1.56 in chips) 
Seat 8: DonBawor ($6.74 in chips) 
TheDuffMan3: posts small blind $0.01
Dorex2007: posts big blind $0.02
fildapeste: sits out 
*** HOLE CARDS ***
Dealt to Dorex2007 [4s 5c]
okf1991: calls $0.02
DonBawor: calls $0.02
elpela2000: folds 
VilpPS: calls $0.02
BiM-WiNNeR: folds 
TheDuffMan3: calls $0.01
Dorex2007: checks 
*** FLOP *** [As 5h 4h]
TheDuffMan3: checks 
Dorex2007: checks 
okf1991: checks 
DonBawor: bets $0.06
VilpPS: calls $0.06
fildapeste leaves the table
TheDuffMan3: calls $0.06
Dorex2007: calls $0.06
okf1991: folds 
*** TURN *** [As 5h 4h] [2c]
TheDuffMan3: checks 
Dorex2007: checks 
DonBawor: bets $0.06
VilpPS: folds 
TheDuffMan3: calls $0.06
Dorex2007: calls $0.06
*** RIVER *** [As 5h 4h 2c] [3c]
TheDuffMan3: bets $0.25
Dorex2007: calls $0.25
DonBawor: folds 
*** SHOW DOWN ***
TheDuffMan3: shows [6d 7c] (a straight, Three to Seven)
Dorex2007: mucks hand 
TheDuffMan3 collected $0.98 from pot
*** SUMMARY ***
Total pot $1.02 | Rake $0.04 
Board [As 5h 4h 2c 3c]
Seat 1: elpela2000 folded before Flop (didn't bet)
Seat 2: VilpPS folded on the Turn
Seat 3: BiM-WiNNeR (button) folded before Flop (didn't bet)
Seat 4: TheDuffMan3 (small blind) showed [6d 7c] and won ($0.98) with a straight, Three to Seven
Seat 6: Dorex2007 (big blind) mucked [4s 5c]
Seat 7: okf1991 folded on the Flop
Seat 8: DonBawor folded on the River



PokerStars Hand #231388637441:  Hold'em No Limit ($0.01/$0.02 USD) - 2021/11/13 21:26:14 PT [2021/11/14 0:26:14 ET]
Table 'Schilt II' 9-max Seat #4 is the button
Seat 1: elpela2000 ($1.91 in chips) 
Seat 2: VilpPS ($2.19 in chips) 
Seat 3: BiM-WiNNeR ($2.50 in chips) 
Seat 4: TheDuffMan3 ($1.55 in chips) 
Seat 6: Dorex2007 ($2 in chips) 
Seat 7: okf1991 ($1.54 in chips) 
Seat 8: DonBawor ($6.60 in chips) 
Dorex2007: posts small blind $0.01
okf1991: posts big blind $0.02
*** HOLE CARDS ***
Dealt to Dorex2007 [Ac 3s]
DonBawor: folds 
elpela2000: folds 
VilpPS: folds 
BiM-WiNNeR: folds 
TheDuffMan3: calls $0.02
Dorex2007: calls $0.01
okf1991: checks 
*** FLOP *** [Ah 2c 6h]
Dorex2007: checks 
okf1991: checks 
TheDuffMan3: checks 
*** TURN *** [Ah 2c 6h] [5h]
Resipuljator joins the table at seat #9 
Dorex2007: checks 
okf1991: checks 
TheDuffMan3: checks 
*** RIVER *** [Ah 2c 6h 5h] [2d]
Dorex2007: checks 
okf1991: bets $0.02
TheDuffMan3: folds 
Dorex2007: calls $0.02
*** SHOW DOWN ***
okf1991: shows [8d 8s] (two pair, Eights and Deuces)
Dorex2007: shows [Ac 3s] (two pair, Aces and Deuces)
Dorex2007 collected $0.10 from pot
*** SUMMARY ***
Total pot $0.10 | Rake $0 
Board [Ah 2c 6h 5h 2d]
Seat 1: elpela2000 folded before Flop (didn't bet)
Seat 2: VilpPS folded before Flop (didn't bet)
Seat 3: BiM-WiNNeR folded before Flop (didn't bet)
Seat 4: TheDuffMan3 (button) folded on the River
Seat 6: Dorex2007 (small blind) showed [Ac 3s] and won ($0.10) with two pair, Aces and Deuces
Seat 7: okf1991 (big blind) showed [8d 8s] and lost with two pair, Eights and Deuces
Seat 8: DonBawor folded before Flop (didn't bet)



PokerStars Hand #231388645366:  Hold'em No Limit ($0.01/$0.02 USD) - 2021/11/13 21:27:05 PT [2021/11/14 0:27:05 ET]
Table 'Schilt II' 9-max Seat #6 is the button
Seat 1: elpela2000 ($1.91 in chips) 
Seat 3: BiM-WiNNeR ($2.50 in chips) 
Seat 4: TheDuffMan3 ($1.53 in chips) 
Seat 6: Dorex2007 ($2.06 in chips) 
Seat 7: okf1991 ($1.50 in chips) 
Seat 8: DonBawor ($6.60 in chips) 
okf1991: posts small blind $0.01
DonBawor: posts big blind $0.02
Resipuljator: sits out 
*** HOLE CARDS ***
Dealt to Dorex2007 [9c Qs]
elpela2000: folds 
BiM-WiNNeR: folds 
TheDuffMan3: raises $0.04 to $0.06
Dorex2007: folds 
okf1991: folds 
DonBawor: calls $0.04
*** FLOP *** [5s Ah Kd]
DonBawor: checks 
TheDuffMan3: bets $0.06
DonBawor: folds 
Uncalled bet ($0.06) returned to TheDuffMan3
TheDuffMan3 collected $0.13 from pot
TheDuffMan3: doesn't show hand 
*** SUMMARY ***
Total pot $0.13 | Rake $0 
Board [5s Ah Kd]
Seat 1: elpela2000 folded before Flop (didn't bet)
Seat 3: BiM-WiNNeR folded before Flop (didn't bet)
Seat 4: TheDuffMan3 collected ($0.13)
Seat 6: Dorex2007 (button) folded before Flop (didn't bet)
Seat 7: okf1991 (small blind) folded before Flop
Seat 8: DonBawor (big blind) folded on the Flop



PokerStars Hand #231388650206:  Hold'em No Limit ($0.01/$0.02 USD) - 2021/11/13 21:27:37 PT [2021/11/14 0:27:37 ET]
Table 'Schilt II' 9-max Seat #7 is the button
Seat 1: elpela2000 ($1.91 in chips) 
Seat 3: BiM-WiNNeR ($2.50 in chips) 
Seat 4: TheDuffMan3 ($1.60 in chips) 
Seat 6: Dorex2007 ($2.06 in chips) 
Seat 7: okf1991 ($1.49 in chips) 
Seat 8: DonBawor ($6.54 in chips) 
Seat 9: Resipuljator ($1.50 in chips) 
DonBawor: posts small blind $0.01
Resipuljator: posts big blind $0.02
*** HOLE CARDS ***
Dealt to Dorex2007 [Ts 5d]
elpela2000: raises $0.03 to $0.05
BiM-WiNNeR: folds 
TheDuffMan3: folds 
Dorex2007: folds 
okf1991: calls $0.05
DonBawor: folds 
Resipuljator: calls $0.03
*** FLOP *** [5s 7s Ad]
Resipuljator: checks 
elpela2000: checks 
okf1991: checks 
*** TURN *** [5s 7s Ad] [Td]
Resipuljator: checks 
elpela2000: checks 
okf1991: checks 
*** RIVER *** [5s 7s Ad Td] [6c]
Resipuljator: checks 
elpela2000: checks 
okf1991: checks 
*** SHOW DOWN ***
Resipuljator: shows [2s 5h] (a pair of Fives)
elpela2000: mucks hand 
okf1991: mucks hand 
Resipuljator collected $0.15 from pot
*** SUMMARY ***
Total pot $0.16 | Rake $0.01 
Board [5s 7s Ad Td 6c]
Seat 1: elpela2000 mucked [4s 4h]
Seat 3: BiM-WiNNeR folded before Flop (didn't bet)
Seat 4: TheDuffMan3 folded before Flop (didn't bet)
Seat 6: Dorex2007 folded before Flop (didn't bet)
Seat 7: okf1991 (button) mucked [9c Jc]
Seat 8: DonBawor (small blind) folded before Flop
Seat 9: Resipuljator (big blind) showed [2s 5h] and won ($0.15) with a pair of Fives



PokerStars Hand #231388656584:  Hold'em No Limit ($0.01/$0.02 USD) - 2021/11/13 21:28:19 PT [2021/11/14 0:28:19 ET]
Table 'Schilt II' 9-max Seat #8 is the button
Seat 1: elpela2000 ($1.86 in chips) 
Seat 3: BiM-WiNNeR ($2.50 in chips) 
Seat 4: TheDuffMan3 ($1.60 in chips) 
Seat 6: Dorex2007 ($2.06 in chips) 
Seat 7: okf1991 ($1.44 in chips) 
Seat 8: DonBawor ($6.53 in chips) 
Seat 9: Resipuljator ($1.60 in chips) 
Resipuljator: posts small blind $0.01
elpela2000: posts big blind $0.02
*** HOLE CARDS ***
Dealt to Dorex2007 [2d 6c]
BiM-WiNNeR: folds 
TheDuffMan3: folds 
Dorex2007: folds 
okf1991: folds 
DonBawor: raises $0.02 to $0.04
Resipuljator: calls $0.03
elpela2000: folds 
*** FLOP *** [9h Ad 3c]
Resipuljator: bets $0.06
DonBawor: calls $0.06
*** TURN *** [9h Ad 3c] [7c]
Resipuljator: bets $0.08
DonBawor: folds 
Uncalled bet ($0.08) returned to Resipuljator
Resipuljator collected $0.21 from pot
Resipuljator: doesn't show hand 
*** SUMMARY ***
Total pot $0.22 | Rake $0.01 
Board [9h Ad 3c 7c]
Seat 1: elpela2000 (big blind) folded before Flop
Seat 3: BiM-WiNNeR folded before Flop (didn't bet)
Seat 4: TheDuffMan3 folded before Flop (didn't bet)
Seat 6: Dorex2007 folded before Flop (didn't bet)
Seat 7: okf1991 folded before Flop (didn't bet)
Seat 8: DonBawor (button) folded on the Turn
Seat 9: Resipuljator (small blind) collected ($0.21)



PokerStars Hand #231388661751:  Hold'em No Limit ($0.01/$0.02 USD) - 2021/11/13 21:28:52 PT [2021/11/14 0:28:52 ET]
Table 'Schilt II' 9-max Seat #9 is the button
Seat 1: elpela2000 ($1.84 in chips) 
Seat 3: BiM-WiNNeR ($2.50 in chips) 
Seat 4: TheDuffMan3 ($1.60 in chips) 
Seat 6: Dorex2007 ($2.06 in chips) 
Seat 7: okf1991 ($1.44 in chips) 
Seat 8: DonBawor ($6.43 in chips) 
Seat 9: Resipuljator ($1.71 in chips) 
elpela2000: posts small blind $0.01
BiM-WiNNeR: posts big blind $0.02
*** HOLE CARDS ***
Dealt to Dorex2007 [Js Qd]
TheDuffMan3: folds 
Dorex2007: raises $0.02 to $0.04
okf1991: calls $0.04
DonBawor: calls $0.04
Resipuljator: folds 
elpela2000: folds 
BiM-WiNNeR: folds 
*** FLOP *** [Jc 4d Ts]
Dorex2007: bets $0.14
okf1991: folds 
DonBawor: folds 
Uncalled bet ($0.14) returned to Dorex2007
Dorex2007 collected $0.14 from pot
Dorex2007: doesn't show hand 
*** SUMMARY ***
Total pot $0.15 | Rake $0.01 
Board [Jc 4d Ts]
Seat 1: elpela2000 (small blind) folded before Flop
Seat 3: BiM-WiNNeR (big blind) folded before Flop
Seat 4: TheDuffMan3 folded before Flop (didn't bet)
Seat 6: Dorex2007 collected ($0.14)
Seat 7: okf1991 folded on the Flop
Seat 8: DonBawor folded on the Flop
Seat 9: Resipuljator (button) folded before Flop (didn't bet)



PokerStars Hand #231388668495:  Hold'em No Limit ($0.01/$0.02 USD) - 2021/11/13 21:29:36 PT [2021/11/14 0:29:36 ET]
Table 'Schilt II' 9-max Seat #1 is the button
Seat 1: elpela2000 ($1.83 in chips) 
Seat 3: BiM-WiNNeR ($2.48 in chips) 
Seat 4: TheDuffMan3 ($1.60 in chips) 
Seat 6: Dorex2007 ($2.16 in chips) 
Seat 7: okf1991 ($1.40 in chips) 
Seat 8: DonBawor ($6.39 in chips) 
Seat 9: Resipuljator ($1.71 in chips) 
BiM-WiNNeR: posts small blind $0.01
TheDuffMan3: posts big blind $0.02
*** HOLE CARDS ***
Dealt to Dorex2007 [5s 8c]
Dorex2007: folds 
okf1991: folds 
DonBawor: calls $0.02
Resipuljator: folds 
elpela2000: raises $0.03 to $0.05
BiM-WiNNeR: folds 
TheDuffMan3: calls $0.03
DonBawor: calls $0.03
*** FLOP *** [2d 8h 9c]
TheDuffMan3: checks 
DonBawor: bets $0.04
elpela2000: calls $0.04
TheDuffMan3: folds 
*** TURN *** [2d 8h 9c] [As]
DonBawor: bets $0.02
elpela2000: calls $0.02
*** RIVER *** [2d 8h 9c As] [6s]
DonBawor: bets $0.27
elpela2000: raises $0.81 to $1.08
DonBawor: calls $0.81
*** SHOW DOWN ***
elpela2000: shows [7s Ts] (a straight, Six to Ten)
DonBawor: mucks hand 
elpela2000 collected $2.35 from pot
*** SUMMARY ***
Total pot $2.44 | Rake $0.09 
Board [2d 8h 9c As 6s]
Seat 1: elpela2000 (button) showed [7s Ts] and won ($2.35) with a straight, Six to Ten
Seat 3: BiM-WiNNeR (small blind) folded before Flop
Seat 4: TheDuffMan3 (big blind) folded on the Flop
Seat 6: Dorex2007 folded before Flop (didn't bet)
Seat 7: okf1991 folded before Flop (didn't bet)
Seat 8: DonBawor mucked [6d 9s]
Seat 9: Resipuljator folded before Flop (didn't bet)



PokerStars Hand #231388677026:  Hold'em No Limit ($0.01/$0.02 USD) - 2021/11/13 21:30:32 PT [2021/11/14 0:30:32 ET]
Table 'Schilt II' 9-max Seat #3 is the button
Seat 1: elpela2000 ($2.99 in chips) 
Seat 3: BiM-WiNNeR ($2.47 in chips) 
Seat 4: TheDuffMan3 ($1.55 in chips) 
Seat 6: Dorex2007 ($2.16 in chips) 
Seat 7: okf1991 ($1.40 in chips) 
Seat 8: DonBawor ($5.20 in chips) 
Seat 9: Resipuljator ($1.71 in chips) 
TheDuffMan3: posts small blind $0.01
Dorex2007: posts big blind $0.02
*** HOLE CARDS ***
Dealt to Dorex2007 [Kc 2c]
okf1991: calls $0.02
DonBawor: folds 
Resipuljator: folds 
elpela2000: raises $0.03 to $0.05
BiM-WiNNeR: folds 
TheDuffMan3: calls $0.04
Dorex2007: folds 
okf1991: calls $0.03
*** FLOP *** [3c 4d 8h]
TheDuffMan3: bets $0.16
okf1991: calls $0.16
elpela2000: folds 
*** TURN *** [3c 4d 8h] [2d]
TheDuffMan3: bets $1.34 and is all-in
okf1991: calls $1.19 and is all-in
Uncalled bet ($0.15) returned to TheDuffMan3
*** RIVER *** [3c 4d 8h 2d] [Tc]
*** SHOW DOWN ***
TheDuffMan3: shows [As 5s] (a straight, Ace to Five)
okf1991: shows [9s 8d] (a pair of Eights)
TheDuffMan3 collected $2.77 from pot
*** SUMMARY ***
Total pot $2.87 | Rake $0.10 
Board [3c 4d 8h 2d Tc]
Seat 1: elpela2000 folded on the Flop
Seat 3: BiM-WiNNeR (button) folded before Flop (didn't bet)
Seat 4: TheDuffMan3 (small blind) showed [As 5s] and won ($2.77) with a straight, Ace to Five
Seat 6: Dorex2007 (big blind) folded before Flop
Seat 7: okf1991 showed [9s 8d] and lost with a pair of Eights
Seat 8: DonBawor folded before Flop (didn't bet)
Seat 9: Resipuljator folded before Flop (didn't bet)



PokerStars Hand #231388684863:  Hold'em No Limit ($0.01/$0.02 USD) - 2021/11/13 21:31:22 PT [2021/11/14 0:31:22 ET]
Table 'Schilt II' 9-max Seat #4 is the button
Seat 1: elpela2000 ($2.94 in chips) 
Seat 3: BiM-WiNNeR ($2.47 in chips) 
Seat 4: TheDuffMan3 ($2.92 in chips) 
Seat 6: Dorex2007 ($2.14 in chips) 
Seat 8: DonBawor ($5.20 in chips) 
Seat 9: Resipuljator ($1.71 in chips) 
Dorex2007: posts small blind $0.01
DonBawor: posts big blind $0.02
*** HOLE CARDS ***
Dealt to Dorex2007 [4h 3s]
Resipuljator: folds 
elpela2000: folds 
BiM-WiNNeR: raises $0.04 to $0.06
TheDuffMan3: folds 
Dorex2007: folds 
DonBawor: calls $0.04
*** FLOP *** [7h 5h 9d]
DonBawor: bets $0.06
BiM-WiNNeR: raises $0.17 to $0.23
DonBawor: folds 
Uncalled bet ($0.17) returned to BiM-WiNNeR
BiM-WiNNeR collected $0.24 from pot
BiM-WiNNeR: doesn't show hand 
*** SUMMARY ***
Total pot $0.25 | Rake $0.01 
Board [7h 5h 9d]
Seat 1: elpela2000 folded before Flop (didn't bet)
Seat 3: BiM-WiNNeR collected ($0.24)
Seat 4: TheDuffMan3 (button) folded before Flop (didn't bet)
Seat 6: Dorex2007 (small blind) folded before Flop
Seat 8: DonBawor (big blind) folded on the Flop
Seat 9: Resipuljator folded before Flop (didn't bet)



PokerStars Hand #231388693941:  Hold'em No Limit ($0.01/$0.02 USD) - 2021/11/13 21:32:03 PT [2021/11/14 0:32:03 ET]
Table 'Schilt II' 9-max Seat #6 is the button
Seat 1: elpela2000 ($2.94 in chips) 
Seat 3: BiM-WiNNeR ($2.59 in chips) 
Seat 4: TheDuffMan3 ($2.92 in chips) 
Seat 6: Dorex2007 ($2.13 in chips) 
Seat 8: DonBawor ($5.08 in chips) 
Seat 9: Resipuljator ($1.71 in chips) 
DonBawor: posts small blind $0.01
Resipuljator: posts big blind $0.02
VilpPS: sits out 
*** HOLE CARDS ***
Dealt to Dorex2007 [8h 8c]
elpela2000: folds 
BiM-WiNNeR: folds 
TheDuffMan3: folds 
Dorex2007: calls $0.02
DonBawor: calls $0.01
Resipuljator: checks 
*** FLOP *** [6s 3s 2c]
DonBawor: checks 
Resipuljator: checks 
Dorex2007: checks 
*** TURN *** [6s 3s 2c] [8s]
DonBawor: checks 
Resipuljator: checks 
Dorex2007: checks 
*** RIVER *** [6s 3s 2c 8s] [4d]
DonBawor: checks 
Resipuljator: bets $0.04
Dorex2007: calls $0.04
DonBawor: raises $0.04 to $0.08
Resipuljator: calls $0.04
Dorex2007: calls $0.04
*** SHOW DOWN ***
DonBawor: shows [5h 2h] (a straight, Deuce to Six)
Resipuljator: shows [As 5d] (a straight, Deuce to Six)
Dorex2007: mucks hand 
DonBawor collected $0.15 from pot
Resipuljator collected $0.14 from pot
*** SUMMARY ***
Total pot $0.30 | Rake $0.01 
Board [6s 3s 2c 8s 4d]
Seat 1: elpela2000 folded before Flop (didn't bet)
Seat 3: BiM-WiNNeR folded before Flop (didn't bet)
Seat 4: TheDuffMan3 folded before Flop (didn't bet)
Seat 6: Dorex2007 (button) mucked [8h 8c]
Seat 8: DonBawor (small blind) showed [5h 2h] and won ($0.15) with a straight, Deuce to Six
Seat 9: Resipuljator (big blind) showed [As 5d] and won ($0.14) with a straight, Deuce to Six



PokerStars Hand #231388710156:  Hold'em No Limit ($0.01/$0.02 USD) - 2021/11/13 21:33:03 PT [2021/11/14 0:33:03 ET]
Table 'Schilt II' 9-max Seat #8 is the button
Seat 1: elpela2000 ($2.94 in chips) 
Seat 3: BiM-WiNNeR ($2.59 in chips) 
Seat 4: TheDuffMan3 ($2.92 in chips) 
Seat 6: Dorex2007 ($2.03 in chips) 
Seat 7: okf1991 ($2 in chips) 
Seat 8: DonBawor ($5.13 in chips) 
Seat 9: Resipuljator ($1.75 in chips) 
Resipuljator: posts small blind $0.01
elpela2000: posts big blind $0.02
VilpPS: sits out 
okf1991: posts small & big blinds $0.03
*** HOLE CARDS ***
Dealt to Dorex2007 [8c 7s]
BiM-WiNNeR: folds 
TheDuffMan3: raises $0.04 to $0.06
Dorex2007: folds 
okf1991: folds 
DonBawor: folds 
Resipuljator: folds 
elpela2000: folds 
Uncalled bet ($0.04) returned to TheDuffMan3
TheDuffMan3 collected $0.08 from pot
TheDuffMan3: doesn't show hand 
*** SUMMARY ***
Total pot $0.08 | Rake $0 
Seat 1: elpela2000 (big blind) folded before Flop
Seat 3: BiM-WiNNeR folded before Flop (didn't bet)
Seat 4: TheDuffMan3 collected ($0.08)
Seat 6: Dorex2007 folded before Flop (didn't bet)
Seat 7: okf1991 folded before Flop (didn't bet)
Seat 8: DonBawor (button) folded before Flop (didn't bet)
Seat 9: Resipuljator (small blind) folded before Flop



PokerStars Hand #231388713640:  Hold'em No Limit ($0.01/$0.02 USD) - 2021/11/13 21:33:25 PT [2021/11/14 0:33:25 ET]
Table 'Schilt II' 9-max Seat #9 is the button
Seat 1: elpela2000 ($2.92 in chips) 
Seat 2: VilpPS ($2.19 in chips) 
Seat 3: BiM-WiNNeR ($2.59 in chips) 
Seat 4: TheDuffMan3 ($2.98 in chips) 
Seat 6: Dorex2007 ($2.03 in chips) 
Seat 7: okf1991 ($1.97 in chips) 
Seat 8: DonBawor ($5.13 in chips) 
Seat 9: Resipuljator ($1.74 in chips) 
elpela2000: posts small blind $0.01
VilpPS: posts big blind $0.02
*** HOLE CARDS ***
Dealt to Dorex2007 [3d 9d]
BiM-WiNNeR: folds 
TheDuffMan3: folds 
Dorex2007: folds 
okf1991: calls $0.02
DonBawor: raises $0.02 to $0.04
Resipuljator: folds 
elpela2000: folds 
frosa9397 leaves the table
VilpPS: folds 
okf1991: calls $0.02
*** FLOP *** [8h Jd Ah]
okf1991: checks 
DonBawor: checks 
*** TURN *** [8h Jd Ah] [Qc]
okf1991: checks 
DonBawor: checks 
*** RIVER *** [8h Jd Ah Qc] [5d]
okf1991: checks 
DonBawor: checks 
*** SHOW DOWN ***
okf1991: shows [Ks 8d] (a pair of Eights)
DonBawor: mucks hand 
okf1991 collected $0.11 from pot
*** SUMMARY ***
Total pot $0.11 | Rake $0 
Board [8h Jd Ah Qc 5d]
Seat 1: elpela2000 (small blind) folded before Flop
Seat 2: VilpPS (big blind) folded before Flop
Seat 3: BiM-WiNNeR folded before Flop (didn't bet)
Seat 4: TheDuffMan3 folded before Flop (didn't bet)
Seat 6: Dorex2007 folded before Flop (didn't bet)
Seat 7: okf1991 showed [Ks 8d] and won ($0.11) with a pair of Eights
Seat 8: DonBawor mucked [7s 7h]
Seat 9: Resipuljator (button) folded before Flop (didn't bet)



PokerStars Hand #231388718788:  Hold'em No Limit ($0.01/$0.02 USD) - 2021/11/13 21:33:59 PT [2021/11/14 0:33:59 ET]
Table 'Schilt II' 9-max Seat #1 is the button
Seat 1: elpela2000 ($2.91 in chips) 
Seat 2: VilpPS ($2.17 in chips) 
Seat 3: BiM-WiNNeR ($2.59 in chips) 
Seat 4: TheDuffMan3 ($2.98 in chips) 
Seat 6: Dorex2007 ($2.03 in chips) 
Seat 7: okf1991 ($2.04 in chips) 
Seat 8: DonBawor ($5.09 in chips) 
Seat 9: Resipuljator ($1.74 in chips) 
VilpPS: posts small blind $0.01
BiM-WiNNeR: posts big blind $0.02
*** HOLE CARDS ***
Dealt to Dorex2007 [3d Th]
TheDuffMan3: folds 
Dorex2007: folds 
okf1991: calls $0.02
DonBawor: folds 
Resipuljator: folds 
elpela2000: folds 
VilpPS: folds 
BiM-WiNNeR: raises $0.06 to $0.08
okf1991: folds 
Uncalled bet ($0.06) returned to BiM-WiNNeR
BiM-WiNNeR collected $0.05 from pot
BiM-WiNNeR: doesn't show hand 
*** SUMMARY ***
Total pot $0.05 | Rake $0 
Seat 1: elpela2000 (button) folded before Flop (didn't bet)
Seat 2: VilpPS (small blind) folded before Flop
Seat 3: BiM-WiNNeR (big blind) collected ($0.05)
Seat 4: TheDuffMan3 folded before Flop (didn't bet)
Seat 6: Dorex2007 folded before Flop (didn't bet)
Seat 7: okf1991 folded before Flop
Seat 8: DonBawor folded before Flop (didn't bet)
Seat 9: Resipuljator folded before Flop (didn't bet)



PokerStars Hand #231388722818:  Hold'em No Limit ($0.01/$0.02 USD) - 2021/11/13 21:34:26 PT [2021/11/14 0:34:26 ET]
Table 'Schilt II' 9-max Seat #2 is the button
Seat 1: elpela2000 ($2.91 in chips) 
Seat 2: VilpPS ($2.16 in chips) 
Seat 3: BiM-WiNNeR ($2.62 in chips) 
Seat 4: TheDuffMan3 ($2.98 in chips) 
Seat 6: Dorex2007 ($2.03 in chips) 
Seat 7: okf1991 ($2.02 in chips) 
Seat 8: DonBawor ($5.09 in chips) 
Seat 9: Resipuljator ($1.74 in chips) 
BiM-WiNNeR: posts small blind $0.01
TheDuffMan3: posts big blind $0.02
*** HOLE CARDS ***
Dealt to Dorex2007 [Qc 5d]
Dorex2007: folds 
okf1991: folds 
DonBawor: folds 
Resipuljator: raises $0.04 to $0.06
elpela2000: folds 
VilpPS: folds 
BiM-WiNNeR: folds 
TheDuffMan3: calls $0.04
*** FLOP *** [8d 3d 2d]
TheDuffMan3: checks 
Resipuljator: checks 
*** TURN *** [8d 3d 2d] [Jd]
TheDuffMan3: bets $0.06
Resipuljator: raises $0.06 to $0.12
margolin777 joins the table at seat #5 
TheDuffMan3: folds 
Uncalled bet ($0.06) returned to Resipuljator
Resipuljator collected $0.24 from pot
Resipuljator: doesn't show hand 
*** SUMMARY ***
Total pot $0.25 | Rake $0.01 
Board [8d 3d 2d Jd]
Seat 1: elpela2000 folded before Flop (didn't bet)
Seat 2: VilpPS (button) folded before Flop (didn't bet)
Seat 3: BiM-WiNNeR (small blind) folded before Flop
Seat 4: TheDuffMan3 (big blind) folded on the Turn
Seat 6: Dorex2007 folded before Flop (didn't bet)
Seat 7: okf1991 folded before Flop (didn't bet)
Seat 8: DonBawor folded before Flop (didn't bet)
Seat 9: Resipuljator collected ($0.24)



PokerStars Hand #231388729966:  Hold'em No Limit ($0.01/$0.02 USD) - 2021/11/13 21:35:13 PT [2021/11/14 0:35:13 ET]
Table 'Schilt II' 9-max Seat #3 is the button
Seat 1: elpela2000 ($2.91 in chips) 
Seat 2: VilpPS ($2.16 in chips) 
Seat 3: BiM-WiNNeR ($2.61 in chips) 
Seat 4: TheDuffMan3 ($2.86 in chips) 
Seat 5: margolin777 ($0.80 in chips) 
Seat 6: Dorex2007 ($2.03 in chips) 
Seat 7: okf1991 ($2.02 in chips) 
Seat 8: DonBawor ($5.09 in chips) 
Seat 9: Resipuljator ($1.86 in chips) 
TheDuffMan3: posts small blind $0.01
margolin777: posts big blind $0.02
*** HOLE CARDS ***
Dealt to Dorex2007 [Ac 8h]
Dorex2007: folds 
okf1991: folds 
DonBawor: folds 
Resipuljator: folds 
elpela2000: folds 
VilpPS: raises $0.04 to $0.06
BiM-WiNNeR: folds 
TheDuffMan3: folds 
margolin777: calls $0.04
*** FLOP *** [Ah 7h 4c]
margolin777: bets $0.02
VilpPS: calls $0.02
*** TURN *** [Ah 7h 4c] [9s]
margolin777: checks 
VilpPS: checks 
*** RIVER *** [Ah 7h 4c 9s] [Tc]
margolin777: bets $0.72 and is all-in
VilpPS: folds 
Uncalled bet ($0.72) returned to margolin777
margolin777 collected $0.16 from pot
margolin777: doesn't show hand 
*** SUMMARY ***
Total pot $0.17 | Rake $0.01 
Board [Ah 7h 4c 9s Tc]
Seat 1: elpela2000 folded before Flop (didn't bet)
Seat 2: VilpPS folded on the River
Seat 3: BiM-WiNNeR (button) folded before Flop (didn't bet)
Seat 4: TheDuffMan3 (small blind) folded before Flop
Seat 5: margolin777 (big blind) collected ($0.16)
Seat 6: Dorex2007 folded before Flop (didn't bet)
Seat 7: okf1991 folded before Flop (didn't bet)
Seat 8: DonBawor folded before Flop (didn't bet)
Seat 9: Resipuljator folded before Flop (didn't bet)



PokerStars Hand #231388736892:  Hold'em No Limit ($0.01/$0.02 USD) - 2021/11/13 21:35:58 PT [2021/11/14 0:35:58 ET]
Table 'Schilt II' 9-max Seat #4 is the button
Seat 1: elpela2000 ($2.91 in chips) 
Seat 2: VilpPS ($2.08 in chips) 
Seat 3: BiM-WiNNeR ($2.61 in chips) 
Seat 4: TheDuffMan3 ($2.85 in chips) 
Seat 5: margolin777 ($0.88 in chips) 
Seat 6: Dorex2007 ($2.03 in chips) 
Seat 7: okf1991 ($2.02 in chips) 
Seat 8: DonBawor ($5.09 in chips) 
Seat 9: Resipuljator ($1.86 in chips) 
margolin777: posts small blind $0.01
Dorex2007: posts big blind $0.02
*** HOLE CARDS ***
Dealt to Dorex2007 [8h Tc]
okf1991: folds 
DonBawor: raises $0.02 to $0.04
Resipuljator: folds 
elpela2000: folds 
VilpPS: folds 
BiM-WiNNeR: folds 
TheDuffMan3: folds 
margolin777: calls $0.03
Dorex2007: folds 
*** FLOP *** [7c 7h 4d]
margolin777: checks 
DonBawor: checks 
*** TURN *** [7c 7h 4d] [Qc]
margolin777: checks 
DonBawor: bets $0.10
margolin777: calls $0.10
*** RIVER *** [7c 7h 4d Qc] [8s]
margolin777: bets $0.74 and is all-in
DonBawor: folds 
Uncalled bet ($0.74) returned to margolin777
margolin777 collected $0.29 from pot
margolin777: doesn't show hand 
*** SUMMARY ***
Total pot $0.30 | Rake $0.01 
Board [7c 7h 4d Qc 8s]
Seat 1: elpela2000 folded before Flop (didn't bet)
Seat 2: VilpPS folded before Flop (didn't bet)
Seat 3: BiM-WiNNeR folded before Flop (didn't bet)
Seat 4: TheDuffMan3 (button) folded before Flop (didn't bet)
Seat 5: margolin777 (small blind) collected ($0.29)
Seat 6: Dorex2007 (big blind) folded before Flop
Seat 7: okf1991 folded before Flop (didn't bet)
Seat 8: DonBawor folded on the River
Seat 9: Resipuljator folded before Flop (didn't bet)



PokerStars Hand #231388744163:  Hold'em No Limit ($0.01/$0.02 USD) - 2021/11/13 21:36:46 PT [2021/11/14 0:36:46 ET]
Table 'Schilt II' 9-max Seat #5 is the button
Seat 1: elpela2000 ($2.91 in chips) 
Seat 2: VilpPS ($2.08 in chips) 
Seat 3: BiM-WiNNeR ($2.61 in chips) 
Seat 4: TheDuffMan3 ($2.85 in chips) 
Seat 5: margolin777 ($1.03 in chips) 
Seat 6: Dorex2007 ($2.01 in chips) 
Seat 7: okf1991 ($2.02 in chips) 
Seat 8: DonBawor ($4.95 in chips) 
Seat 9: Resipuljator ($1.86 in chips) 
Dorex2007: posts small blind $0.01
okf1991: posts big blind $0.02
*** HOLE CARDS ***
Dealt to Dorex2007 [7c Qd]
DonBawor: calls $0.02
Resipuljator: folds 
elpela2000: calls $0.02
VilpPS: folds 
BiM-WiNNeR: folds 
TheDuffMan3: calls $0.02
margolin777: calls $0.02
Dorex2007: calls $0.01
okf1991: checks 
*** FLOP *** [6d 4s Ks]
Dorex2007: checks 
okf1991: bets $0.02
DonBawor: raises $0.10 to $0.12
elpela2000: folds 
TheDuffMan3: folds 
margolin777: folds 
Dorex2007: folds 
okf1991: folds 
Uncalled bet ($0.10) returned to DonBawor
DonBawor collected $0.15 from pot
DonBawor: doesn't show hand 
*** SUMMARY ***
Total pot $0.16 | Rake $0.01 
Board [6d 4s Ks]
Seat 1: elpela2000 folded on the Flop
Seat 2: VilpPS folded before Flop (didn't bet)
Seat 3: BiM-WiNNeR folded before Flop (didn't bet)
Seat 4: TheDuffMan3 folded on the Flop
Seat 5: margolin777 (button) folded on the Flop
Seat 6: Dorex2007 (small blind) folded on the Flop
Seat 7: okf1991 (big blind) folded on the Flop
Seat 8: DonBawor collected ($0.15)
Seat 9: Resipuljator folded before Flop (didn't bet)



PokerStars Hand #231388751303:  Hold'em No Limit ($0.01/$0.02 USD) - 2021/11/13 21:37:32 PT [2021/11/14 0:37:32 ET]
Table 'Schilt II' 9-max Seat #6 is the button
Seat 1: elpela2000 ($2.89 in chips) 
Seat 2: VilpPS ($2.08 in chips) 
Seat 3: BiM-WiNNeR ($2.61 in chips) 
Seat 4: TheDuffMan3 ($2.83 in chips) 
Seat 5: margolin777 ($1.01 in chips) 
Seat 6: Dorex2007 ($2 in chips) 
Seat 7: okf1991 ($1.98 in chips) 
Seat 8: DonBawor ($5.06 in chips) 
Seat 9: Resipuljator ($1.86 in chips) 
okf1991: posts small blind $0.01
DonBawor: posts big blind $0.02
*** HOLE CARDS ***
Dealt to Dorex2007 [6d 7h]
Resipuljator: folds 
elpela2000: raises $0.03 to $0.05
VilpPS: folds 
BiM-WiNNeR: folds 
TheDuffMan3: folds 
margolin777: calls $0.05
Dorex2007: folds 
okf1991: folds 
DonBawor: calls $0.03
*** FLOP *** [8s 3s Qd]
DonBawor: checks 
elpela2000: bets $0.05
margolin777: folds 
DonBawor: folds 
Uncalled bet ($0.05) returned to elpela2000
elpela2000 collected $0.15 from pot
elpela2000: doesn't show hand 
*** SUMMARY ***
Total pot $0.16 | Rake $0.01 
Board [8s 3s Qd]
Seat 1: elpela2000 collected ($0.15)
Seat 2: VilpPS folded before Flop (didn't bet)
Seat 3: BiM-WiNNeR folded before Flop (didn't bet)
Seat 4: TheDuffMan3 folded before Flop (didn't bet)
Seat 5: margolin777 folded on the Flop
Seat 6: Dorex2007 (button) folded before Flop (didn't bet)
Seat 7: okf1991 (small blind) folded before Flop
Seat 8: DonBawor (big blind) folded on the Flop
Seat 9: Resipuljator folded before Flop (didn't bet)



PokerStars Hand #231388755720:  Hold'em No Limit ($0.01/$0.02 USD) - 2021/11/13 21:38:01 PT [2021/11/14 0:38:01 ET]
Table 'Schilt II' 9-max Seat #7 is the button
Seat 1: elpela2000 ($2.99 in chips) 
Seat 2: VilpPS ($2.08 in chips) 
Seat 3: BiM-WiNNeR ($2.61 in chips) 
Seat 4: TheDuffMan3 ($2.83 in chips) 
Seat 5: margolin777 ($0.96 in chips) 
Seat 6: Dorex2007 ($2 in chips) 
Seat 7: okf1991 ($1.97 in chips) 
Seat 8: DonBawor ($5.01 in chips) 
Seat 9: Resipuljator ($1.86 in chips) 
DonBawor: posts small blind $0.01
Resipuljator: posts big blind $0.02
*** HOLE CARDS ***
Dealt to Dorex2007 [8d 5s]
elpela2000: folds 
VilpPS: folds 
BiM-WiNNeR: folds 
TheDuffMan3: folds 
margolin777: calls $0.02
Dorex2007: folds 
okf1991: calls $0.02
DonBawor: folds 
Resipuljator: checks 
*** FLOP *** [9d Js Qd]
Resipuljator: bets $0.02
margolin777: calls $0.02
okf1991: calls $0.02
*** TURN *** [9d Js Qd] [7c]
Resipuljator: bets $0.02
margolin777: calls $0.02
okf1991: calls $0.02
*** RIVER *** [9d Js Qd 7c] [Ac]
Resipuljator: bets $0.02
margolin777: calls $0.02
okf1991: folds 
*** SHOW DOWN ***
Resipuljator: shows [As Td] (a pair of Aces)
margolin777: mucks hand 
Resipuljator collected $0.22 from pot
*** SUMMARY ***
Total pot $0.23 | Rake $0.01 
Board [9d Js Qd 7c Ac]
Seat 1: elpela2000 folded before Flop (didn't bet)
Seat 2: VilpPS folded before Flop (didn't bet)
Seat 3: BiM-WiNNeR folded before Flop (didn't bet)
Seat 4: TheDuffMan3 folded before Flop (didn't bet)
Seat 5: margolin777 mucked [Jc 5d]
Seat 6: Dorex2007 folded before Flop (didn't bet)
Seat 7: okf1991 (button) folded on the River
Seat 8: DonBawor (small blind) folded before Flop
Seat 9: Resipuljator (big blind) showed [As Td] and won ($0.22) with a pair of Aces



PokerStars Hand #231388766103:  Hold'em No Limit ($0.01/$0.02 USD) - 2021/11/13 21:39:09 PT [2021/11/14 0:39:09 ET]
Table 'Schilt II' 9-max Seat #8 is the button
Seat 1: elpela2000 ($2.99 in chips) 
Seat 2: VilpPS ($2.08 in chips) 
Seat 3: BiM-WiNNeR ($2.61 in chips) 
Seat 4: TheDuffMan3 ($2.83 in chips) 
Seat 5: margolin777 ($0.88 in chips) 
Seat 6: Dorex2007 ($2 in chips) 
Seat 7: okf1991 ($1.91 in chips) 
Seat 8: DonBawor ($5 in chips) 
Seat 9: Resipuljator ($2 in chips) 
Resipuljator: posts small blind $0.01
elpela2000: posts big blind $0.02
*** HOLE CARDS ***
Dealt to Dorex2007 [Qh 7d]
VilpPS: folds 
BiM-WiNNeR: folds 
TheDuffMan3: folds 
margolin777: calls $0.02
Dorex2007: folds 
okf1991: folds 
DonBawor: raises $0.04 to $0.06
Resipuljator: calls $0.05
elpela2000: folds 
margolin777: calls $0.04
*** FLOP *** [Tc 8s Jc]
Resipuljator: checks 
margolin777: checks 
DonBawor: bets $0.11
Resipuljator: folds 
margolin777: calls $0.11
*** TURN *** [Tc 8s Jc] [6s]
margolin777: checks 
DonBawor: bets $4.83 and is all-in
margolin777: folds 
Uncalled bet ($4.83) returned to DonBawor
DonBawor collected $0.41 from pot
DonBawor: doesn't show hand 
*** SUMMARY ***
Total pot $0.42 | Rake $0.01 
Board [Tc 8s Jc 6s]
Seat 1: elpela2000 (big blind) folded before Flop
Seat 2: VilpPS folded before Flop (didn't bet)
Seat 3: BiM-WiNNeR folded before Flop (didn't bet)
Seat 4: TheDuffMan3 folded before Flop (didn't bet)
Seat 5: margolin777 folded on the Turn
Seat 6: Dorex2007 folded before Flop (didn't bet)
Seat 7: okf1991 folded before Flop (didn't bet)
Seat 8: DonBawor (button) collected ($0.41)
Seat 9: Resipuljator (small blind) folded on the Flop



PokerStars Hand #231388773316:  Hold'em No Limit ($0.01/$0.02 USD) - 2021/11/13 21:39:56 PT [2021/11/14 0:39:56 ET]
Table 'Schilt II' 9-max Seat #9 is the button
Seat 1: elpela2000 ($2.97 in chips) 
Seat 2: VilpPS ($2.08 in chips) 
Seat 3: BiM-WiNNeR ($2.61 in chips) 
Seat 4: TheDuffMan3 ($2.83 in chips) 
Seat 5: margolin777 ($0.71 in chips) 
Seat 6: Dorex2007 ($2 in chips) 
Seat 7: okf1991 ($1.91 in chips) 
Seat 8: DonBawor ($5.24 in chips) 
Seat 9: Resipuljator ($1.94 in chips) 
elpela2000: posts small blind $0.01
VilpPS: posts big blind $0.02
*** HOLE CARDS ***
Dealt to Dorex2007 [Ks 3h]
BiM-WiNNeR: folds 
TheDuffMan3: folds 
margolin777: calls $0.02
Dorex2007: folds 
okf1991: calls $0.02
DonBawor: calls $0.02
Resipuljator: folds 
elpela2000: folds 
VilpPS: checks 
*** FLOP *** [9s Qh 2c]
VilpPS: checks 
margolin777: checks 
okf1991: checks 
DonBawor: checks 
*** TURN *** [9s Qh 2c] [Kd]
VilpPS: bets $0.05
margolin777: folds 
okf1991: folds 
DonBawor: folds 
Uncalled bet ($0.05) returned to VilpPS
VilpPS collected $0.09 from pot
VilpPS: doesn't show hand 
*** SUMMARY ***
Total pot $0.09 | Rake $0 
Board [9s Qh 2c Kd]
Seat 1: elpela2000 (small blind) folded before Flop
Seat 2: VilpPS (big blind) collected ($0.09)
Seat 3: BiM-WiNNeR folded before Flop (didn't bet)
Seat 4: TheDuffMan3 folded before Flop (didn't bet)
Seat 5: margolin777 folded on the Turn
Seat 6: Dorex2007 folded before Flop (didn't bet)
Seat 7: okf1991 folded on the Turn
Seat 8: DonBawor folded on the Turn
Seat 9: Resipuljator (button) folded before Flop (didn't bet)



PokerStars Hand #231388782427:  Hold'em No Limit ($0.01/$0.02 USD) - 2021/11/13 21:40:56 PT [2021/11/14 0:40:56 ET]
Table 'Schilt II' 9-max Seat #1 is the button
Seat 1: elpela2000 ($2.96 in chips) 
Seat 2: VilpPS ($2.15 in chips) 
Seat 3: BiM-WiNNeR ($2.61 in chips) 
Seat 4: TheDuffMan3 ($2.83 in chips) 
Seat 5: margolin777 ($0.69 in chips) 
Seat 6: Dorex2007 ($2 in chips) 
Seat 7: okf1991 ($1.89 in chips) 
Seat 8: DonBawor ($5.22 in chips) 
Seat 9: Resipuljator ($1.94 in chips) 
VilpPS: posts small blind $0.01
BiM-WiNNeR: posts big blind $0.02
*** HOLE CARDS ***
Dealt to Dorex2007 [2s 3h]
TheDuffMan3: folds 
margolin777: calls $0.02
Dorex2007: folds 
okf1991: calls $0.02
DonBawor: calls $0.02
Resipuljator: folds 
elpela2000: folds 
VilpPS: folds 
BiM-WiNNeR: checks 
*** FLOP *** [7h Kh 5d]
BiM-WiNNeR: bets $0.06
margolin777: raises $0.21 to $0.27
okf1991: folds 
DonBawor: folds 
BiM-WiNNeR: raises $0.42 to $0.69
margolin777: calls $0.40 and is all-in
Uncalled bet ($0.02) returned to BiM-WiNNeR
*** TURN *** [7h Kh 5d] [9c]
*** RIVER *** [7h Kh 5d 9c] [Qh]
*** SHOW DOWN ***
BiM-WiNNeR: shows [Kd 5c] (two pair, Kings and Fives)
margolin777: shows [2h 8h] (a flush, King high)
margolin777 collected $1.38 from pot
*** SUMMARY ***
Total pot $1.43 | Rake $0.05 
Board [7h Kh 5d 9c Qh]
Seat 1: elpela2000 (button) folded before Flop (didn't bet)
Seat 2: VilpPS (small blind) folded before Flop
Seat 3: BiM-WiNNeR (big blind) showed [Kd 5c] and lost with two pair, Kings and Fives
Seat 4: TheDuffMan3 folded before Flop (didn't bet)
Seat 5: margolin777 showed [2h 8h] and won ($1.38) with a flush, King high
Seat 6: Dorex2007 folded before Flop (didn't bet)
Seat 7: okf1991 folded on the Flop
Seat 8: DonBawor folded on the Flop
Seat 9: Resipuljator folded before Flop (didn't bet)



PokerStars Hand #231388791503:  Hold'em No Limit ($0.01/$0.02 USD) - 2021/11/13 21:41:56 PT [2021/11/14 0:41:56 ET]
Table 'Schilt II' 9-max Seat #2 is the button
Seat 1: elpela2000 ($2.96 in chips) 
Seat 2: VilpPS ($2.14 in chips) 
Seat 3: BiM-WiNNeR ($2 in chips) 
Seat 4: TheDuffMan3 ($2.83 in chips) 
Seat 5: margolin777 ($1.38 in chips) 
Seat 6: Dorex2007 ($2 in chips) 
Seat 7: okf1991 ($1.87 in chips) 
Seat 8: DonBawor ($5.20 in chips) 
Seat 9: Resipuljator ($1.94 in chips) 
BiM-WiNNeR: posts small blind $0.01
TheDuffMan3: posts big blind $0.02
*** HOLE CARDS ***
Dealt to Dorex2007 [2h Ks]
margolin777: calls $0.02
Dorex2007: folds 
okf1991: folds 
DonBawor: calls $0.02
Resipuljator: folds 
elpela2000: folds 
VilpPS: folds 
BiM-WiNNeR: folds 
TheDuffMan3: checks 
*** FLOP *** [Ts 8d Qh]
TheDuffMan3: bets $0.07
margolin777: calls $0.07
DonBawor: calls $0.07
*** TURN *** [Ts 8d Qh] [2c]
TheDuffMan3: bets $0.27
margolin777: folds 
DonBawor: calls $0.27
*** RIVER *** [Ts 8d Qh 2c] [Kh]
TheDuffMan3: bets $0.39
DonBawor: calls $0.39
*** SHOW DOWN ***
TheDuffMan3: shows [3d Qs] (a pair of Queens)
DonBawor: shows [Qd 2d] (two pair, Queens and Deuces)
DonBawor collected $1.54 from pot
*** SUMMARY ***
Total pot $1.60 | Rake $0.06 
Board [Ts 8d Qh 2c Kh]
Seat 1: elpela2000 folded before Flop (didn't bet)
Seat 2: VilpPS (button) folded before Flop (didn't bet)
Seat 3: BiM-WiNNeR (small blind) folded before Flop
Seat 4: TheDuffMan3 (big blind) showed [3d Qs] and lost with a pair of Queens
Seat 5: margolin777 folded on the Turn
Seat 6: Dorex2007 folded before Flop (didn't bet)
Seat 7: okf1991 folded before Flop (didn't bet)
Seat 8: DonBawor showed [Qd 2d] and won ($1.54) with two pair, Queens and Deuces
Seat 9: Resipuljator folded before Flop (didn't bet)



PokerStars Hand #231388799219:  Hold'em No Limit ($0.01/$0.02 USD) - 2021/11/13 21:42:48 PT [2021/11/14 0:42:48 ET]
Table 'Schilt II' 9-max Seat #3 is the button
Seat 1: elpela2000 ($2.96 in chips) 
Seat 2: VilpPS ($2.14 in chips) 
Seat 3: BiM-WiNNeR ($2 in chips) 
Seat 4: TheDuffMan3 ($2.08 in chips) 
Seat 6: Dorex2007 ($2 in chips) 
Seat 7: okf1991 ($1.87 in chips) 
Seat 8: DonBawor ($5.99 in chips) 
Seat 9: Resipuljator ($1.94 in chips) 
TheDuffMan3: posts small blind $0.01
Dorex2007: posts big blind $0.02
*** HOLE CARDS ***
Dealt to Dorex2007 [Kh 7c]
okf1991: calls $0.02
margolin777 leaves the table
DonBawor: calls $0.02
Resipuljator: folds 
elpela2000: folds 
VilpPS: folds 
BiM-WiNNeR: raises $0.08 to $0.10
TheDuffMan3: folds 
Dorex2007: folds 
okf1991: calls $0.08
DonBawor: folds 
*** FLOP *** [5h 9h 7s]
felipeknebel joins the table at seat #5 
okf1991: bets $0.02
BiM-WiNNeR: folds 
Uncalled bet ($0.02) returned to okf1991
okf1991 collected $0.24 from pot
*** SUMMARY ***
Total pot $0.25 | Rake $0.01 
Board [5h 9h 7s]
Seat 1: elpela2000 folded before Flop (didn't bet)
Seat 2: VilpPS folded before Flop (didn't bet)
Seat 3: BiM-WiNNeR (button) folded on the Flop
Seat 4: TheDuffMan3 (small blind) folded before Flop
Seat 6: Dorex2007 (big blind) folded before Flop
Seat 7: okf1991 collected ($0.24)
Seat 8: DonBawor folded before Flop
Seat 9: Resipuljator folded before Flop (didn't bet)



PokerStars Hand #231388813094:  Hold'em No Limit ($0.01/$0.02 USD) - 2021/11/13 21:43:36 PT [2021/11/14 0:43:36 ET]
Table 'Schilt II' 9-max Seat #4 is the button
Seat 1: elpela2000 ($2.96 in chips) 
Seat 2: VilpPS ($2.14 in chips) 
Seat 3: BiM-WiNNeR ($2 in chips) 
Seat 4: TheDuffMan3 ($2.07 in chips) 
Seat 6: Dorex2007 ($2 in chips) 
Seat 7: okf1991 ($2.01 in chips) 
Seat 8: DonBawor ($5.97 in chips) 
Seat 9: Resipuljator ($1.94 in chips) 
Dorex2007: posts small blind $0.01
okf1991: posts big blind $0.02
*** HOLE CARDS ***
Dealt to Dorex2007 [Jd Kh]
DonBawor: raises $0.02 to $0.04
Resipuljator: folds 
elpela2000: folds 
VilpPS: folds 
BiM-WiNNeR: folds 
TheDuffMan3: calls $0.04
Dorex2007: calls $0.03
okf1991: calls $0.02
*** FLOP *** [2s 3s 3h]
Dorex2007: checks 
okf1991: bets $0.02
felipeknebel leaves the table
DonBawor: calls $0.02
TheDuffMan3: folds 
Dorex2007: folds 
*** TURN *** [2s 3s 3h] [5s]
okf1991: bets $0.02
DonBawor: calls $0.02
*** RIVER *** [2s 3s 3h 5s] [6h]
okf1991: bets $0.23
DonBawor: folds 
Uncalled bet ($0.23) returned to okf1991
okf1991 collected $0.23 from pot
*** SUMMARY ***
Total pot $0.24 | Rake $0.01 
Board [2s 3s 3h 5s 6h]
Seat 1: elpela2000 folded before Flop (didn't bet)
Seat 2: VilpPS folded before Flop (didn't bet)
Seat 3: BiM-WiNNeR folded before Flop (didn't bet)
Seat 4: TheDuffMan3 (button) folded on the Flop
Seat 6: Dorex2007 (small blind) folded on the Flop
Seat 7: okf1991 (big blind) collected ($0.23)
Seat 8: DonBawor folded on the River
Seat 9: Resipuljator folded before Flop (didn't bet)



PokerStars Hand #231388820671:  Hold'em No Limit ($0.01/$0.02 USD) - 2021/11/13 21:44:26 PT [2021/11/14 0:44:26 ET]
Table 'Schilt II' 9-max Seat #6 is the button
Seat 1: elpela2000 ($2.96 in chips) 
Seat 2: VilpPS ($2.14 in chips) 
Seat 3: BiM-WiNNeR ($2 in chips) 
Seat 4: TheDuffMan3 ($2.03 in chips) 
Seat 6: Dorex2007 ($2 in chips) 
Seat 7: okf1991 ($2.16 in chips) 
Seat 8: DonBawor ($5.89 in chips) 
Seat 9: Resipuljator ($1.94 in chips) 
okf1991: posts small blind $0.01
DonBawor: posts big blind $0.02
*** HOLE CARDS ***
Dealt to Dorex2007 [Kd 8h]
Resipuljator: raises $0.04 to $0.06
elpela2000: folds 
VilpPS: folds 
BiM-WiNNeR: folds 
TheDuffMan3: folds 
Dorex2007: folds 
okf1991: calls $0.05
DonBawor: folds 
*** FLOP *** [5s 3h 3c]
okf1991: bets $0.02
Resipuljator: calls $0.02
*** TURN *** [5s 3h 3c] [Qc]
okf1991: bets $0.02
Resipuljator: calls $0.02
*** RIVER *** [5s 3h 3c Qc] [Kc]
okf1991: bets $0.02
Resipuljator: calls $0.02
*** SHOW DOWN ***
okf1991: shows [7s Qs] (two pair, Queens and Threes)
Resipuljator: mucks hand 
okf1991 collected $0.25 from pot
*** SUMMARY ***
Total pot $0.26 | Rake $0.01 
Board [5s 3h 3c Qc Kc]
Seat 1: elpela2000 folded before Flop (didn't bet)
Seat 2: VilpPS folded before Flop (didn't bet)
Seat 3: BiM-WiNNeR folded before Flop (didn't bet)
Seat 4: TheDuffMan3 folded before Flop (didn't bet)
Seat 6: Dorex2007 (button) folded before Flop (didn't bet)
Seat 7: okf1991 (small blind) showed [7s Qs] and won ($0.25) with two pair, Queens and Threes
Seat 8: DonBawor (big blind) folded before Flop
Seat 9: Resipuljator mucked [2c 2s]



PokerStars Hand #231388826104:  Hold'em No Limit ($0.01/$0.02 USD) - 2021/11/13 21:45:02 PT [2021/11/14 0:45:02 ET]
Table 'Schilt II' 9-max Seat #7 is the button
Seat 1: elpela2000 ($2.96 in chips) 
Seat 2: VilpPS ($2.14 in chips) 
Seat 3: BiM-WiNNeR ($2 in chips) 
Seat 4: TheDuffMan3 ($2.03 in chips) 
Seat 6: Dorex2007 ($2 in chips) 
Seat 7: okf1991 ($2.29 in chips) 
Seat 8: DonBawor ($5.87 in chips) 
DonBawor: posts small blind $0.01
Resipuljator: is sitting out 
Resipuljator leaves the table
elpela2000: posts big blind $0.02
*** HOLE CARDS ***
Dealt to Dorex2007 [Kc Ac]
VilpPS: folds 
BiM-WiNNeR: folds 
TheDuffMan3: folds 
Dorex2007: raises $0.04 to $0.06
okf1991: folds 
DonBawor: folds 
elpela2000: folds 
Uncalled bet ($0.04) returned to Dorex2007
Dorex2007 collected $0.05 from pot
Dorex2007: doesn't show hand 
*** SUMMARY ***
Total pot $0.05 | Rake $0 
Seat 1: elpela2000 (big blind) folded before Flop
Seat 2: VilpPS folded before Flop (didn't bet)
Seat 3: BiM-WiNNeR folded before Flop (didn't bet)
Seat 4: TheDuffMan3 folded before Flop (didn't bet)
Seat 6: Dorex2007 collected ($0.05)
Seat 7: okf1991 (button) folded before Flop (didn't bet)
Seat 8: DonBawor (small blind) folded before Flop



PokerStars Hand #231388829752:  Hold'em No Limit ($0.01/$0.02 USD) - 2021/11/13 21:45:26 PT [2021/11/14 0:45:26 ET]
Table 'Schilt II' 9-max Seat #8 is the button
Seat 1: elpela2000 ($2.94 in chips) 
Seat 2: VilpPS ($2.14 in chips) 
Seat 3: BiM-WiNNeR ($2 in chips) 
Seat 4: TheDuffMan3 ($2.03 in chips) 
Seat 6: Dorex2007 ($2.03 in chips) 
Seat 7: okf1991 ($2.29 in chips) 
Seat 8: DonBawor ($5.86 in chips) 
elpela2000: posts small blind $0.01
VilpPS: posts big blind $0.02
*** HOLE CARDS ***
Dealt to Dorex2007 [Jc 6h]
BiM-WiNNeR: folds 
TheDuffMan3: raises $0.04 to $0.06
Dorex2007: folds 
okf1991: folds 
DonBawor: folds 
elpela2000: folds 
VilpPS: calls $0.04
*** FLOP *** [Qc 6d Th]
VilpPS: bets $0.07
TheDuffMan3: calls $0.07
*** TURN *** [Qc 6d Th] [Qh]
VilpPS: bets $0.13
TheDuffMan3: calls $0.13
*** RIVER *** [Qc 6d Th Qh] [Js]
VilpPS: checks 
TheDuffMan3: bets $0.51
SylfredHuila joins the table at seat #5 
VilpPS: folds 
Uncalled bet ($0.51) returned to TheDuffMan3
TheDuffMan3 collected $0.51 from pot
TheDuffMan3: doesn't show hand 
*** SUMMARY ***
Total pot $0.53 | Rake $0.02 
Board [Qc 6d Th Qh Js]
Seat 1: elpela2000 (small blind) folded before Flop
Seat 2: VilpPS (big blind) folded on the River
Seat 3: BiM-WiNNeR folded before Flop (didn't bet)
Seat 4: TheDuffMan3 collected ($0.51)
Seat 6: Dorex2007 folded before Flop (didn't bet)
Seat 7: okf1991 folded before Flop (didn't bet)
Seat 8: DonBawor (button) folded before Flop (didn't bet)



PokerStars Hand #231388837732:  Hold'em No Limit ($0.01/$0.02 USD) - 2021/11/13 21:46:19 PT [2021/11/14 0:46:19 ET]
Table 'Schilt II' 9-max Seat #1 is the button
Seat 1: elpela2000 ($2.93 in chips) 
Seat 2: VilpPS ($1.88 in chips) 
Seat 3: BiM-WiNNeR ($2 in chips) 
Seat 4: TheDuffMan3 ($2.28 in chips) 
Seat 6: Dorex2007 ($2.03 in chips) 
Seat 7: okf1991 ($2.29 in chips) 
Seat 8: DonBawor ($5.86 in chips) 
VilpPS: posts small blind $0.01
BiM-WiNNeR: posts big blind $0.02
SylfredHuila: sits out 
*** HOLE CARDS ***
Dealt to Dorex2007 [8d 9c]
TheDuffMan3: folds 
Dorex2007: folds 
okf1991: folds 
DonBawor: calls $0.02
elpela2000: raises $0.04 to $0.06
VilpPS: folds 
BiM-WiNNeR: folds 
DonBawor: calls $0.04
*** FLOP *** [As Qd 3s]
DonBawor: checks 
elpela2000: checks 
*** TURN *** [As Qd 3s] [6c]
DonBawor: checks 
elpela2000: bets $0.05
DonBawor: calls $0.05
*** RIVER *** [As Qd 3s 6c] [Ac]
DonBawor: checks 
elpela2000: checks 
*** SHOW DOWN ***
DonBawor: shows [Tc Js] (a pair of Aces)
elpela2000: shows [Th Qh] (two pair, Aces and Queens)
elpela2000 collected $0.24 from pot
*** SUMMARY ***
Total pot $0.25 | Rake $0.01 
Board [As Qd 3s 6c Ac]
Seat 1: elpela2000 (button) showed [Th Qh] and won ($0.24) with two pair, Aces and Queens
Seat 2: VilpPS (small blind) folded before Flop
Seat 3: BiM-WiNNeR (big blind) folded before Flop
Seat 4: TheDuffMan3 folded before Flop (didn't bet)
Seat 6: Dorex2007 folded before Flop (didn't bet)
Seat 7: okf1991 folded before Flop (didn't bet)
Seat 8: DonBawor showed [Tc Js] and lost with a pair of Aces



PokerStars Hand #231388843016:  Hold'em No Limit ($0.01/$0.02 USD) - 2021/11/13 21:46:54 PT [2021/11/14 0:46:54 ET]
Table 'Schilt II' 9-max Seat #2 is the button
Seat 1: elpela2000 ($3.06 in chips) 
Seat 2: VilpPS ($1.99 in chips) 
Seat 3: BiM-WiNNeR ($2 in chips) 
Seat 4: TheDuffMan3 ($2.28 in chips) 
Seat 6: Dorex2007 ($2.03 in chips) 
Seat 7: okf1991 ($2.29 in chips) 
Seat 8: DonBawor ($5.75 in chips) 
BiM-WiNNeR: posts small blind $0.01
TheDuffMan3: posts big blind $0.02
SylfredHuila: sits out 
*** HOLE CARDS ***
Dealt to Dorex2007 [Ts Qd]
Dorex2007: folds 
okf1991: calls $0.02
DonBawor: calls $0.02
elpela2000: folds 
VilpPS: folds 
BiM-WiNNeR: raises $0.08 to $0.10
TheDuffMan3: folds 
okf1991: folds 
DonBawor: calls $0.08
*** FLOP *** [Td 6h 8c]
BiM-WiNNeR: checks 
DonBawor: checks 
*** TURN *** [Td 6h 8c] [8h]
BiM-WiNNeR: checks 
DonBawor: checks 
*** RIVER *** [Td 6h 8c 8h] [6d]
BiM-WiNNeR: checks 
DonBawor: checks 
*** SHOW DOWN ***
BiM-WiNNeR: shows [Kh Jd] (two pair, Eights and Sixes)
DonBawor: mucks hand 
BiM-WiNNeR collected $0.23 from pot
*** SUMMARY ***
Total pot $0.24 | Rake $0.01 
Board [Td 6h 8c 8h 6d]
Seat 1: elpela2000 folded before Flop (didn't bet)
Seat 2: VilpPS (button) folded before Flop (didn't bet)
Seat 3: BiM-WiNNeR (small blind) showed [Kh Jd] and won ($0.23) with two pair, Eights and Sixes
Seat 4: TheDuffMan3 (big blind) folded before Flop
Seat 6: Dorex2007 folded before Flop (didn't bet)
Seat 7: okf1991 folded before Flop
Seat 8: DonBawor mucked [Qc 9c]



PokerStars Hand #231388849794:  Hold'em No Limit ($0.01/$0.02 USD) - 2021/11/13 21:47:39 PT [2021/11/14 0:47:39 ET]
Table 'Schilt II' 9-max Seat #3 is the button
Seat 1: elpela2000 ($3.06 in chips) 
Seat 2: VilpPS ($1.99 in chips) 
Seat 3: BiM-WiNNeR ($2.13 in chips) 
Seat 4: TheDuffMan3 ($2.26 in chips) 
Seat 5: SylfredHuila ($0.80 in chips) 
Seat 6: Dorex2007 ($2.03 in chips) 
Seat 7: okf1991 ($2.27 in chips) 
Seat 8: DonBawor ($5.65 in chips) 
TheDuffMan3: posts small blind $0.01
SylfredHuila: posts big blind $0.02
*** HOLE CARDS ***
Dealt to Dorex2007 [3s 7s]
Dorex2007: folds 
okf1991: calls $0.02
DonBawor: calls $0.02
elpela2000: folds 
VilpPS: folds 
BiM-WiNNeR: raises $0.08 to $0.10
TheDuffMan3: folds 
SylfredHuila: folds 
okf1991: folds 
DonBawor: calls $0.08
*** FLOP *** [Tc Ac 8s]
DonBawor: checks 
BiM-WiNNeR: checks 
*** TURN *** [Tc Ac 8s] [Th]
DonBawor: checks 
BiM-WiNNeR: checks 
*** RIVER *** [Tc Ac 8s Th] [2d]
DonBawor: checks 
BiM-WiNNeR: checks 
*** SHOW DOWN ***
DonBawor: shows [6h 6s] (two pair, Tens and Sixes)
BiM-WiNNeR: mucks hand 
DonBawor collected $0.24 from pot
Mombak joins the table at seat #9 
*** SUMMARY ***
Total pot $0.25 | Rake $0.01 
Board [Tc Ac 8s Th 2d]
Seat 1: elpela2000 folded before Flop (didn't bet)
Seat 2: VilpPS folded before Flop (didn't bet)
Seat 3: BiM-WiNNeR (button) mucked [Jh Qd]
Seat 4: TheDuffMan3 (small blind) folded before Flop
Seat 5: SylfredHuila (big blind) folded before Flop
Seat 6: Dorex2007 folded before Flop (didn't bet)
Seat 7: okf1991 folded before Flop
Seat 8: DonBawor showed [6h 6s] and won ($0.24) with two pair, Tens and Sixes



PokerStars Hand #231388859579:  Hold'em No Limit ($0.01/$0.02 USD) - 2021/11/13 21:48:44 PT [2021/11/14 0:48:44 ET]
Table 'Schilt II' 9-max Seat #4 is the button
Seat 1: elpela2000 ($3.06 in chips) 
Seat 2: VilpPS ($1.99 in chips) 
Seat 3: BiM-WiNNeR ($2.03 in chips) 
Seat 4: TheDuffMan3 ($2.25 in chips) 
Seat 5: SylfredHuila ($0.78 in chips) 
Seat 6: Dorex2007 ($2.03 in chips) 
Seat 7: okf1991 ($2.25 in chips) 
Seat 8: DonBawor ($5.79 in chips) 
SylfredHuila: posts small blind $0.01
Dorex2007: posts big blind $0.02
Mombak: sits out 
*** HOLE CARDS ***
Dealt to Dorex2007 [8d Td]
okf1991: calls $0.02
DonBawor: folds 
elpela2000: folds 
VilpPS: folds 
BiM-WiNNeR: raises $0.06 to $0.08
TheDuffMan3: folds 
SylfredHuila: calls $0.07
Dorex2007: folds 
okf1991: calls $0.06
*** FLOP *** [2c 6c Qh]
SylfredHuila: checks 
okf1991: checks 
BiM-WiNNeR: bets $0.13
SylfredHuila: calls $0.13
okf1991: folds 
*** TURN *** [2c 6c Qh] [2d]
SylfredHuila: checks 
BiM-WiNNeR: checks 
*** RIVER *** [2c 6c Qh 2d] [9c]
SylfredHuila: checks 
BiM-WiNNeR: bets $0.30
SylfredHuila: calls $0.30
*** SHOW DOWN ***
BiM-WiNNeR: shows [Qc 8c] (a flush, Queen high)
SylfredHuila: mucks hand 
BiM-WiNNeR collected $1.08 from pot
*** SUMMARY ***
Total pot $1.12 | Rake $0.04 
Board [2c 6c Qh 2d 9c]
Seat 1: elpela2000 folded before Flop (didn't bet)
Seat 2: VilpPS folded before Flop (didn't bet)
Seat 3: BiM-WiNNeR showed [Qc 8c] and won ($1.08) with a flush, Queen high
Seat 4: TheDuffMan3 (button) folded before Flop (didn't bet)
Seat 5: SylfredHuila (small blind) mucked [Ad Qs]
Seat 6: Dorex2007 (big blind) folded before Flop
Seat 7: okf1991 folded on the Flop
Seat 8: DonBawor folded before Flop (didn't bet)



PokerStars Hand #231388867768:  Hold'em No Limit ($0.01/$0.02 USD) - 2021/11/13 21:49:39 PT [2021/11/14 0:49:39 ET]
Table 'Schilt II' 9-max Seat #5 is the button
Seat 1: elpela2000 ($3.06 in chips) 
Seat 2: VilpPS ($1.99 in chips) 
Seat 3: BiM-WiNNeR ($2.60 in chips) 
Seat 4: TheDuffMan3 ($2.25 in chips) 
Seat 5: SylfredHuila ($0.27 in chips) 
Seat 6: Dorex2007 ($2.01 in chips) 
Seat 7: okf1991 ($2.17 in chips) 
Seat 8: DonBawor ($5.79 in chips) 
Dorex2007: posts small blind $0.01
okf1991: posts big blind $0.02
Mombak: sits out 
*** HOLE CARDS ***
Dealt to Dorex2007 [6c 9h]
DonBawor: folds 
elpela2000: folds 
VilpPS: raises $0.04 to $0.06
BiM-WiNNeR: folds 
TheDuffMan3: folds 
SylfredHuila: folds 
Dorex2007: folds 
okf1991: calls $0.04
*** FLOP *** [6s Qc Ks]
okf1991: checks 
VilpPS: bets $0.13
okf1991: folds 
Uncalled bet ($0.13) returned to VilpPS
VilpPS collected $0.13 from pot
VilpPS: doesn't show hand 
*** SUMMARY ***
Total pot $0.13 | Rake $0 
Board [6s Qc Ks]
Seat 1: elpela2000 folded before Flop (didn't bet)
Seat 2: VilpPS collected ($0.13)
Seat 3: BiM-WiNNeR folded before Flop (didn't bet)
Seat 4: TheDuffMan3 folded before Flop (didn't bet)
Seat 5: SylfredHuila (button) folded before Flop (didn't bet)
Seat 6: Dorex2007 (small blind) folded before Flop
Seat 7: okf1991 (big blind) folded on the Flop
Seat 8: DonBawor folded before Flop (didn't bet)



PokerStars Hand #231388871899:  Hold'em No Limit ($0.01/$0.02 USD) - 2021/11/13 21:50:07 PT [2021/11/14 0:50:07 ET]
Table 'Schilt II' 9-max Seat #6 is the button
Seat 1: elpela2000 ($3.06 in chips) 
Seat 2: VilpPS ($2.06 in chips) 
Seat 3: BiM-WiNNeR ($2.60 in chips) 
Seat 4: TheDuffMan3 ($2.25 in chips) 
Seat 5: SylfredHuila ($0.27 in chips) 
Seat 6: Dorex2007 ($2 in chips) 
Seat 7: okf1991 ($2.11 in chips) 
Seat 8: DonBawor ($5.79 in chips) 
okf1991: posts small blind $0.01
DonBawor: posts big blind $0.02
Mombak: sits out 
*** HOLE CARDS ***
Dealt to Dorex2007 [8s 2d]
elpela2000: folds 
VilpPS: raises $0.04 to $0.06
BiM-WiNNeR: folds 
TheDuffMan3: calls $0.06
SylfredHuila: folds 
Dorex2007: folds 
okf1991: calls $0.05
DonBawor: calls $0.04
*** FLOP *** [4s 3h 9h]
okf1991: checks 
DonBawor: checks 
VilpPS: checks 
TheDuffMan3: checks 
*** TURN *** [4s 3h 9h] [Ks]
okf1991: checks 
DonBawor: bets $0.23
VilpPS: folds 
TheDuffMan3: folds 
okf1991: folds 
Uncalled bet ($0.23) returned to DonBawor
DonBawor collected $0.23 from pot
DonBawor: doesn't show hand 
*** SUMMARY ***
Total pot $0.24 | Rake $0.01 
Board [4s 3h 9h Ks]
Seat 1: elpela2000 folded before Flop (didn't bet)
Seat 2: VilpPS folded on the Turn
Seat 3: BiM-WiNNeR folded before Flop (didn't bet)
Seat 4: TheDuffMan3 folded on the Turn
Seat 5: SylfredHuila folded before Flop (didn't bet)
Seat 6: Dorex2007 (button) folded before Flop (didn't bet)
Seat 7: okf1991 (small blind) folded on the Turn
Seat 8: DonBawor (big blind) collected ($0.23)



PokerStars Hand #231388878657:  Hold'em No Limit ($0.01/$0.02 USD) - 2021/11/13 21:50:52 PT [2021/11/14 0:50:52 ET]
Table 'Schilt II' 9-max Seat #7 is the button
Seat 1: elpela2000 ($3.06 in chips) 
Seat 2: VilpPS ($2 in chips) 
Seat 3: BiM-WiNNeR ($2.60 in chips) 
Seat 4: TheDuffMan3 ($2.19 in chips) 
Seat 5: SylfredHuila ($0.27 in chips) 
Seat 6: Dorex2007 ($2 in chips) 
Seat 7: okf1991 ($2.05 in chips) 
Seat 8: DonBawor ($5.96 in chips) 
Seat 9: Mombak ($1.60 in chips) 
DonBawor: posts small blind $0.01
Mombak: posts big blind $0.02
*** HOLE CARDS ***
Dealt to Dorex2007 [6s Qc]
elpela2000: folds 
VilpPS: folds 
BiM-WiNNeR: folds 
TheDuffMan3: folds 
SylfredHuila: calls $0.02
Dorex2007: folds 
okf1991: folds 
DonBawor: raises $0.02 to $0.04
Mombak: folds 
SylfredHuila: calls $0.02
*** FLOP *** [5h 8h Qs]
DonBawor: bets $0.10
SylfredHuila: calls $0.10
*** TURN *** [5h 8h Qs] [Jh]
DonBawor: bets $5.82 and is all-in
SylfredHuila: calls $0.13 and is all-in
Uncalled bet ($5.69) returned to DonBawor
*** RIVER *** [5h 8h Qs Jh] [Kd]
*** SHOW DOWN ***
DonBawor: shows [5d Qd] (two pair, Queens and Fives)
SylfredHuila: shows [Th Tc] (a pair of Tens)
DonBawor cashed out the hand for $0.39
*** SUMMARY ***
Total pot $0.56 | Rake $0.02 
Board [5h 8h Qs Jh Kd]
Seat 1: elpela2000 folded before Flop (didn't bet)
Seat 2: VilpPS folded before Flop (didn't bet)
Seat 3: BiM-WiNNeR folded before Flop (didn't bet)
Seat 4: TheDuffMan3 folded before Flop (didn't bet)
Seat 5: SylfredHuila showed [Th Tc] and lost with a pair of Tens
Seat 6: Dorex2007 folded before Flop (didn't bet)
Seat 7: okf1991 (button) folded before Flop (didn't bet)
Seat 8: DonBawor (small blind) showed [5d Qd] and won ($0.54) with two pair, Queens and Fives (pot not awarded as player cashed out)
Seat 9: Mombak (big blind) folded before Flop



PokerStars Hand #231388884547:  Hold'em No Limit ($0.01/$0.02 USD) - 2021/11/13 21:51:31 PT [2021/11/14 0:51:31 ET]
Table 'Schilt II' 9-max Seat #8 is the button
Seat 1: elpela2000 ($3.06 in chips) 
Seat 2: VilpPS ($2 in chips) 
Seat 3: BiM-WiNNeR ($2.60 in chips) 
Seat 4: TheDuffMan3 ($2.19 in chips) 
Seat 6: Dorex2007 ($2 in chips) 
Seat 7: okf1991 ($2.05 in chips) 
Seat 8: DonBawor ($6.08 in chips) 
Seat 9: Mombak ($1.58 in chips) 
Mombak: posts small blind $0.01
elpela2000: posts big blind $0.02
*** HOLE CARDS ***
Dealt to Dorex2007 [7d 2c]
VilpPS: folds 
BiM-WiNNeR: folds 
TheDuffMan3: folds 
Dorex2007: folds 
okf1991: folds 
DonBawor: calls $0.02
Mombak: folds 
elpela2000: checks 
*** FLOP *** [Jd Kd 3c]
elpela2000: checks 
DonBawor: bets $0.02
elpela2000: calls $0.02
*** TURN *** [Jd Kd 3c] [6h]
elpela2000: checks 
DonBawor: bets $0.02
elpela2000: calls $0.02
*** RIVER *** [Jd Kd 3c 6h] [8s]
elpela2000: checks 
DonBawor: checks 
*** SHOW DOWN ***
elpela2000: shows [Ts 9s] (high card King)
DonBawor: shows [Js 7s] (a pair of Jacks)
DonBawor collected $0.13 from pot
*** SUMMARY ***
Total pot $0.13 | Rake $0 
Board [Jd Kd 3c 6h 8s]
Seat 1: elpela2000 (big blind) showed [Ts 9s] and lost with high card King
Seat 2: VilpPS folded before Flop (didn't bet)
Seat 3: BiM-WiNNeR folded before Flop (didn't bet)
Seat 4: TheDuffMan3 folded before Flop (didn't bet)
Seat 6: Dorex2007 folded before Flop (didn't bet)
Seat 7: okf1991 folded before Flop (didn't bet)
Seat 8: DonBawor (button) showed [Js 7s] and won ($0.13) with a pair of Jacks
Seat 9: Mombak (small blind) folded before Flop



PokerStars Hand #231388893258:  Hold'em No Limit ($0.01/$0.02 USD) - 2021/11/13 21:52:31 PT [2021/11/14 0:52:31 ET]
Table 'Schilt II' 9-max Seat #9 is the button
Seat 1: elpela2000 ($3 in chips) 
Seat 2: VilpPS ($2 in chips) 
Seat 3: BiM-WiNNeR ($2.60 in chips) 
Seat 4: TheDuffMan3 ($2.19 in chips) 
Seat 5: SylfredHuila ($0.80 in chips) 
Seat 6: Dorex2007 ($2 in chips) 
Seat 7: okf1991 ($2.05 in chips) 
Seat 8: DonBawor ($6.15 in chips) 
Seat 9: Mombak ($1.57 in chips) 
elpela2000: posts small blind $0.01
VilpPS: posts big blind $0.02
*** HOLE CARDS ***
Dealt to Dorex2007 [2s 9d]
BiM-WiNNeR: folds 
TheDuffMan3: folds 
SylfredHuila: folds 
Dorex2007: folds 
okf1991: calls $0.02
DonBawor: raises $0.04 to $0.06
Mombak: folds 
elpela2000: folds 
VilpPS: folds 
okf1991: calls $0.04
*** FLOP *** [8d 2d 5s]
okf1991: bets $0.02
DonBawor: calls $0.02
*** TURN *** [8d 2d 5s] [6h]
okf1991: bets $0.02
DonBawor: calls $0.02
*** RIVER *** [8d 2d 5s 6h] [Jd]
okf1991: bets $0.22
DonBawor: folds 
Uncalled bet ($0.22) returned to okf1991
okf1991 collected $0.22 from pot
*** SUMMARY ***
Total pot $0.23 | Rake $0.01 
Board [8d 2d 5s 6h Jd]
Seat 1: elpela2000 (small blind) folded before Flop
Seat 2: VilpPS (big blind) folded before Flop
Seat 3: BiM-WiNNeR folded before Flop (didn't bet)
Seat 4: TheDuffMan3 folded before Flop (didn't bet)
Seat 5: SylfredHuila folded before Flop (didn't bet)
Seat 6: Dorex2007 folded before Flop (didn't bet)
Seat 7: okf1991 collected ($0.22)
Seat 8: DonBawor folded on the River
Seat 9: Mombak (button) folded before Flop (didn't bet)



PokerStars Hand #231388899775:  Hold'em No Limit ($0.01/$0.02 USD) - 2021/11/13 21:53:14 PT [2021/11/14 0:53:14 ET]
Table 'Schilt II' 9-max Seat #1 is the button
Seat 1: elpela2000 ($2.99 in chips) 
Seat 2: VilpPS ($1.98 in chips) 
Seat 3: BiM-WiNNeR ($2.60 in chips) 
Seat 4: TheDuffMan3 ($2.19 in chips) 
Seat 5: SylfredHuila ($0.80 in chips) 
Seat 6: Dorex2007 ($2 in chips) 
Seat 7: okf1991 ($2.17 in chips) 
Seat 8: DonBawor ($6.05 in chips) 
Seat 9: Mombak ($1.57 in chips) 
VilpPS: posts small blind $0.01
BiM-WiNNeR: posts big blind $0.02
*** HOLE CARDS ***
Dealt to Dorex2007 [9s Ts]
TheDuffMan3: folds 
SylfredHuila: calls $0.02
Dorex2007: calls $0.02
okf1991: calls $0.02
DonBawor: folds 
Mombak: folds 
elpela2000: folds 
VilpPS: raises $0.20 to $0.22
BiM-WiNNeR: folds 
SylfredHuila: folds 
Dorex2007: folds 
okf1991: folds 
Uncalled bet ($0.20) returned to VilpPS
VilpPS collected $0.10 from pot
VilpPS: doesn't show hand 
*** SUMMARY ***
Total pot $0.10 | Rake $0 
Seat 1: elpela2000 (button) folded before Flop (didn't bet)
Seat 2: VilpPS (small blind) collected ($0.10)
Seat 3: BiM-WiNNeR (big blind) folded before Flop
Seat 4: TheDuffMan3 folded before Flop (didn't bet)
Seat 5: SylfredHuila folded before Flop
Seat 6: Dorex2007 folded before Flop
Seat 7: okf1991 folded before Flop
Seat 8: DonBawor folded before Flop (didn't bet)
Seat 9: Mombak folded before Flop (didn't bet)



PokerStars Hand #231388905663:  Hold'em No Limit ($0.01/$0.02 USD) - 2021/11/13 21:53:53 PT [2021/11/14 0:53:53 ET]
Table 'Schilt II' 9-max Seat #2 is the button
Seat 1: elpela2000 ($2.99 in chips) 
Seat 2: VilpPS ($2.06 in chips) 
Seat 3: BiM-WiNNeR ($2.58 in chips) 
Seat 4: TheDuffMan3 ($2.19 in chips) 
Seat 5: SylfredHuila ($0.78 in chips) 
Seat 6: Dorex2007 ($2 in chips) 
Seat 7: okf1991 ($2.15 in chips) 
Seat 8: DonBawor ($6.05 in chips) 
Seat 9: Mombak ($1.57 in chips) 
BiM-WiNNeR: posts small blind $0.01
TheDuffMan3: posts big blind $0.02
*** HOLE CARDS ***
Dealt to Dorex2007 [Kd 4s]
SylfredHuila: calls $0.02
Dorex2007: folds 
okf1991: calls $0.02
DonBawor: folds 
Mombak: folds 
elpela2000: folds 
VilpPS: raises $0.20 to $0.22
BiM-WiNNeR: folds 
TheDuffMan3: folds 
SylfredHuila: raises $0.56 to $0.78 and is all-in
okf1991: folds 
VilpPS: calls $0.56
*** FLOP *** [3d Ad 4d]
*** TURN *** [3d Ad 4d] [7d]
*** RIVER *** [3d Ad 4d 7d] [6s]
*** SHOW DOWN ***
SylfredHuila: shows [Ks Qd] (a flush, Ace high)
VilpPS: shows [Ah Kh] (a pair of Aces)
SylfredHuila collected $1.55 from pot
*** SUMMARY ***
Total pot $1.61 | Rake $0.06 
Board [3d Ad 4d 7d 6s]
Seat 1: elpela2000 folded before Flop (didn't bet)
Seat 2: VilpPS (button) showed [Ah Kh] and lost with a pair of Aces
Seat 3: BiM-WiNNeR (small blind) folded before Flop
Seat 4: TheDuffMan3 (big blind) folded before Flop
Seat 5: SylfredHuila showed [Ks Qd] and won ($1.55) with a flush, Ace high
Seat 6: Dorex2007 folded before Flop (didn't bet)
Seat 7: okf1991 folded before Flop
Seat 8: DonBawor folded before Flop (didn't bet)
Seat 9: Mombak folded before Flop (didn't bet)



PokerStars Hand #231388912438:  Hold'em No Limit ($0.01/$0.02 USD) - 2021/11/13 21:54:38 PT [2021/11/14 0:54:38 ET]
Table 'Schilt II' 9-max Seat #3 is the button
Seat 1: elpela2000 ($2.99 in chips) 
Seat 2: VilpPS ($1.28 in chips) 
Seat 3: BiM-WiNNeR ($2.57 in chips) 
Seat 4: TheDuffMan3 ($2.17 in chips) 
Seat 5: SylfredHuila ($1.55 in chips) 
Seat 6: Dorex2007 ($2 in chips) 
Seat 7: okf1991 ($2.13 in chips) 
Seat 8: DonBawor ($6.05 in chips) 
Seat 9: Mombak ($1.57 in chips) 
TheDuffMan3: posts small blind $0.01
SylfredHuila: posts big blind $0.02
*** HOLE CARDS ***
Dealt to Dorex2007 [Jh 6d]
Dorex2007: folds 
okf1991: folds 
DonBawor: folds 
Mombak: folds 
elpela2000: folds 
VilpPS: folds 
BiM-WiNNeR: folds 
TheDuffMan3: calls $0.01
SylfredHuila: checks 
*** FLOP *** [Ad Th 7s]
TheDuffMan3: bets $0.04
SylfredHuila: folds 
Uncalled bet ($0.04) returned to TheDuffMan3
TheDuffMan3 collected $0.04 from pot
TheDuffMan3: doesn't show hand 
*** SUMMARY ***
Total pot $0.04 | Rake $0 
Board [Ad Th 7s]
Seat 1: elpela2000 folded before Flop (didn't bet)
Seat 2: VilpPS folded before Flop (didn't bet)
Seat 3: BiM-WiNNeR (button) folded before Flop (didn't bet)
Seat 4: TheDuffMan3 (small blind) collected ($0.04)
Seat 5: SylfredHuila (big blind) folded on the Flop
Seat 6: Dorex2007 folded before Flop (didn't bet)
Seat 7: okf1991 folded before Flop (didn't bet)
Seat 8: DonBawor folded before Flop (didn't bet)
Seat 9: Mombak folded before Flop (didn't bet)



PokerStars Hand #231388916523:  Hold'em No Limit ($0.01/$0.02 USD) - 2021/11/13 21:55:06 PT [2021/11/14 0:55:06 ET]
Table 'Schilt II' 9-max Seat #4 is the button
Seat 1: elpela2000 ($2.99 in chips) 
Seat 2: VilpPS ($1.28 in chips) 
Seat 3: BiM-WiNNeR ($2.57 in chips) 
Seat 4: TheDuffMan3 ($2.19 in chips) 
Seat 5: SylfredHuila ($1.53 in chips) 
Seat 6: Dorex2007 ($2 in chips) 
Seat 7: okf1991 ($2.13 in chips) 
Seat 8: DonBawor ($6.05 in chips) 
Seat 9: Mombak ($1.57 in chips) 
SylfredHuila: posts small blind $0.01
Dorex2007: posts big blind $0.02
*** HOLE CARDS ***
Dealt to Dorex2007 [Qc 3d]
okf1991: calls $0.02
DonBawor: calls $0.02
Mombak: folds 
elpela2000: folds 
VilpPS: folds 
BiM-WiNNeR: folds 
TheDuffMan3: folds 
SylfredHuila: calls $0.01
Dorex2007: checks 
*** FLOP *** [2h Tc 4h]
SylfredHuila: checks 
Dorex2007: checks 
okf1991: bets $0.02
DonBawor: calls $0.02
SylfredHuila: folds 
Dorex2007: folds 
*** TURN *** [2h Tc 4h] [8d]
okf1991: bets $0.02
DonBawor: calls $0.02
*** RIVER *** [2h Tc 4h 8d] [Jc]
okf1991: bets $0.02
DonBawor: folds 
Uncalled bet ($0.02) returned to okf1991
okf1991 collected $0.15 from pot
*** SUMMARY ***
Total pot $0.16 | Rake $0.01 
Board [2h Tc 4h 8d Jc]
Seat 1: elpela2000 folded before Flop (didn't bet)
Seat 2: VilpPS folded before Flop (didn't bet)
Seat 3: BiM-WiNNeR folded before Flop (didn't bet)
Seat 4: TheDuffMan3 (button) folded before Flop (didn't bet)
Seat 5: SylfredHuila (small blind) folded on the Flop
Seat 6: Dorex2007 (big blind) folded on the Flop
Seat 7: okf1991 collected ($0.15)
Seat 8: DonBawor folded on the River
Seat 9: Mombak folded before Flop (didn't bet)



PokerStars Hand #231388922973:  Hold'em No Limit ($0.01/$0.02 USD) - 2021/11/13 21:55:54 PT [2021/11/14 0:55:54 ET]
Table 'Schilt II' 9-max Seat #5 is the button
Seat 1: elpela2000 ($2.99 in chips) 
Seat 2: VilpPS ($2 in chips) 
Seat 3: BiM-WiNNeR ($2.57 in chips) 
Seat 4: TheDuffMan3 ($2.19 in chips) 
Seat 5: SylfredHuila ($1.51 in chips) 
Seat 6: Dorex2007 ($2 in chips) 
Seat 7: okf1991 ($2.22 in chips) 
Seat 8: DonBawor ($5.99 in chips) 
Seat 9: Mombak ($1.57 in chips) 
Dorex2007: posts small blind $0.01
okf1991: posts big blind $0.02
*** HOLE CARDS ***
Dealt to Dorex2007 [7h 3s]
DonBawor: calls $0.02
Mombak: folds 
elpela2000: folds 
VilpPS: raises $0.20 to $0.22
BiM-WiNNeR: folds 
TheDuffMan3: raises $1.97 to $2.19 and is all-in
SylfredHuila: folds 
Dorex2007: folds 
okf1991: folds 
DonBawor: raises $1.97 to $4.16
VilpPS: calls $1.78 and is all-in
Uncalled bet ($1.97) returned to DonBawor
*** FLOP *** [3h 7s 5s]
*** TURN *** [3h 7s 5s] [6c]
*** RIVER *** [3h 7s 5s 6c] [6d]
*** SHOW DOWN ***
DonBawor: shows [Kh Ac] (a pair of Sixes)
TheDuffMan3: shows [Kd Ad] (a pair of Sixes)
DonBawor collected $0.19 from side pot
TheDuffMan3 collected $0.18 from side pot
VilpPS: shows [Kc As] (a pair of Sixes)
DonBawor collected $1.94 from main pot
VilpPS collected $1.94 from main pot
TheDuffMan3 collected $1.94 from main pot
*** SUMMARY ***
Total pot $6.41 Main pot $5.82. Side pot $0.37. | Rake $0.22 
Board [3h 7s 5s 6c 6d]
Seat 1: elpela2000 folded before Flop (didn't bet)
Seat 2: VilpPS showed [Kc As] and won ($1.94) with a pair of Sixes
Seat 3: BiM-WiNNeR folded before Flop (didn't bet)
Seat 4: TheDuffMan3 showed [Kd Ad] and won ($2.12) with a pair of Sixes
Seat 5: SylfredHuila (button) folded before Flop (didn't bet)
Seat 6: Dorex2007 (small blind) folded before Flop
Seat 7: okf1991 (big blind) folded before Flop
Seat 8: DonBawor showed [Kh Ac] and won ($2.13) with a pair of Sixes
Seat 9: Mombak folded before Flop (didn't bet)



PokerStars Hand #231388928629:  Hold'em No Limit ($0.01/$0.02 USD) - 2021/11/13 21:56:38 PT [2021/11/14 0:56:38 ET]
Table 'Schilt II' 9-max Seat #6 is the button
Seat 1: elpela2000 ($2.99 in chips) 
Seat 2: VilpPS ($1.94 in chips) 
Seat 3: BiM-WiNNeR ($2.57 in chips) 
Seat 4: TheDuffMan3 ($2.12 in chips) 
Seat 5: SylfredHuila ($1.51 in chips) 
Seat 6: Dorex2007 ($2 in chips) 
Seat 7: okf1991 ($2.20 in chips) 
Seat 8: DonBawor ($5.93 in chips) 
Seat 9: Mombak ($1.57 in chips) 
okf1991: posts small blind $0.01
DonBawor: posts big blind $0.02
*** HOLE CARDS ***
Dealt to Dorex2007 [9h 7s]
Mombak has timed out
Mombak: folds 
elpela2000: folds 
VilpPS: folds 
BiM-WiNNeR: raises $0.04 to $0.06
TheDuffMan3: calls $0.06
SylfredHuila: calls $0.06
Dorex2007: folds 
okf1991: folds 
DonBawor: calls $0.04
*** FLOP *** [5d 2d 3s]
DonBawor: checks 
BiM-WiNNeR: bets $0.14
TheDuffMan3: folds 
SylfredHuila: folds 
DonBawor: folds 
Uncalled bet ($0.14) returned to BiM-WiNNeR
BiM-WiNNeR collected $0.24 from pot
BiM-WiNNeR: doesn't show hand 
*** SUMMARY ***
Total pot $0.25 | Rake $0.01 
Board [5d 2d 3s]
Seat 1: elpela2000 folded before Flop (didn't bet)
Seat 2: VilpPS folded before Flop (didn't bet)
Seat 3: BiM-WiNNeR collected ($0.24)
Seat 4: TheDuffMan3 folded on the Flop
Seat 5: SylfredHuila folded on the Flop
Seat 6: Dorex2007 (button) folded before Flop (didn't bet)
Seat 7: okf1991 (small blind) folded before Flop
Seat 8: DonBawor (big blind) folded on the Flop
Seat 9: Mombak folded before Flop (didn't bet)



PokerStars Hand #231388934986:  Hold'em No Limit ($0.01/$0.02 USD) - 2021/11/13 21:57:27 PT [2021/11/14 0:57:27 ET]
Table 'Schilt II' 9-max Seat #7 is the button
Seat 1: elpela2000 ($2.99 in chips) 
Seat 2: VilpPS ($2 in chips) 
Seat 3: BiM-WiNNeR ($2.75 in chips) 
Seat 4: TheDuffMan3 ($2.06 in chips) 
Seat 5: SylfredHuila ($1.45 in chips) 
Seat 6: Dorex2007 ($2 in chips) 
Seat 7: okf1991 ($2.19 in chips) 
Seat 8: DonBawor ($5.87 in chips) 
Seat 9: Mombak ($1.57 in chips) 
DonBawor: posts small blind $0.01
Mombak: posts big blind $0.02
*** HOLE CARDS ***
Dealt to Dorex2007 [5s 5c]
elpela2000: folds 
VilpPS: folds 
BiM-WiNNeR: folds 
TheDuffMan3: raises $0.04 to $0.06
SylfredHuila: folds 
Dorex2007: calls $0.06
okf1991: calls $0.06
DonBawor: calls $0.05
Mombak: folds 
*** FLOP *** [4d Qc 3s]
DonBawor: checks 
TheDuffMan3: bets $0.12
Dorex2007: folds 
okf1991: folds 
DonBawor: folds 
Uncalled bet ($0.12) returned to TheDuffMan3
TheDuffMan3 collected $0.25 from pot
TheDuffMan3: doesn't show hand 
*** SUMMARY ***
Total pot $0.26 | Rake $0.01 
Board [4d Qc 3s]
Seat 1: elpela2000 folded before Flop (didn't bet)
Seat 2: VilpPS folded before Flop (didn't bet)
Seat 3: BiM-WiNNeR folded before Flop (didn't bet)
Seat 4: TheDuffMan3 collected ($0.25)
Seat 5: SylfredHuila folded before Flop (didn't bet)
Seat 6: Dorex2007 folded on the Flop
Seat 7: okf1991 (button) folded on the Flop
Seat 8: DonBawor (small blind) folded on the Flop
Seat 9: Mombak (big blind) folded before Flop



PokerStars Hand #231388939175:  Hold'em No Limit ($0.01/$0.02 USD) - 2021/11/13 21:57:59 PT [2021/11/14 0:57:59 ET]
Table 'Schilt II' 9-max Seat #8 is the button
Seat 1: elpela2000 ($2.99 in chips) 
Seat 2: VilpPS ($2 in chips) 
Seat 3: BiM-WiNNeR ($2.75 in chips) 
Seat 4: TheDuffMan3 ($2.25 in chips) 
Seat 5: SylfredHuila ($1.45 in chips) 
Seat 6: Dorex2007 ($2 in chips) 
Seat 7: okf1991 ($2.13 in chips) 
Seat 8: DonBawor ($5.81 in chips) 
Seat 9: Mombak ($1.55 in chips) 
Mombak: posts small blind $0.01
elpela2000: posts big blind $0.02
*** HOLE CARDS ***
Dealt to Dorex2007 [7h Js]
VilpPS: raises $0.04 to $0.06
BiM-WiNNeR: folds 
TheDuffMan3: folds 
SylfredHuila: folds 
Dorex2007: folds 
okf1991: folds 
DonBawor: folds 
Mombak: folds 
elpela2000: calls $0.04
*** FLOP *** [2h Td 7s]
elpela2000: checks 
VilpPS: checks 
*** TURN *** [2h Td 7s] [Jd]
elpela2000: checks 
VilpPS: checks 
*** RIVER *** [2h Td 7s Jd] [8h]
elpela2000: checks 
VilpPS: checks 
*** SHOW DOWN ***
elpela2000: shows [Ad 2d] (a pair of Deuces)
VilpPS: mucks hand 
elpela2000 collected $0.13 from pot
*** SUMMARY ***
Total pot $0.13 | Rake $0 
Board [2h Td 7s Jd 8h]
Seat 1: elpela2000 (big blind) showed [Ad 2d] and won ($0.13) with a pair of Deuces
Seat 2: VilpPS mucked [5c 6c]
Seat 3: BiM-WiNNeR folded before Flop (didn't bet)
Seat 4: TheDuffMan3 folded before Flop (didn't bet)
Seat 5: SylfredHuila folded before Flop (didn't bet)
Seat 6: Dorex2007 folded before Flop (didn't bet)
Seat 7: okf1991 folded before Flop (didn't bet)
Seat 8: DonBawor (button) folded before Flop (didn't bet)
Seat 9: Mombak (small blind) folded before Flop



PokerStars Hand #231388943528:  Hold'em No Limit ($0.01/$0.02 USD) - 2021/11/13 21:58:32 PT [2021/11/14 0:58:32 ET]
Table 'Schilt II' 9-max Seat #9 is the button
Seat 1: elpela2000 ($3.06 in chips) 
Seat 2: VilpPS ($1.94 in chips) 
Seat 3: BiM-WiNNeR ($2.75 in chips) 
Seat 4: TheDuffMan3 ($2.25 in chips) 
Seat 5: SylfredHuila ($1.45 in chips) 
Seat 6: Dorex2007 ($2 in chips) 
Seat 7: okf1991 ($2.13 in chips) 
Seat 8: DonBawor ($5.81 in chips) 
Seat 9: Mombak ($1.54 in chips) 
elpela2000: posts small blind $0.01
VilpPS: posts big blind $0.02
*** HOLE CARDS ***
Dealt to Dorex2007 [Td 6s]
BiM-WiNNeR: folds 
TheDuffMan3: folds 
SylfredHuila: folds 
Dorex2007: folds 
okf1991: calls $0.02
DonBawor: calls $0.02
Mombak: folds 
elpela2000: folds 
VilpPS: checks 
*** FLOP *** [Ks Kc 6h]
VilpPS: checks 
okf1991: checks 
DonBawor: checks 
*** TURN *** [Ks Kc 6h] [6c]
VilpPS: checks 
okf1991: checks 
DonBawor: checks 
*** RIVER *** [Ks Kc 6h 6c] [Qd]
VilpPS: bets $0.04
okf1991: folds 
DonBawor: folds 
Uncalled bet ($0.04) returned to VilpPS
VilpPS collected $0.07 from pot
VilpPS: doesn't show hand 
*** SUMMARY ***
Total pot $0.07 | Rake $0 
Board [Ks Kc 6h 6c Qd]
Seat 1: elpela2000 (small blind) folded before Flop
Seat 2: VilpPS (big blind) collected ($0.07)
Seat 3: BiM-WiNNeR folded before Flop (didn't bet)
Seat 4: TheDuffMan3 folded before Flop (didn't bet)
Seat 5: SylfredHuila folded before Flop (didn't bet)
Seat 6: Dorex2007 folded before Flop (didn't bet)
Seat 7: okf1991 folded on the River
Seat 8: DonBawor folded on the River
Seat 9: Mombak (button) folded before Flop (didn't bet)



PokerStars Hand #231388948898:  Hold'em No Limit ($0.01/$0.02 USD) - 2021/11/13 21:59:13 PT [2021/11/14 0:59:13 ET]
Table 'Schilt II' 9-max Seat #1 is the button
Seat 1: elpela2000 ($3.05 in chips) 
Seat 2: VilpPS ($2 in chips) 
Seat 3: BiM-WiNNeR ($2.75 in chips) 
Seat 4: TheDuffMan3 ($2.25 in chips) 
Seat 5: SylfredHuila ($1.45 in chips) 
Seat 6: Dorex2007 ($2 in chips) 
Seat 7: okf1991 ($2.11 in chips) 
Seat 8: DonBawor ($5.79 in chips) 
Seat 9: Mombak ($1.54 in chips) 
VilpPS: posts small blind $0.01
BiM-WiNNeR: posts big blind $0.02
*** HOLE CARDS ***
Dealt to Dorex2007 [2h 8c]
TheDuffMan3: calls $0.02
SylfredHuila: folds 
Dorex2007: folds 
okf1991: calls $0.02
DonBawor: calls $0.02
Mombak: folds 
elpela2000: calls $0.02
VilpPS: raises $0.20 to $0.22
BiM-WiNNeR: folds 
TheDuffMan3: folds 
okf1991: folds 
DonBawor: folds 
elpela2000: folds 
Uncalled bet ($0.20) returned to VilpPS
VilpPS collected $0.12 from pot
VilpPS: doesn't show hand 
*** SUMMARY ***
Total pot $0.12 | Rake $0 
Seat 1: elpela2000 (button) folded before Flop
Seat 2: VilpPS (small blind) collected ($0.12)
Seat 3: BiM-WiNNeR (big blind) folded before Flop
Seat 4: TheDuffMan3 folded before Flop
Seat 5: SylfredHuila folded before Flop (didn't bet)
Seat 6: Dorex2007 folded before Flop (didn't bet)
Seat 7: okf1991 folded before Flop
Seat 8: DonBawor folded before Flop
Seat 9: Mombak folded before Flop (didn't bet)



PokerStars Hand #231388954548:  Hold'em No Limit ($0.01/$0.02 USD) - 2021/11/13 21:59:56 PT [2021/11/14 0:59:56 ET]
Table 'Schilt II' 9-max Seat #2 is the button
Seat 1: elpela2000 ($3.03 in chips) 
Seat 2: VilpPS ($2.10 in chips) 
Seat 3: BiM-WiNNeR ($2.73 in chips) 
Seat 4: TheDuffMan3 ($2.23 in chips) 
Seat 5: SylfredHuila ($1.45 in chips) 
Seat 6: Dorex2007 ($2 in chips) 
Seat 7: okf1991 ($2.09 in chips) 
Seat 8: DonBawor ($5.77 in chips) 
Seat 9: Mombak ($1.54 in chips) 
BiM-WiNNeR: posts small blind $0.01
TheDuffMan3: posts big blind $0.02
*** HOLE CARDS ***
Dealt to Dorex2007 [Qc Qh]
SylfredHuila: folds 
Dorex2007: raises $0.04 to $0.06
okf1991: folds 
DonBawor: folds 
Mombak: folds 
elpela2000: raises $0.04 to $0.10
VilpPS: folds 
BiM-WiNNeR: folds 
TheDuffMan3: folds 
Dorex2007: calls $0.04
*** FLOP *** [4h 7h 7c]
Dorex2007: checks 
elpela2000: checks 
*** TURN *** [4h 7h 7c] [5c]
Dorex2007: checks 
elpela2000: checks 
*** RIVER *** [4h 7h 7c 5c] [8h]
Dorex2007: bets $0.15
elpela2000: calls $0.15
*** SHOW DOWN ***
Dorex2007: shows [Qc Qh] (two pair, Queens and Sevens)
elpela2000: mucks hand 
Dorex2007 collected $0.51 from pot
*** SUMMARY ***
Total pot $0.53 | Rake $0.02 
Board [4h 7h 7c 5c 8h]
Seat 1: elpela2000 mucked [Kd Ac]
Seat 2: VilpPS (button) folded before Flop (didn't bet)
Seat 3: BiM-WiNNeR (small blind) folded before Flop
Seat 4: TheDuffMan3 (big blind) folded before Flop
Seat 5: SylfredHuila folded before Flop (didn't bet)
Seat 6: Dorex2007 showed [Qc Qh] and won ($0.51) with two pair, Queens and Sevens
Seat 7: okf1991 folded before Flop (didn't bet)
Seat 8: DonBawor folded before Flop (didn't bet)
Seat 9: Mombak folded before Flop (didn't bet)



PokerStars Hand #231388961187:  Hold'em No Limit ($0.01/$0.02 USD) - 2021/11/13 22:00:44 PT [2021/11/14 1:00:44 ET]
Table 'Schilt II' 9-max Seat #3 is the button
Seat 1: elpela2000 ($2.78 in chips) 
Seat 2: VilpPS ($2.10 in chips) 
Seat 3: BiM-WiNNeR ($2.72 in chips) 
Seat 4: TheDuffMan3 ($2.21 in chips) 
Seat 5: SylfredHuila ($1.45 in chips) 
Seat 6: Dorex2007 ($2.26 in chips) 
Seat 7: okf1991 ($2.09 in chips) 
Seat 8: DonBawor ($5.77 in chips) 
Seat 9: Mombak ($1.54 in chips) 
TheDuffMan3: posts small blind $0.01
SylfredHuila: posts big blind $0.02
*** HOLE CARDS ***
Dealt to Dorex2007 [2c Js]
Dorex2007: folds 
okf1991: calls $0.02
DonBawor: folds 
Mombak: folds 
elpela2000: folds 
VilpPS: folds 
BiM-WiNNeR: folds 
TheDuffMan3: calls $0.01
SylfredHuila: checks 
*** FLOP *** [2h Ac 4d]
TheDuffMan3: checks 
SylfredHuila: checks 
okf1991: checks 
*** TURN *** [2h Ac 4d] [9c]
TheDuffMan3: bets $0.06
SylfredHuila: folds 
okf1991: folds 
Uncalled bet ($0.06) returned to TheDuffMan3
TheDuffMan3 collected $0.06 from pot
TheDuffMan3: doesn't show hand 
*** SUMMARY ***
Total pot $0.06 | Rake $0 
Board [2h Ac 4d 9c]
Seat 1: elpela2000 folded before Flop (didn't bet)
Seat 2: VilpPS folded before Flop (didn't bet)
Seat 3: BiM-WiNNeR (button) folded before Flop (didn't bet)
Seat 4: TheDuffMan3 (small blind) collected ($0.06)
Seat 5: SylfredHuila (big blind) folded on the Turn
Seat 6: Dorex2007 folded before Flop (didn't bet)
Seat 7: okf1991 folded on the Turn
Seat 8: DonBawor folded before Flop (didn't bet)
Seat 9: Mombak folded before Flop (didn't bet)



PokerStars Hand #231388965745:  Hold'em No Limit ($0.01/$0.02 USD) - 2021/11/13 22:01:16 PT [2021/11/14 1:01:16 ET]
Table 'Schilt II' 9-max Seat #4 is the button
Seat 1: elpela2000 ($2.78 in chips) 
Seat 2: VilpPS ($2.10 in chips) 
Seat 3: BiM-WiNNeR ($2.72 in chips) 
Seat 4: TheDuffMan3 ($2.25 in chips) 
Seat 5: SylfredHuila ($1.43 in chips) 
Seat 6: Dorex2007 ($2.26 in chips) 
Seat 7: okf1991 ($2.07 in chips) 
Seat 8: DonBawor ($5.77 in chips) 
Seat 9: Mombak ($1.54 in chips) 
SylfredHuila: posts small blind $0.01
Dorex2007: posts big blind $0.02
*** HOLE CARDS ***
Dealt to Dorex2007 [4s 6s]
okf1991: calls $0.02
DonBawor: calls $0.02
Mombak: folds 
elpela2000: folds 
VilpPS: folds 
BiM-WiNNeR: folds 
TheDuffMan3: calls $0.02
SylfredHuila: calls $0.01
Dorex2007: checks 
*** FLOP *** [9c As Qd]
SylfredHuila: checks 
Dorex2007: checks 
okf1991: bets $0.02
DonBawor: calls $0.02
TheDuffMan3: calls $0.02
SylfredHuila: folds 
Dorex2007: folds 
*** TURN *** [9c As Qd] [7h]
okf1991: bets $0.02
DonBawor: calls $0.02
TheDuffMan3: raises $0.21 to $0.23
okf1991: folds 
DonBawor: folds 
Uncalled bet ($0.21) returned to TheDuffMan3
TheDuffMan3 collected $0.21 from pot
TheDuffMan3: doesn't show hand 
*** SUMMARY ***
Total pot $0.22 | Rake $0.01 
Board [9c As Qd 7h]
Seat 1: elpela2000 folded before Flop (didn't bet)
Seat 2: VilpPS folded before Flop (didn't bet)
Seat 3: BiM-WiNNeR folded before Flop (didn't bet)
Seat 4: TheDuffMan3 (button) collected ($0.21)
Seat 5: SylfredHuila (small blind) folded on the Flop
Seat 6: Dorex2007 (big blind) folded on the Flop
Seat 7: okf1991 folded on the Turn
Seat 8: DonBawor folded on the Turn
Seat 9: Mombak folded before Flop (didn't bet)



PokerStars Hand #231388974061:  Hold'em No Limit ($0.01/$0.02 USD) - 2021/11/13 22:02:12 PT [2021/11/14 1:02:12 ET]
Table 'Schilt II' 9-max Seat #5 is the button
Seat 1: elpela2000 ($2.78 in chips) 
Seat 2: VilpPS ($2.10 in chips) 
Seat 3: BiM-WiNNeR ($2.72 in chips) 
Seat 4: TheDuffMan3 ($2.40 in chips) 
Seat 5: SylfredHuila ($1.41 in chips) 
Seat 6: Dorex2007 ($2.24 in chips) 
Seat 7: okf1991 ($2.01 in chips) 
Seat 8: DonBawor ($5.71 in chips) 
Seat 9: Mombak ($1.54 in chips) 
Dorex2007: posts small blind $0.01
okf1991: posts big blind $0.02
*** HOLE CARDS ***
Dealt to Dorex2007 [Ah 6d]
DonBawor: calls $0.02
Mombak: folds 
elpela2000: folds 
VilpPS: folds 
BiM-WiNNeR: folds 
TheDuffMan3: folds 
SylfredHuila: calls $0.02
Dorex2007: folds 
okf1991: checks 
*** FLOP *** [As 2h Qh]
okf1991: checks 
DonBawor: checks 
SylfredHuila: checks 
*** TURN *** [As 2h Qh] [Jd]
okf1991: checks 
DonBawor: checks 
SylfredHuila: checks 
*** RIVER *** [As 2h Qh Jd] [5h]
okf1991: checks 
DonBawor: checks 
SylfredHuila: checks 
*** SHOW DOWN ***
okf1991: shows [3h 3d] (a pair of Threes)
DonBawor: mucks hand 
SylfredHuila: shows [4s 3s] (a straight, Ace to Five)
SylfredHuila collected $0.07 from pot
*** SUMMARY ***
Total pot $0.07 | Rake $0 
Board [As 2h Qh Jd 5h]
Seat 1: elpela2000 folded before Flop (didn't bet)
Seat 2: VilpPS folded before Flop (didn't bet)
Seat 3: BiM-WiNNeR folded before Flop (didn't bet)
Seat 4: TheDuffMan3 folded before Flop (didn't bet)
Seat 5: SylfredHuila (button) showed [4s 3s] and won ($0.07) with a straight, Ace to Five
Seat 6: Dorex2007 (small blind) folded before Flop
Seat 7: okf1991 (big blind) showed [3h 3d] and lost with a pair of Threes
Seat 8: DonBawor mucked [4c 6h]
Seat 9: Mombak folded before Flop (didn't bet)



PokerStars Hand #231388991335:  Hold'em No Limit ($0.01/$0.02 USD) - 2021/11/13 22:03:23 PT [2021/11/14 1:03:23 ET]
Table 'Schilt II' 9-max Seat #6 is the button
Seat 1: elpela2000 ($2.78 in chips) 
Seat 2: VilpPS ($2.10 in chips) 
Seat 3: BiM-WiNNeR ($2.72 in chips) 
Seat 4: TheDuffMan3 ($2.40 in chips) 
Seat 5: SylfredHuila ($1.46 in chips) 
Seat 6: Dorex2007 ($2.23 in chips) 
Seat 7: okf1991 ($1.99 in chips) 
Seat 8: DonBawor ($5.69 in chips) 
Seat 9: Mombak ($1.54 in chips) 
okf1991: posts small blind $0.01
DonBawor: posts big blind $0.02
*** HOLE CARDS ***
Dealt to Dorex2007 [Ah Ad]
Mombak: folds 
elpela2000: folds 
VilpPS: raises $0.04 to $0.06
BiM-WiNNeR: folds 
TheDuffMan3: folds 
SylfredHuila: calls $0.06
Dorex2007: raises $0.08 to $0.14
okf1991: folds 
DonBawor: folds 
VilpPS: calls $0.08
SylfredHuila: folds 
*** FLOP *** [4h Td 5d]
VilpPS: checks 
Dorex2007: bets $0.36
VilpPS: calls $0.36
*** TURN *** [4h Td 5d] [4s]
VilpPS: checks 
Dorex2007: bets $1.73 and is all-in
VilpPS: calls $1.60 and is all-in
Uncalled bet ($0.13) returned to Dorex2007
*** RIVER *** [4h Td 5d 4s] [2s]
*** SHOW DOWN ***
VilpPS: shows [Ts Tc] (a full house, Tens full of Fours)
Dorex2007: shows [Ah Ad] (two pair, Aces and Fours)
VilpPS collected $4.14 from pot
*** SUMMARY ***
Total pot $4.29 | Rake $0.15 
Board [4h Td 5d 4s 2s]
Seat 1: elpela2000 folded before Flop (didn't bet)
Seat 2: VilpPS showed [Ts Tc] and won ($4.14) with a full house, Tens full of Fours
Seat 3: BiM-WiNNeR folded before Flop (didn't bet)
Seat 4: TheDuffMan3 folded before Flop (didn't bet)
Seat 5: SylfredHuila folded before Flop
Seat 6: Dorex2007 (button) showed [Ah Ad] and lost with two pair, Aces and Fours
Seat 7: okf1991 (small blind) folded before Flop
Seat 8: DonBawor (big blind) folded before Flop
Seat 9: Mombak folded before Flop (didn't bet)



PokerStars Hand #231389001384:  Hold'em No Limit ($0.01/$0.02 USD) - 2021/11/13 22:04:29 PT [2021/11/14 1:04:29 ET]
Table 'Schilt II' 9-max Seat #7 is the button
Seat 1: elpela2000 ($2.78 in chips) 
Seat 2: VilpPS ($4.14 in chips) 
Seat 3: BiM-WiNNeR ($2.72 in chips) 
Seat 4: TheDuffMan3 ($2.40 in chips) 
Seat 5: SylfredHuila ($1.40 in chips) 
Seat 6: Dorex2007 ($2 in chips) 
Seat 7: okf1991 ($1.98 in chips) 
Seat 8: DonBawor ($5.67 in chips) 
Seat 9: Mombak ($1.54 in chips) 
DonBawor: posts small blind $0.01
Mombak: posts big blind $0.02
*** HOLE CARDS ***
Dealt to Dorex2007 [9s Jh]
elpela2000: folds 
VilpPS: folds 
BiM-WiNNeR: folds 
TheDuffMan3: folds 
SylfredHuila: folds 
Dorex2007: folds 
okf1991: calls $0.02
DonBawor: folds 
Mombak: checks 
*** FLOP *** [Ks 5c Qh]
Mombak: checks 
okf1991: checks 
*** TURN *** [Ks 5c Qh] [5d]
Mombak: checks 
okf1991: checks 
*** RIVER *** [Ks 5c Qh 5d] [7d]
Mombak: checks 
okf1991: bets $0.02
Mombak: calls $0.02
*** SHOW DOWN ***
okf1991: shows [7s 4c] (two pair, Sevens and Fives)
Mombak: mucks hand 
okf1991 collected $0.09 from pot
*** SUMMARY ***
Total pot $0.09 | Rake $0 
Board [Ks 5c Qh 5d 7d]
Seat 1: elpela2000 folded before Flop (didn't bet)
Seat 2: VilpPS folded before Flop (didn't bet)
Seat 3: BiM-WiNNeR folded before Flop (didn't bet)
Seat 4: TheDuffMan3 folded before Flop (didn't bet)
Seat 5: SylfredHuila folded before Flop (didn't bet)
Seat 6: Dorex2007 folded before Flop (didn't bet)
Seat 7: okf1991 (button) showed [7s 4c] and won ($0.09) with two pair, Sevens and Fives
Seat 8: DonBawor (small blind) folded before Flop
Seat 9: Mombak (big blind) mucked [Ac Js]



PokerStars Hand #231389008979:  Hold'em No Limit ($0.01/$0.02 USD) - 2021/11/13 22:05:19 PT [2021/11/14 1:05:19 ET]
Table 'Schilt II' 9-max Seat #8 is the button
Seat 1: elpela2000 ($2.78 in chips) 
Seat 2: VilpPS ($4.14 in chips) 
Seat 3: BiM-WiNNeR ($2.72 in chips) 
Seat 4: TheDuffMan3 ($2.40 in chips) 
Seat 5: SylfredHuila ($1.40 in chips) 
Seat 6: Dorex2007 ($2 in chips) 
Seat 7: okf1991 ($2.03 in chips) 
Seat 8: DonBawor ($5.66 in chips) 
Seat 9: Mombak ($1.50 in chips) 
Mombak: posts small blind $0.01
elpela2000: posts big blind $0.02
*** HOLE CARDS ***
Dealt to Dorex2007 [8h Jc]
VilpPS: folds 
BiM-WiNNeR: folds 
TheDuffMan3: folds 
SylfredHuila: calls $0.02
Dorex2007: folds 
okf1991: folds 
DonBawor: folds 
Mombak: raises $0.02 to $0.04
elpela2000: calls $0.02
SylfredHuila: calls $0.02
*** FLOP *** [6d Qd 3s]
Mombak: bets $0.06
elpela2000: calls $0.06
SylfredHuila: folds 
*** TURN *** [6d Qd 3s] [6s]
Mombak: bets $0.12
elpela2000: calls $0.12
*** RIVER *** [6d Qd 3s 6s] [Th]
Mombak: bets $0.23
elpela2000: folds 
Uncalled bet ($0.23) returned to Mombak
Mombak collected $0.46 from pot
Mombak: doesn't show hand 
*** SUMMARY ***
Total pot $0.48 | Rake $0.02 
Board [6d Qd 3s 6s Th]
Seat 1: elpela2000 (big blind) folded on the River
Seat 2: VilpPS folded before Flop (didn't bet)
Seat 3: BiM-WiNNeR folded before Flop (didn't bet)
Seat 4: TheDuffMan3 folded before Flop (didn't bet)
Seat 5: SylfredHuila folded on the Flop
Seat 6: Dorex2007 folded before Flop (didn't bet)
Seat 7: okf1991 folded before Flop (didn't bet)
Seat 8: DonBawor (button) folded before Flop (didn't bet)
Seat 9: Mombak (small blind) collected ($0.46)



PokerStars Hand #231389017069:  Hold'em No Limit ($0.01/$0.02 USD) - 2021/11/13 22:06:13 PT [2021/11/14 1:06:13 ET]
Table 'Schilt II' 9-max Seat #9 is the button
Seat 1: elpela2000 ($2.56 in chips) 
Seat 2: VilpPS ($4.14 in chips) 
Seat 3: BiM-WiNNeR ($2.72 in chips) 
Seat 4: TheDuffMan3 ($2.40 in chips) 
Seat 5: SylfredHuila ($1.36 in chips) 
Seat 6: Dorex2007 ($2 in chips) 
Seat 7: okf1991 ($2.03 in chips) 
Seat 8: DonBawor ($5.66 in chips) 
Seat 9: Mombak ($1.74 in chips) 
elpela2000: posts small blind $0.01
VilpPS: posts big blind $0.02
*** HOLE CARDS ***
Dealt to Dorex2007 [3h Kc]
BiM-WiNNeR: folds 
TheDuffMan3: folds 
SylfredHuila: folds 
Dorex2007: folds 
okf1991: calls $0.02
DonBawor: folds 
Mombak: folds 
elpela2000: calls $0.01
VilpPS: checks 
*** FLOP *** [Td Qs Ac]
elpela2000: bets $0.02
VilpPS: folds 
okf1991: calls $0.02
*** TURN *** [Td Qs Ac] [6d]
elpela2000: checks 
okf1991: bets $0.02
elpela2000: calls $0.02
*** RIVER *** [Td Qs Ac 6d] [Kh]
elpela2000: checks 
okf1991: checks 
*** SHOW DOWN ***
elpela2000: shows [Ad 9c] (a pair of Aces)
okf1991: mucks hand 
elpela2000 collected $0.14 from pot
*** SUMMARY ***
Total pot $0.14 | Rake $0 
Board [Td Qs Ac 6d Kh]
Seat 1: elpela2000 (small blind) showed [Ad 9c] and won ($0.14) with a pair of Aces
Seat 2: VilpPS (big blind) folded on the Flop
Seat 3: BiM-WiNNeR folded before Flop (didn't bet)
Seat 4: TheDuffMan3 folded before Flop (didn't bet)
Seat 5: SylfredHuila folded before Flop (didn't bet)
Seat 6: Dorex2007 folded before Flop (didn't bet)
Seat 7: okf1991 mucked [5c Kd]
Seat 8: DonBawor folded before Flop (didn't bet)
Seat 9: Mombak (button) folded before Flop (didn't bet)



PokerStars Hand #231389023815:  Hold'em No Limit ($0.01/$0.02 USD) - 2021/11/13 22:06:58 PT [2021/11/14 1:06:58 ET]
Table 'Schilt II' 9-max Seat #1 is the button
Seat 1: elpela2000 ($2.64 in chips) 
Seat 2: VilpPS ($4.12 in chips) 
Seat 3: BiM-WiNNeR ($2.72 in chips) 
Seat 4: TheDuffMan3 ($2.40 in chips) 
Seat 5: SylfredHuila ($1.36 in chips) 
Seat 6: Dorex2007 ($2 in chips) 
Seat 7: okf1991 ($1.97 in chips) 
Seat 8: DonBawor ($5.66 in chips) 
Seat 9: Mombak ($1.74 in chips) 
VilpPS: posts small blind $0.01
BiM-WiNNeR: posts big blind $0.02
*** HOLE CARDS ***
Dealt to Dorex2007 [3h Ts]
TheDuffMan3: folds 
SylfredHuila: calls $0.02
Dorex2007: folds 
okf1991: calls $0.02
DonBawor: folds 
Mombak: folds 
elpela2000: calls $0.02
VilpPS: folds 
BiM-WiNNeR: checks 
*** FLOP *** [5h Qs Td]
BiM-WiNNeR: checks 
SylfredHuila: checks 
okf1991: checks 
elpela2000: checks 
*** TURN *** [5h Qs Td] [Tc]
BiM-WiNNeR: checks 
SylfredHuila: checks 
okf1991: checks 
elpela2000: checks 
*** RIVER *** [5h Qs Td Tc] [4h]
BiM-WiNNeR: checks 
SylfredHuila: checks 
okf1991: checks 
elpela2000: checks 
*** SHOW DOWN ***
BiM-WiNNeR: shows [5s Ks] (two pair, Tens and Fives)
SylfredHuila: mucks hand 
okf1991: shows [Ad 5c] (two pair, Tens and Fives - Ace kicker)
elpela2000: mucks hand 
okf1991 collected $0.09 from pot
*** SUMMARY ***
Total pot $0.09 | Rake $0 
Board [5h Qs Td Tc 4h]
Seat 1: elpela2000 (button) mucked [Ah 8s]
Seat 2: VilpPS (small blind) folded before Flop
Seat 3: BiM-WiNNeR (big blind) showed [5s Ks] and lost with two pair, Tens and Fives
Seat 4: TheDuffMan3 folded before Flop (didn't bet)
Seat 5: SylfredHuila mucked [Js Kc]
Seat 6: Dorex2007 folded before Flop (didn't bet)
Seat 7: okf1991 showed [Ad 5c] and won ($0.09) with two pair, Tens and Fives
Seat 8: DonBawor folded before Flop (didn't bet)
Seat 9: Mombak folded before Flop (didn't bet)



PokerStars Hand #231389032901:  Hold'em No Limit ($0.01/$0.02 USD) - 2021/11/13 22:07:58 PT [2021/11/14 1:07:58 ET]
Table 'Schilt II' 9-max Seat #2 is the button
Seat 1: elpela2000 ($2.62 in chips) 
Seat 2: VilpPS ($4.11 in chips) 
Seat 3: BiM-WiNNeR ($2.70 in chips) 
Seat 4: TheDuffMan3 ($2.40 in chips) 
Seat 5: SylfredHuila ($1.34 in chips) 
Seat 6: Dorex2007 ($2 in chips) 
Seat 7: okf1991 ($2.04 in chips) 
Seat 8: DonBawor ($5.66 in chips) 
Seat 9: Mombak ($1.74 in chips) 
BiM-WiNNeR: posts small blind $0.01
TheDuffMan3: posts big blind $0.02
*** HOLE CARDS ***
Dealt to Dorex2007 [Kh 7h]
SylfredHuila: calls $0.02
Dorex2007: folds 
okf1991: calls $0.02
DonBawor: folds 
Mombak: folds 
elpela2000: folds 
VilpPS: folds 
BiM-WiNNeR: folds 
TheDuffMan3: checks 
*** FLOP *** [9s 2d 4h]
TheDuffMan3: bets $0.07
SylfredHuila: calls $0.07
okf1991: folds 
*** TURN *** [9s 2d 4h] [3s]
TheDuffMan3: checks 
SylfredHuila: checks 
*** RIVER *** [9s 2d 4h 3s] [7d]
TheDuffMan3: bets $0.10
SylfredHuila: folds 
Uncalled bet ($0.10) returned to TheDuffMan3
SylfredHuila leaves the table
TheDuffMan3 collected $0.20 from pot
TheDuffMan3: doesn't show hand 
*** SUMMARY ***
Total pot $0.21 | Rake $0.01 
Board [9s 2d 4h 3s 7d]
Seat 1: elpela2000 folded before Flop (didn't bet)
Seat 2: VilpPS (button) folded before Flop (didn't bet)
Seat 3: BiM-WiNNeR (small blind) folded before Flop
Seat 4: TheDuffMan3 (big blind) collected ($0.20)
Seat 5: SylfredHuila folded on the River
Seat 6: Dorex2007 folded before Flop (didn't bet)
Seat 7: okf1991 folded on the Flop
Seat 8: DonBawor folded before Flop (didn't bet)
Seat 9: Mombak folded before Flop (didn't bet)



PokerStars Hand #231389040495:  Hold'em No Limit ($0.01/$0.02 USD) - 2021/11/13 22:08:48 PT [2021/11/14 1:08:48 ET]
Table 'Schilt II' 9-max Seat #3 is the button
Seat 1: elpela2000 ($2.62 in chips) 
Seat 2: VilpPS ($4.11 in chips) 
Seat 3: BiM-WiNNeR ($2.69 in chips) 
Seat 4: TheDuffMan3 ($2.51 in chips) 
Seat 6: Dorex2007 ($2 in chips) 
Seat 7: okf1991 ($2.02 in chips) 
Seat 8: DonBawor ($5.66 in chips) 
Seat 9: Mombak ($1.74 in chips) 
TheDuffMan3: posts small blind $0.01
Dorex2007: posts big blind $0.02
*** HOLE CARDS ***
Dealt to Dorex2007 [Kc 9h]
okf1991: folds 
DonBawor: calls $0.02
Mombak: folds 
elpela2000: folds 
VilpPS: folds 
Urasik1979 joins the table at seat #5 
BiM-WiNNeR: folds 
TheDuffMan3: folds 
Dorex2007: checks 
*** FLOP *** [As Ad 7c]
Dorex2007: checks 
DonBawor: checks 
*** TURN *** [As Ad 7c] [5c]
Dorex2007: checks 
DonBawor: checks 
*** RIVER *** [As Ad 7c 5c] [Qs]
Dorex2007: checks 
DonBawor: checks 
*** SHOW DOWN ***
Dorex2007: shows [Kc 9h] (a pair of Aces)
DonBawor: shows [5s 6s] (two pair, Aces and Fives)
DonBawor collected $0.05 from pot
*** SUMMARY ***
Total pot $0.05 | Rake $0 
Board [As Ad 7c 5c Qs]
Seat 1: elpela2000 folded before Flop (didn't bet)
Seat 2: VilpPS folded before Flop (didn't bet)
Seat 3: BiM-WiNNeR (button) folded before Flop (didn't bet)
Seat 4: TheDuffMan3 (small blind) folded before Flop
Seat 6: Dorex2007 (big blind) showed [Kc 9h] and lost with a pair of Aces
Seat 7: okf1991 folded before Flop (didn't bet)
Seat 8: DonBawor showed [5s 6s] and won ($0.05) with two pair, Aces and Fives
Seat 9: Mombak folded before Flop (didn't bet)



PokerStars Hand #231389045207:  Hold'em No Limit ($0.01/$0.02 USD) - 2021/11/13 22:09:20 PT [2021/11/14 1:09:20 ET]
Table 'Schilt II' 9-max Seat #4 is the button
Seat 1: elpela2000 ($2.62 in chips) 
Seat 2: VilpPS ($4.11 in chips) 
Seat 3: BiM-WiNNeR ($2.69 in chips) 
Seat 4: TheDuffMan3 ($2.50 in chips) 
Seat 6: Dorex2007 ($2 in chips) 
Seat 7: okf1991 ($2.02 in chips) 
Seat 8: DonBawor ($5.69 in chips) 
Seat 9: Mombak ($1.74 in chips) 
Dorex2007: posts small blind $0.01
okf1991: posts big blind $0.02
*** HOLE CARDS ***
Dealt to Dorex2007 [2c 5h]
DonBawor: folds 
Mombak: folds 
elpela2000 has timed out
elpela2000: folds 
VilpPS: folds 
BiM-WiNNeR: folds 
TheDuffMan3: folds 
Dorex2007: folds 
Uncalled bet ($0.01) returned to okf1991
okf1991 collected $0.02 from pot
*** SUMMARY ***
Total pot $0.02 | Rake $0 
Seat 1: elpela2000 folded before Flop (didn't bet)
Seat 2: VilpPS folded before Flop (didn't bet)
Seat 3: BiM-WiNNeR folded before Flop (didn't bet)
Seat 4: TheDuffMan3 (button) folded before Flop (didn't bet)
Seat 6: Dorex2007 (small blind) folded before Flop
Seat 7: okf1991 (big blind) collected ($0.02)
Seat 8: DonBawor folded before Flop (didn't bet)
Seat 9: Mombak folded before Flop (didn't bet)



PokerStars Hand #231389048994:  Hold'em No Limit ($0.01/$0.02 USD) - 2021/11/13 22:09:45 PT [2021/11/14 1:09:45 ET]
Table 'Schilt II' 9-max Seat #6 is the button
Seat 1: elpela2000 ($2.62 in chips) 
Seat 2: VilpPS ($4.11 in chips) 
Seat 3: BiM-WiNNeR ($2.69 in chips) 
Seat 4: TheDuffMan3 ($2.50 in chips) 
Seat 6: Dorex2007 ($2 in chips) 
Seat 7: okf1991 ($2.03 in chips) 
Seat 8: DonBawor ($5.69 in chips) 
Seat 9: Mombak ($1.74 in chips) 
okf1991: posts small blind $0.01
DonBawor: posts big blind $0.02
Urasik1979: sits out 
*** HOLE CARDS ***
Dealt to Dorex2007 [4h 7c]
Mombak: folds 
elpela2000: folds 
VilpPS: folds 
BiM-WiNNeR: folds 
TheDuffMan3: folds 
Dorex2007: folds 
okf1991: folds 
Uncalled bet ($0.01) returned to DonBawor
DonBawor collected $0.02 from pot
DonBawor: doesn't show hand 
*** SUMMARY ***
Total pot $0.02 | Rake $0 
Seat 1: elpela2000 folded before Flop (didn't bet)
Seat 2: VilpPS folded before Flop (didn't bet)
Seat 3: BiM-WiNNeR folded before Flop (didn't bet)
Seat 4: TheDuffMan3 folded before Flop (didn't bet)
Seat 6: Dorex2007 (button) folded before Flop (didn't bet)
Seat 7: okf1991 (small blind) folded before Flop
Seat 8: DonBawor (big blind) collected ($0.02)
Seat 9: Mombak folded before Flop (didn't bet)



PokerStars Hand #231389051272:  Hold'em No Limit ($0.01/$0.02 USD) - 2021/11/13 22:10:00 PT [2021/11/14 1:10:00 ET]
Table 'Schilt II' 9-max Seat #7 is the button
Seat 1: elpela2000 ($2.62 in chips) 
Seat 2: VilpPS ($4.11 in chips) 
Seat 3: BiM-WiNNeR ($2.69 in chips) 
Seat 4: TheDuffMan3 ($2.50 in chips) 
Seat 6: Dorex2007 ($2 in chips) 
Seat 7: okf1991 ($2.02 in chips) 
Seat 8: DonBawor ($5.70 in chips) 
Seat 9: Mombak ($1.74 in chips) 
DonBawor: posts small blind $0.01
Mombak: posts big blind $0.02
Urasik1979: sits out 
*** HOLE CARDS ***
Dealt to Dorex2007 [2h 5d]
elpela2000: folds 
VilpPS: folds 
BiM-WiNNeR: folds 
TheDuffMan3: folds 
Dorex2007: folds 
okf1991: calls $0.02
DonBawor: raises $0.02 to $0.04
Mombak: folds 
okf1991: calls $0.02
*** FLOP *** [8c 9c Kd]
DonBawor: bets $0.06
okf1991: folds 
Uncalled bet ($0.06) returned to DonBawor
DonBawor collected $0.10 from pot
DonBawor: doesn't show hand 
*** SUMMARY ***
Total pot $0.10 | Rake $0 
Board [8c 9c Kd]
Seat 1: elpela2000 folded before Flop (didn't bet)
Seat 2: VilpPS folded before Flop (didn't bet)
Seat 3: BiM-WiNNeR folded before Flop (didn't bet)
Seat 4: TheDuffMan3 folded before Flop (didn't bet)
Seat 6: Dorex2007 folded before Flop (didn't bet)
Seat 7: okf1991 (button) folded on the Flop
Seat 8: DonBawor (small blind) collected ($0.10)
Seat 9: Mombak (big blind) folded before Flop



PokerStars Hand #231389056097:  Hold'em No Limit ($0.01/$0.02 USD) - 2021/11/13 22:10:32 PT [2021/11/14 1:10:32 ET]
Table 'Schilt II' 9-max Seat #8 is the button
Seat 1: elpela2000 ($2.62 in chips) 
Seat 2: VilpPS ($4.11 in chips) 
Seat 3: BiM-WiNNeR ($2.69 in chips) 
Seat 4: TheDuffMan3 ($2.50 in chips) 
Seat 6: Dorex2007 ($2 in chips) 
Seat 7: okf1991 ($1.98 in chips) 
Seat 8: DonBawor ($5.76 in chips) 
Seat 9: Mombak ($1.72 in chips) 
Mombak: posts small blind $0.01
elpela2000: posts big blind $0.02
Urasik1979: sits out 
*** HOLE CARDS ***
Dealt to Dorex2007 [Qc 3h]
VilpPS: folds 
BiM-WiNNeR: raises $0.04 to $0.06
TheDuffMan3: folds 
Dorex2007: folds 
okf1991: folds 
DonBawor: folds 
Mombak: folds 
elpela2000: calls $0.04
*** FLOP *** [Js 7s As]
elpela2000: checks 
BiM-WiNNeR: bets $0.09
elpela2000: raises $0.09 to $0.18
BiM-WiNNeR: folds 
Uncalled bet ($0.09) returned to elpela2000
elpela2000 collected $0.30 from pot
*** SUMMARY ***
Total pot $0.31 | Rake $0.01 
Board [Js 7s As]
Seat 1: elpela2000 (big blind) collected ($0.30)
Seat 2: VilpPS folded before Flop (didn't bet)
Seat 3: BiM-WiNNeR folded on the Flop
Seat 4: TheDuffMan3 folded before Flop (didn't bet)
Seat 6: Dorex2007 folded before Flop (didn't bet)
Seat 7: okf1991 folded before Flop (didn't bet)
Seat 8: DonBawor (button) folded before Flop (didn't bet)
Seat 9: Mombak (small blind) folded before Flop



PokerStars Hand #231389064674:  Hold'em No Limit ($0.01/$0.02 USD) - 2021/11/13 22:11:10 PT [2021/11/14 1:11:10 ET]
Table 'Schilt II' 9-max Seat #9 is the button
Seat 1: elpela2000 ($2.77 in chips) 
Seat 2: VilpPS ($4.11 in chips) 
Seat 3: BiM-WiNNeR ($2.54 in chips) 
Seat 4: TheDuffMan3 ($2.50 in chips) 
Seat 5: Urasik1979 ($0.80 in chips) 
Seat 6: Dorex2007 ($2 in chips) 
Seat 7: okf1991 ($1.98 in chips) 
Seat 8: DonBawor ($5.76 in chips) 
Seat 9: Mombak ($1.71 in chips) 
elpela2000: posts small blind $0.01
VilpPS: posts big blind $0.02
Urasik1979: posts big blind $0.02
*** HOLE CARDS ***
Dealt to Dorex2007 [7h 7s]
BiM-WiNNeR: folds 
TheDuffMan3: folds 
Urasik1979: checks 
Dorex2007: raises $0.02 to $0.04
okf1991: calls $0.04
DonBawor: folds 
Mombak: folds 
elpela2000: folds 
VilpPS: folds 
Urasik1979: calls $0.02
*** FLOP *** [2h Tc Jh]
Urasik1979: checks 
Dorex2007: checks 
okf1991: checks 
*** TURN *** [2h Tc Jh] [8c]
Urasik1979: checks 
Dorex2007: checks 
okf1991: checks 
*** RIVER *** [2h Tc Jh 8c] [9h]
Urasik1979: checks 
Dorex2007: bets $0.09
okf1991: calls $0.09
Urasik1979: folds 
*** SHOW DOWN ***
Dorex2007: shows [7h 7s] (a straight, Seven to Jack)
okf1991: shows [6s 7c] (a straight, Seven to Jack)
Dorex2007 collected $0.16 from pot
okf1991 collected $0.16 from pot
*** SUMMARY ***
Total pot $0.33 | Rake $0.01 
Board [2h Tc Jh 8c 9h]
Seat 1: elpela2000 (small blind) folded before Flop
Seat 2: VilpPS (big blind) folded before Flop
Seat 3: BiM-WiNNeR folded before Flop (didn't bet)
Seat 4: TheDuffMan3 folded before Flop (didn't bet)
Seat 5: Urasik1979 folded on the River
Seat 6: Dorex2007 showed [7h 7s] and won ($0.16) with a straight, Seven to Jack
Seat 7: okf1991 showed [6s 7c] and won ($0.16) with a straight, Seven to Jack
Seat 8: DonBawor folded before Flop (didn't bet)
Seat 9: Mombak (button) folded before Flop (didn't bet)



PokerStars Hand #231389074802:  Hold'em No Limit ($0.01/$0.02 USD) - 2021/11/13 22:12:18 PT [2021/11/14 1:12:18 ET]
Table 'Schilt II' 9-max Seat #1 is the button
Seat 1: elpela2000 ($2.76 in chips) 
Seat 2: VilpPS ($4.09 in chips) 
Seat 3: BiM-WiNNeR ($2.54 in chips) 
Seat 4: TheDuffMan3 ($2.50 in chips) 
Seat 5: Urasik1979 ($0.76 in chips) 
Seat 6: Dorex2007 ($2.03 in chips) 
Seat 7: okf1991 ($2.01 in chips) 
Seat 8: DonBawor ($5.76 in chips) 
Seat 9: Mombak ($1.71 in chips) 
VilpPS: posts small blind $0.01
BiM-WiNNeR: posts big blind $0.02
*** HOLE CARDS ***
Dealt to Dorex2007 [Qs Jd]
TheDuffMan3: folds 
Urasik1979: folds 
Dorex2007: folds 
okf1991: calls $0.02
DonBawor: calls $0.02
Mombak: folds 
elpela2000: folds 
VilpPS: folds 
BiM-WiNNeR: raises $0.10 to $0.12
okf1991: folds 
DonBawor: folds 
Uncalled bet ($0.10) returned to BiM-WiNNeR
BiM-WiNNeR collected $0.07 from pot
BiM-WiNNeR: doesn't show hand 
*** SUMMARY ***
Total pot $0.07 | Rake $0 
Seat 1: elpela2000 (button) folded before Flop (didn't bet)
Seat 2: VilpPS (small blind) folded before Flop
Seat 3: BiM-WiNNeR (big blind) collected ($0.07)
Seat 4: TheDuffMan3 folded before Flop (didn't bet)
Seat 5: Urasik1979 folded before Flop (didn't bet)
Seat 6: Dorex2007 folded before Flop (didn't bet)
Seat 7: okf1991 folded before Flop
Seat 8: DonBawor folded before Flop
Seat 9: Mombak folded before Flop (didn't bet)



PokerStars Hand #231389079242:  Hold'em No Limit ($0.01/$0.02 USD) - 2021/11/13 22:12:48 PT [2021/11/14 1:12:48 ET]
Table 'Schilt II' 9-max Seat #2 is the button
Seat 1: elpela2000 ($2.76 in chips) 
Seat 2: VilpPS ($4.08 in chips) 
Seat 3: BiM-WiNNeR ($2.59 in chips) 
Seat 4: TheDuffMan3 ($2.50 in chips) 
Seat 5: Urasik1979 ($0.76 in chips) 
Seat 6: Dorex2007 ($2.03 in chips) 
Seat 7: okf1991 ($1.99 in chips) 
Seat 8: DonBawor ($5.74 in chips) 
Seat 9: Mombak ($1.71 in chips) 
BiM-WiNNeR: posts small blind $0.01
TheDuffMan3: posts big blind $0.02
*** HOLE CARDS ***
Dealt to Dorex2007 [8d 4d]
Urasik1979: folds 
Dorex2007: folds 
okf1991: calls $0.02
DonBawor: folds 
Mombak: folds 
elpela2000: folds 
VilpPS: raises $0.20 to $0.22
BiM-WiNNeR: folds 
TheDuffMan3: folds 
okf1991: folds 
Uncalled bet ($0.20) returned to VilpPS
VilpPS collected $0.07 from pot
VilpPS: doesn't show hand 
*** SUMMARY ***
Total pot $0.07 | Rake $0 
Seat 1: elpela2000 folded before Flop (didn't bet)
Seat 2: VilpPS (button) collected ($0.07)
Seat 3: BiM-WiNNeR (small blind) folded before Flop
Seat 4: TheDuffMan3 (big blind) folded before Flop
Seat 5: Urasik1979 folded before Flop (didn't bet)
Seat 6: Dorex2007 folded before Flop (didn't bet)
Seat 7: okf1991 folded before Flop
Seat 8: DonBawor folded before Flop (didn't bet)
Seat 9: Mombak folded before Flop (didn't bet)



PokerStars Hand #231389082560:  Hold'em No Limit ($0.01/$0.02 USD) - 2021/11/13 22:13:10 PT [2021/11/14 1:13:10 ET]
Table 'Schilt II' 9-max Seat #3 is the button
Seat 1: elpela2000 ($2.76 in chips) 
Seat 2: VilpPS ($4.13 in chips) 
Seat 3: BiM-WiNNeR ($2.58 in chips) 
Seat 4: TheDuffMan3 ($2.48 in chips) 
Seat 5: Urasik1979 ($0.76 in chips) 
Seat 6: Dorex2007 ($2.03 in chips) 
Seat 7: okf1991 ($1.97 in chips) 
Seat 8: DonBawor ($5.74 in chips) 
Seat 9: Mombak ($1.71 in chips) 
TheDuffMan3: posts small blind $0.01
Urasik1979: posts big blind $0.02
*** HOLE CARDS ***
Dealt to Dorex2007 [Qd 5c]
Dorex2007: folds 
okf1991: calls $0.02
DonBawor: calls $0.02
Mombak: folds 
elpela2000: folds 
VilpPS: folds 
BiM-WiNNeR: folds 
TheDuffMan3: folds 
Urasik1979: raises $0.08 to $0.10
okf1991: calls $0.08
DonBawor: calls $0.08
*** FLOP *** [Jc 2c Td]
Urasik1979: checks 
okf1991: bets $0.02
DonBawor: calls $0.02
Urasik1979: calls $0.02
*** TURN *** [Jc 2c Td] [Qh]
Urasik1979: bets $0.64 and is all-in
okf1991: folds 
DonBawor: folds 
Uncalled bet ($0.64) returned to Urasik1979
Urasik1979 collected $0.36 from pot
*** SUMMARY ***
Total pot $0.37 | Rake $0.01 
Board [Jc 2c Td Qh]
Seat 1: elpela2000 folded before Flop (didn't bet)
Seat 2: VilpPS folded before Flop (didn't bet)
Seat 3: BiM-WiNNeR (button) folded before Flop (didn't bet)
Seat 4: TheDuffMan3 (small blind) folded before Flop
Seat 5: Urasik1979 (big blind) collected ($0.36)
Seat 6: Dorex2007 folded before Flop (didn't bet)
Seat 7: okf1991 folded on the Turn
Seat 8: DonBawor folded on the Turn
Seat 9: Mombak folded before Flop (didn't bet)



PokerStars Hand #231389090288:  Hold'em No Limit ($0.01/$0.02 USD) - 2021/11/13 22:14:03 PT [2021/11/14 1:14:03 ET]
Table 'Schilt II' 9-max Seat #4 is the button
Seat 1: elpela2000 ($2.76 in chips) 
Seat 2: VilpPS ($4.13 in chips) 
Seat 3: BiM-WiNNeR ($2.58 in chips) 
Seat 4: TheDuffMan3 ($2.47 in chips) 
Seat 5: Urasik1979 ($1 in chips) 
Seat 6: Dorex2007 ($2.03 in chips) 
Seat 7: okf1991 ($1.85 in chips) 
Seat 8: DonBawor ($5.62 in chips) 
Seat 9: Mombak ($1.71 in chips) 
Urasik1979: posts small blind $0.01
Dorex2007: posts big blind $0.02
*** HOLE CARDS ***
Dealt to Dorex2007 [5c 5h]
okf1991: folds 
DonBawor: calls $0.02
Mombak: folds 
elpela2000: folds 
VilpPS: folds 
BiM-WiNNeR: folds 
TheDuffMan3: folds 
Urasik1979: folds 
Dorex2007: checks 
*** FLOP *** [7c 9s Js]
Dorex2007: checks 
DonBawor: bets $0.02
Dorex2007: calls $0.02
*** TURN *** [7c 9s Js] [Qc]
Dorex2007: checks 
DonBawor: bets $0.02
Dorex2007: folds 
Uncalled bet ($0.02) returned to DonBawor
DonBawor collected $0.09 from pot
DonBawor: doesn't show hand 
*** SUMMARY ***
Total pot $0.09 | Rake $0 
Board [7c 9s Js Qc]
Seat 1: elpela2000 folded before Flop (didn't bet)
Seat 2: VilpPS folded before Flop (didn't bet)
Seat 3: BiM-WiNNeR folded before Flop (didn't bet)
Seat 4: TheDuffMan3 (button) folded before Flop (didn't bet)
Seat 5: Urasik1979 (small blind) folded before Flop
Seat 6: Dorex2007 (big blind) folded on the Turn
Seat 7: okf1991 folded before Flop (didn't bet)
Seat 8: DonBawor collected ($0.09)
Seat 9: Mombak folded before Flop (didn't bet)



PokerStars Hand #231389095681:  Hold'em No Limit ($0.01/$0.02 USD) - 2021/11/13 22:14:40 PT [2021/11/14 1:14:40 ET]
Table 'Schilt II' 9-max Seat #5 is the button
Seat 1: elpela2000 ($2.76 in chips) 
Seat 2: VilpPS ($4.13 in chips) 
Seat 3: BiM-WiNNeR ($2.58 in chips) 
Seat 4: TheDuffMan3 ($2.47 in chips) 
Seat 5: Urasik1979 ($0.99 in chips) 
Seat 6: Dorex2007 ($2 in chips) 
Seat 7: okf1991 ($1.85 in chips) 
Seat 8: DonBawor ($5.67 in chips) 
Seat 9: Mombak ($1.71 in chips) 
Dorex2007: posts small blind $0.01
okf1991: posts big blind $0.02
*** HOLE CARDS ***
Dealt to Dorex2007 [Tc 3h]
DonBawor: folds 
Mombak: raises $0.02 to $0.04
elpela2000: folds 
VilpPS: folds 
BiM-WiNNeR: folds 
TheDuffMan3: folds 
Urasik1979: calls $0.04
Dorex2007: folds 
okf1991: folds 
*** FLOP *** [As 8h Ac]
Mombak: checks 
Urasik1979: checks 
*** TURN *** [As 8h Ac] [9s]
Mombak: bets $0.06
Urasik1979: folds 
Uncalled bet ($0.06) returned to Mombak
Mombak collected $0.11 from pot
Mombak: doesn't show hand 
*** SUMMARY ***
Total pot $0.11 | Rake $0 
Board [As 8h Ac 9s]
Seat 1: elpela2000 folded before Flop (didn't bet)
Seat 2: VilpPS folded before Flop (didn't bet)
Seat 3: BiM-WiNNeR folded before Flop (didn't bet)
Seat 4: TheDuffMan3 folded before Flop (didn't bet)
Seat 5: Urasik1979 (button) folded on the Turn
Seat 6: Dorex2007 (small blind) folded before Flop
Seat 7: okf1991 (big blind) folded before Flop
Seat 8: DonBawor folded before Flop (didn't bet)
Seat 9: Mombak collected ($0.11)



PokerStars Hand #231389099648:  Hold'em No Limit ($0.01/$0.02 USD) - 2021/11/13 22:15:06 PT [2021/11/14 1:15:06 ET]
Table 'Schilt II' 9-max Seat #6 is the button
Seat 1: elpela2000 ($2.76 in chips) 
Seat 2: VilpPS ($4.13 in chips) 
Seat 3: BiM-WiNNeR ($2.58 in chips) 
Seat 4: TheDuffMan3 ($2.47 in chips) 
Seat 5: Urasik1979 ($0.95 in chips) 
Seat 6: Dorex2007 ($2 in chips) 
Seat 7: okf1991 ($1.83 in chips) 
Seat 8: DonBawor ($5.67 in chips) 
Seat 9: Mombak ($1.78 in chips) 
okf1991: posts small blind $0.01
DonBawor: posts big blind $0.02
*** HOLE CARDS ***
Dealt to Dorex2007 [9d 7s]
Mombak: folds 
elpela2000: folds 
VilpPS: folds 
BiM-WiNNeR: folds 
TheDuffMan3: folds 
Urasik1979: folds 
Dorex2007: folds 
okf1991: calls $0.01
DonBawor: checks 
*** FLOP *** [7d 3d 8d]
okf1991: checks 
DonBawor: checks 
*** TURN *** [7d 3d 8d] [Kh]
okf1991: checks 
DonBawor: checks 
*** RIVER *** [7d 3d 8d Kh] [6d]
okf1991: checks 
DonBawor: bets $0.02
okf1991: folds 
Uncalled bet ($0.02) returned to DonBawor
DonBawor collected $0.04 from pot
DonBawor: doesn't show hand 
*** SUMMARY ***
Total pot $0.04 | Rake $0 
Board [7d 3d 8d Kh 6d]
Seat 1: elpela2000 folded before Flop (didn't bet)
Seat 2: VilpPS folded before Flop (didn't bet)
Seat 3: BiM-WiNNeR folded before Flop (didn't bet)
Seat 4: TheDuffMan3 folded before Flop (didn't bet)
Seat 5: Urasik1979 folded before Flop (didn't bet)
Seat 6: Dorex2007 (button) folded before Flop (didn't bet)
Seat 7: okf1991 (small blind) folded on the River
Seat 8: DonBawor (big blind) collected ($0.04)
Seat 9: Mombak folded before Flop (didn't bet)



PokerStars Hand #231389114165:  Hold'em No Limit ($0.01/$0.02 USD) - 2021/11/13 22:15:45 PT [2021/11/14 1:15:45 ET]
Table 'Schilt II' 9-max Seat #7 is the button
Seat 1: elpela2000 ($2.76 in chips) 
Seat 2: VilpPS ($4.13 in chips) 
Seat 3: BiM-WiNNeR ($2.58 in chips) 
Seat 4: TheDuffMan3 ($2.47 in chips) 
Seat 5: Urasik1979 ($0.95 in chips) 
Seat 6: Dorex2007 ($2 in chips) 
Seat 7: okf1991 ($1.81 in chips) 
Seat 8: DonBawor ($5.69 in chips) 
Seat 9: Mombak ($1.78 in chips) 
DonBawor: posts small blind $0.01
Mombak: posts big blind $0.02
*** HOLE CARDS ***
Dealt to Dorex2007 [5h Kd]
elpela2000: folds 
VilpPS: folds 
BiM-WiNNeR has timed out
BiM-WiNNeR: folds 
TheDuffMan3: calls $0.02
Urasik1979: folds 
Dorex2007: folds 
okf1991: calls $0.02
DonBawor: calls $0.01
Mombak: checks 
*** FLOP *** [Ah As 2s]
DonBawor: checks 
Mombak: bets $0.04
TheDuffMan3: folds 
okf1991: folds 
DonBawor: folds 
Uncalled bet ($0.04) returned to Mombak
Mombak collected $0.08 from pot
Mombak: doesn't show hand 
*** SUMMARY ***
Total pot $0.08 | Rake $0 
Board [Ah As 2s]
Seat 1: elpela2000 folded before Flop (didn't bet)
Seat 2: VilpPS folded before Flop (didn't bet)
Seat 3: BiM-WiNNeR folded before Flop (didn't bet)
Seat 4: TheDuffMan3 folded on the Flop
Seat 5: Urasik1979 folded before Flop (didn't bet)
Seat 6: Dorex2007 folded before Flop (didn't bet)
Seat 7: okf1991 (button) folded on the Flop
Seat 8: DonBawor (small blind) folded on the Flop
Seat 9: Mombak (big blind) collected ($0.08)



PokerStars Hand #231389120690:  Hold'em No Limit ($0.01/$0.02 USD) - 2021/11/13 22:16:28 PT [2021/11/14 1:16:28 ET]
Table 'Schilt II' 9-max Seat #8 is the button
Seat 1: elpela2000 ($2.76 in chips) 
Seat 2: VilpPS ($4.13 in chips) 
Seat 3: BiM-WiNNeR ($2.58 in chips) 
Seat 4: TheDuffMan3 ($2.45 in chips) 
Seat 5: Urasik1979 ($0.95 in chips) 
Seat 6: Dorex2007 ($2 in chips) 
Seat 7: okf1991 ($1.79 in chips) 
Seat 8: DonBawor ($5.67 in chips) 
Seat 9: Mombak ($1.84 in chips) 
Mombak: posts small blind $0.01
elpela2000: posts big blind $0.02
*** HOLE CARDS ***
Dealt to Dorex2007 [Kc 4h]
VilpPS: folds 
BiM-WiNNeR has timed out
BiM-WiNNeR: folds 
TheDuffMan3: folds 
Urasik1979: folds 
Dorex2007: folds 
okf1991: calls $0.02
DonBawor: calls $0.02
Mombak: raises $0.02 to $0.04
elpela2000: calls $0.02
okf1991: calls $0.02
DonBawor: calls $0.02
*** FLOP *** [Th Ks 8h]
Mombak: checks 
elpela2000: checks 
okf1991: bets $0.02
DonBawor: calls $0.02
Mombak: raises $0.04 to $0.06
elpela2000: calls $0.06
okf1991: calls $0.04
DonBawor: calls $0.04
*** TURN *** [Th Ks 8h] [2c]
Mombak: checks 
elpela2000: checks 
okf1991: bets $0.02
DonBawor: calls $0.02
Mombak: calls $0.02
elpela2000: calls $0.02
*** RIVER *** [Th Ks 8h 2c] [Ac]
Mombak: checks 
elpela2000: checks 
okf1991: checks 
DonBawor: checks 
*** SHOW DOWN ***
Mombak: shows [Qh As] (a pair of Aces)
elpela2000: mucks hand 
okf1991: mucks hand 
DonBawor: mucks hand 
Mombak collected $0.46 from pot
*** SUMMARY ***
Total pot $0.48 | Rake $0.02 
Board [Th Ks 8h 2c Ac]
Seat 1: elpela2000 (big blind) mucked [Tc Jc]
Seat 2: VilpPS folded before Flop (didn't bet)
Seat 3: BiM-WiNNeR folded before Flop (didn't bet)
Seat 4: TheDuffMan3 folded before Flop (didn't bet)
Seat 5: Urasik1979 folded before Flop (didn't bet)
Seat 6: Dorex2007 folded before Flop (didn't bet)
Seat 7: okf1991 mucked [9s 7h]
Seat 8: DonBawor (button) mucked [6d 7d]
Seat 9: Mombak (small blind) showed [Qh As] and won ($0.46) with a pair of Aces



PokerStars Hand #231389134309:  Hold'em No Limit ($0.01/$0.02 USD) - 2021/11/13 22:17:59 PT [2021/11/14 1:17:59 ET]
Table 'Schilt II' 9-max Seat #9 is the button
Seat 1: elpela2000 ($2.64 in chips) 
Seat 2: VilpPS ($4.13 in chips) 
Seat 3: BiM-WiNNeR ($2.58 in chips) 
Seat 4: TheDuffMan3 ($2.45 in chips) 
Seat 5: Urasik1979 ($0.95 in chips) 
Seat 6: Dorex2007 ($2 in chips) 
Seat 7: okf1991 ($1.67 in chips) 
Seat 8: DonBawor ($5.55 in chips) 
Seat 9: Mombak ($2.18 in chips) 
elpela2000: posts small blind $0.01
VilpPS: posts big blind $0.02
*** HOLE CARDS ***
Dealt to Dorex2007 [3c As]
BiM-WiNNeR: folds 
TheDuffMan3: folds 
Urasik1979: folds 
Dorex2007: folds 
okf1991: calls $0.02
DonBawor: calls $0.02
Mombak: folds 
elpela2000: calls $0.01
VilpPS: checks 
*** FLOP *** [Th 2s 7d]
elpela2000: bets $0.03
VilpPS: folds 
okf1991: folds 
DonBawor: raises $0.07 to $0.10
elpela2000: calls $0.07
*** TURN *** [Th 2s 7d] [3h]
elpela2000: checks 
DonBawor: bets $0.13
elpela2000: folds 
Uncalled bet ($0.13) returned to DonBawor
DonBawor collected $0.27 from pot
DonBawor: doesn't show hand 
*** SUMMARY ***
Total pot $0.28 | Rake $0.01 
Board [Th 2s 7d 3h]
Seat 1: elpela2000 (small blind) folded on the Turn
Seat 2: VilpPS (big blind) folded on the Flop
Seat 3: BiM-WiNNeR folded before Flop (didn't bet)
Seat 4: TheDuffMan3 folded before Flop (didn't bet)
Seat 5: Urasik1979 folded before Flop (didn't bet)
Seat 6: Dorex2007 folded before Flop (didn't bet)
Seat 7: okf1991 folded on the Flop
Seat 8: DonBawor collected ($0.27)
Seat 9: Mombak (button) folded before Flop (didn't bet)



PokerStars Hand #231389142703:  Hold'em No Limit ($0.01/$0.02 USD) - 2021/11/13 22:18:55 PT [2021/11/14 1:18:55 ET]
Table 'Schilt II' 9-max Seat #1 is the button
Seat 1: elpela2000 ($2.52 in chips) 
Seat 2: VilpPS ($4.11 in chips) 
Seat 3: BiM-WiNNeR ($2.58 in chips) 
Seat 4: TheDuffMan3 ($2.45 in chips) 
Seat 5: Urasik1979 ($0.95 in chips) 
Seat 6: Dorex2007 ($2 in chips) 
Seat 7: okf1991 ($1.65 in chips) 
Seat 8: DonBawor ($5.70 in chips) 
Seat 9: Mombak ($2.18 in chips) 
VilpPS: posts small blind $0.01
BiM-WiNNeR: posts big blind $0.02
*** HOLE CARDS ***
Dealt to Dorex2007 [5d 7d]
TheDuffMan3: folds 
Urasik1979: folds 
Dorex2007: folds 
okf1991: calls $0.02
DonBawor: folds 
Mombak: folds 
elpela2000: folds 
VilpPS: folds 
BiM-WiNNeR: checks 
*** FLOP *** [9h 8h 7h]
BiM-WiNNeR: checks 
okf1991: checks 
*** TURN *** [9h 8h 7h] [5h]
BiM-WiNNeR: bets $0.03
okf1991: calls $0.03
*** RIVER *** [9h 8h 7h 5h] [Tc]
BiM-WiNNeR: bets $0.06
okf1991: calls $0.06
*** SHOW DOWN ***
BiM-WiNNeR: shows [Kh 4d] (a flush, King high)
okf1991: mucks hand 
BiM-WiNNeR collected $0.22 from pot
*** SUMMARY ***
Total pot $0.23 | Rake $0.01 
Board [9h 8h 7h 5h Tc]
Seat 1: elpela2000 (button) folded before Flop (didn't bet)
Seat 2: VilpPS (small blind) folded before Flop
Seat 3: BiM-WiNNeR (big blind) showed [Kh 4d] and won ($0.22) with a flush, King high
Seat 4: TheDuffMan3 folded before Flop (didn't bet)
Seat 5: Urasik1979 folded before Flop (didn't bet)
Seat 6: Dorex2007 folded before Flop (didn't bet)
Seat 7: okf1991 mucked [5s 4h]
Seat 8: DonBawor folded before Flop (didn't bet)
Seat 9: Mombak folded before Flop (didn't bet)



PokerStars Hand #231389150027:  Hold'em No Limit ($0.01/$0.02 USD) - 2021/11/13 22:19:44 PT [2021/11/14 1:19:44 ET]
Table 'Schilt II' 9-max Seat #2 is the button
Seat 1: elpela2000 ($2.52 in chips) 
Seat 2: VilpPS ($4.10 in chips) 
Seat 3: BiM-WiNNeR ($2.69 in chips) 
Seat 4: TheDuffMan3 ($2.45 in chips) 
Seat 5: Urasik1979 ($0.95 in chips) 
Seat 6: Dorex2007 ($2 in chips) 
Seat 7: okf1991 ($1.54 in chips) 
Seat 8: DonBawor ($5.70 in chips) 
Seat 9: Mombak ($2.18 in chips) 
BiM-WiNNeR: posts small blind $0.01
TheDuffMan3: posts big blind $0.02
*** HOLE CARDS ***
Dealt to Dorex2007 [As Td]
Urasik1979: folds 
Dorex2007: raises $0.04 to $0.06
okf1991: calls $0.06
DonBawor: folds 
Mombak: calls $0.06
elpela2000: folds 
VilpPS: raises $0.24 to $0.30
BiM-WiNNeR: folds 
TheDuffMan3: folds 
Dorex2007: folds 
okf1991: raises $1.24 to $1.54 and is all-in
Mombak: folds 
VilpPS: calls $1.24
*** FLOP *** [Kd 7c 6h]
*** TURN *** [Kd 7c 6h] [3s]
*** RIVER *** [Kd 7c 6h 3s] [9c]
*** SHOW DOWN ***
okf1991: shows [Ah Ac] (a pair of Aces)
VilpPS: shows [Kc Ks] (three of a kind, Kings)
VilpPS collected $3.12 from pot
okf1991 cashed out the hand for $2.53 | Cash Out Fee $0.03
*** SUMMARY ***
Total pot $3.23 | Rake $0.11 
Board [Kd 7c 6h 3s 9c]
Seat 1: elpela2000 folded before Flop (didn't bet)
Seat 2: VilpPS (button) showed [Kc Ks] and won ($3.12) with three of a kind, Kings
Seat 3: BiM-WiNNeR (small blind) folded before Flop
Seat 4: TheDuffMan3 (big blind) folded before Flop
Seat 5: Urasik1979 folded before Flop (didn't bet)
Seat 6: Dorex2007 folded before Flop
Seat 7: okf1991 showed [Ah Ac] and lost with a pair of Aces (cashed out).
Seat 8: DonBawor folded before Flop (didn't bet)
Seat 9: Mombak folded before Flop



PokerStars Hand #231389157686:  Hold'em No Limit ($0.01/$0.02 USD) - 2021/11/13 22:20:35 PT [2021/11/14 1:20:35 ET]
Table 'Schilt II' 9-max Seat #3 is the button
Seat 1: elpela2000 ($2.52 in chips) 
Seat 2: VilpPS ($5.68 in chips) 
Seat 3: BiM-WiNNeR ($2.68 in chips) 
Seat 4: TheDuffMan3 ($2.43 in chips) 
Seat 5: Urasik1979 ($0.95 in chips) 
Seat 6: Dorex2007 ($2 in chips) 
Seat 7: okf1991 ($2.53 in chips) 
Seat 8: DonBawor ($5.70 in chips) 
Seat 9: Mombak ($2.12 in chips) 
TheDuffMan3: posts small blind $0.01
Urasik1979: posts big blind $0.02
*** HOLE CARDS ***
Dealt to Dorex2007 [8h Tc]
Dorex2007: folds 
okf1991: calls $0.02
DonBawor: folds 
Mombak: folds 
elpela2000: folds 
VilpPS: folds 
BiM-WiNNeR: folds 
TheDuffMan3: calls $0.01
Urasik1979: checks 
*** FLOP *** [Jc 2s 7s]
TheDuffMan3: checks 
Urasik1979: bets $0.06
okf1991: calls $0.06
TheDuffMan3: folds 
*** TURN *** [Jc 2s 7s] [7h]
Urasik1979: checks 
okf1991: bets $0.02
Urasik1979: calls $0.02
*** RIVER *** [Jc 2s 7s 7h] [Ks]
Urasik1979: checks 
okf1991: bets $0.02
Urasik1979: calls $0.02
*** SHOW DOWN ***
okf1991: shows [As Kh] (two pair, Kings and Sevens)
Urasik1979: mucks hand 
okf1991 collected $0.25 from pot
*** SUMMARY ***
Total pot $0.26 | Rake $0.01 
Board [Jc 2s 7s 7h Ks]
Seat 1: elpela2000 folded before Flop (didn't bet)
Seat 2: VilpPS folded before Flop (didn't bet)
Seat 3: BiM-WiNNeR (button) folded before Flop (didn't bet)
Seat 4: TheDuffMan3 (small blind) folded on the Flop
Seat 5: Urasik1979 (big blind) mucked [9s 2c]
Seat 6: Dorex2007 folded before Flop (didn't bet)
Seat 7: okf1991 showed [As Kh] and won ($0.25) with two pair, Kings and Sevens
Seat 8: DonBawor folded before Flop (didn't bet)
Seat 9: Mombak folded before Flop (didn't bet)



PokerStars Hand #231389165849:  Hold'em No Limit ($0.01/$0.02 USD) - 2021/11/13 22:21:29 PT [2021/11/14 1:21:29 ET]
Table 'Schilt II' 9-max Seat #4 is the button
Seat 1: elpela2000 ($2.52 in chips) 
Seat 2: VilpPS ($5.68 in chips) 
Seat 3: BiM-WiNNeR ($2.68 in chips) 
Seat 4: TheDuffMan3 ($2.41 in chips) 
Seat 5: Urasik1979 ($0.83 in chips) 
Seat 6: Dorex2007 ($2 in chips) 
Seat 7: okf1991 ($2.66 in chips) 
Seat 8: DonBawor ($5.70 in chips) 
Seat 9: Mombak ($2.12 in chips) 
Urasik1979: posts small blind $0.01
Dorex2007: posts big blind $0.02
*** HOLE CARDS ***
Dealt to Dorex2007 [As 5s]
okf1991: calls $0.02
DonBawor: folds 
Mombak: folds 
elpela2000: folds 
VilpPS: folds 
BiM-WiNNeR: raises $0.06 to $0.08
TheDuffMan3: folds 
Urasik1979: folds 
Dorex2007: folds 
okf1991: folds 
Uncalled bet ($0.06) returned to BiM-WiNNeR
BiM-WiNNeR collected $0.07 from pot
BiM-WiNNeR: doesn't show hand 
*** SUMMARY ***
Total pot $0.07 | Rake $0 
Seat 1: elpela2000 folded before Flop (didn't bet)
Seat 2: VilpPS folded before Flop (didn't bet)
Seat 3: BiM-WiNNeR collected ($0.07)
Seat 4: TheDuffMan3 (button) folded before Flop (didn't bet)
Seat 5: Urasik1979 (small blind) folded before Flop
Seat 6: Dorex2007 (big blind) folded before Flop
Seat 7: okf1991 folded before Flop
Seat 8: DonBawor folded before Flop (didn't bet)
Seat 9: Mombak folded before Flop (didn't bet)



PokerStars Hand #231389170134:  Hold'em No Limit ($0.01/$0.02 USD) - 2021/11/13 22:21:57 PT [2021/11/14 1:21:57 ET]
Table 'Schilt II' 9-max Seat #5 is the button
Seat 1: elpela2000 ($2.52 in chips) 
Seat 2: VilpPS ($5.68 in chips) 
Seat 3: BiM-WiNNeR ($2.73 in chips) 
Seat 4: TheDuffMan3 ($2.41 in chips) 
Seat 5: Urasik1979 ($0.82 in chips) 
Seat 6: Dorex2007 ($2 in chips) 
Seat 7: okf1991 ($2.64 in chips) 
Seat 8: DonBawor ($5.70 in chips) 
Seat 9: Mombak ($2.12 in chips) 
Dorex2007: posts small blind $0.01
okf1991: posts big blind $0.02
*** HOLE CARDS ***
Dealt to Dorex2007 [Ac Tc]
DonBawor: calls $0.02
Mombak: folds 
elpela2000: folds 
VilpPS: folds 
BiM-WiNNeR: folds 
TheDuffMan3: folds 
Urasik1979: raises $0.07 to $0.09
Dorex2007: calls $0.08
okf1991: folds 
DonBawor: calls $0.07
*** FLOP *** [Jh Ad 3c]
Dorex2007: checks 
DonBawor: checks 
Urasik1979: checks 
*** TURN *** [Jh Ad 3c] [4c]
Dorex2007: bets $0.28
DonBawor: calls $0.28
Urasik1979: folds 
*** RIVER *** [Jh Ad 3c 4c] [2s]
Dorex2007: checks 
DonBawor: checks 
*** SHOW DOWN ***
Dorex2007: shows [Ac Tc] (a pair of Aces)
DonBawor: shows [Ah Ts] (a pair of Aces)
Dorex2007 collected $0.41 from pot
DonBawor collected $0.41 from pot
*** SUMMARY ***
Total pot $0.85 | Rake $0.03 
Board [Jh Ad 3c 4c 2s]
Seat 1: elpela2000 folded before Flop (didn't bet)
Seat 2: VilpPS folded before Flop (didn't bet)
Seat 3: BiM-WiNNeR folded before Flop (didn't bet)
Seat 4: TheDuffMan3 folded before Flop (didn't bet)
Seat 5: Urasik1979 (button) folded on the Turn
Seat 6: Dorex2007 (small blind) showed [Ac Tc] and won ($0.41) with a pair of Aces
Seat 7: okf1991 (big blind) folded before Flop
Seat 8: DonBawor showed [Ah Ts] and won ($0.41) with a pair of Aces
Seat 9: Mombak folded before Flop (didn't bet)



PokerStars Hand #231389181370:  Hold'em No Limit ($0.01/$0.02 USD) - 2021/11/13 22:23:12 PT [2021/11/14 1:23:12 ET]
Table 'Schilt II' 9-max Seat #6 is the button
Seat 1: elpela2000 ($2.52 in chips) 
Seat 2: VilpPS ($5.68 in chips) 
Seat 3: BiM-WiNNeR ($2.73 in chips) 
Seat 4: TheDuffMan3 ($2.41 in chips) 
Seat 5: Urasik1979 ($0.73 in chips) 
Seat 6: Dorex2007 ($2.04 in chips) 
Seat 7: okf1991 ($2.62 in chips) 
Seat 8: DonBawor ($5.74 in chips) 
Seat 9: Mombak ($2.12 in chips) 
okf1991: posts small blind $0.01
DonBawor: posts big blind $0.02
*** HOLE CARDS ***
Dealt to Dorex2007 [8h 4h]
Mombak: folds 
elpela2000: raises $0.04 to $0.06
VilpPS: folds 
BiM-WiNNeR: folds 
TheDuffMan3: folds 
Urasik1979: folds 
Dorex2007: folds 
okf1991: folds 
DonBawor: calls $0.04
*** FLOP *** [3d 8d 2h]
DonBawor: checks 
elpela2000: checks 
*** TURN *** [3d 8d 2h] [6d]
Urasik1979 leaves the table
DonBawor: checks 
elpela2000: checks 
*** RIVER *** [3d 8d 2h 6d] [5s]
McPartiZano joins the table at seat #5 
DonBawor: bets $0.13
elpela2000: calls $0.13
*** SHOW DOWN ***
DonBawor: shows [6h 6s] (three of a kind, Sixes)
elpela2000: mucks hand 
DonBawor collected $0.38 from pot
*** SUMMARY ***
Total pot $0.39 | Rake $0.01 
Board [3d 8d 2h 6d 5s]
Seat 1: elpela2000 mucked [Qd As]
Seat 2: VilpPS folded before Flop (didn't bet)
Seat 3: BiM-WiNNeR folded before Flop (didn't bet)
Seat 4: TheDuffMan3 folded before Flop (didn't bet)
Seat 5: Urasik1979 folded before Flop (didn't bet)
Seat 6: Dorex2007 (button) folded before Flop (didn't bet)
Seat 7: okf1991 (small blind) folded before Flop
Seat 8: DonBawor (big blind) showed [6h 6s] and won ($0.38) with three of a kind, Sixes
Seat 9: Mombak folded before Flop (didn't bet)



PokerStars Hand #231389189729:  Hold'em No Limit ($0.01/$0.02 USD) - 2021/11/13 22:24:08 PT [2021/11/14 1:24:08 ET]
Table 'Schilt II' 9-max Seat #7 is the button
Seat 1: elpela2000 ($2.33 in chips) 
Seat 2: VilpPS ($5.68 in chips) 
Seat 3: BiM-WiNNeR ($2.73 in chips) 
Seat 4: TheDuffMan3 ($2.41 in chips) 
Seat 6: Dorex2007 ($2.04 in chips) 
Seat 7: okf1991 ($2.61 in chips) 
Seat 8: DonBawor ($5.93 in chips) 
Seat 9: Mombak ($2.12 in chips) 
DonBawor: posts small blind $0.01
Mombak: posts big blind $0.02
McPartiZano: sits out 
*** HOLE CARDS ***
Dealt to Dorex2007 [9h 2c]
elpela2000: folds 
VilpPS: folds 
BiM-WiNNeR: raises $0.04 to $0.06
TheDuffMan3: folds 
Dorex2007: folds 
okf1991: calls $0.06
DonBawor: raises $0.04 to $0.10
Mombak: folds 
BiM-WiNNeR: calls $0.04
okf1991: calls $0.04
*** FLOP *** [Tc 5s Ah]
DonBawor: bets $0.31
BiM-WiNNeR: folds 
okf1991: folds 
Uncalled bet ($0.31) returned to DonBawor
DonBawor collected $0.31 from pot
DonBawor: doesn't show hand 
*** SUMMARY ***
Total pot $0.32 | Rake $0.01 
Board [Tc 5s Ah]
Seat 1: elpela2000 folded before Flop (didn't bet)
Seat 2: VilpPS folded before Flop (didn't bet)
Seat 3: BiM-WiNNeR folded on the Flop
Seat 4: TheDuffMan3 folded before Flop (didn't bet)
Seat 6: Dorex2007 folded before Flop (didn't bet)
Seat 7: okf1991 (button) folded on the Flop
Seat 8: DonBawor (small blind) collected ($0.31)
Seat 9: Mombak (big blind) folded before Flop



PokerStars Hand #231389196110:  Hold'em No Limit ($0.01/$0.02 USD) - 2021/11/13 22:24:51 PT [2021/11/14 1:24:51 ET]
Table 'Schilt II' 9-max Seat #8 is the button
Seat 1: elpela2000 ($2.33 in chips) 
Seat 2: VilpPS ($5.68 in chips) 
Seat 3: BiM-WiNNeR ($2.63 in chips) 
Seat 4: TheDuffMan3 ($2.41 in chips) 
Seat 6: Dorex2007 ($2.04 in chips) 
Seat 7: okf1991 ($2.51 in chips) 
Seat 8: DonBawor ($6.14 in chips) 
Seat 9: Mombak ($2.10 in chips) 
Mombak: posts small blind $0.01
elpela2000: posts big blind $0.02
McPartiZano: sits out 
*** HOLE CARDS ***
Dealt to Dorex2007 [5h 3s]
VilpPS: folds 
BiM-WiNNeR: folds 
TheDuffMan3: raises $0.04 to $0.06
Dorex2007: folds 
okf1991: folds 
DonBawor: calls $0.06
Mombak: calls $0.05
elpela2000: folds 
*** FLOP *** [Ad Qc Jc]
Mombak: bets $0.10
TheDuffMan3: calls $0.10
DonBawor: folds 
*** TURN *** [Ad Qc Jc] [6d]
Mombak: bets $0.20
TheDuffMan3: raises $0.40 to $0.60
Mombak: calls $0.40
*** RIVER *** [Ad Qc Jc 6d] [3h]
Mombak: bets $0.77
TheDuffMan3: raises $0.77 to $1.54
Mombak: calls $0.57 and is all-in
Uncalled bet ($0.20) returned to TheDuffMan3
*** SHOW DOWN ***
TheDuffMan3: shows [Jh Jd] (three of a kind, Jacks)
Mombak: shows [Ac Qh] (two pair, Aces and Queens)
TheDuffMan3 collected $4.13 from pot
*** SUMMARY ***
Total pot $4.28 | Rake $0.15 
Board [Ad Qc Jc 6d 3h]
Seat 1: elpela2000 (big blind) folded before Flop
Seat 2: VilpPS folded before Flop (didn't bet)
Seat 3: BiM-WiNNeR folded before Flop (didn't bet)
Seat 4: TheDuffMan3 showed [Jh Jd] and won ($4.13) with three of a kind, Jacks
Seat 6: Dorex2007 folded before Flop (didn't bet)
Seat 7: okf1991 folded before Flop (didn't bet)
Seat 8: DonBawor (button) folded on the Flop
Seat 9: Mombak (small blind) showed [Ac Qh] and lost with two pair, Aces and Queens



PokerStars Hand #231389205464:  Hold'em No Limit ($0.01/$0.02 USD) - 2021/11/13 22:25:54 PT [2021/11/14 1:25:54 ET]
Table 'Schilt II' 9-max Seat #1 is the button
Seat 1: elpela2000 ($2.31 in chips) 
Seat 2: VilpPS ($5.68 in chips) 
Seat 3: BiM-WiNNeR ($2.63 in chips) 
Seat 4: TheDuffMan3 ($4.44 in chips) 
Seat 6: Dorex2007 ($2.04 in chips) 
Seat 7: okf1991 ($2.51 in chips) 
Seat 8: DonBawor ($6.08 in chips) 
VilpPS: posts small blind $0.01
BiM-WiNNeR: posts big blind $0.02
McPartiZano: sits out 
*** HOLE CARDS ***
Dealt to Dorex2007 [8c Ad]
TheDuffMan3: folds 
Dorex2007: folds 
okf1991: calls $0.02
DonBawor: folds 
Mombak said, ":("
elpela2000: folds 
VilpPS: folds 
BiM-WiNNeR: raises $0.06 to $0.08
okf1991: folds 
Uncalled bet ($0.06) returned to BiM-WiNNeR
BiM-WiNNeR collected $0.05 from pot
BiM-WiNNeR: doesn't show hand 
*** SUMMARY ***
Total pot $0.05 | Rake $0 
Seat 1: elpela2000 (button) folded before Flop (didn't bet)
Seat 2: VilpPS (small blind) folded before Flop
Seat 3: BiM-WiNNeR (big blind) collected ($0.05)
Seat 4: TheDuffMan3 folded before Flop (didn't bet)
Seat 6: Dorex2007 folded before Flop (didn't bet)
Seat 7: okf1991 folded before Flop
Seat 8: DonBawor folded before Flop (didn't bet)



PokerStars Hand #231389209128:  Hold'em No Limit ($0.01/$0.02 USD) - 2021/11/13 22:26:18 PT [2021/11/14 1:26:18 ET]
Table 'Schilt II' 9-max Seat #2 is the button
Seat 1: elpela2000 ($2.31 in chips) 
Seat 2: VilpPS ($5.67 in chips) 
Seat 3: BiM-WiNNeR ($2.66 in chips) 
Seat 4: TheDuffMan3 ($4.44 in chips) 
Seat 6: Dorex2007 ($2.04 in chips) 
Seat 7: okf1991 ($2.49 in chips) 
Seat 8: DonBawor ($6.08 in chips) 
BiM-WiNNeR: posts small blind $0.01
TheDuffMan3: posts big blind $0.02
McPartiZano: sits out 
*** HOLE CARDS ***
Dealt to Dorex2007 [6h 9s]
Dorex2007: folds 
okf1991: calls $0.02
DonBawor: raises $0.02 to $0.04
elpela2000: calls $0.04
Mombak leaves the table
VilpPS: calls $0.04
BiM-WiNNeR: calls $0.03
TheDuffMan3: calls $0.02
bloody55hawk joins the table at seat #9 
okf1991: calls $0.02
*** FLOP *** [3s 2s 6c]
BiM-WiNNeR: checks 
TheDuffMan3: checks 
okf1991: checks 
DonBawor: bets $0.11
elpela2000: calls $0.11
VilpPS: folds 
BiM-WiNNeR: folds 
TheDuffMan3: folds 
okf1991: calls $0.11
*** TURN *** [3s 2s 6c] [7d]
okf1991: bets $0.02
DonBawor: raises $0.02 to $0.04
elpela2000: raises $0.65 to $0.69
okf1991: folds 
DonBawor: folds 
Uncalled bet ($0.65) returned to elpela2000
elpela2000 collected $0.65 from pot
*** SUMMARY ***
Total pot $0.67 | Rake $0.02 
Board [3s 2s 6c 7d]
Seat 1: elpela2000 collected ($0.65)
Seat 2: VilpPS (button) folded on the Flop
Seat 3: BiM-WiNNeR (small blind) folded on the Flop
Seat 4: TheDuffMan3 (big blind) folded on the Flop
Seat 6: Dorex2007 folded before Flop (didn't bet)
Seat 7: okf1991 folded on the Turn
Seat 8: DonBawor folded on the Turn



PokerStars Hand #231389222442:  Hold'em No Limit ($0.01/$0.02 USD) - 2021/11/13 22:27:47 PT [2021/11/14 1:27:47 ET]
Table 'Schilt II' 9-max Seat #3 is the button
Seat 1: elpela2000 ($2.77 in chips) 
Seat 2: VilpPS ($5.63 in chips) 
Seat 3: BiM-WiNNeR ($2.62 in chips) 
Seat 4: TheDuffMan3 ($4.40 in chips) 
Seat 5: McPartiZano ($2 in chips) 
Seat 6: Dorex2007 ($2.04 in chips) 
Seat 7: okf1991 ($2.32 in chips) 
Seat 8: DonBawor ($5.89 in chips) 
TheDuffMan3: posts small blind $0.01
McPartiZano: posts big blind $0.02
bloody55hawk: sits out 
*** HOLE CARDS ***
Dealt to Dorex2007 [4s Td]
Dorex2007: folds 
okf1991: calls $0.02
DonBawor: calls $0.02
elpela2000: folds 
VilpPS: folds 
BiM-WiNNeR: raises $0.08 to $0.10
TheDuffMan3: folds 
McPartiZano: folds 
okf1991: calls $0.08
DonBawor: folds 
*** FLOP *** [As Ts 5c]
okf1991: checks 
BiM-WiNNeR: bets $0.16
okf1991: folds 
Uncalled bet ($0.16) returned to BiM-WiNNeR
BiM-WiNNeR collected $0.24 from pot
BiM-WiNNeR: doesn't show hand 
*** SUMMARY ***
Total pot $0.25 | Rake $0.01 
Board [As Ts 5c]
Seat 1: elpela2000 folded before Flop (didn't bet)
Seat 2: VilpPS folded before Flop (didn't bet)
Seat 3: BiM-WiNNeR (button) collected ($0.24)
Seat 4: TheDuffMan3 (small blind) folded before Flop
Seat 5: McPartiZano (big blind) folded before Flop
Seat 6: Dorex2007 folded before Flop (didn't bet)
Seat 7: okf1991 folded on the Flop
Seat 8: DonBawor folded before Flop



PokerStars Hand #231389228816:  Hold'em No Limit ($0.01/$0.02 USD) - 2021/11/13 22:28:30 PT [2021/11/14 1:28:30 ET]
Table 'Schilt II' 9-max Seat #4 is the button
Seat 1: elpela2000 ($2.77 in chips) 
Seat 2: VilpPS ($5.63 in chips) 
Seat 3: BiM-WiNNeR ($2.76 in chips) 
Seat 4: TheDuffMan3 ($4.39 in chips) 
Seat 5: McPartiZano ($2 in chips) 
Seat 6: Dorex2007 ($2.04 in chips) 
Seat 7: okf1991 ($2.22 in chips) 
Seat 8: DonBawor ($5.87 in chips) 
McPartiZano: posts small blind $0.01
Dorex2007: posts big blind $0.02
bloody55hawk: sits out 
*** HOLE CARDS ***
Dealt to Dorex2007 [5h 9h]
okf1991: calls $0.02
DonBawor: calls $0.02
elpela2000: folds 
VilpPS: calls $0.02
BiM-WiNNeR: folds 
TheDuffMan3: calls $0.02
McPartiZano: folds 
Dorex2007: checks 
*** FLOP *** [Jh 9s Ks]
Dorex2007: checks 
okf1991: checks 
DonBawor: bets $0.02
VilpPS: calls $0.02
TheDuffMan3: folds 
Dorex2007: calls $0.02
okf1991: calls $0.02
*** TURN *** [Jh 9s Ks] [As]
Dorex2007: checks 
okf1991: checks 
DonBawor: bets $0.06
VilpPS: calls $0.06
Dorex2007: folds 
okf1991: folds 
*** RIVER *** [Jh 9s Ks As] [5c]
DonBawor: bets $0.15
VilpPS: calls $0.15
*** SHOW DOWN ***
DonBawor: shows [9c Ah] (two pair, Aces and Nines)
VilpPS: shows [7s 6s] (a flush, Ace high)
VilpPS collected $0.59 from pot
*** SUMMARY ***
Total pot $0.61 | Rake $0.02 
Board [Jh 9s Ks As 5c]
Seat 1: elpela2000 folded before Flop (didn't bet)
Seat 2: VilpPS showed [7s 6s] and won ($0.59) with a flush, Ace high
Seat 3: BiM-WiNNeR folded before Flop (didn't bet)
Seat 4: TheDuffMan3 (button) folded on the Flop
Seat 5: McPartiZano (small blind) folded before Flop
Seat 6: Dorex2007 (big blind) folded on the Turn
Seat 7: okf1991 folded on the Turn
Seat 8: DonBawor showed [9c Ah] and lost with two pair, Aces and Nines



PokerStars Hand #231389239103:  Hold'em No Limit ($0.01/$0.02 USD) - 2021/11/13 22:29:39 PT [2021/11/14 1:29:39 ET]
Table 'Schilt II' 9-max Seat #5 is the button
Seat 1: elpela2000 ($2.77 in chips) 
Seat 2: VilpPS ($5.97 in chips) 
Seat 3: BiM-WiNNeR ($2.76 in chips) 
Seat 4: TheDuffMan3 ($4.37 in chips) 
Seat 5: McPartiZano ($2 in chips) 
Seat 6: Dorex2007 ($2 in chips) 
Seat 7: okf1991 ($2.18 in chips) 
Seat 8: DonBawor ($5.62 in chips) 
Dorex2007: posts small blind $0.01
okf1991: posts big blind $0.02
bloody55hawk: sits out 
*** HOLE CARDS ***
Dealt to Dorex2007 [Th Ac]
DonBawor: calls $0.02
elpela2000: folds 
VilpPS: folds 
BiM-WiNNeR: folds 
TheDuffMan3: folds 
McPartiZano: folds 
Dorex2007: raises $0.02 to $0.04
okf1991: calls $0.02
DonBawor: calls $0.02
*** FLOP *** [Jd 8d 7s]
Dorex2007: bets $0.06
okf1991: calls $0.06
DonBawor: raises $0.15 to $0.21
Dorex2007: folds 
okf1991: calls $0.15
*** TURN *** [Jd 8d 7s] [Kh]
okf1991: bets $0.02
DonBawor: raises $0.31 to $0.33
okf1991: calls $0.31
*** RIVER *** [Jd 8d 7s Kh] [4h]
okf1991: checks 
DonBawor: checks 
*** SHOW DOWN ***
okf1991: shows [Td Kd] (a pair of Kings)
DonBawor: mucks hand 
okf1991 collected $1.21 from pot
*** SUMMARY ***
Total pot $1.26 | Rake $0.05 
Board [Jd 8d 7s Kh 4h]
Seat 1: elpela2000 folded before Flop (didn't bet)
Seat 2: VilpPS folded before Flop (didn't bet)
Seat 3: BiM-WiNNeR folded before Flop (didn't bet)
Seat 4: TheDuffMan3 folded before Flop (didn't bet)
Seat 5: McPartiZano (button) folded before Flop (didn't bet)
Seat 6: Dorex2007 (small blind) folded on the Flop
Seat 7: okf1991 (big blind) showed [Td Kd] and won ($1.21) with a pair of Kings
Seat 8: DonBawor mucked [3d 9d]



PokerStars Hand #231389246750:  Hold'em No Limit ($0.01/$0.02 USD) - 2021/11/13 22:30:30 PT [2021/11/14 1:30:30 ET]
Table 'Schilt II' 9-max Seat #6 is the button
Seat 1: elpela2000 ($2.77 in chips) 
Seat 2: VilpPS ($5.97 in chips) 
Seat 3: BiM-WiNNeR ($2.76 in chips) 
Seat 4: TheDuffMan3 ($4.37 in chips) 
Seat 5: McPartiZano ($2 in chips) 
Seat 6: Dorex2007 ($2 in chips) 
Seat 7: okf1991 ($2.81 in chips) 
Seat 8: DonBawor ($5.04 in chips) 
okf1991: posts small blind $0.01
DonBawor: posts big blind $0.02
bloody55hawk: sits out 
*** HOLE CARDS ***
Dealt to Dorex2007 [6c Kh]
elpela2000: folds 
VilpPS: raises $0.04 to $0.06
BiM-WiNNeR: folds 
TheDuffMan3: calls $0.06
McPartiZano: folds 
Dorex2007: folds 
okf1991: folds 
DonBawor: folds 
*** FLOP *** [As 3h Jh]
VilpPS: checks 
TheDuffMan3: bets $0.07
VilpPS: calls $0.07
*** TURN *** [As 3h Jh] [8c]
VilpPS: checks 
TheDuffMan3: checks 
*** RIVER *** [As 3h Jh 8c] [4h]
VilpPS: checks 
TheDuffMan3: checks 
*** SHOW DOWN ***
VilpPS: shows [Qs Ks] (high card Ace)
TheDuffMan3: shows [Kc Jc] (a pair of Jacks)
TheDuffMan3 collected $0.28 from pot
*** SUMMARY ***
Total pot $0.29 | Rake $0.01 
Board [As 3h Jh 8c 4h]
Seat 1: elpela2000 folded before Flop (didn't bet)
Seat 2: VilpPS showed [Qs Ks] and lost with high card Ace
Seat 3: BiM-WiNNeR folded before Flop (didn't bet)
Seat 4: TheDuffMan3 showed [Kc Jc] and won ($0.28) with a pair of Jacks
Seat 5: McPartiZano folded before Flop (didn't bet)
Seat 6: Dorex2007 (button) folded before Flop (didn't bet)
Seat 7: okf1991 (small blind) folded before Flop
Seat 8: DonBawor (big blind) folded before Flop



PokerStars Hand #231389252764:  Hold'em No Limit ($0.01/$0.02 USD) - 2021/11/13 22:31:11 PT [2021/11/14 1:31:11 ET]
Table 'Schilt II' 9-max Seat #7 is the button
Seat 1: elpela2000 ($2.77 in chips) 
Seat 2: VilpPS ($5.84 in chips) 
Seat 3: BiM-WiNNeR ($2.76 in chips) 
Seat 4: TheDuffMan3 ($4.52 in chips) 
Seat 5: McPartiZano ($2 in chips) 
Seat 6: Dorex2007 ($2 in chips) 
Seat 7: okf1991 ($2.80 in chips) 
Seat 8: DonBawor ($5.02 in chips) 
Seat 9: bloody55hawk ($0.80 in chips) 
DonBawor: posts small blind $0.01
bloody55hawk: posts big blind $0.02
*** HOLE CARDS ***
Dealt to Dorex2007 [2c 9d]
elpela2000: folds 
VilpPS: folds 
BiM-WiNNeR: folds 
TheDuffMan3: folds 
McPartiZano: folds 
Dorex2007: folds 
okf1991 has timed out
okf1991: folds 
DonBawor: calls $0.01
bloody55hawk: checks 
*** FLOP *** [Ac Js 8s]
DonBawor: checks 
bloody55hawk: bets $0.04
DonBawor: folds 
Uncalled bet ($0.04) returned to bloody55hawk
bloody55hawk collected $0.04 from pot
bloody55hawk: doesn't show hand 
*** SUMMARY ***
Total pot $0.04 | Rake $0 
Board [Ac Js 8s]
Seat 1: elpela2000 folded before Flop (didn't bet)
Seat 2: VilpPS folded before Flop (didn't bet)
Seat 3: BiM-WiNNeR folded before Flop (didn't bet)
Seat 4: TheDuffMan3 folded before Flop (didn't bet)
Seat 5: McPartiZano folded before Flop (didn't bet)
Seat 6: Dorex2007 folded before Flop (didn't bet)
Seat 7: okf1991 (button) folded before Flop (didn't bet)
Seat 8: DonBawor (small blind) folded on the Flop
Seat 9: bloody55hawk (big blind) collected ($0.04)



PokerStars Hand #231389261936:  Hold'em No Limit ($0.01/$0.02 USD) - 2021/11/13 22:32:14 PT [2021/11/14 1:32:14 ET]
Table 'Schilt II' 9-max Seat #8 is the button
Seat 1: elpela2000 ($2.77 in chips) 
Seat 2: VilpPS ($5.84 in chips) 
Seat 3: BiM-WiNNeR ($2.76 in chips) 
Seat 4: TheDuffMan3 ($4.52 in chips) 
Seat 5: McPartiZano ($2 in chips) 
Seat 6: Dorex2007 ($2 in chips) 
Seat 7: okf1991 ($2.80 in chips) 
Seat 8: DonBawor ($5 in chips) 
Seat 9: bloody55hawk ($0.82 in chips) 
bloody55hawk: posts small blind $0.01
elpela2000: posts big blind $0.02
*** HOLE CARDS ***
Dealt to Dorex2007 [Qc Jh]
VilpPS: folds 
BiM-WiNNeR: folds 
TheDuffMan3: calls $0.02
McPartiZano: folds 
Dorex2007: calls $0.02
okf1991: calls $0.02
DonBawor: folds 
bloody55hawk: folds 
elpela2000: checks 
*** FLOP *** [Th Js 5h]
elpela2000: checks 
TheDuffMan3: checks 
Dorex2007: bets $0.09
okf1991: calls $0.09
elpela2000: folds 
TheDuffMan3: folds 
*** TURN *** [Th Js 5h] [7d]
Dorex2007: bets $0.26
okf1991: folds 
Uncalled bet ($0.26) returned to Dorex2007
Dorex2007 collected $0.26 from pot
Dorex2007: doesn't show hand 
*** SUMMARY ***
Total pot $0.27 | Rake $0.01 
Board [Th Js 5h 7d]
Seat 1: elpela2000 (big blind) folded on the Flop
Seat 2: VilpPS folded before Flop (didn't bet)
Seat 3: BiM-WiNNeR folded before Flop (didn't bet)
Seat 4: TheDuffMan3 folded on the Flop
Seat 5: McPartiZano folded before Flop (didn't bet)
Seat 6: Dorex2007 collected ($0.26)
Seat 7: okf1991 folded on the Turn
Seat 8: DonBawor (button) folded before Flop (didn't bet)
Seat 9: bloody55hawk (small blind) folded before Flop



PokerStars Hand #231389270204:  Hold'em No Limit ($0.01/$0.02 USD) - 2021/11/13 22:33:10 PT [2021/11/14 1:33:10 ET]
Table 'Schilt II' 9-max Seat #9 is the button
Seat 1: elpela2000 ($2.75 in chips) 
Seat 2: VilpPS ($5.84 in chips) 
Seat 3: BiM-WiNNeR ($2.76 in chips) 
Seat 4: TheDuffMan3 ($4.50 in chips) 
Seat 5: McPartiZano ($2 in chips) 
Seat 6: Dorex2007 ($2.15 in chips) 
Seat 7: okf1991 ($2.69 in chips) 
Seat 8: DonBawor ($5 in chips) 
Seat 9: bloody55hawk ($0.81 in chips) 
elpela2000: posts small blind $0.01
VilpPS: posts big blind $0.02
*** HOLE CARDS ***
Dealt to Dorex2007 [2d Jh]
BiM-WiNNeR: folds 
TheDuffMan3: folds 
McPartiZano: folds 
Dorex2007: folds 
okf1991: calls $0.02
DonBawor: raises $0.06 to $0.08
bloody55hawk: folds 
elpela2000: folds 
VilpPS: folds 
okf1991: calls $0.06
*** FLOP *** [Tc Qd 8c]
okf1991: bets $0.02
DonBawor: raises $0.06 to $0.08
okf1991: calls $0.06
*** TURN *** [Tc Qd 8c] [7c]
okf1991: bets $0.02
DonBawor: raises $0.12 to $0.14
okf1991: calls $0.12
*** RIVER *** [Tc Qd 8c 7c] [9c]
okf1991: bets $0.61
DonBawor: folds 
Uncalled bet ($0.61) returned to okf1991
okf1991 collected $0.61 from pot
*** SUMMARY ***
Total pot $0.63 | Rake $0.02 
Board [Tc Qd 8c 7c 9c]
Seat 1: elpela2000 (small blind) folded before Flop
Seat 2: VilpPS (big blind) folded before Flop
Seat 3: BiM-WiNNeR folded before Flop (didn't bet)
Seat 4: TheDuffMan3 folded before Flop (didn't bet)
Seat 5: McPartiZano folded before Flop (didn't bet)
Seat 6: Dorex2007 folded before Flop (didn't bet)
Seat 7: okf1991 collected ($0.61)
Seat 8: DonBawor folded on the River
Seat 9: bloody55hawk (button) folded before Flop (didn't bet)



PokerStars Hand #231389279709:  Hold'em No Limit ($0.01/$0.02 USD) - 2021/11/13 22:34:15 PT [2021/11/14 1:34:15 ET]
Table 'Schilt II' 9-max Seat #1 is the button
Seat 1: elpela2000 ($2.74 in chips) 
Seat 2: VilpPS ($5.82 in chips) 
Seat 3: BiM-WiNNeR ($2.76 in chips) 
Seat 4: TheDuffMan3 ($4.50 in chips) 
Seat 5: McPartiZano ($2 in chips) 
Seat 6: Dorex2007 ($2.15 in chips) 
Seat 7: okf1991 ($3 in chips) 
Seat 8: DonBawor ($4.70 in chips) 
Seat 9: bloody55hawk ($0.81 in chips) 
VilpPS: posts small blind $0.01
BiM-WiNNeR: posts big blind $0.02
*** HOLE CARDS ***
Dealt to Dorex2007 [Kc 7s]
TheDuffMan3: raises $0.04 to $0.06
McPartiZano: folds 
Dorex2007: folds 
okf1991: calls $0.06
DonBawor: folds 
bloody55hawk: folds 
elpela2000: folds 
VilpPS: calls $0.05
BiM-WiNNeR: folds 
*** FLOP *** [4h Qd 2h]
VilpPS: checks 
TheDuffMan3: bets $0.09
okf1991: folds 
VilpPS: calls $0.09
*** TURN *** [4h Qd 2h] [2d]
VilpPS: checks 
TheDuffMan3: checks 
*** RIVER *** [4h Qd 2h 2d] [9c]
VilpPS: checks 
TheDuffMan3: checks 
*** SHOW DOWN ***
VilpPS: shows [Js Ah] (a pair of Deuces)
TheDuffMan3: shows [Ks Ac] (a pair of Deuces - Ace+King kicker)
TheDuffMan3 collected $0.37 from pot
*** SUMMARY ***
Total pot $0.38 | Rake $0.01 
Board [4h Qd 2h 2d 9c]
Seat 1: elpela2000 (button) folded before Flop (didn't bet)
Seat 2: VilpPS (small blind) showed [Js Ah] and lost with a pair of Deuces
Seat 3: BiM-WiNNeR (big blind) folded before Flop
Seat 4: TheDuffMan3 showed [Ks Ac] and won ($0.37) with a pair of Deuces
Seat 5: McPartiZano folded before Flop (didn't bet)
Seat 6: Dorex2007 folded before Flop (didn't bet)
Seat 7: okf1991 folded on the Flop
Seat 8: DonBawor folded before Flop (didn't bet)
Seat 9: bloody55hawk folded before Flop (didn't bet)



PokerStars Hand #231389285666:  Hold'em No Limit ($0.01/$0.02 USD) - 2021/11/13 22:34:55 PT [2021/11/14 1:34:55 ET]
Table 'Schilt II' 9-max Seat #2 is the button
Seat 1: elpela2000 ($2.74 in chips) 
Seat 2: VilpPS ($5.67 in chips) 
Seat 3: BiM-WiNNeR ($2.74 in chips) 
Seat 4: TheDuffMan3 ($4.72 in chips) 
Seat 5: McPartiZano ($2 in chips) 
Seat 6: Dorex2007 ($2.15 in chips) 
Seat 7: okf1991 ($2.94 in chips) 
Seat 8: DonBawor ($4.70 in chips) 
Seat 9: bloody55hawk ($0.81 in chips) 
BiM-WiNNeR: posts small blind $0.01
TheDuffMan3: posts big blind $0.02
*** HOLE CARDS ***
Dealt to Dorex2007 [Ts 9c]
McPartiZano: folds 
Dorex2007: folds 
okf1991: calls $0.02
DonBawor: calls $0.02
bloody55hawk: calls $0.02
elpela2000: folds 
VilpPS: raises $0.28 to $0.30
BiM-WiNNeR: folds 
TheDuffMan3: folds 
okf1991: folds 
DonBawor: folds 
bloody55hawk: folds 
Uncalled bet ($0.28) returned to VilpPS
VilpPS collected $0.11 from pot
VilpPS: doesn't show hand 
*** SUMMARY ***
Total pot $0.11 | Rake $0 
Seat 1: elpela2000 folded before Flop (didn't bet)
Seat 2: VilpPS (button) collected ($0.11)
Seat 3: BiM-WiNNeR (small blind) folded before Flop
Seat 4: TheDuffMan3 (big blind) folded before Flop
Seat 5: McPartiZano folded before Flop (didn't bet)
Seat 6: Dorex2007 folded before Flop (didn't bet)
Seat 7: okf1991 folded before Flop
Seat 8: DonBawor folded before Flop
Seat 9: bloody55hawk folded before Flop



PokerStars Hand #231389290399:  Hold'em No Limit ($0.01/$0.02 USD) - 2021/11/13 22:35:26 PT [2021/11/14 1:35:26 ET]
Table 'Schilt II' 9-max Seat #3 is the button
Seat 1: elpela2000 ($2.74 in chips) 
Seat 2: VilpPS ($5.76 in chips) 
Seat 3: BiM-WiNNeR ($2.73 in chips) 
Seat 4: TheDuffMan3 ($4.70 in chips) 
Seat 5: McPartiZano ($2 in chips) 
Seat 6: Dorex2007 ($2.15 in chips) 
Seat 7: okf1991 ($2.92 in chips) 
Seat 8: DonBawor ($4.68 in chips) 
Seat 9: bloody55hawk ($0.80 in chips) 
TheDuffMan3: posts small blind $0.01
McPartiZano: posts big blind $0.02
*** HOLE CARDS ***
Dealt to Dorex2007 [7h 6h]
Dorex2007: folds 
okf1991: folds 
DonBawor: folds 
bloody55hawk: folds 
elpela2000: raises $0.04 to $0.06
VilpPS: folds 
BiM-WiNNeR: folds 
TheDuffMan3: folds 
McPartiZano: folds 
Uncalled bet ($0.04) returned to elpela2000
elpela2000 collected $0.05 from pot
*** SUMMARY ***
Total pot $0.05 | Rake $0 
Seat 1: elpela2000 collected ($0.05)
Seat 2: VilpPS folded before Flop (didn't bet)
Seat 3: BiM-WiNNeR (button) folded before Flop (didn't bet)
Seat 4: TheDuffMan3 (small blind) folded before Flop
Seat 5: McPartiZano (big blind) folded before Flop
Seat 6: Dorex2007 folded before Flop (didn't bet)
Seat 7: okf1991 folded before Flop (didn't bet)
Seat 8: DonBawor folded before Flop (didn't bet)
Seat 9: bloody55hawk folded before Flop (didn't bet)



PokerStars Hand #231389295177:  Hold'em No Limit ($0.01/$0.02 USD) - 2021/11/13 22:35:59 PT [2021/11/14 1:35:59 ET]
Table 'Schilt II' 9-max Seat #4 is the button
Seat 1: elpela2000 ($2.77 in chips) 
Seat 2: VilpPS ($5.76 in chips) 
Seat 3: BiM-WiNNeR ($2.73 in chips) 
Seat 4: TheDuffMan3 ($4.69 in chips) 
Seat 5: McPartiZano ($2 in chips) 
Seat 6: Dorex2007 ($2.15 in chips) 
Seat 7: okf1991 ($2.92 in chips) 
Seat 8: DonBawor ($4.68 in chips) 
Seat 9: bloody55hawk ($0.80 in chips) 
McPartiZano: posts small blind $0.01
Dorex2007: posts big blind $0.02
*** HOLE CARDS ***
Dealt to Dorex2007 [7c 2c]
okf1991: calls $0.02
DonBawor: folds 
bloody55hawk: folds 
elpela2000: raises $0.03 to $0.05
VilpPS: folds 
BiM-WiNNeR: folds 
TheDuffMan3: folds 
TheDuffMan3 leaves the table
HungAngry joins the table at seat #4 
McPartiZano: calls $0.04
Dorex2007: folds 
okf1991: calls $0.03
*** FLOP *** [Jc Tc 3d]
McPartiZano: checks 
okf1991: bets $0.02
elpela2000: calls $0.02
McPartiZano: folds 
*** TURN *** [Jc Tc 3d] [Ad]
okf1991: bets $0.02
elpela2000: raises $0.24 to $0.26
okf1991: folds 
Uncalled bet ($0.24) returned to elpela2000
elpela2000 collected $0.24 from pot
elpela2000: doesn't show hand 
*** SUMMARY ***
Total pot $0.25 | Rake $0.01 
Board [Jc Tc 3d Ad]
Seat 1: elpela2000 collected ($0.24)
Seat 2: VilpPS folded before Flop (didn't bet)
Seat 3: BiM-WiNNeR folded before Flop (didn't bet)
Seat 4: TheDuffMan3 (button) folded before Flop (didn't bet)
Seat 5: McPartiZano (small blind) folded on the Flop
Seat 6: Dorex2007 (big blind) folded before Flop
Seat 7: okf1991 folded on the Turn
Seat 8: DonBawor folded before Flop (didn't bet)
Seat 9: bloody55hawk folded before Flop (didn't bet)



PokerStars Hand #231389301190:  Hold'em No Limit ($0.01/$0.02 USD) - 2021/11/13 22:36:40 PT [2021/11/14 1:36:40 ET]
Table 'Schilt II' 9-max Seat #5 is the button
Seat 1: elpela2000 ($2.92 in chips) 
Seat 2: VilpPS ($5.76 in chips) 
Seat 3: BiM-WiNNeR ($2.73 in chips) 
Seat 5: McPartiZano ($2 in chips) 
Seat 6: Dorex2007 ($2.13 in chips) 
Seat 7: okf1991 ($2.83 in chips) 
Seat 8: DonBawor ($4.68 in chips) 
Seat 9: bloody55hawk ($0.80 in chips) 
Dorex2007: posts small blind $0.01
okf1991: posts big blind $0.02
HungAngry: sits out 
*** HOLE CARDS ***
Dealt to Dorex2007 [Jd 9d]
DonBawor: folds 
bloody55hawk: folds 
elpela2000: folds 
VilpPS: folds 
BiM-WiNNeR: raises $0.04 to $0.06
McPartiZano: folds 
Dorex2007: calls $0.05
okf1991: folds 
*** FLOP *** [5h 4s Ts]
Dorex2007: checks 
BiM-WiNNeR: bets $0.10
HungAngry is disconnected 
Dorex2007: folds 
Uncalled bet ($0.10) returned to BiM-WiNNeR
BiM-WiNNeR collected $0.14 from pot
BiM-WiNNeR: doesn't show hand 
*** SUMMARY ***
Total pot $0.14 | Rake $0 
Board [5h 4s Ts]
Seat 1: elpela2000 folded before Flop (didn't bet)
Seat 2: VilpPS folded before Flop (didn't bet)
Seat 3: BiM-WiNNeR collected ($0.14)
Seat 5: McPartiZano (button) folded before Flop (didn't bet)
Seat 6: Dorex2007 (small blind) folded on the Flop
Seat 7: okf1991 (big blind) folded before Flop
Seat 8: DonBawor folded before Flop (didn't bet)
Seat 9: bloody55hawk folded before Flop (didn't bet)



PokerStars Hand #231389306214:  Hold'em No Limit ($0.01/$0.02 USD) - 2021/11/13 22:37:14 PT [2021/11/14 1:37:14 ET]
Table 'Schilt II' 9-max Seat #6 is the button
Seat 1: elpela2000 ($2.92 in chips) 
Seat 2: VilpPS ($5.76 in chips) 
Seat 3: BiM-WiNNeR ($2.81 in chips) 
Seat 5: McPartiZano ($2 in chips) 
Seat 6: Dorex2007 ($2.07 in chips) 
Seat 7: okf1991 ($2.81 in chips) 
Seat 8: DonBawor ($4.68 in chips) 
Seat 9: bloody55hawk ($0.80 in chips) 
okf1991: posts small blind $0.01
DonBawor: posts big blind $0.02
HungAngry has timed out while disconnected
HungAngry: is sitting out 
*** HOLE CARDS ***
Dealt to Dorex2007 [5d 2h]
bloody55hawk: folds 
elpela2000: raises $0.04 to $0.06
VilpPS: folds 
BiM-WiNNeR: folds 
McPartiZano: raises $0.10 to $0.16
Dorex2007: folds 
okf1991: folds 
DonBawor: folds 
elpela2000: calls $0.10
*** FLOP *** [3c 6d 7s]
elpela2000: checks 
McPartiZano: bets $0.30
elpela2000: folds 
Uncalled bet ($0.30) returned to McPartiZano
McPartiZano collected $0.34 from pot
McPartiZano: doesn't show hand 
*** SUMMARY ***
Total pot $0.35 | Rake $0.01 
Board [3c 6d 7s]
Seat 1: elpela2000 folded on the Flop
Seat 2: VilpPS folded before Flop (didn't bet)
Seat 3: BiM-WiNNeR folded before Flop (didn't bet)
Seat 5: McPartiZano collected ($0.34)
Seat 6: Dorex2007 (button) folded before Flop (didn't bet)
Seat 7: okf1991 (small blind) folded before Flop
Seat 8: DonBawor (big blind) folded before Flop
Seat 9: bloody55hawk folded before Flop (didn't bet)



PokerStars Hand #231389313777:  Hold'em No Limit ($0.01/$0.02 USD) - 2021/11/13 22:38:05 PT [2021/11/14 1:38:05 ET]
Table 'Schilt II' 9-max Seat #7 is the button
Seat 1: elpela2000 ($2.76 in chips) 
Seat 2: VilpPS ($5.76 in chips) 
Seat 3: BiM-WiNNeR ($2.81 in chips) 
Seat 5: McPartiZano ($2.18 in chips) 
Seat 6: Dorex2007 ($2.07 in chips) 
Seat 7: okf1991 ($2.80 in chips) 
Seat 8: DonBawor ($4.66 in chips) 
Seat 9: bloody55hawk ($0.80 in chips) 
DonBawor: posts small blind $0.01
bloody55hawk: posts big blind $0.02
*** HOLE CARDS ***
Dealt to Dorex2007 [Jd Ts]
elpela2000: raises $0.03 to $0.05
VilpPS: folds 
BiM-WiNNeR: folds 
McPartiZano: calls $0.05
Dorex2007: calls $0.05
okf1991: folds 
DonBawor: folds 
bloody55hawk: folds 
*** FLOP *** [Kc 4c Qc]
elpela2000: checks 
McPartiZano: bets $0.14
Dorex2007: folds 
elpela2000: folds 
Uncalled bet ($0.14) returned to McPartiZano
McPartiZano collected $0.17 from pot
McPartiZano: doesn't show hand 
*** SUMMARY ***
Total pot $0.18 | Rake $0.01 
Board [Kc 4c Qc]
Seat 1: elpela2000 folded on the Flop
Seat 2: VilpPS folded before Flop (didn't bet)
Seat 3: BiM-WiNNeR folded before Flop (didn't bet)
Seat 5: McPartiZano collected ($0.17)
Seat 6: Dorex2007 folded on the Flop
Seat 7: okf1991 (button) folded before Flop (didn't bet)
Seat 8: DonBawor (small blind) folded before Flop
Seat 9: bloody55hawk (big blind) folded before Flop



PokerStars Hand #231389319419:  Hold'em No Limit ($0.01/$0.02 USD) - 2021/11/13 22:38:42 PT [2021/11/14 1:38:42 ET]
Table 'Schilt II' 9-max Seat #8 is the button
Seat 1: elpela2000 ($2.71 in chips) 
Seat 2: VilpPS ($5.76 in chips) 
Seat 3: BiM-WiNNeR ($2.81 in chips) 
Seat 5: McPartiZano ($2.30 in chips) 
Seat 6: Dorex2007 ($2.02 in chips) 
Seat 7: okf1991 ($2.80 in chips) 
Seat 8: DonBawor ($4.65 in chips) 
Seat 9: bloody55hawk ($0.80 in chips) 
bloody55hawk: posts small blind $0.01
elpela2000: posts big blind $0.02
HungAngry: sits out 
*** HOLE CARDS ***
Dealt to Dorex2007 [8c 9h]
VilpPS: folds 
BiM-WiNNeR: folds 
McPartiZano: folds 
Dorex2007: folds 
okf1991: folds 
DonBawor: folds 
bloody55hawk: raises $0.04 to $0.06
elpela2000: calls $0.04
*** FLOP *** [Js Td 5s]
bloody55hawk: bets $0.06
elpela2000: calls $0.06
*** TURN *** [Js Td 5s] [4h]
bloody55hawk: checks 
elpela2000: checks 
*** RIVER *** [Js Td 5s 4h] [3d]
bloody55hawk: checks 
elpela2000: bets $0.23
bloody55hawk: folds 
Uncalled bet ($0.23) returned to elpela2000
elpela2000 collected $0.23 from pot
elpela2000: doesn't show hand 
*** SUMMARY ***
Total pot $0.24 | Rake $0.01 
Board [Js Td 5s 4h 3d]
Seat 1: elpela2000 (big blind) collected ($0.23)
Seat 2: VilpPS folded before Flop (didn't bet)
Seat 3: BiM-WiNNeR folded before Flop (didn't bet)
Seat 5: McPartiZano folded before Flop (didn't bet)
Seat 6: Dorex2007 folded before Flop (didn't bet)
Seat 7: okf1991 folded before Flop (didn't bet)
Seat 8: DonBawor (button) folded before Flop (didn't bet)
Seat 9: bloody55hawk (small blind) folded on the River



