PokerStars Hand #223749206243:  Hold'em No Limit ($0.01/$0.02 USD) - 2021/02/12 21:00:13 PT [2021/02/13 0:00:13 ET]
Table 'Chacornac V' 9-max Seat #8 is the button
Seat 1: CamilaFrias ($1.87 in chips) 
Seat 2: Mtosha ($3.33 in chips) 
Seat 4: geeorgetown8 ($1.75 in chips) 
Seat 5: berger757 ($1.38 in chips) 
Seat 6: Dorex2007 ($1.53 in chips) 
Seat 7: fosilito ($2 in chips) 
Seat 8: Los Tigras ($6.09 in chips) 
Seat 9: Kokosax ($0.21 in chips) 
Kokosax: posts small blind $0.01
CamilaFrias: posts big blind $0.02
CherT678: sits out 
fosilito: posts big blind $0.02
*** HOLE CARDS ***
Dealt to Dorex2007 [3c 2c]
Mtosha: folds 
geeorgetown8: folds 
berger757: folds 
Dorex2007: folds 
Kokosax said, "nice"
fosilito: checks 
Los Tigras: folds 
Kokosax: calls $0.01
CamilaFrias: checks 
*** FLOP *** [5c Jc 5h]
Kokosax: checks 
CamilaFrias: checks 
berger757 said, "ty"
fosilito: bets $0.06
Kokosax: calls $0.06
CamilaFrias: folds 
*** TURN *** [5c Jc 5h] [Kc]
Kokosax: bets $0.02
fosilito: calls $0.02
*** RIVER *** [5c Jc 5h Kc] [5d]
Kokosax: bets $0.11 and is all-in
fosilito: calls $0.11
*** SHOW DOWN ***
Kokosax: shows [Tc Th] (a full house, Fives full of Tens)
fosilito: shows [Js Qd] (a full house, Fives full of Jacks)
fosilito collected $0.42 from pot
*** SUMMARY ***
Total pot $0.44 | Rake $0.02 
Board [5c Jc 5h Kc 5d]
Seat 1: CamilaFrias (big blind) folded on the Flop
Seat 2: Mtosha folded before Flop (didn't bet)
Seat 4: geeorgetown8 folded before Flop (didn't bet)
Seat 5: berger757 folded before Flop (didn't bet)
Seat 6: Dorex2007 folded before Flop (didn't bet)
Seat 7: fosilito showed [Js Qd] and won ($0.42) with a full house, Fives full of Jacks
Seat 8: Los Tigras (button) folded before Flop (didn't bet)
Seat 9: Kokosax (small blind) showed [Tc Th] and lost with a full house, Fives full of Tens



PokerStars Hand #223749230089:  Hold'em No Limit ($0.01/$0.02 USD) - 2021/02/12 21:01:17 PT [2021/02/13 0:01:17 ET]
Table 'Chacornac V' 9-max Seat #1 is the button
Seat 1: CamilaFrias ($1.85 in chips) 
Seat 2: Mtosha ($3.33 in chips) 
Seat 3: CherT678 ($2 in chips) 
Seat 4: geeorgetown8 ($1.75 in chips) 
Seat 5: berger757 ($1.38 in chips) 
Seat 6: Dorex2007 ($1.53 in chips) 
Seat 7: fosilito ($2.21 in chips) 
Seat 8: Los Tigras ($6.09 in chips) 
Mtosha: posts small blind $0.01
CherT678: posts big blind $0.02
*** HOLE CARDS ***
Dealt to Dorex2007 [5d 3d]
geeorgetown8: folds 
berger757: folds 
Kokosax leaves the table
Dorex2007: folds 
fosilito has timed out
fosilito: folds 
Los Tigras: folds 
CamilaFrias: folds 
Mtosha: folds 
Uncalled bet ($0.01) returned to CherT678
CherT678 collected $0.02 from pot
*** SUMMARY ***
Total pot $0.02 | Rake $0 
Seat 1: CamilaFrias (button) folded before Flop (didn't bet)
Seat 2: Mtosha (small blind) folded before Flop
Seat 3: CherT678 (big blind) collected ($0.02)
Seat 4: geeorgetown8 folded before Flop (didn't bet)
Seat 5: berger757 folded before Flop (didn't bet)
Seat 6: Dorex2007 folded before Flop (didn't bet)
Seat 7: fosilito folded before Flop (didn't bet)
Seat 8: Los Tigras folded before Flop (didn't bet)



PokerStars Hand #223749246262:  Hold'em No Limit ($0.01/$0.02 USD) - 2021/02/12 21:01:45 PT [2021/02/13 0:01:45 ET]
Table 'Chacornac V' 9-max Seat #2 is the button
Seat 1: CamilaFrias ($1.85 in chips) 
Seat 2: Mtosha ($3.32 in chips) 
Seat 3: CherT678 ($2.01 in chips) 
Seat 4: geeorgetown8 ($1.75 in chips) 
Seat 5: berger757 ($1.38 in chips) 
Seat 6: Dorex2007 ($1.53 in chips) 
Seat 7: fosilito ($2.21 in chips) 
Seat 8: Los Tigras ($6.09 in chips) 
CherT678: posts small blind $0.01
geeorgetown8: posts big blind $0.02
*** HOLE CARDS ***
Dealt to Dorex2007 [Ks Jc]
berger757: raises $0.02 to $0.04
Dorex2007: calls $0.04
sizeofachair joins the table at seat #9 
fosilito: calls $0.04
Los Tigras: folds 
CamilaFrias: calls $0.04
Mtosha: folds 
CherT678: calls $0.03
geeorgetown8: folds 
*** FLOP *** [4c 3d 3s]
CherT678: checks 
berger757: checks 
Dorex2007: checks 
fosilito: checks 
CamilaFrias: checks 
*** TURN *** [4c 3d 3s] [2h]
sizeofachair leaves the table
CherT678: bets $0.14
berger757: folds 
Dorex2007: folds 
fosilito: folds 
CamilaFrias: folds 
Uncalled bet ($0.14) returned to CherT678
CherT678 collected $0.21 from pot
*** SUMMARY ***
Total pot $0.22 | Rake $0.01 
Board [4c 3d 3s 2h]
Seat 1: CamilaFrias folded on the Turn
Seat 2: Mtosha (button) folded before Flop (didn't bet)
Seat 3: CherT678 (small blind) collected ($0.21)
Seat 4: geeorgetown8 (big blind) folded before Flop
Seat 5: berger757 folded on the Turn
Seat 6: Dorex2007 folded on the Turn
Seat 7: fosilito folded on the Turn
Seat 8: Los Tigras folded before Flop (didn't bet)



PokerStars Hand #223749263384:  Hold'em No Limit ($0.01/$0.02 USD) - 2021/02/12 21:02:46 PT [2021/02/13 0:02:46 ET]
Table 'Chacornac V' 9-max Seat #3 is the button
Seat 1: CamilaFrias ($1.81 in chips) 
Seat 2: Mtosha ($3.32 in chips) 
Seat 3: CherT678 ($2.18 in chips) 
Seat 4: geeorgetown8 ($1.73 in chips) 
Seat 5: berger757 ($1.34 in chips) 
Seat 6: Dorex2007 ($1.49 in chips) 
Seat 7: fosilito ($2.17 in chips) 
Seat 8: Los Tigras ($6.09 in chips) 
geeorgetown8: posts small blind $0.01
berger757: posts big blind $0.02
*** HOLE CARDS ***
Dealt to Dorex2007 [2c 2d]
Dorex2007: calls $0.02
fosilito: folds 
Los Tigras: folds 
CamilaFrias: folds 
Mtosha: raises $0.04 to $0.06
CherT678: folds 
geeorgetown8: calls $0.05
berger757: folds 
Dorex2007: folds 
*** FLOP *** [3c Qc Ks]
geeorgetown8: checks 
Mtosha: bets $0.15
geeorgetown8: calls $0.15
*** TURN *** [3c Qc Ks] [Qs]
geeorgetown8: checks 
Mtosha: checks 
*** RIVER *** [3c Qc Ks Qs] [9d]
TUH5 joins the table at seat #9 
geeorgetown8: bets $0.22
Mtosha: folds 
Uncalled bet ($0.22) returned to geeorgetown8
geeorgetown8 collected $0.44 from pot
geeorgetown8: doesn't show hand 
*** SUMMARY ***
Total pot $0.46 | Rake $0.02 
Board [3c Qc Ks Qs 9d]
Seat 1: CamilaFrias folded before Flop (didn't bet)
Seat 2: Mtosha folded on the River
Seat 3: CherT678 (button) folded before Flop (didn't bet)
Seat 4: geeorgetown8 (small blind) collected ($0.44)
Seat 5: berger757 (big blind) folded before Flop
Seat 6: Dorex2007 folded before Flop
Seat 7: fosilito folded before Flop (didn't bet)
Seat 8: Los Tigras folded before Flop (didn't bet)



PokerStars Hand #223749283597:  Hold'em No Limit ($0.01/$0.02 USD) - 2021/02/12 21:03:58 PT [2021/02/13 0:03:58 ET]
Table 'Chacornac V' 9-max Seat #4 is the button
Seat 1: CamilaFrias ($1.81 in chips) 
Seat 2: Mtosha ($3.11 in chips) 
Seat 3: CherT678 ($2.18 in chips) 
Seat 4: geeorgetown8 ($1.96 in chips) 
Seat 5: berger757 ($1.32 in chips) 
Seat 6: Dorex2007 ($1.47 in chips) 
Seat 7: fosilito ($2.17 in chips) 
Seat 8: Los Tigras ($6.09 in chips) 
berger757: posts small blind $0.01
Dorex2007: posts big blind $0.02
TUH5: sits out 
*** HOLE CARDS ***
Dealt to Dorex2007 [2c 7d]
fosilito: calls $0.02
Los Tigras: folds 
CamilaFrias: folds 
Mtosha: folds 
CherT678: folds 
geeorgetown8: folds 
berger757: calls $0.01
Dorex2007: checks 
*** FLOP *** [7c 5d Qc]
berger757: bets $0.02
Dorex2007: calls $0.02
fosilito: calls $0.02
*** TURN *** [7c 5d Qc] [2s]
berger757: checks 
Dorex2007: bets $0.06
fosilito: folds 
berger757: folds 
Uncalled bet ($0.06) returned to Dorex2007
Dorex2007 collected $0.12 from pot
Dorex2007: doesn't show hand 
*** SUMMARY ***
Total pot $0.12 | Rake $0 
Board [7c 5d Qc 2s]
Seat 1: CamilaFrias folded before Flop (didn't bet)
Seat 2: Mtosha folded before Flop (didn't bet)
Seat 3: CherT678 folded before Flop (didn't bet)
Seat 4: geeorgetown8 (button) folded before Flop (didn't bet)
Seat 5: berger757 (small blind) folded on the Turn
Seat 6: Dorex2007 (big blind) collected ($0.12)
Seat 7: fosilito folded on the Turn
Seat 8: Los Tigras folded before Flop (didn't bet)



PokerStars Hand #223749296985:  Hold'em No Limit ($0.01/$0.02 USD) - 2021/02/12 21:04:46 PT [2021/02/13 0:04:46 ET]
Table 'Chacornac V' 9-max Seat #5 is the button
Seat 1: CamilaFrias ($1.81 in chips) 
Seat 2: Mtosha ($3.11 in chips) 
Seat 3: CherT678 ($2.18 in chips) 
Seat 4: geeorgetown8 ($1.96 in chips) 
Seat 5: berger757 ($1.28 in chips) 
Seat 6: Dorex2007 ($1.55 in chips) 
Seat 7: fosilito ($2.13 in chips) 
Seat 8: Los Tigras ($6.09 in chips) 
Dorex2007: posts small blind $0.01
fosilito: posts big blind $0.02
TUH5: sits out 
*** HOLE CARDS ***
Dealt to Dorex2007 [Ts 4c]
Los Tigras: raises $0.04 to $0.06
CamilaFrias: folds 
Mtosha: folds 
CherT678: calls $0.06
geeorgetown8: folds 
berger757: folds 
Dorex2007: folds 
fosilito: folds 
*** FLOP *** [2s Kd 3c]
Los Tigras: bets $0.09
CherT678: folds 
Uncalled bet ($0.09) returned to Los Tigras
Los Tigras collected $0.14 from pot
Los Tigras: doesn't show hand 
*** SUMMARY ***
Total pot $0.15 | Rake $0.01 
Board [2s Kd 3c]
Seat 1: CamilaFrias folded before Flop (didn't bet)
Seat 2: Mtosha folded before Flop (didn't bet)
Seat 3: CherT678 folded on the Flop
Seat 4: geeorgetown8 folded before Flop (didn't bet)
Seat 5: berger757 (button) folded before Flop (didn't bet)
Seat 6: Dorex2007 (small blind) folded before Flop
Seat 7: fosilito (big blind) folded before Flop
Seat 8: Los Tigras collected ($0.14)



PokerStars Hand #223749304109:  Hold'em No Limit ($0.01/$0.02 USD) - 2021/02/12 21:05:10 PT [2021/02/13 0:05:10 ET]
Table 'Chacornac V' 9-max Seat #6 is the button
Seat 1: CamilaFrias ($1.81 in chips) 
Seat 2: Mtosha ($3.11 in chips) 
Seat 3: CherT678 ($2.12 in chips) 
Seat 4: geeorgetown8 ($1.96 in chips) 
Seat 5: berger757 ($1.28 in chips) 
Seat 6: Dorex2007 ($1.54 in chips) 
Seat 7: fosilito ($2.11 in chips) 
Seat 8: Los Tigras ($6.17 in chips) 
fosilito: posts small blind $0.01
Los Tigras: posts big blind $0.02
TUH5: sits out 
*** HOLE CARDS ***
Dealt to Dorex2007 [Qc 3h]
CamilaFrias: folds 
Mtosha: folds 
CherT678: folds 
geeorgetown8: raises $0.03 to $0.05
berger757: folds 
Dorex2007: folds 
fosilito: folds 
Los Tigras: folds 
Uncalled bet ($0.03) returned to geeorgetown8
geeorgetown8 collected $0.05 from pot
geeorgetown8: doesn't show hand 
*** SUMMARY ***
Total pot $0.05 | Rake $0 
Seat 1: CamilaFrias folded before Flop (didn't bet)
Seat 2: Mtosha folded before Flop (didn't bet)
Seat 3: CherT678 folded before Flop (didn't bet)
Seat 4: geeorgetown8 collected ($0.05)
Seat 5: berger757 folded before Flop (didn't bet)
Seat 6: Dorex2007 (button) folded before Flop (didn't bet)
Seat 7: fosilito (small blind) folded before Flop
Seat 8: Los Tigras (big blind) folded before Flop



PokerStars Hand #223749309856:  Hold'em No Limit ($0.01/$0.02 USD) - 2021/02/12 21:05:31 PT [2021/02/13 0:05:31 ET]
Table 'Chacornac V' 9-max Seat #7 is the button
Seat 1: CamilaFrias ($1.81 in chips) 
Seat 2: Mtosha ($3.11 in chips) 
Seat 3: CherT678 ($2.12 in chips) 
Seat 4: geeorgetown8 ($1.99 in chips) 
Seat 5: berger757 ($1.28 in chips) 
Seat 6: Dorex2007 ($1.54 in chips) 
Seat 7: fosilito ($2.10 in chips) 
Seat 8: Los Tigras ($6.15 in chips) 
Seat 9: TUH5 ($2 in chips) 
Los Tigras: posts small blind $0.01
TUH5: posts big blind $0.02
*** HOLE CARDS ***
Dealt to Dorex2007 [4h 9c]
CamilaFrias: folds 
Mtosha: raises $0.04 to $0.06
CherT678: folds 
geeorgetown8: folds 
berger757: folds 
Dorex2007: folds 
fosilito: folds 
Los Tigras: folds 
TUH5: folds 
Uncalled bet ($0.04) returned to Mtosha
Mtosha collected $0.05 from pot
*** SUMMARY ***
Total pot $0.05 | Rake $0 
Seat 1: CamilaFrias folded before Flop (didn't bet)
Seat 2: Mtosha collected ($0.05)
Seat 3: CherT678 folded before Flop (didn't bet)
Seat 4: geeorgetown8 folded before Flop (didn't bet)
Seat 5: berger757 folded before Flop (didn't bet)
Seat 6: Dorex2007 folded before Flop (didn't bet)
Seat 7: fosilito (button) folded before Flop (didn't bet)
Seat 8: Los Tigras (small blind) folded before Flop
Seat 9: TUH5 (big blind) folded before Flop



PokerStars Hand #223749315293:  Hold'em No Limit ($0.01/$0.02 USD) - 2021/02/12 21:05:50 PT [2021/02/13 0:05:50 ET]
Table 'Chacornac V' 9-max Seat #8 is the button
Seat 1: CamilaFrias ($1.81 in chips) 
Seat 2: Mtosha ($3.14 in chips) 
Seat 3: CherT678 ($2.12 in chips) 
Seat 4: geeorgetown8 ($1.99 in chips) 
Seat 5: berger757 ($1.28 in chips) 
Seat 6: Dorex2007 ($1.54 in chips) 
Seat 7: fosilito ($2.10 in chips) 
Seat 8: Los Tigras ($6.14 in chips) 
Seat 9: TUH5 ($1.98 in chips) 
TUH5: posts small blind $0.01
CamilaFrias: posts big blind $0.02
*** HOLE CARDS ***
Dealt to Dorex2007 [5h 5d]
Mtosha: folds 
Mtosha leaves the table
CherT678: folds 
geeorgetown8: folds 
CherT678 leaves the table
berger757: folds 
Dorex2007: raises $0.04 to $0.06
fosilito: folds 
Los Tigras: folds 
TUH5: folds 
CamilaFrias: folds 
Uncalled bet ($0.04) returned to Dorex2007
Dorex2007 collected $0.05 from pot
Dorex2007: doesn't show hand 
*** SUMMARY ***
Total pot $0.05 | Rake $0 
Seat 1: CamilaFrias (big blind) folded before Flop
Seat 2: Mtosha folded before Flop (didn't bet)
Seat 3: CherT678 folded before Flop (didn't bet)
Seat 4: geeorgetown8 folded before Flop (didn't bet)
Seat 5: berger757 folded before Flop (didn't bet)
Seat 6: Dorex2007 collected ($0.05)
Seat 7: fosilito folded before Flop (didn't bet)
Seat 8: Los Tigras (button) folded before Flop (didn't bet)
Seat 9: TUH5 (small blind) folded before Flop



PokerStars Hand #223749323604:  Hold'em No Limit ($0.01/$0.02 USD) - 2021/02/12 21:06:20 PT [2021/02/13 0:06:20 ET]
Table 'Chacornac V' 9-max Seat #9 is the button
Seat 1: CamilaFrias ($1.79 in chips) 
Seat 4: geeorgetown8 ($1.99 in chips) 
Seat 5: berger757 ($1.28 in chips) 
Seat 6: Dorex2007 ($1.57 in chips) 
Seat 7: fosilito ($2.10 in chips) 
Seat 8: Los Tigras ($6.14 in chips) 
Seat 9: TUH5 ($1.97 in chips) 
CamilaFrias: posts small blind $0.01
geeorgetown8: posts big blind $0.02
*** HOLE CARDS ***
Dealt to Dorex2007 [Jc 6h]
berger757: folds 
Dorex2007: folds 
fosilito: folds 
Los Tigras: folds 
TUH5: folds 
CamilaFrias: calls $0.01
geeorgetown8: checks 
*** FLOP *** [Jd 2d 2s]
CamilaFrias: bets $0.04
geeorgetown8: folds 
Uncalled bet ($0.04) returned to CamilaFrias
CamilaFrias collected $0.04 from pot
CamilaFrias: doesn't show hand 
*** SUMMARY ***
Total pot $0.04 | Rake $0 
Board [Jd 2d 2s]
Seat 1: CamilaFrias (small blind) collected ($0.04)
Seat 4: geeorgetown8 (big blind) folded on the Flop
Seat 5: berger757 folded before Flop (didn't bet)
Seat 6: Dorex2007 folded before Flop (didn't bet)
Seat 7: fosilito folded before Flop (didn't bet)
Seat 8: Los Tigras folded before Flop (didn't bet)
Seat 9: TUH5 (button) folded before Flop (didn't bet)



PokerStars Hand #223749331577:  Hold'em No Limit ($0.01/$0.02 USD) - 2021/02/12 21:06:48 PT [2021/02/13 0:06:48 ET]
Table 'Chacornac V' 9-max Seat #1 is the button
Seat 1: CamilaFrias ($1.81 in chips) 
Seat 4: geeorgetown8 ($1.97 in chips) 
Seat 5: berger757 ($1.28 in chips) 
Seat 6: Dorex2007 ($1.57 in chips) 
Seat 7: fosilito ($2.10 in chips) 
Seat 8: Los Tigras ($6.14 in chips) 
Seat 9: TUH5 ($1.97 in chips) 
geeorgetown8: posts small blind $0.01
berger757: posts big blind $0.02
*** HOLE CARDS ***
Dealt to Dorex2007 [6h 7h]
Dorex2007: calls $0.02
fosilito: folds 
Los Tigras: folds 
TUH5: raises $0.07 to $0.09
CamilaFrias: folds 
geeorgetown8: folds 
berger757: folds 
Dorex2007: folds 
Uncalled bet ($0.07) returned to TUH5
TUH5 collected $0.07 from pot
TUH5: doesn't show hand 
*** SUMMARY ***
Total pot $0.07 | Rake $0 
Seat 1: CamilaFrias (button) folded before Flop (didn't bet)
Seat 4: geeorgetown8 (small blind) folded before Flop
Seat 5: berger757 (big blind) folded before Flop
Seat 6: Dorex2007 folded before Flop
Seat 7: fosilito folded before Flop (didn't bet)
Seat 8: Los Tigras folded before Flop (didn't bet)
Seat 9: TUH5 collected ($0.07)



PokerStars Hand #223749336998:  Hold'em No Limit ($0.01/$0.02 USD) - 2021/02/12 21:07:07 PT [2021/02/13 0:07:07 ET]
Table 'Chacornac V' 9-max Seat #4 is the button
Seat 1: CamilaFrias ($1.81 in chips) 
Seat 4: geeorgetown8 ($1.96 in chips) 
Seat 5: berger757 ($1.26 in chips) 
Seat 6: Dorex2007 ($1.55 in chips) 
Seat 7: fosilito ($2.10 in chips) 
Seat 8: Los Tigras ($6.14 in chips) 
Seat 9: TUH5 ($2.02 in chips) 
berger757: posts small blind $0.01
Dorex2007: posts big blind $0.02
*** HOLE CARDS ***
Dealt to Dorex2007 [Jh Qd]
fosilito: folds 
Los Tigras: raises $0.04 to $0.06
TUH5: folds 
CamilaFrias: folds 
geeorgetown8: folds 
berger757: folds 
Dorex2007: calls $0.04
*** FLOP *** [8s 5s 5h]
Dorex2007: checks 
Los Tigras: bets $0.08
Dorex2007: folds 
Uncalled bet ($0.08) returned to Los Tigras
Los Tigras collected $0.13 from pot
Los Tigras: doesn't show hand 
*** SUMMARY ***
Total pot $0.13 | Rake $0 
Board [8s 5s 5h]
Seat 1: CamilaFrias folded before Flop (didn't bet)
Seat 4: geeorgetown8 (button) folded before Flop (didn't bet)
Seat 5: berger757 (small blind) folded before Flop
Seat 6: Dorex2007 (big blind) folded on the Flop
Seat 7: fosilito folded before Flop (didn't bet)
Seat 8: Los Tigras collected ($0.13)
Seat 9: TUH5 folded before Flop (didn't bet)



PokerStars Hand #223749354566:  Hold'em No Limit ($0.01/$0.02 USD) - 2021/02/12 21:07:41 PT [2021/02/13 0:07:41 ET]
Table 'Chacornac V' 9-max Seat #5 is the button
Seat 1: CamilaFrias ($1.81 in chips) 
Seat 4: geeorgetown8 ($1.96 in chips) 
Seat 5: berger757 ($1.25 in chips) 
Seat 6: Dorex2007 ($1.49 in chips) 
Seat 7: fosilito ($2.10 in chips) 
Seat 8: Los Tigras ($6.21 in chips) 
Seat 9: TUH5 ($2.02 in chips) 
Dorex2007: posts small blind $0.01
fosilito: posts big blind $0.02
*** HOLE CARDS ***
Dealt to Dorex2007 [7d 8c]
Los Tigras: folds 
TUH5: raises $0.04 to $0.06
CamilaFrias: folds 
geeorgetown8: folds 
berger757: folds 
Dorex2007: calls $0.05
fosilito: folds 
*** FLOP *** [Tc 9s Qs]
Dorex2007: checks 
TUH5: bets $0.08
Dorex2007: folds 
Uncalled bet ($0.08) returned to TUH5
TUH5 collected $0.14 from pot
TUH5: doesn't show hand 
*** SUMMARY ***
Total pot $0.14 | Rake $0 
Board [Tc 9s Qs]
Seat 1: CamilaFrias folded before Flop (didn't bet)
Seat 4: geeorgetown8 folded before Flop (didn't bet)
Seat 5: berger757 (button) folded before Flop (didn't bet)
Seat 6: Dorex2007 (small blind) folded on the Flop
Seat 7: fosilito (big blind) folded before Flop
Seat 8: Los Tigras folded before Flop (didn't bet)
Seat 9: TUH5 collected ($0.14)



PokerStars Hand #223749371114:  Hold'em No Limit ($0.01/$0.02 USD) - 2021/02/12 21:08:40 PT [2021/02/13 0:08:40 ET]
Table 'Chacornac V' 9-max Seat #6 is the button
Seat 1: CamilaFrias ($1.81 in chips) 
Seat 4: geeorgetown8 ($1.96 in chips) 
Seat 5: berger757 ($1.25 in chips) 
Seat 6: Dorex2007 ($1.43 in chips) 
Seat 7: fosilito ($2.08 in chips) 
Seat 8: Los Tigras ($6.21 in chips) 
Seat 9: TUH5 ($2.10 in chips) 
fosilito: posts small blind $0.01
Los Tigras: posts big blind $0.02
*** HOLE CARDS ***
Dealt to Dorex2007 [Qc 3d]
TUH5: folds 
CamilaFrias: raises $0.04 to $0.06
geeorgetown8: folds 
berger757: calls $0.06
Dorex2007: folds 
fosilito: calls $0.05
Los Tigras: calls $0.04
*** FLOP *** [Td 9d 9h]
fosilito: bets $0.23
Los Tigras: folds 
CamilaFrias: folds 
berger757: folds 
Uncalled bet ($0.23) returned to fosilito
fosilito collected $0.23 from pot
fosilito: doesn't show hand 
*** SUMMARY ***
Total pot $0.24 | Rake $0.01 
Board [Td 9d 9h]
Seat 1: CamilaFrias folded on the Flop
Seat 4: geeorgetown8 folded before Flop (didn't bet)
Seat 5: berger757 folded on the Flop
Seat 6: Dorex2007 (button) folded before Flop (didn't bet)
Seat 7: fosilito (small blind) collected ($0.23)
Seat 8: Los Tigras (big blind) folded on the Flop
Seat 9: TUH5 folded before Flop (didn't bet)



PokerStars Hand #223749385537:  Hold'em No Limit ($0.01/$0.02 USD) - 2021/02/12 21:09:32 PT [2021/02/13 0:09:32 ET]
Table 'Chacornac V' 9-max Seat #7 is the button
Seat 1: CamilaFrias ($1.75 in chips) 
Seat 4: geeorgetown8 ($1.96 in chips) 
Seat 5: berger757 ($1.19 in chips) 
Seat 6: Dorex2007 ($1.43 in chips) 
Seat 7: fosilito ($2.25 in chips) 
Seat 8: Los Tigras ($6.15 in chips) 
Seat 9: TUH5 ($2.10 in chips) 
Los Tigras: posts small blind $0.01
TUH5: posts big blind $0.02
*** HOLE CARDS ***
Dealt to Dorex2007 [4s 2s]
CamilaFrias: folds 
geeorgetown8: folds 
berger757: raises $0.05 to $0.07
Dorex2007: folds 
fosilito: calls $0.07
Los Tigras: folds 
TUH5: calls $0.05
*** FLOP *** [Qc Ts 7c]
TUH5: checks 
berger757: bets $0.11
fosilito: raises $0.43 to $0.54
TUH5: folds 
berger757: raises $0.58 to $1.12 and is all-in
fosilito: calls $0.58
*** TURN *** [Qc Ts 7c] [4c]
*** RIVER *** [Qc Ts 7c 4c] [Ad]
*** SHOW DOWN ***
berger757: shows [Ah Kc] (a pair of Aces)
fosilito: shows [Qh Tc] (two pair, Queens and Tens)
fosilito collected $2.37 from pot
*** SUMMARY ***
Total pot $2.46 | Rake $0.09 
Board [Qc Ts 7c 4c Ad]
Seat 1: CamilaFrias folded before Flop (didn't bet)
Seat 4: geeorgetown8 folded before Flop (didn't bet)
Seat 5: berger757 showed [Ah Kc] and lost with a pair of Aces
Seat 6: Dorex2007 folded before Flop (didn't bet)
Seat 7: fosilito (button) showed [Qh Tc] and won ($2.37) with two pair, Queens and Tens
Seat 8: Los Tigras (small blind) folded before Flop
Seat 9: TUH5 (big blind) folded on the Flop



PokerStars Hand #223749403452:  Hold'em No Limit ($0.01/$0.02 USD) - 2021/02/12 21:10:37 PT [2021/02/13 0:10:37 ET]
Table 'Chacornac V' 9-max Seat #8 is the button
Seat 1: CamilaFrias ($1.75 in chips) 
Seat 4: geeorgetown8 ($1.96 in chips) 
Seat 6: Dorex2007 ($1.43 in chips) 
Seat 7: fosilito ($3.43 in chips) 
Seat 8: Los Tigras ($6.14 in chips) 
Seat 9: TUH5 ($2.03 in chips) 
TUH5: posts small blind $0.01
CamilaFrias: posts big blind $0.02
*** HOLE CARDS ***
Dealt to Dorex2007 [Qc 9d]
geeorgetown8: folds 
Cozy012 joins the table at seat #2 
Dorex2007: folds 
fosilito: raises $0.05 to $0.07
Los Tigras: folds 
TUH5: folds 
TKmadone joins the table at seat #3 
CamilaFrias: folds 
Uncalled bet ($0.05) returned to fosilito
fosilito collected $0.05 from pot
fosilito: doesn't show hand 
*** SUMMARY ***
Total pot $0.05 | Rake $0 
Seat 1: CamilaFrias (big blind) folded before Flop
Seat 4: geeorgetown8 folded before Flop (didn't bet)
Seat 6: Dorex2007 folded before Flop (didn't bet)
Seat 7: fosilito collected ($0.05)
Seat 8: Los Tigras (button) folded before Flop (didn't bet)
Seat 9: TUH5 (small blind) folded before Flop



PokerStars Hand #223749410730:  Hold'em No Limit ($0.01/$0.02 USD) - 2021/02/12 21:11:03 PT [2021/02/13 0:11:03 ET]
Table 'Chacornac V' 9-max Seat #9 is the button
Seat 1: CamilaFrias ($1.73 in chips) 
Seat 2: Cozy012 ($1.60 in chips) 
Seat 4: geeorgetown8 ($1.96 in chips) 
Seat 5: berger757 ($1.60 in chips) 
Seat 6: Dorex2007 ($1.43 in chips) 
Seat 7: fosilito ($3.46 in chips) 
Seat 8: Los Tigras ($6.14 in chips) 
Seat 9: TUH5 ($2.02 in chips) 
CamilaFrias: posts small blind $0.01
Cozy012: posts big blind $0.02
TKmadone: sits out 
*** HOLE CARDS ***
Dealt to Dorex2007 [8d 7h]
geeorgetown8: folds 
berger757: folds 
Dorex2007: folds 
fosilito: folds 
Los Tigras: folds 
TUH5: raises $0.04 to $0.06
CamilaFrias: folds 
Cozy012: calls $0.04
*** FLOP *** [Jd 4c 6d]
Cozy012: checks 
TUH5: checks 
*** TURN *** [Jd 4c 6d] [7c]
Cozy012: checks 
TUH5: checks 
*** RIVER *** [Jd 4c 6d 7c] [Ks]
Cozy012: bets $0.13
TUH5: calls $0.13
*** SHOW DOWN ***
Cozy012: shows [7d Kd] (two pair, Kings and Sevens)
TUH5: mucks hand 
Cozy012 collected $0.38 from pot
*** SUMMARY ***
Total pot $0.39 | Rake $0.01 
Board [Jd 4c 6d 7c Ks]
Seat 1: CamilaFrias (small blind) folded before Flop
Seat 2: Cozy012 (big blind) showed [7d Kd] and won ($0.38) with two pair, Kings and Sevens
Seat 4: geeorgetown8 folded before Flop (didn't bet)
Seat 5: berger757 folded before Flop (didn't bet)
Seat 6: Dorex2007 folded before Flop (didn't bet)
Seat 7: fosilito folded before Flop (didn't bet)
Seat 8: Los Tigras folded before Flop (didn't bet)
Seat 9: TUH5 (button) mucked [Ts Kc]



PokerStars Hand #223749423935:  Hold'em No Limit ($0.01/$0.02 USD) - 2021/02/12 21:11:50 PT [2021/02/13 0:11:50 ET]
Table 'Chacornac V' 9-max Seat #1 is the button
Seat 1: CamilaFrias ($1.72 in chips) 
Seat 2: Cozy012 ($1.79 in chips) 
Seat 3: TKmadone ($1.60 in chips) 
Seat 4: geeorgetown8 ($1.96 in chips) 
Seat 5: berger757 ($1.60 in chips) 
Seat 6: Dorex2007 ($1.43 in chips) 
Seat 7: fosilito ($3.46 in chips) 
Seat 8: Los Tigras ($6.14 in chips) 
Seat 9: TUH5 ($1.83 in chips) 
Cozy012: posts small blind $0.01
TKmadone: posts big blind $0.02
*** HOLE CARDS ***
Dealt to Dorex2007 [3s 5h]
geeorgetown8: folds 
berger757: folds 
Dorex2007: folds 
fosilito: folds 
Los Tigras: folds 
TUH5: folds 
CamilaFrias: raises $0.06 to $0.08
Cozy012: folds 
TKmadone: folds 
Uncalled bet ($0.06) returned to CamilaFrias
CamilaFrias collected $0.05 from pot
CamilaFrias: doesn't show hand 
*** SUMMARY ***
Total pot $0.05 | Rake $0 
Seat 1: CamilaFrias (button) collected ($0.05)
Seat 2: Cozy012 (small blind) folded before Flop
Seat 3: TKmadone (big blind) folded before Flop
Seat 4: geeorgetown8 folded before Flop (didn't bet)
Seat 5: berger757 folded before Flop (didn't bet)
Seat 6: Dorex2007 folded before Flop (didn't bet)
Seat 7: fosilito folded before Flop (didn't bet)
Seat 8: Los Tigras folded before Flop (didn't bet)
Seat 9: TUH5 folded before Flop (didn't bet)



PokerStars Hand #223749429119:  Hold'em No Limit ($0.01/$0.02 USD) - 2021/02/12 21:12:09 PT [2021/02/13 0:12:09 ET]
Table 'Chacornac V' 9-max Seat #2 is the button
Seat 1: CamilaFrias ($1.75 in chips) 
Seat 2: Cozy012 ($1.78 in chips) 
Seat 3: TKmadone ($1.58 in chips) 
Seat 4: geeorgetown8 ($1.96 in chips) 
Seat 5: berger757 ($1.60 in chips) 
Seat 6: Dorex2007 ($1.43 in chips) 
Seat 7: fosilito ($3.46 in chips) 
Seat 8: Los Tigras ($6.14 in chips) 
Seat 9: TUH5 ($1.83 in chips) 
TKmadone: posts small blind $0.01
geeorgetown8: posts big blind $0.02
*** HOLE CARDS ***
Dealt to Dorex2007 [Kd 9h]
berger757: folds 
Dorex2007: folds 
fosilito: folds 
Los Tigras: folds 
TUH5: folds 
CamilaFrias: raises $0.04 to $0.06
Cozy012: calls $0.06
TKmadone: folds 
geeorgetown8: folds 
*** FLOP *** [7c 3c Kc]
CamilaFrias: checks 
Cozy012: bets $0.14
CamilaFrias: folds 
Uncalled bet ($0.14) returned to Cozy012
Cozy012 collected $0.14 from pot
*** SUMMARY ***
Total pot $0.15 | Rake $0.01 
Board [7c 3c Kc]
Seat 1: CamilaFrias folded on the Flop
Seat 2: Cozy012 (button) collected ($0.14)
Seat 3: TKmadone (small blind) folded before Flop
Seat 4: geeorgetown8 (big blind) folded before Flop
Seat 5: berger757 folded before Flop (didn't bet)
Seat 6: Dorex2007 folded before Flop (didn't bet)
Seat 7: fosilito folded before Flop (didn't bet)
Seat 8: Los Tigras folded before Flop (didn't bet)
Seat 9: TUH5 folded before Flop (didn't bet)



PokerStars Hand #223749438168:  Hold'em No Limit ($0.01/$0.02 USD) - 2021/02/12 21:12:42 PT [2021/02/13 0:12:42 ET]
Table 'Chacornac V' 9-max Seat #3 is the button
Seat 1: CamilaFrias ($1.69 in chips) 
Seat 2: Cozy012 ($1.86 in chips) 
Seat 3: TKmadone ($1.57 in chips) 
Seat 4: geeorgetown8 ($1.94 in chips) 
Seat 5: berger757 ($1.60 in chips) 
Seat 6: Dorex2007 ($1.43 in chips) 
Seat 7: fosilito ($3.46 in chips) 
Seat 8: Los Tigras ($6.14 in chips) 
Seat 9: TUH5 ($1.83 in chips) 
geeorgetown8: posts small blind $0.01
berger757: posts big blind $0.02
*** HOLE CARDS ***
Dealt to Dorex2007 [2h 3h]
Dorex2007: folds 
fosilito: raises $0.05 to $0.07
Los Tigras: folds 
TUH5: folds 
CamilaFrias: folds 
Cozy012: folds 
TKmadone: folds 
geeorgetown8: folds 
berger757: folds 
Uncalled bet ($0.05) returned to fosilito
fosilito collected $0.05 from pot
fosilito: doesn't show hand 
*** SUMMARY ***
Total pot $0.05 | Rake $0 
Seat 1: CamilaFrias folded before Flop (didn't bet)
Seat 2: Cozy012 folded before Flop (didn't bet)
Seat 3: TKmadone (button) folded before Flop (didn't bet)
Seat 4: geeorgetown8 (small blind) folded before Flop
Seat 5: berger757 (big blind) folded before Flop
Seat 6: Dorex2007 folded before Flop (didn't bet)
Seat 7: fosilito collected ($0.05)
Seat 8: Los Tigras folded before Flop (didn't bet)
Seat 9: TUH5 folded before Flop (didn't bet)



PokerStars Hand #223749444426:  Hold'em No Limit ($0.01/$0.02 USD) - 2021/02/12 21:13:05 PT [2021/02/13 0:13:05 ET]
Table 'Chacornac V' 9-max Seat #4 is the button
Seat 1: CamilaFrias ($1.69 in chips) 
Seat 2: Cozy012 ($1.86 in chips) 
Seat 3: TKmadone ($1.57 in chips) 
Seat 4: geeorgetown8 ($1.93 in chips) 
Seat 5: berger757 ($1.58 in chips) 
Seat 6: Dorex2007 ($1.43 in chips) 
Seat 7: fosilito ($3.49 in chips) 
Seat 8: Los Tigras ($6.14 in chips) 
Seat 9: TUH5 ($1.83 in chips) 
berger757: posts small blind $0.01
Dorex2007: posts big blind $0.02
*** HOLE CARDS ***
Dealt to Dorex2007 [6h 8s]
fosilito: folds 
Los Tigras: folds 
TUH5: raises $0.04 to $0.06
CamilaFrias: calls $0.06
Cozy012: calls $0.06
TKmadone: folds 
geeorgetown8: folds 
berger757: calls $0.05
Dorex2007: folds 
*** FLOP *** [Kh Ks 5s]
berger757: checks 
TUH5: checks 
CamilaFrias: checks 
Cozy012: checks 
*** TURN *** [Kh Ks 5s] [4h]
berger757: bets $0.02
TUH5: folds 
CamilaFrias: folds 
Cozy012: calls $0.02
*** RIVER *** [Kh Ks 5s 4h] [Qc]
berger757: bets $0.02
Cozy012: calls $0.02
*** SHOW DOWN ***
berger757: shows [3s 3h] (two pair, Kings and Threes)
Cozy012: shows [6c 4c] (two pair, Kings and Fours)
Cozy012 collected $0.33 from pot
*** SUMMARY ***
Total pot $0.34 | Rake $0.01 
Board [Kh Ks 5s 4h Qc]
Seat 1: CamilaFrias folded on the Turn
Seat 2: Cozy012 showed [6c 4c] and won ($0.33) with two pair, Kings and Fours
Seat 3: TKmadone folded before Flop (didn't bet)
Seat 4: geeorgetown8 (button) folded before Flop (didn't bet)
Seat 5: berger757 (small blind) showed [3s 3h] and lost with two pair, Kings and Threes
Seat 6: Dorex2007 (big blind) folded before Flop
Seat 7: fosilito folded before Flop (didn't bet)
Seat 8: Los Tigras folded before Flop (didn't bet)
Seat 9: TUH5 folded on the Turn



PokerStars Hand #223749458327:  Hold'em No Limit ($0.01/$0.02 USD) - 2021/02/12 21:13:56 PT [2021/02/13 0:13:56 ET]
Table 'Chacornac V' 9-max Seat #5 is the button
Seat 1: CamilaFrias ($1.63 in chips) 
Seat 2: Cozy012 ($2.09 in chips) 
Seat 3: TKmadone ($1.57 in chips) 
Seat 4: geeorgetown8 ($1.93 in chips) 
Seat 5: berger757 ($1.48 in chips) 
Seat 6: Dorex2007 ($1.41 in chips) 
Seat 7: fosilito ($3.49 in chips) 
Seat 8: Los Tigras ($6.14 in chips) 
Seat 9: TUH5 ($1.77 in chips) 
Dorex2007: posts small blind $0.01
fosilito: posts big blind $0.02
*** HOLE CARDS ***
Dealt to Dorex2007 [Ts 7c]
Los Tigras: folds 
TUH5: folds 
CamilaFrias: calls $0.02
Cozy012: folds 
TKmadone: folds 
geeorgetown8: folds 
berger757: folds 
Dorex2007: calls $0.01
fosilito: checks 
*** FLOP *** [Ad 5d Td]
Dorex2007: checks 
fosilito: bets $0.03
CamilaFrias: folds 
Dorex2007: folds 
Uncalled bet ($0.03) returned to fosilito
fosilito collected $0.06 from pot
fosilito: doesn't show hand 
*** SUMMARY ***
Total pot $0.06 | Rake $0 
Board [Ad 5d Td]
Seat 1: CamilaFrias folded on the Flop
Seat 2: Cozy012 folded before Flop (didn't bet)
Seat 3: TKmadone folded before Flop (didn't bet)
Seat 4: geeorgetown8 folded before Flop (didn't bet)
Seat 5: berger757 (button) folded before Flop (didn't bet)
Seat 6: Dorex2007 (small blind) folded on the Flop
Seat 7: fosilito (big blind) collected ($0.06)
Seat 8: Los Tigras folded before Flop (didn't bet)
Seat 9: TUH5 folded before Flop (didn't bet)



PokerStars Hand #223749473157:  Hold'em No Limit ($0.01/$0.02 USD) - 2021/02/12 21:14:37 PT [2021/02/13 0:14:37 ET]
Table 'Chacornac V' 9-max Seat #6 is the button
Seat 1: CamilaFrias ($1.61 in chips) 
Seat 2: Cozy012 ($2.09 in chips) 
Seat 3: TKmadone ($1.57 in chips) 
Seat 4: geeorgetown8 ($1.93 in chips) 
Seat 5: berger757 ($1.48 in chips) 
Seat 6: Dorex2007 ($1.39 in chips) 
Seat 7: fosilito ($3.53 in chips) 
Seat 8: Los Tigras ($6.14 in chips) 
Seat 9: TUH5 ($1.77 in chips) 
fosilito: posts small blind $0.01
Los Tigras: posts big blind $0.02
*** HOLE CARDS ***
Dealt to Dorex2007 [9h 9d]
TUH5: folds 
CamilaFrias: raises $0.04 to $0.06
Cozy012: calls $0.06
TKmadone: folds 
geeorgetown8: folds 
berger757: folds 
Dorex2007: raises $0.04 to $0.10
fosilito: calls $0.09
Los Tigras: folds 
CamilaFrias: calls $0.04
Cozy012: calls $0.04
*** FLOP *** [As Kc Jc]
fosilito: checks 
CamilaFrias: bets $0.41
Cozy012: calls $0.41
Dorex2007: folds 
fosilito: folds 
*** TURN *** [As Kc Jc] [2h]
CamilaFrias: bets $1.10 and is all-in
Cozy012: calls $1.10
*** RIVER *** [As Kc Jc 2h] [2c]
*** SHOW DOWN ***
CamilaFrias: shows [Ks Js] (two pair, Kings and Jacks)
Cozy012: shows [Kh Ad] (two pair, Aces and Kings)
Cozy012 cashed out the hand for $3.13 | Cash Out Fee $0.03
*** SUMMARY ***
Total pot $3.44 | Rake $0.12 
Board [As Kc Jc 2h 2c]
Seat 1: CamilaFrias showed [Ks Js] and lost with two pair, Kings and Jacks
Seat 2: Cozy012 showed [Kh Ad] and won ($3.32) with two pair, Aces and Kings (pot not awarded as player cashed out)
Seat 3: TKmadone folded before Flop (didn't bet)
Seat 4: geeorgetown8 folded before Flop (didn't bet)
Seat 5: berger757 folded before Flop (didn't bet)
Seat 6: Dorex2007 (button) folded on the Flop
Seat 7: fosilito (small blind) folded on the Flop
Seat 8: Los Tigras (big blind) folded before Flop
Seat 9: TUH5 folded before Flop (didn't bet)



PokerStars Hand #223749491045:  Hold'em No Limit ($0.01/$0.02 USD) - 2021/02/12 21:15:42 PT [2021/02/13 0:15:42 ET]
Table 'Chacornac V' 9-max Seat #7 is the button
Seat 2: Cozy012 ($3.61 in chips) 
Seat 3: TKmadone ($1.57 in chips) 
Seat 4: geeorgetown8 ($1.93 in chips) 
Seat 5: berger757 ($1.48 in chips) 
Seat 6: Dorex2007 ($1.29 in chips) 
Seat 7: fosilito ($3.43 in chips) 
Seat 8: Los Tigras ($6.12 in chips) 
Seat 9: TUH5 ($1.77 in chips) 
Los Tigras: posts small blind $0.01
TUH5: posts big blind $0.02
*** HOLE CARDS ***
Dealt to Dorex2007 [7h 7s]
Cozy012: folds 
TKmadone: folds 
geeorgetown8: folds 
berger757: raises $0.02 to $0.04
Dorex2007: calls $0.04
fosilito: folds 
Los Tigras: folds 
TUH5: calls $0.02
*** FLOP *** [Jh 9h 4c]
TUH5: checks 
berger757: checks 
Dorex2007: checks 
*** TURN *** [Jh 9h 4c] [4h]
TUH5: checks 
berger757: checks 
Dorex2007: bets $0.07
TUH5: calls $0.07
berger757: folds 
*** RIVER *** [Jh 9h 4c 4h] [5c]
TUH5: checks 
Dorex2007: checks 
*** SHOW DOWN ***
TUH5: shows [3d Jd] (two pair, Jacks and Fours)
Dorex2007: mucks hand 
TUH5 collected $0.26 from pot
*** SUMMARY ***
Total pot $0.27 | Rake $0.01 
Board [Jh 9h 4c 4h 5c]
Seat 2: Cozy012 folded before Flop (didn't bet)
Seat 3: TKmadone folded before Flop (didn't bet)
Seat 4: geeorgetown8 folded before Flop (didn't bet)
Seat 5: berger757 folded on the Turn
Seat 6: Dorex2007 mucked [7h 7s]
Seat 7: fosilito (button) folded before Flop (didn't bet)
Seat 8: Los Tigras (small blind) folded before Flop
Seat 9: TUH5 (big blind) showed [3d Jd] and won ($0.26) with two pair, Jacks and Fours



PokerStars Hand #223749506444:  Hold'em No Limit ($0.01/$0.02 USD) - 2021/02/12 21:16:38 PT [2021/02/13 0:16:38 ET]
Table 'Chacornac V' 9-max Seat #8 is the button
Seat 1: CamilaFrias ($2 in chips) 
Seat 2: Cozy012 ($3.61 in chips) 
Seat 3: TKmadone ($1.57 in chips) 
Seat 4: geeorgetown8 ($1.93 in chips) 
Seat 5: berger757 ($1.44 in chips) 
Seat 6: Dorex2007 ($1.18 in chips) 
Seat 7: fosilito ($3.43 in chips) 
Seat 8: Los Tigras ($6.11 in chips) 
Seat 9: TUH5 ($1.92 in chips) 
TUH5: posts small blind $0.01
CamilaFrias: posts big blind $0.02
*** HOLE CARDS ***
Dealt to Dorex2007 [Js Th]
Cozy012: raises $0.02 to $0.04
TKmadone: folds 
geeorgetown8: folds 
berger757: folds 
Dorex2007: folds 
fosilito: folds 
Los Tigras: folds 
TUH5: folds 
CamilaFrias: calls $0.02
*** FLOP *** [7c 4d Ts]
CamilaFrias: checks 
Cozy012: bets $0.09
CamilaFrias: raises $0.09 to $0.18
Cozy012: calls $0.09
*** TURN *** [7c 4d Ts] [6s]
CamilaFrias: checks 
Cozy012: checks 
*** RIVER *** [7c 4d Ts 6s] [6c]
CamilaFrias: bets $0.43
Cozy012: calls $0.43
*** SHOW DOWN ***
CamilaFrias: shows [7h 7d] (a full house, Sevens full of Sixes)
Cozy012: mucks hand 
CamilaFrias collected $1.26 from pot
*** SUMMARY ***
Total pot $1.31 | Rake $0.05 
Board [7c 4d Ts 6s 6c]
Seat 1: CamilaFrias (big blind) showed [7h 7d] and won ($1.26) with a full house, Sevens full of Sixes
Seat 2: Cozy012 mucked [Tc Kd]
Seat 3: TKmadone folded before Flop (didn't bet)
Seat 4: geeorgetown8 folded before Flop (didn't bet)
Seat 5: berger757 folded before Flop (didn't bet)
Seat 6: Dorex2007 folded before Flop (didn't bet)
Seat 7: fosilito folded before Flop (didn't bet)
Seat 8: Los Tigras (button) folded before Flop (didn't bet)
Seat 9: TUH5 (small blind) folded before Flop



PokerStars Hand #223749520816:  Hold'em No Limit ($0.01/$0.02 USD) - 2021/02/12 21:17:31 PT [2021/02/13 0:17:31 ET]
Table 'Chacornac V' 9-max Seat #9 is the button
Seat 1: CamilaFrias ($2.61 in chips) 
Seat 2: Cozy012 ($2.96 in chips) 
Seat 3: TKmadone ($1.57 in chips) 
Seat 4: geeorgetown8 ($1.93 in chips) 
Seat 5: berger757 ($1.44 in chips) 
Seat 6: Dorex2007 ($1.18 in chips) 
Seat 7: fosilito ($3.43 in chips) 
Seat 8: Los Tigras ($6.11 in chips) 
Seat 9: TUH5 ($1.91 in chips) 
CamilaFrias: posts small blind $0.01
Cozy012: posts big blind $0.02
*** HOLE CARDS ***
Dealt to Dorex2007 [4s Ks]
TKmadone: calls $0.02
geeorgetown8: folds 
berger757: folds 
Dorex2007: folds 
fosilito: calls $0.02
Los Tigras: folds 
TUH5: calls $0.02
CamilaFrias: folds 
Cozy012: checks 
*** FLOP *** [4c 9s 2d]
Cozy012: checks 
TKmadone: bets $0.05
fosilito: folds 
TUH5: folds 
Cozy012: folds 
Uncalled bet ($0.05) returned to TKmadone
TKmadone collected $0.09 from pot
TKmadone: doesn't show hand 
*** SUMMARY ***
Total pot $0.09 | Rake $0 
Board [4c 9s 2d]
Seat 1: CamilaFrias (small blind) folded before Flop
Seat 2: Cozy012 (big blind) folded on the Flop
Seat 3: TKmadone collected ($0.09)
Seat 4: geeorgetown8 folded before Flop (didn't bet)
Seat 5: berger757 folded before Flop (didn't bet)
Seat 6: Dorex2007 folded before Flop (didn't bet)
Seat 7: fosilito folded on the Flop
Seat 8: Los Tigras folded before Flop (didn't bet)
Seat 9: TUH5 (button) folded on the Flop



PokerStars Hand #223749533460:  Hold'em No Limit ($0.01/$0.02 USD) - 2021/02/12 21:18:17 PT [2021/02/13 0:18:17 ET]
Table 'Chacornac V' 9-max Seat #2 is the button
Seat 2: Cozy012 ($2.94 in chips) 
Seat 3: TKmadone ($1.64 in chips) 
Seat 5: berger757 ($1.44 in chips) 
Seat 6: Dorex2007 ($1.18 in chips) 
Seat 7: fosilito ($3.41 in chips) 
Seat 8: Los Tigras ($6.11 in chips) 
Seat 9: TUH5 ($1.89 in chips) 
TKmadone: posts small blind $0.01
geeorgetown8: is sitting out 
berger757: posts big blind $0.02
*** HOLE CARDS ***
Dealt to Dorex2007 [Qh Td]
Dorex2007: calls $0.02
fosilito: folds 
Los Tigras: raises $0.06 to $0.08
TUH5: folds 
Cozy012: folds 
TKmadone: folds 
berger757: folds 
Dorex2007: folds 
Uncalled bet ($0.06) returned to Los Tigras
Los Tigras collected $0.07 from pot
Los Tigras: doesn't show hand 
*** SUMMARY ***
Total pot $0.07 | Rake $0 
Seat 2: Cozy012 (button) folded before Flop (didn't bet)
Seat 3: TKmadone (small blind) folded before Flop
Seat 5: berger757 (big blind) folded before Flop
Seat 6: Dorex2007 folded before Flop
Seat 7: fosilito folded before Flop (didn't bet)
Seat 8: Los Tigras collected ($0.07)
Seat 9: TUH5 folded before Flop (didn't bet)



PokerStars Hand #223749538929:  Hold'em No Limit ($0.01/$0.02 USD) - 2021/02/12 21:18:37 PT [2021/02/13 0:18:37 ET]
Table 'Chacornac V' 9-max Seat #3 is the button
Seat 2: Cozy012 ($2.94 in chips) 
Seat 3: TKmadone ($1.63 in chips) 
Seat 5: berger757 ($1.42 in chips) 
Seat 6: Dorex2007 ($1.16 in chips) 
Seat 7: fosilito ($3.41 in chips) 
Seat 8: Los Tigras ($6.16 in chips) 
Seat 9: TUH5 ($1.89 in chips) 
berger757: posts small blind $0.01
Dorex2007: posts big blind $0.02
*** HOLE CARDS ***
Dealt to Dorex2007 [5c 4h]
CamilaFrias leaves the table
fosilito: folds 
Los Tigras: folds 
TUH5: folds 
Cozy012: raises $0.02 to $0.04
TKmadone: folds 
geeorgetown8 leaves the table
berger757: calls $0.03
Dorex2007: folds 
*** FLOP *** [Jd Qh 3d]
berger757: bets $0.05
Cozy012: calls $0.05
*** TURN *** [Jd Qh 3d] [2c]
berger757: bets $0.02
Cozy012: calls $0.02
*** RIVER *** [Jd Qh 3d 2c] [Kh]
TKmadone leaves the table
berger757: bets $0.12
Cozy012: raises $0.12 to $0.24
berger757: calls $0.12
*** SHOW DOWN ***
Cozy012: shows [Tc Ac] (a straight, Ten to Ace)
berger757: mucks hand 
Cozy012 collected $0.69 from pot
*** SUMMARY ***
Total pot $0.72 | Rake $0.03 
Board [Jd Qh 3d 2c Kh]
Seat 2: Cozy012 showed [Tc Ac] and won ($0.69) with a straight, Ten to Ace
Seat 3: TKmadone (button) folded before Flop (didn't bet)
Seat 5: berger757 (small blind) mucked [Ts Kd]
Seat 6: Dorex2007 (big blind) folded before Flop
Seat 7: fosilito folded before Flop (didn't bet)
Seat 8: Los Tigras folded before Flop (didn't bet)
Seat 9: TUH5 folded before Flop (didn't bet)



PokerStars Hand #223749554668:  Hold'em No Limit ($0.01/$0.02 USD) - 2021/02/12 21:19:34 PT [2021/02/13 0:19:34 ET]
Table 'Chacornac V' 9-max Seat #5 is the button
Seat 2: Cozy012 ($3.28 in chips) 
Seat 5: berger757 ($1.07 in chips) 
Seat 6: Dorex2007 ($1.14 in chips) 
Seat 7: fosilito ($3.41 in chips) 
Seat 8: Los Tigras ($6.16 in chips) 
Seat 9: TUH5 ($1.89 in chips) 
Dorex2007: posts small blind $0.01
fosilito: posts big blind $0.02
*** HOLE CARDS ***
Dealt to Dorex2007 [8d 9s]
Los Tigras: folds 
TUH5: raises $0.04 to $0.06
Cozy012: folds 
berger757: folds 
Dorex2007: folds 
fosilito: folds 
Uncalled bet ($0.04) returned to TUH5
TUH5 collected $0.05 from pot
TUH5: doesn't show hand 
*** SUMMARY ***
Total pot $0.05 | Rake $0 
Seat 2: Cozy012 folded before Flop (didn't bet)
Seat 5: berger757 (button) folded before Flop (didn't bet)
Seat 6: Dorex2007 (small blind) folded before Flop
Seat 7: fosilito (big blind) folded before Flop
Seat 8: Los Tigras folded before Flop (didn't bet)
Seat 9: TUH5 collected ($0.05)



PokerStars Hand #223749559054:  Hold'em No Limit ($0.01/$0.02 USD) - 2021/02/12 21:19:51 PT [2021/02/13 0:19:51 ET]
Table 'Chacornac V' 9-max Seat #6 is the button
Seat 2: Cozy012 ($3.28 in chips) 
Seat 5: berger757 ($1.07 in chips) 
Seat 6: Dorex2007 ($1.13 in chips) 
Seat 7: fosilito ($3.39 in chips) 
Seat 8: Los Tigras ($6.16 in chips) 
Seat 9: TUH5 ($1.92 in chips) 
fosilito: posts small blind $0.01
Los Tigras: posts big blind $0.02
*** HOLE CARDS ***
Dealt to Dorex2007 [Ts 5s]
Urasik1979 joins the table at seat #1 
TUH5: folds 
Cozy012: raises $0.02 to $0.04
berger757: folds 
Dorex2007: folds 
fosilito: folds 
Los Tigras: folds 
Uncalled bet ($0.02) returned to Cozy012
Cozy012 collected $0.05 from pot
Cozy012: doesn't show hand 
*** SUMMARY ***
Total pot $0.05 | Rake $0 
Seat 2: Cozy012 collected ($0.05)
Seat 5: berger757 folded before Flop (didn't bet)
Seat 6: Dorex2007 (button) folded before Flop (didn't bet)
Seat 7: fosilito (small blind) folded before Flop
Seat 8: Los Tigras (big blind) folded before Flop
Seat 9: TUH5 folded before Flop (didn't bet)



PokerStars Hand #223749564964:  Hold'em No Limit ($0.01/$0.02 USD) - 2021/02/12 21:20:12 PT [2021/02/13 0:20:12 ET]
Table 'Chacornac V' 9-max Seat #7 is the button
Seat 2: Cozy012 ($3.31 in chips) 
Seat 5: berger757 ($1.07 in chips) 
Seat 6: Dorex2007 ($1.13 in chips) 
Seat 7: fosilito ($3.38 in chips) 
Seat 8: Los Tigras ($6.14 in chips) 
Seat 9: TUH5 ($1.92 in chips) 
Los Tigras: posts small blind $0.01
TUH5: posts big blind $0.02
Urasik1979: sits out 
*** HOLE CARDS ***
Dealt to Dorex2007 [7s Jh]
Aceinyofayce joins the table at seat #3 
Cozy012: folds 
berger757: folds 
Dorex2007: folds 
fosilito has timed out
fosilito: folds 
Los Tigras: folds 
Uncalled bet ($0.01) returned to TUH5
TUH5 collected $0.02 from pot
TUH5: doesn't show hand 
*** SUMMARY ***
Total pot $0.02 | Rake $0 
Seat 2: Cozy012 folded before Flop (didn't bet)
Seat 5: berger757 folded before Flop (didn't bet)
Seat 6: Dorex2007 folded before Flop (didn't bet)
Seat 7: fosilito (button) folded before Flop (didn't bet)
Seat 8: Los Tigras (small blind) folded before Flop
Seat 9: TUH5 (big blind) collected ($0.02)



PokerStars Hand #223749571148:  Hold'em No Limit ($0.01/$0.02 USD) - 2021/02/12 21:20:35 PT [2021/02/13 0:20:35 ET]
Table 'Chacornac V' 9-max Seat #8 is the button
Seat 1: Urasik1979 ($0.80 in chips) 
Seat 2: Cozy012 ($3.31 in chips) 
Seat 3: Aceinyofayce ($2 in chips) 
Seat 5: berger757 ($1.07 in chips) 
Seat 6: Dorex2007 ($1.13 in chips) 
Seat 8: Los Tigras ($6.13 in chips) 
Seat 9: TUH5 ($1.93 in chips) 
TUH5: posts small blind $0.01
Urasik1979: posts big blind $0.02
Aceinyofayce: posts big blind $0.02
*** HOLE CARDS ***
Dealt to Dorex2007 [5s 9c]
Cozy012: raises $0.02 to $0.04
Aceinyofayce: calls $0.02
royrobk joins the table at seat #4 
berger757: folds 
Dorex2007: folds 
Los Tigras: folds 
TUH5: folds 
Urasik1979: folds 
*** FLOP *** [9d Kh 6c]
Cozy012: bets $0.05
Aceinyofayce: calls $0.05
*** TURN *** [9d Kh 6c] [7s]
Cozy012: bets $0.10
Aceinyofayce: calls $0.10
*** RIVER *** [9d Kh 6c 7s] [Kc]
Cozy012: bets $0.40
Aceinyofayce: calls $0.40
*** SHOW DOWN ***
Cozy012: shows [8s Ks] (three of a kind, Kings)
Aceinyofayce: mucks hand 
Cozy012 collected $1.17 from pot
*** SUMMARY ***
Total pot $1.21 | Rake $0.04 
Board [9d Kh 6c 7s Kc]
Seat 1: Urasik1979 (big blind) folded before Flop
Seat 2: Cozy012 showed [8s Ks] and won ($1.17) with three of a kind, Kings
Seat 3: Aceinyofayce mucked [3c Kd]
Seat 5: berger757 folded before Flop (didn't bet)
Seat 6: Dorex2007 folded before Flop (didn't bet)
Seat 8: Los Tigras (button) folded before Flop (didn't bet)
Seat 9: TUH5 (small blind) folded before Flop



PokerStars Hand #223749585029:  Hold'em No Limit ($0.01/$0.02 USD) - 2021/02/12 21:21:25 PT [2021/02/13 0:21:25 ET]
Table 'Chacornac V' 9-max Seat #9 is the button
Seat 1: Urasik1979 ($0.78 in chips) 
Seat 2: Cozy012 ($3.89 in chips) 
Seat 3: Aceinyofayce ($1.41 in chips) 
Seat 4: royrobk ($1.60 in chips) 
Seat 5: berger757 ($1.07 in chips) 
Seat 6: Dorex2007 ($1.13 in chips) 
Seat 8: Los Tigras ($6.13 in chips) 
Seat 9: TUH5 ($1.92 in chips) 
Urasik1979: posts small blind $0.01
Cozy012: posts big blind $0.02
royrobk: posts big blind $0.02
*** HOLE CARDS ***
Dealt to Dorex2007 [Jd Td]
Aceinyofayce: raises $0.04 to $0.06
royrobk: calls $0.04
berger757: folds 
Dorex2007: calls $0.06
Los Tigras: folds 
TUH5: calls $0.06
Urasik1979: folds 
Cozy012: folds 
*** FLOP *** [Ks 8h 4c]
Aceinyofayce: bets $0.10
royrobk: folds 
Dorex2007: folds 
TUH5: folds 
Uncalled bet ($0.10) returned to Aceinyofayce
Aceinyofayce collected $0.26 from pot
*** SUMMARY ***
Total pot $0.27 | Rake $0.01 
Board [Ks 8h 4c]
Seat 1: Urasik1979 (small blind) folded before Flop
Seat 2: Cozy012 (big blind) folded before Flop
Seat 3: Aceinyofayce collected ($0.26)
Seat 4: royrobk folded on the Flop
Seat 5: berger757 folded before Flop (didn't bet)
Seat 6: Dorex2007 folded on the Flop
Seat 8: Los Tigras folded before Flop (didn't bet)
Seat 9: TUH5 (button) folded on the Flop



PokerStars Hand #223749600845:  Hold'em No Limit ($0.01/$0.02 USD) - 2021/02/12 21:22:04 PT [2021/02/13 0:22:04 ET]
Table 'Chacornac V' 9-max Seat #1 is the button
Seat 1: Urasik1979 ($0.77 in chips) 
Seat 2: Cozy012 ($3.87 in chips) 
Seat 3: Aceinyofayce ($1.61 in chips) 
Seat 4: royrobk ($1.54 in chips) 
Seat 5: berger757 ($1.07 in chips) 
Seat 6: Dorex2007 ($1.07 in chips) 
Seat 8: Los Tigras ($6.13 in chips) 
Seat 9: TUH5 ($1.86 in chips) 
Cozy012: posts small blind $0.01
Aceinyofayce: posts big blind $0.02
*** HOLE CARDS ***
Dealt to Dorex2007 [3c 2c]
royrobk: calls $0.02
berger757: folds 
Dorex2007: folds 
Los Tigras: folds 
TUH5: folds 
Urasik1979 has timed out
Urasik1979: folds 
Cozy012: raises $0.02 to $0.04
Aceinyofayce: calls $0.02
royrobk: calls $0.02
*** FLOP *** [As 9d 4d]
Cozy012: checks 
Aceinyofayce: checks 
royrobk: checks 
*** TURN *** [As 9d 4d] [2d]
Cozy012: checks 
Aceinyofayce: bets $0.06
royrobk: folds 
Cozy012: folds 
Uncalled bet ($0.06) returned to Aceinyofayce
Aceinyofayce collected $0.12 from pot
*** SUMMARY ***
Total pot $0.12 | Rake $0 
Board [As 9d 4d 2d]
Seat 1: Urasik1979 (button) folded before Flop (didn't bet)
Seat 2: Cozy012 (small blind) folded on the Turn
Seat 3: Aceinyofayce (big blind) collected ($0.12)
Seat 4: royrobk folded on the Turn
Seat 5: berger757 folded before Flop (didn't bet)
Seat 6: Dorex2007 folded before Flop (didn't bet)
Seat 8: Los Tigras folded before Flop (didn't bet)
Seat 9: TUH5 folded before Flop (didn't bet)



PokerStars Hand #223749614154:  Hold'em No Limit ($0.01/$0.02 USD) - 2021/02/12 21:22:53 PT [2021/02/13 0:22:53 ET]
Table 'Chacornac V' 9-max Seat #2 is the button
Seat 1: Urasik1979 ($0.77 in chips) 
Seat 2: Cozy012 ($3.83 in chips) 
Seat 3: Aceinyofayce ($1.69 in chips) 
Seat 4: royrobk ($1.50 in chips) 
Seat 5: berger757 ($1.07 in chips) 
Seat 6: Dorex2007 ($1.07 in chips) 
Seat 8: Los Tigras ($6.13 in chips) 
Seat 9: TUH5 ($1.86 in chips) 
Aceinyofayce: posts small blind $0.01
royrobk: posts big blind $0.02
*** HOLE CARDS ***
Dealt to Dorex2007 [5d 6c]
berger757: calls $0.02
Dorex2007: folds 
Los Tigras: folds 
TUH5: folds 
Urasik1979 has timed out
Urasik1979: folds 
Cozy012: calls $0.02
Aceinyofayce: folds 
royrobk: checks 
*** FLOP *** [9d Tc 2c]
royrobk: checks 
berger757: checks 
Cozy012: bets $0.03
royrobk: calls $0.03
berger757: raises $0.16 to $0.19
Cozy012: folds 
royrobk: folds 
Uncalled bet ($0.16) returned to berger757
berger757 collected $0.15 from pot
berger757: doesn't show hand 
*** SUMMARY ***
Total pot $0.16 | Rake $0.01 
Board [9d Tc 2c]
Seat 1: Urasik1979 folded before Flop (didn't bet)
Seat 2: Cozy012 (button) folded on the Flop
Seat 3: Aceinyofayce (small blind) folded before Flop
Seat 4: royrobk (big blind) folded on the Flop
Seat 5: berger757 collected ($0.15)
Seat 6: Dorex2007 folded before Flop (didn't bet)
Seat 8: Los Tigras folded before Flop (didn't bet)
Seat 9: TUH5 folded before Flop (didn't bet)



PokerStars Hand #223749626093:  Hold'em No Limit ($0.01/$0.02 USD) - 2021/02/12 21:23:37 PT [2021/02/13 0:23:37 ET]
Table 'Chacornac V' 9-max Seat #3 is the button
Seat 1: Urasik1979 ($0.77 in chips) 
Seat 2: Cozy012 ($3.78 in chips) 
Seat 3: Aceinyofayce ($1.68 in chips) 
Seat 4: royrobk ($1.45 in chips) 
Seat 5: berger757 ($1.17 in chips) 
Seat 6: Dorex2007 ($1.07 in chips) 
Seat 8: Los Tigras ($6.13 in chips) 
Seat 9: TUH5 ($1.86 in chips) 
royrobk: posts small blind $0.01
berger757: posts big blind $0.02
*** HOLE CARDS ***
Dealt to Dorex2007 [6h Tc]
Dorex2007: folds 
Los Tigras: folds 
TUH5: folds 
Urasik1979 has timed out
Urasik1979: folds 
Cozy012: folds 
Aceinyofayce: calls $0.02
royrobk: calls $0.01
berger757: checks 
*** FLOP *** [Jd Kd 4s]
royrobk: checks 
berger757: checks 
Aceinyofayce: bets $0.03
royrobk: folds 
berger757: folds 
Uncalled bet ($0.03) returned to Aceinyofayce
Aceinyofayce collected $0.06 from pot
*** SUMMARY ***
Total pot $0.06 | Rake $0 
Board [Jd Kd 4s]
Seat 1: Urasik1979 folded before Flop (didn't bet)
Seat 2: Cozy012 folded before Flop (didn't bet)
Seat 3: Aceinyofayce (button) collected ($0.06)
Seat 4: royrobk (small blind) folded on the Flop
Seat 5: berger757 (big blind) folded on the Flop
Seat 6: Dorex2007 folded before Flop (didn't bet)
Seat 8: Los Tigras folded before Flop (didn't bet)
Seat 9: TUH5 folded before Flop (didn't bet)



PokerStars Hand #223749637078:  Hold'em No Limit ($0.01/$0.02 USD) - 2021/02/12 21:24:17 PT [2021/02/13 0:24:17 ET]
Table 'Chacornac V' 9-max Seat #4 is the button
Seat 2: Cozy012 ($3.78 in chips) 
Seat 3: Aceinyofayce ($1.72 in chips) 
Seat 4: royrobk ($1.43 in chips) 
Seat 5: berger757 ($1.15 in chips) 
Seat 6: Dorex2007 ($1.07 in chips) 
Seat 8: Los Tigras ($6.13 in chips) 
Seat 9: TUH5 ($1.86 in chips) 
berger757: posts small blind $0.01
Dorex2007: posts big blind $0.02
*** HOLE CARDS ***
Dealt to Dorex2007 [Ac 2h]
Los Tigras: folds 
TUH5: raises $0.04 to $0.06
Cozy012: folds 
Aceinyofayce: folds 
royrobk: folds 
berger757: folds 
Dorex2007: folds 
Uncalled bet ($0.04) returned to TUH5
TUH5 collected $0.05 from pot
TUH5: doesn't show hand 
*** SUMMARY ***
Total pot $0.05 | Rake $0 
Seat 2: Cozy012 folded before Flop (didn't bet)
Seat 3: Aceinyofayce folded before Flop (didn't bet)
Seat 4: royrobk (button) folded before Flop (didn't bet)
Seat 5: berger757 (small blind) folded before Flop
Seat 6: Dorex2007 (big blind) folded before Flop
Seat 8: Los Tigras folded before Flop (didn't bet)
Seat 9: TUH5 collected ($0.05)



PokerStars Hand #223749640736:  Hold'em No Limit ($0.01/$0.02 USD) - 2021/02/12 21:24:31 PT [2021/02/13 0:24:31 ET]
Table 'Chacornac V' 9-max Seat #5 is the button
Seat 2: Cozy012 ($3.78 in chips) 
Seat 3: Aceinyofayce ($1.72 in chips) 
Seat 4: royrobk ($1.43 in chips) 
Seat 5: berger757 ($1.14 in chips) 
Seat 6: Dorex2007 ($1.05 in chips) 
Seat 8: Los Tigras ($6.13 in chips) 
Seat 9: TUH5 ($1.89 in chips) 
Dorex2007: posts small blind $0.01
Los Tigras: posts big blind $0.02
*** HOLE CARDS ***
Dealt to Dorex2007 [9c As]
TUH5: raises $0.04 to $0.06
Cozy012: folds 
Aceinyofayce: folds 
royrobk: folds 
berger757: folds 
Dorex2007: calls $0.05
Los Tigras: folds 
*** FLOP *** [5h 8c 5d]
Dorex2007: checks 
TUH5: checks 
*** TURN *** [5h 8c 5d] [3c]
Dorex2007: checks 
TUH5: bets $0.07
Dorex2007: folds 
Uncalled bet ($0.07) returned to TUH5
TUH5 collected $0.14 from pot
TUH5: doesn't show hand 
*** SUMMARY ***
Total pot $0.14 | Rake $0 
Board [5h 8c 5d 3c]
Seat 2: Cozy012 folded before Flop (didn't bet)
Seat 3: Aceinyofayce folded before Flop (didn't bet)
Seat 4: royrobk folded before Flop (didn't bet)
Seat 5: berger757 (button) folded before Flop (didn't bet)
Seat 6: Dorex2007 (small blind) folded on the Turn
Seat 8: Los Tigras (big blind) folded before Flop
Seat 9: TUH5 collected ($0.14)



PokerStars Hand #223749648377:  Hold'em No Limit ($0.01/$0.02 USD) - 2021/02/12 21:24:59 PT [2021/02/13 0:24:59 ET]
Table 'Chacornac V' 9-max Seat #6 is the button
Seat 1: Urasik1979 ($0.77 in chips) 
Seat 2: Cozy012 ($3.78 in chips) 
Seat 3: Aceinyofayce ($1.72 in chips) 
Seat 4: royrobk ($1.43 in chips) 
Seat 5: berger757 ($1.14 in chips) 
Seat 6: Dorex2007 ($0.99 in chips) 
Seat 8: Los Tigras ($6.11 in chips) 
Seat 9: TUH5 ($1.97 in chips) 
Los Tigras: posts small blind $0.01
TUH5: posts big blind $0.02
*** HOLE CARDS ***
Dealt to Dorex2007 [Kd 8c]
Urasik1979 has timed out
Urasik1979: folds 
fosilito leaves the table
Cozy012: folds 
Aceinyofayce: calls $0.02
royrobk: folds 
berger757: folds 
Dorex2007: folds 
Los Tigras: folds 
TUH5: checks 
*** FLOP *** [9h 3d 4h]
kraba2601 joins the table at seat #7 
TUH5: checks 
Aceinyofayce: bets $0.03
TUH5: folds 
Uncalled bet ($0.03) returned to Aceinyofayce
Aceinyofayce collected $0.05 from pot
*** SUMMARY ***
Total pot $0.05 | Rake $0 
Board [9h 3d 4h]
Seat 1: Urasik1979 folded before Flop (didn't bet)
Seat 2: Cozy012 folded before Flop (didn't bet)
Seat 3: Aceinyofayce collected ($0.05)
Seat 4: royrobk folded before Flop (didn't bet)
Seat 5: berger757 folded before Flop (didn't bet)
Seat 6: Dorex2007 (button) folded before Flop (didn't bet)
Seat 8: Los Tigras (small blind) folded before Flop
Seat 9: TUH5 (big blind) folded on the Flop



PokerStars Hand #223749658780:  Hold'em No Limit ($0.01/$0.02 USD) - 2021/02/12 21:25:38 PT [2021/02/13 0:25:38 ET]
Table 'Chacornac V' 9-max Seat #8 is the button
Seat 1: Urasik1979 ($0.77 in chips) 
Seat 2: Cozy012 ($3.78 in chips) 
Seat 3: Aceinyofayce ($1.75 in chips) 
Seat 4: royrobk ($1.43 in chips) 
Seat 5: berger757 ($1.14 in chips) 
Seat 6: Dorex2007 ($0.99 in chips) 
Seat 8: Los Tigras ($6.10 in chips) 
Seat 9: TUH5 ($1.95 in chips) 
TUH5: posts small blind $0.01
Urasik1979: posts big blind $0.02
kraba2601: sits out 
*** HOLE CARDS ***
Dealt to Dorex2007 [8c As]
Cozy012: folds 
Aceinyofayce: calls $0.02
royrobk: folds 
berger757: folds 
Dorex2007: folds 
Los Tigras: folds 
TUH5: calls $0.01
Urasik1979: checks 
*** FLOP *** [Tc Jh Kc]
TUH5: bets $0.02
Urasik1979: calls $0.02
Aceinyofayce: calls $0.02
*** TURN *** [Tc Jh Kc] [6h]
TUH5: checks 
Urasik1979: checks 
Aceinyofayce: checks 
*** RIVER *** [Tc Jh Kc 6h] [8d]
TUH5: checks 
Urasik1979: checks 
Aceinyofayce: bets $0.06
TUH5: folds 
Urasik1979: folds 
Uncalled bet ($0.06) returned to Aceinyofayce
Aceinyofayce collected $0.12 from pot
*** SUMMARY ***
Total pot $0.12 | Rake $0 
Board [Tc Jh Kc 6h 8d]
Seat 1: Urasik1979 (big blind) folded on the River
Seat 2: Cozy012 folded before Flop (didn't bet)
Seat 3: Aceinyofayce collected ($0.12)
Seat 4: royrobk folded before Flop (didn't bet)
Seat 5: berger757 folded before Flop (didn't bet)
Seat 6: Dorex2007 folded before Flop (didn't bet)
Seat 8: Los Tigras (button) folded before Flop (didn't bet)
Seat 9: TUH5 (small blind) folded on the River



PokerStars Hand #223749675766:  Hold'em No Limit ($0.01/$0.02 USD) - 2021/02/12 21:26:42 PT [2021/02/13 0:26:42 ET]
Table 'Chacornac V' 9-max Seat #9 is the button
Seat 1: Urasik1979 ($0.73 in chips) 
Seat 2: Cozy012 ($3.78 in chips) 
Seat 3: Aceinyofayce ($1.83 in chips) 
Seat 4: royrobk ($1.43 in chips) 
Seat 5: berger757 ($1.14 in chips) 
Seat 6: Dorex2007 ($0.99 in chips) 
Seat 7: kraba2601 ($1.60 in chips) 
Seat 8: Los Tigras ($6.10 in chips) 
Seat 9: TUH5 ($1.91 in chips) 
Urasik1979: posts small blind $0.01
Cozy012: posts big blind $0.02
kraba2601: posts big blind $0.02
*** HOLE CARDS ***
Dealt to Dorex2007 [7d 3h]
Aceinyofayce: folds 
royrobk: calls $0.02
berger757: calls $0.02
Dorex2007: folds 
kraba2601: raises $0.02 to $0.04
Los Tigras: folds 
TUH5: folds 
Urasik1979: folds 
Cozy012: calls $0.02
royrobk: calls $0.02
berger757: calls $0.02
*** FLOP *** [Js 9d 6s]
Cozy012: checks 
royrobk: checks 
berger757: checks 
kraba2601: bets $0.06
Cozy012: calls $0.06
royrobk: calls $0.06
berger757: folds 
*** TURN *** [Js 9d 6s] [Jd]
Cozy012: checks 
royrobk: checks 
kraba2601: checks 
*** RIVER *** [Js 9d 6s Jd] [4d]
Cozy012: checks 
royrobk: checks 
kraba2601: bets $0.06
Cozy012: folds 
royrobk: calls $0.06
*** SHOW DOWN ***
kraba2601: shows [8d Ad] (a flush, Ace high)
royrobk: mucks hand 
kraba2601 collected $0.45 from pot
*** SUMMARY ***
Total pot $0.47 | Rake $0.02 
Board [Js 9d 6s Jd 4d]
Seat 1: Urasik1979 (small blind) folded before Flop
Seat 2: Cozy012 (big blind) folded on the River
Seat 3: Aceinyofayce folded before Flop (didn't bet)
Seat 4: royrobk mucked [6d 9h]
Seat 5: berger757 folded on the Flop
Seat 6: Dorex2007 folded before Flop (didn't bet)
Seat 7: kraba2601 showed [8d Ad] and won ($0.45) with a flush, Ace high
Seat 8: Los Tigras folded before Flop (didn't bet)
Seat 9: TUH5 (button) folded before Flop (didn't bet)



PokerStars Hand #223749697582:  Hold'em No Limit ($0.01/$0.02 USD) - 2021/02/12 21:28:04 PT [2021/02/13 0:28:04 ET]
Table 'Chacornac V' 9-max Seat #1 is the button
Seat 1: Urasik1979 ($0.72 in chips) 
Seat 2: Cozy012 ($3.68 in chips) 
Seat 3: Aceinyofayce ($1.83 in chips) 
Seat 4: royrobk ($1.27 in chips) 
Seat 5: berger757 ($1.10 in chips) 
Seat 6: Dorex2007 ($0.99 in chips) 
Seat 7: kraba2601 ($1.89 in chips) 
Seat 8: Los Tigras ($6.10 in chips) 
Seat 9: TUH5 ($1.91 in chips) 
Cozy012: posts small blind $0.01
Aceinyofayce: posts big blind $0.02
*** HOLE CARDS ***
Dealt to Dorex2007 [Qs Th]
royrobk: folds 
berger757: calls $0.02
Dorex2007: calls $0.02
kraba2601: folds 
Los Tigras: folds 
TUH5: folds 
Urasik1979: folds 
Cozy012: calls $0.01
Aceinyofayce: raises $0.10 to $0.12
berger757: raises $0.98 to $1.10 and is all-in
Dorex2007: folds 
Cozy012: folds 
Aceinyofayce: calls $0.98
*** FLOP *** [5d Kh Kc]
*** TURN *** [5d Kh Kc] [Ah]
*** RIVER *** [5d Kh Kc Ah] [8s]
*** SHOW DOWN ***
Aceinyofayce: shows [Qh Ad] (two pair, Aces and Kings)
berger757: shows [7s 7d] (two pair, Kings and Sevens)
Aceinyofayce collected $2.16 from pot
*** SUMMARY ***
Total pot $2.24 | Rake $0.08 
Board [5d Kh Kc Ah 8s]
Seat 1: Urasik1979 (button) folded before Flop (didn't bet)
Seat 2: Cozy012 (small blind) folded before Flop
Seat 3: Aceinyofayce (big blind) showed [Qh Ad] and won ($2.16) with two pair, Aces and Kings
Seat 4: royrobk folded before Flop (didn't bet)
Seat 5: berger757 showed [7s 7d] and lost with two pair, Kings and Sevens
Seat 6: Dorex2007 folded before Flop
Seat 7: kraba2601 folded before Flop (didn't bet)
Seat 8: Los Tigras folded before Flop (didn't bet)
Seat 9: TUH5 folded before Flop (didn't bet)



