PokerStars Hand #227305684564:  Hold'em No Limit ($0.01/$0.02 USD) - 2021/06/03 17:39:04 PT [2021/06/03 20:39:04 ET]
Table 'Catriona' 9-max Seat #7 is the button
Seat 1: Dorex2007 ($2 in chips) 
Seat 2: kris.berd ($3.91 in chips) 
Seat 3: Ch0pperch1c ($1.40 in chips) 
Seat 4: turrnmeloose ($1.89 in chips) 
Seat 5: superjod218 ($2 in chips) 
Seat 6: WG8978 ($2 in chips) 
Seat 7: Dan strawman ($1.69 in chips) 
Seat 9: david84477 ($1.62 in chips) 
msgrilo has timed out
msgrilo: is sitting out 
david84477: posts small blind $0.01
Dorex2007: posts big blind $0.02
turrnmeloose: posts big blind $0.02
*** HOLE CARDS ***
Dealt to Dorex2007 [2d 5s]
msgrilo is disconnected 
kris.berd: folds 
Ch0pperch1c: folds 
turrnmeloose: checks 
superjod218: raises $0.06 to $0.08
WG8978: folds 
Dan strawman: folds 
david84477: folds 
Dorex2007: folds 
turrnmeloose: folds 
Uncalled bet ($0.06) returned to superjod218
superjod218 collected $0.07 from pot
superjod218: doesn't show hand 
*** SUMMARY ***
Total pot $0.07 | Rake $0 
Seat 1: Dorex2007 (big blind) folded before Flop
Seat 2: kris.berd folded before Flop (didn't bet)
Seat 3: Ch0pperch1c folded before Flop (didn't bet)
Seat 4: turrnmeloose folded before Flop (didn't bet)
Seat 5: superjod218 collected ($0.07)
Seat 6: WG8978 folded before Flop (didn't bet)
Seat 7: Dan strawman (button) folded before Flop (didn't bet)
Seat 9: david84477 (small blind) folded before Flop



PokerStars Hand #227305696033:  Hold'em No Limit ($0.01/$0.02 USD) - 2021/06/03 17:39:47 PT [2021/06/03 20:39:47 ET]
Table 'Catriona' 9-max Seat #9 is the button
Seat 1: Dorex2007 ($1.98 in chips) 
Seat 2: kris.berd ($3.91 in chips) 
Seat 3: Ch0pperch1c ($1.40 in chips) 
Seat 4: turrnmeloose ($1.89 in chips) 
Seat 5: superjod218 ($2.05 in chips) 
Seat 6: WG8978 ($2 in chips) 
Seat 7: Dan strawman ($2 in chips) 
Seat 9: david84477 ($1.61 in chips) 
Dorex2007: posts small blind $0.01
kris.berd: posts big blind $0.02
*** HOLE CARDS ***
Dealt to Dorex2007 [7c Td]
Ch0pperch1c: raises $0.02 to $0.04
turrnmeloose: raises $0.08 to $0.12
superjod218: folds 
WG8978: folds 
Dan strawman: folds 
david84477: folds 
Dorex2007: folds 
kris.berd: calls $0.10
Ch0pperch1c: calls $0.08
*** FLOP *** [Kd Qc 7d]
kris.berd: checks 
Ch0pperch1c: bets $0.18
turrnmeloose: calls $0.18
kris.berd: calls $0.18
*** TURN *** [Kd Qc 7d] [4s]
kris.berd: checks 
Ch0pperch1c: checks 
turrnmeloose: bets $0.44
kris.berd: folds 
Ch0pperch1c: calls $0.44
*** RIVER *** [Kd Qc 7d 4s] [4h]
Ch0pperch1c: bets $0.66 and is all-in
turrnmeloose: calls $0.66
*** SHOW DOWN ***
Ch0pperch1c: shows [Qh Qd] (a full house, Queens full of Fours)
turrnmeloose: shows [Th Kh] (two pair, Kings and Fours)
Ch0pperch1c collected $3 from pot
*** SUMMARY ***
Total pot $3.11 | Rake $0.11 
Board [Kd Qc 7d 4s 4h]
Seat 1: Dorex2007 (small blind) folded before Flop
Seat 2: kris.berd (big blind) folded on the Turn
Seat 3: Ch0pperch1c showed [Qh Qd] and won ($3) with a full house, Queens full of Fours
Seat 4: turrnmeloose showed [Th Kh] and lost with two pair, Kings and Fours
Seat 5: superjod218 folded before Flop (didn't bet)
Seat 6: WG8978 folded before Flop (didn't bet)
Seat 7: Dan strawman folded before Flop (didn't bet)
Seat 9: david84477 (button) folded before Flop (didn't bet)



PokerStars Hand #227305714453:  Hold'em No Limit ($0.01/$0.02 USD) - 2021/06/03 17:40:57 PT [2021/06/03 20:40:57 ET]
Table 'Catriona' 9-max Seat #1 is the button
Seat 1: Dorex2007 ($1.97 in chips) 
Seat 2: kris.berd ($3.61 in chips) 
Seat 3: Ch0pperch1c ($3 in chips) 
Seat 4: turrnmeloose ($1.89 in chips) 
Seat 5: superjod218 ($2.05 in chips) 
Seat 6: WG8978 ($2 in chips) 
Seat 7: Dan strawman ($2 in chips) 
Seat 9: david84477 ($1.61 in chips) 
kris.berd: posts small blind $0.01
Ch0pperch1c: posts big blind $0.02
*** HOLE CARDS ***
Dealt to Dorex2007 [3s 2h]
turrnmeloose: folds 
superjod218: folds 
turrnmeloose leaves the table
WG8978: folds 
Dan strawman: folds 
david84477: folds 
Dorex2007: folds 
kris.berd: raises $0.04 to $0.06
12AJV9 joins the table at seat #4 
Ch0pperch1c: calls $0.04
*** FLOP *** [Kc 9h 2s]
kris.berd: checks 
Ch0pperch1c: checks 
*** TURN *** [Kc 9h 2s] [7c]
kris.berd: bets $0.09
Ch0pperch1c: folds 
Uncalled bet ($0.09) returned to kris.berd
kris.berd collected $0.12 from pot
*** SUMMARY ***
Total pot $0.12 | Rake $0 
Board [Kc 9h 2s 7c]
Seat 1: Dorex2007 (button) folded before Flop (didn't bet)
Seat 2: kris.berd (small blind) collected ($0.12)
Seat 3: Ch0pperch1c (big blind) folded on the Turn
Seat 4: turrnmeloose folded before Flop (didn't bet)
Seat 5: superjod218 folded before Flop (didn't bet)
Seat 6: WG8978 folded before Flop (didn't bet)
Seat 7: Dan strawman folded before Flop (didn't bet)
Seat 9: david84477 folded before Flop (didn't bet)



PokerStars Hand #227305722862:  Hold'em No Limit ($0.01/$0.02 USD) - 2021/06/03 17:41:29 PT [2021/06/03 20:41:29 ET]
Table 'Catriona' 9-max Seat #2 is the button
Seat 1: Dorex2007 ($1.97 in chips) 
Seat 2: kris.berd ($3.67 in chips) 
Seat 3: Ch0pperch1c ($2.94 in chips) 
Seat 4: 12AJV9 ($2 in chips) 
Seat 5: superjod218 ($2.05 in chips) 
Seat 6: WG8978 ($2 in chips) 
Seat 7: Dan strawman ($2 in chips) 
Seat 9: david84477 ($1.61 in chips) 
Ch0pperch1c: posts small blind $0.01
12AJV9: posts big blind $0.02
msgrilo: sits out 
*** HOLE CARDS ***
Dealt to Dorex2007 [7c Tc]
superjod218: folds 
WG8978: folds 
Dan strawman: folds 
david84477: calls $0.02
Dorex2007: folds 
kris.berd: folds 
Ch0pperch1c: calls $0.01
12AJV9: checks 
*** FLOP *** [8s 7d As]
Ch0pperch1c: checks 
12AJV9: checks 
david84477: bets $0.06
Ch0pperch1c: calls $0.06
12AJV9: folds 
*** TURN *** [8s 7d As] [Qs]
Ch0pperch1c: checks 
david84477: bets $0.06
Ch0pperch1c: calls $0.06
*** RIVER *** [8s 7d As Qs] [7h]
Ch0pperch1c: checks 
david84477: checks 
*** SHOW DOWN ***
Ch0pperch1c: shows [5s 6d] (a pair of Sevens)
david84477: shows [Ah 9c] (two pair, Aces and Sevens)
david84477 collected $0.29 from pot
*** SUMMARY ***
Total pot $0.30 | Rake $0.01 
Board [8s 7d As Qs 7h]
Seat 1: Dorex2007 folded before Flop (didn't bet)
Seat 2: kris.berd (button) folded before Flop (didn't bet)
Seat 3: Ch0pperch1c (small blind) showed [5s 6d] and lost with a pair of Sevens
Seat 4: 12AJV9 (big blind) folded on the Flop
Seat 5: superjod218 folded before Flop (didn't bet)
Seat 6: WG8978 folded before Flop (didn't bet)
Seat 7: Dan strawman folded before Flop (didn't bet)
Seat 9: david84477 showed [Ah 9c] and won ($0.29) with two pair, Aces and Sevens



PokerStars Hand #227305747456:  Hold'em No Limit ($0.01/$0.02 USD) - 2021/06/03 17:43:02 PT [2021/06/03 20:43:02 ET]
Table 'Catriona' 9-max Seat #3 is the button
Seat 1: Dorex2007 ($1.97 in chips) 
Seat 2: kris.berd ($3.67 in chips) 
Seat 3: Ch0pperch1c ($2.80 in chips) 
Seat 4: 12AJV9 ($1.98 in chips) 
Seat 5: superjod218 ($2.05 in chips) 
Seat 6: WG8978 ($2 in chips) 
Seat 7: Dan strawman ($2 in chips) 
Seat 9: david84477 ($1.76 in chips) 
12AJV9: posts small blind $0.01
superjod218: posts big blind $0.02
msgrilo: sits out 
*** HOLE CARDS ***
Dealt to Dorex2007 [Kc Jh]
WG8978: folds 
Dan strawman: folds 
david84477: folds 
Dorex2007: raises $0.04 to $0.06
kris.berd: calls $0.06
Ch0pperch1c: calls $0.06
12AJV9: folds 
superjod218: calls $0.04
*** FLOP *** [9s Qs 5d]
superjod218: checks 
Dorex2007: checks 
kris.berd: checks 
Ch0pperch1c: bets $0.12
superjod218: folds 
Dorex2007: folds 
kris.berd: raises $0.12 to $0.24
Ch0pperch1c: calls $0.12
*** TURN *** [9s Qs 5d] [Kh]
kris.berd: checks 
Ch0pperch1c: bets $0.70
kris.berd: calls $0.70
*** RIVER *** [9s Qs 5d Kh] [6s]
kris.berd: bets $0.32
Ch0pperch1c: calls $0.32
*** SHOW DOWN ***
kris.berd: shows [7s As] (a flush, Ace high)
Ch0pperch1c: mucks hand 
kris.berd collected $2.67 from pot
*** SUMMARY ***
Total pot $2.77 | Rake $0.10 
Board [9s Qs 5d Kh 6s]
Seat 1: Dorex2007 folded on the Flop
Seat 2: kris.berd showed [7s As] and won ($2.67) with a flush, Ace high
Seat 3: Ch0pperch1c (button) mucked [Qd Qh]
Seat 4: 12AJV9 (small blind) folded before Flop
Seat 5: superjod218 (big blind) folded on the Flop
Seat 6: WG8978 folded before Flop (didn't bet)
Seat 7: Dan strawman folded before Flop (didn't bet)
Seat 9: david84477 folded before Flop (didn't bet)



PokerStars Hand #227305767629:  Hold'em No Limit ($0.01/$0.02 USD) - 2021/06/03 17:44:20 PT [2021/06/03 20:44:20 ET]
Table 'Catriona' 9-max Seat #4 is the button
Seat 1: Dorex2007 ($1.91 in chips) 
Seat 2: kris.berd ($5.02 in chips) 
Seat 3: Ch0pperch1c ($1.48 in chips) 
Seat 4: 12AJV9 ($1.97 in chips) 
Seat 5: superjod218 ($2 in chips) 
Seat 6: WG8978 ($2 in chips) 
Seat 7: Dan strawman ($2 in chips) 
Seat 9: david84477 ($1.76 in chips) 
superjod218: posts small blind $0.01
WG8978: posts big blind $0.02
msgrilo: sits out 
*** HOLE CARDS ***
Dealt to Dorex2007 [Jc 5s]
Dan strawman: calls $0.02
david84477: folds 
Dorex2007: folds 
kris.berd: folds 
Ch0pperch1c: calls $0.02
12AJV9: raises $0.08 to $0.10
superjod218: folds 
WG8978: folds 
Dan strawman: calls $0.08
Ch0pperch1c: calls $0.08
*** FLOP *** [7d 8s 3c]
Dan strawman: checks 
Ch0pperch1c: checks 
12AJV9: bets $0.11
Dan strawman: calls $0.11
Ch0pperch1c: calls $0.11
*** TURN *** [7d 8s 3c] [Qh]
Dan strawman: checks 
Ch0pperch1c: checks 
12AJV9: checks 
*** RIVER *** [7d 8s 3c Qh] [Kc]
Dan strawman: bets $0.40
Ch0pperch1c: folds 
12AJV9: folds 
Uncalled bet ($0.40) returned to Dan strawman
Dan strawman collected $0.64 from pot
Dan strawman: doesn't show hand 
*** SUMMARY ***
Total pot $0.66 | Rake $0.02 
Board [7d 8s 3c Qh Kc]
Seat 1: Dorex2007 folded before Flop (didn't bet)
Seat 2: kris.berd folded before Flop (didn't bet)
Seat 3: Ch0pperch1c folded on the River
Seat 4: 12AJV9 (button) folded on the River
Seat 5: superjod218 (small blind) folded before Flop
Seat 6: WG8978 (big blind) folded before Flop
Seat 7: Dan strawman collected ($0.64)
Seat 9: david84477 folded before Flop (didn't bet)



PokerStars Hand #227305792849:  Hold'em No Limit ($0.01/$0.02 USD) - 2021/06/03 17:45:47 PT [2021/06/03 20:45:47 ET]
Table 'Catriona' 9-max Seat #5 is the button
Seat 1: Dorex2007 ($1.91 in chips) 
Seat 2: kris.berd ($5.02 in chips) 
Seat 3: Ch0pperch1c ($1.27 in chips) 
Seat 4: 12AJV9 ($1.76 in chips) 
Seat 5: superjod218 ($2 in chips) 
Seat 6: WG8978 ($2 in chips) 
Seat 7: Dan strawman ($2.43 in chips) 
Seat 9: david84477 ($1.76 in chips) 
WG8978: posts small blind $0.01
Dan strawman: posts big blind $0.02
msgrilo: sits out 
*** HOLE CARDS ***
Dealt to Dorex2007 [7d Kh]
david84477: folds 
Dorex2007: folds 
kris.berd: folds 
Ch0pperch1c: calls $0.02
12AJV9: raises $0.05 to $0.07
superjod218: folds 
WG8978: folds 
Dan strawman: folds 
Ch0pperch1c: calls $0.05
*** FLOP *** [As 5d 9d]
Ch0pperch1c: checks 
12AJV9: bets $0.05
Ch0pperch1c: folds 
Uncalled bet ($0.05) returned to 12AJV9
12AJV9 collected $0.16 from pot
*** SUMMARY ***
Total pot $0.17 | Rake $0.01 
Board [As 5d 9d]
Seat 1: Dorex2007 folded before Flop (didn't bet)
Seat 2: kris.berd folded before Flop (didn't bet)
Seat 3: Ch0pperch1c folded on the Flop
Seat 4: 12AJV9 collected ($0.16)
Seat 5: superjod218 (button) folded before Flop (didn't bet)
Seat 6: WG8978 (small blind) folded before Flop
Seat 7: Dan strawman (big blind) folded before Flop
Seat 9: david84477 folded before Flop (didn't bet)



PokerStars Hand #227305804646:  Hold'em No Limit ($0.01/$0.02 USD) - 2021/06/03 17:46:33 PT [2021/06/03 20:46:33 ET]
Table 'Catriona' 9-max Seat #6 is the button
Seat 1: Dorex2007 ($1.91 in chips) 
Seat 2: kris.berd ($5.02 in chips) 
Seat 3: Ch0pperch1c ($1.20 in chips) 
Seat 4: 12AJV9 ($1.85 in chips) 
Seat 5: superjod218 ($2 in chips) 
Seat 6: WG8978 ($2 in chips) 
Seat 7: Dan strawman ($2.41 in chips) 
Seat 8: msgrilo ($2.24 in chips) 
Seat 9: david84477 ($1.76 in chips) 
Dan strawman: posts small blind $0.01
msgrilo: posts big blind $0.02
*** HOLE CARDS ***
Dealt to Dorex2007 [5c Jc]
david84477: folds 
Dorex2007: folds 
kris.berd: raises $0.04 to $0.06
Ch0pperch1c: folds 
12AJV9: folds 
superjod218: folds 
WG8978: folds 
Dan strawman: folds 
msgrilo: folds 
Uncalled bet ($0.04) returned to kris.berd
kris.berd collected $0.05 from pot
*** SUMMARY ***
Total pot $0.05 | Rake $0 
Seat 1: Dorex2007 folded before Flop (didn't bet)
Seat 2: kris.berd collected ($0.05)
Seat 3: Ch0pperch1c folded before Flop (didn't bet)
Seat 4: 12AJV9 folded before Flop (didn't bet)
Seat 5: superjod218 folded before Flop (didn't bet)
Seat 6: WG8978 (button) folded before Flop (didn't bet)
Seat 7: Dan strawman (small blind) folded before Flop
Seat 8: msgrilo (big blind) folded before Flop
Seat 9: david84477 folded before Flop (didn't bet)



PokerStars Hand #227305812978:  Hold'em No Limit ($0.01/$0.02 USD) - 2021/06/03 17:47:05 PT [2021/06/03 20:47:05 ET]
Table 'Catriona' 9-max Seat #7 is the button
Seat 1: Dorex2007 ($1.91 in chips) 
Seat 2: kris.berd ($5.05 in chips) 
Seat 3: Ch0pperch1c ($1.20 in chips) 
Seat 4: 12AJV9 ($1.85 in chips) 
Seat 5: superjod218 ($2 in chips) 
Seat 6: WG8978 ($2 in chips) 
Seat 7: Dan strawman ($2.40 in chips) 
Seat 8: msgrilo ($2.22 in chips) 
Seat 9: david84477 ($1.76 in chips) 
msgrilo: posts small blind $0.01
david84477: posts big blind $0.02
*** HOLE CARDS ***
Dealt to Dorex2007 [7s Qs]
Dorex2007: folds 
kris.berd: folds 
Ch0pperch1c: folds 
12AJV9: folds 
superjod218: folds 
WG8978: raises $0.04 to $0.06
Dan strawman: folds 
msgrilo: folds 
david84477: folds 
Uncalled bet ($0.04) returned to WG8978
WG8978 collected $0.05 from pot
WG8978: doesn't show hand 
*** SUMMARY ***
Total pot $0.05 | Rake $0 
Seat 1: Dorex2007 folded before Flop (didn't bet)
Seat 2: kris.berd folded before Flop (didn't bet)
Seat 3: Ch0pperch1c folded before Flop (didn't bet)
Seat 4: 12AJV9 folded before Flop (didn't bet)
Seat 5: superjod218 folded before Flop (didn't bet)
Seat 6: WG8978 collected ($0.05)
Seat 7: Dan strawman (button) folded before Flop (didn't bet)
Seat 8: msgrilo (small blind) folded before Flop
Seat 9: david84477 (big blind) folded before Flop



PokerStars Hand #227305824172:  Hold'em No Limit ($0.01/$0.02 USD) - 2021/06/03 17:47:47 PT [2021/06/03 20:47:47 ET]
Table 'Catriona' 9-max Seat #8 is the button
Seat 1: Dorex2007 ($1.91 in chips) 
Seat 2: kris.berd ($5.05 in chips) 
Seat 3: Ch0pperch1c ($1.20 in chips) 
Seat 4: 12AJV9 ($1.85 in chips) 
Seat 5: superjod218 ($2 in chips) 
Seat 6: WG8978 ($2.03 in chips) 
Seat 7: Dan strawman ($2.40 in chips) 
Seat 8: msgrilo ($2.21 in chips) 
Seat 9: david84477 ($1.74 in chips) 
david84477: posts small blind $0.01
Dorex2007: posts big blind $0.02
*** HOLE CARDS ***
Dealt to Dorex2007 [9s 3h]
kris.berd: folds 
Ch0pperch1c: folds 
12AJV9: raises $0.03 to $0.05
superjod218: folds 
Ch0pperch1c leaves the table
WG8978: folds 
VascoSerg joins the table at seat #3 
Dan strawman: calls $0.05
msgrilo: folds 
david84477: folds 
Dorex2007: folds 
*** FLOP *** [8h As 7h]
12AJV9: bets $0.07
Dan strawman: folds 
Uncalled bet ($0.07) returned to 12AJV9
12AJV9 collected $0.13 from pot
*** SUMMARY ***
Total pot $0.13 | Rake $0 
Board [8h As 7h]
Seat 1: Dorex2007 (big blind) folded before Flop
Seat 2: kris.berd folded before Flop (didn't bet)
Seat 3: Ch0pperch1c folded before Flop (didn't bet)
Seat 4: 12AJV9 collected ($0.13)
Seat 5: superjod218 folded before Flop (didn't bet)
Seat 6: WG8978 folded before Flop (didn't bet)
Seat 7: Dan strawman folded on the Flop
Seat 8: msgrilo (button) folded before Flop (didn't bet)
Seat 9: david84477 (small blind) folded before Flop



PokerStars Hand #227305835448:  Hold'em No Limit ($0.01/$0.02 USD) - 2021/06/03 17:48:30 PT [2021/06/03 20:48:30 ET]
Table 'Catriona' 9-max Seat #9 is the button
Seat 1: Dorex2007 ($1.89 in chips) 
Seat 2: kris.berd ($5.05 in chips) 
Seat 4: 12AJV9 ($1.93 in chips) 
Seat 5: superjod218 ($2 in chips) 
Seat 6: WG8978 ($2.03 in chips) 
Seat 7: Dan strawman ($2.35 in chips) 
Seat 8: msgrilo ($2.21 in chips) 
Seat 9: david84477 ($1.73 in chips) 
Dorex2007: posts small blind $0.01
kris.berd: posts big blind $0.02
VascoSerg: sits out 
*** HOLE CARDS ***
Dealt to Dorex2007 [Th 4c]
12AJV9: folds 
superjod218: folds 
WG8978: folds 
Dan strawman: folds 
msgrilo: folds 
david84477: folds 
Dorex2007: folds 
Uncalled bet ($0.01) returned to kris.berd
kris.berd collected $0.02 from pot
*** SUMMARY ***
Total pot $0.02 | Rake $0 
Seat 1: Dorex2007 (small blind) folded before Flop
Seat 2: kris.berd (big blind) collected ($0.02)
Seat 4: 12AJV9 folded before Flop (didn't bet)
Seat 5: superjod218 folded before Flop (didn't bet)
Seat 6: WG8978 folded before Flop (didn't bet)
Seat 7: Dan strawman folded before Flop (didn't bet)
Seat 8: msgrilo folded before Flop (didn't bet)
Seat 9: david84477 (button) folded before Flop (didn't bet)



PokerStars Hand #227305844041:  Hold'em No Limit ($0.01/$0.02 USD) - 2021/06/03 17:48:55 PT [2021/06/03 20:48:55 ET]
Table 'Catriona' 9-max Seat #1 is the button
Seat 1: Dorex2007 ($1.88 in chips) 
Seat 2: kris.berd ($5.06 in chips) 
Seat 3: VascoSerg ($2 in chips) 
Seat 4: 12AJV9 ($1.93 in chips) 
Seat 5: superjod218 ($2 in chips) 
Seat 6: WG8978 ($2.03 in chips) 
Seat 7: Dan strawman ($2.35 in chips) 
Seat 8: msgrilo ($2.21 in chips) 
Seat 9: david84477 ($1.73 in chips) 
kris.berd: posts small blind $0.01
VascoSerg: posts big blind $0.02
*** HOLE CARDS ***
Dealt to Dorex2007 [9d 8s]
12AJV9: folds 
superjod218: folds 
WG8978: folds 
Dan strawman: folds 
msgrilo: folds 
david84477: folds 
Dorex2007: folds 
kris.berd: folds 
Uncalled bet ($0.01) returned to VascoSerg
VascoSerg collected $0.02 from pot
VascoSerg: doesn't show hand 
*** SUMMARY ***
Total pot $0.02 | Rake $0 
Seat 1: Dorex2007 (button) folded before Flop (didn't bet)
Seat 2: kris.berd (small blind) folded before Flop
Seat 3: VascoSerg (big blind) collected ($0.02)
Seat 4: 12AJV9 folded before Flop (didn't bet)
Seat 5: superjod218 folded before Flop (didn't bet)
Seat 6: WG8978 folded before Flop (didn't bet)
Seat 7: Dan strawman folded before Flop (didn't bet)
Seat 8: msgrilo folded before Flop (didn't bet)
Seat 9: david84477 folded before Flop (didn't bet)



PokerStars Hand #227305851986:  Hold'em No Limit ($0.01/$0.02 USD) - 2021/06/03 17:49:25 PT [2021/06/03 20:49:25 ET]
Table 'Catriona' 9-max Seat #2 is the button
Seat 1: Dorex2007 ($1.88 in chips) 
Seat 2: kris.berd ($5.05 in chips) 
Seat 3: VascoSerg ($2.01 in chips) 
Seat 4: 12AJV9 ($1.93 in chips) 
Seat 5: superjod218 ($2 in chips) 
Seat 6: WG8978 ($2.03 in chips) 
Seat 7: Dan strawman ($2.35 in chips) 
Seat 8: msgrilo ($2.21 in chips) 
Seat 9: david84477 ($1.73 in chips) 
VascoSerg: posts small blind $0.01
12AJV9: posts big blind $0.02
*** HOLE CARDS ***
Dealt to Dorex2007 [Kh Jd]
superjod218: folds 
WG8978: folds 
Dan strawman: raises $0.04 to $0.06
msgrilo: folds 
david84477: folds 
Dorex2007: folds 
kris.berd: folds 
VascoSerg: folds 
12AJV9: calls $0.04
*** FLOP *** [6s 7h 2s]
12AJV9: checks 
Dan strawman: bets $0.12
12AJV9: folds 
Uncalled bet ($0.12) returned to Dan strawman
Dan strawman collected $0.13 from pot
Dan strawman: doesn't show hand 
*** SUMMARY ***
Total pot $0.13 | Rake $0 
Board [6s 7h 2s]
Seat 1: Dorex2007 folded before Flop (didn't bet)
Seat 2: kris.berd (button) folded before Flop (didn't bet)
Seat 3: VascoSerg (small blind) folded before Flop
Seat 4: 12AJV9 (big blind) folded on the Flop
Seat 5: superjod218 folded before Flop (didn't bet)
Seat 6: WG8978 folded before Flop (didn't bet)
Seat 7: Dan strawman collected ($0.13)
Seat 8: msgrilo folded before Flop (didn't bet)
Seat 9: david84477 folded before Flop (didn't bet)



PokerStars Hand #227305867692:  Hold'em No Limit ($0.01/$0.02 USD) - 2021/06/03 17:50:26 PT [2021/06/03 20:50:26 ET]
Table 'Catriona' 9-max Seat #3 is the button
Seat 1: Dorex2007 ($1.88 in chips) 
Seat 2: kris.berd ($5.05 in chips) 
Seat 3: VascoSerg ($2 in chips) 
Seat 4: 12AJV9 ($1.87 in chips) 
Seat 5: superjod218 ($2 in chips) 
Seat 6: WG8978 ($2.03 in chips) 
Seat 7: Dan strawman ($2.42 in chips) 
Seat 8: msgrilo ($2.21 in chips) 
Seat 9: david84477 ($1.73 in chips) 
12AJV9: posts small blind $0.01
superjod218: posts big blind $0.02
*** HOLE CARDS ***
Dealt to Dorex2007 [Qs 2s]
WG8978: folds 
Dan strawman: folds 
msgrilo: folds 
david84477: folds 
Dorex2007: folds 
kris.berd: folds 
VascoSerg: folds 
12AJV9: folds 
Uncalled bet ($0.01) returned to superjod218
superjod218 collected $0.02 from pot
superjod218: doesn't show hand 
*** SUMMARY ***
Total pot $0.02 | Rake $0 
Seat 1: Dorex2007 folded before Flop (didn't bet)
Seat 2: kris.berd folded before Flop (didn't bet)
Seat 3: VascoSerg (button) folded before Flop (didn't bet)
Seat 4: 12AJV9 (small blind) folded before Flop
Seat 5: superjod218 (big blind) collected ($0.02)
Seat 6: WG8978 folded before Flop (didn't bet)
Seat 7: Dan strawman folded before Flop (didn't bet)
Seat 8: msgrilo folded before Flop (didn't bet)
Seat 9: david84477 folded before Flop (didn't bet)



PokerStars Hand #227305874572:  Hold'em No Limit ($0.01/$0.02 USD) - 2021/06/03 17:50:53 PT [2021/06/03 20:50:53 ET]
Table 'Catriona' 9-max Seat #4 is the button
Seat 1: Dorex2007 ($1.88 in chips) 
Seat 2: kris.berd ($5.05 in chips) 
Seat 3: VascoSerg ($2 in chips) 
Seat 4: 12AJV9 ($1.86 in chips) 
Seat 5: superjod218 ($2.01 in chips) 
Seat 6: WG8978 ($2.03 in chips) 
Seat 7: Dan strawman ($2.42 in chips) 
Seat 8: msgrilo ($2.21 in chips) 
Seat 9: david84477 ($1.73 in chips) 
superjod218: posts small blind $0.01
WG8978: posts big blind $0.02
*** HOLE CARDS ***
Dealt to Dorex2007 [9c Jh]
Dan strawman: folds 
msgrilo: folds 
david84477: folds 
Dorex2007: folds 
kris.berd: folds 
VascoSerg: folds 
12AJV9: raises $0.03 to $0.05
superjod218: folds 
WG8978: folds 
Uncalled bet ($0.03) returned to 12AJV9
12AJV9 collected $0.05 from pot
*** SUMMARY ***
Total pot $0.05 | Rake $0 
Seat 1: Dorex2007 folded before Flop (didn't bet)
Seat 2: kris.berd folded before Flop (didn't bet)
Seat 3: VascoSerg folded before Flop (didn't bet)
Seat 4: 12AJV9 (button) collected ($0.05)
Seat 5: superjod218 (small blind) folded before Flop
Seat 6: WG8978 (big blind) folded before Flop
Seat 7: Dan strawman folded before Flop (didn't bet)
Seat 8: msgrilo folded before Flop (didn't bet)
Seat 9: david84477 folded before Flop (didn't bet)



PokerStars Hand #227305882852:  Hold'em No Limit ($0.01/$0.02 USD) - 2021/06/03 17:51:25 PT [2021/06/03 20:51:25 ET]
Table 'Catriona' 9-max Seat #5 is the button
Seat 1: Dorex2007 ($1.88 in chips) 
Seat 2: kris.berd ($5.05 in chips) 
Seat 3: VascoSerg ($2 in chips) 
Seat 4: 12AJV9 ($1.89 in chips) 
Seat 5: superjod218 ($2 in chips) 
Seat 6: WG8978 ($2.01 in chips) 
Seat 7: Dan strawman ($2.42 in chips) 
Seat 8: msgrilo ($2.21 in chips) 
Seat 9: david84477 ($1.73 in chips) 
WG8978: posts small blind $0.01
Dan strawman: posts big blind $0.02
*** HOLE CARDS ***
Dealt to Dorex2007 [6d 6s]
msgrilo: folds 
david84477: folds 
Dorex2007: raises $0.02 to $0.04
kris.berd: folds 
VascoSerg: folds 
12AJV9: raises $0.12 to $0.16
superjod218: folds 
WG8978: folds 
Dan strawman: folds 
Dorex2007: folds 
Uncalled bet ($0.12) returned to 12AJV9
12AJV9 collected $0.11 from pot
*** SUMMARY ***
Total pot $0.11 | Rake $0 
Seat 1: Dorex2007 folded before Flop
Seat 2: kris.berd folded before Flop (didn't bet)
Seat 3: VascoSerg folded before Flop (didn't bet)
Seat 4: 12AJV9 collected ($0.11)
Seat 5: superjod218 (button) folded before Flop (didn't bet)
Seat 6: WG8978 (small blind) folded before Flop
Seat 7: Dan strawman (big blind) folded before Flop
Seat 8: msgrilo folded before Flop (didn't bet)
Seat 9: david84477 folded before Flop (didn't bet)



PokerStars Hand #227305902167:  Hold'em No Limit ($0.01/$0.02 USD) - 2021/06/03 17:52:03 PT [2021/06/03 20:52:03 ET]
Table 'Catriona' 9-max Seat #6 is the button
Seat 1: Dorex2007 ($1.84 in chips) 
Seat 2: kris.berd ($5.05 in chips) 
Seat 3: VascoSerg ($2 in chips) 
Seat 4: 12AJV9 ($1.96 in chips) 
Seat 5: superjod218 ($2 in chips) 
Seat 6: WG8978 ($2 in chips) 
Seat 7: Dan strawman ($2.40 in chips) 
Seat 8: msgrilo ($2.21 in chips) 
Seat 9: david84477 ($1.73 in chips) 
Dan strawman: posts small blind $0.01
msgrilo: posts big blind $0.02
*** HOLE CARDS ***
Dealt to Dorex2007 [Qd Qh]
david84477: folds 
Dorex2007: raises $0.04 to $0.06
kris.berd: folds 
VascoSerg: calls $0.06
12AJV9: folds 
superjod218: folds 
WG8978: folds 
Dan strawman: folds 
msgrilo: folds 
*** FLOP *** [3h Ks Jd]
Dorex2007: checks 
VascoSerg: checks 
*** TURN *** [3h Ks Jd] [8s]
Dorex2007: bets $0.07
VascoSerg: folds 
Uncalled bet ($0.07) returned to Dorex2007
Dorex2007 collected $0.14 from pot
Dorex2007: doesn't show hand 
*** SUMMARY ***
Total pot $0.15 | Rake $0.01 
Board [3h Ks Jd 8s]
Seat 1: Dorex2007 collected ($0.14)
Seat 2: kris.berd folded before Flop (didn't bet)
Seat 3: VascoSerg folded on the Turn
Seat 4: 12AJV9 folded before Flop (didn't bet)
Seat 5: superjod218 folded before Flop (didn't bet)
Seat 6: WG8978 (button) folded before Flop (didn't bet)
Seat 7: Dan strawman (small blind) folded before Flop
Seat 8: msgrilo (big blind) folded before Flop
Seat 9: david84477 folded before Flop (didn't bet)



PokerStars Hand #227305913038:  Hold'em No Limit ($0.01/$0.02 USD) - 2021/06/03 17:52:45 PT [2021/06/03 20:52:45 ET]
Table 'Catriona' 9-max Seat #7 is the button
Seat 1: Dorex2007 ($1.92 in chips) 
Seat 2: kris.berd ($5.05 in chips) 
Seat 3: VascoSerg ($2 in chips) 
Seat 4: 12AJV9 ($1.96 in chips) 
Seat 5: superjod218 ($2 in chips) 
Seat 6: WG8978 ($2 in chips) 
Seat 7: Dan strawman ($2.39 in chips) 
Seat 8: msgrilo ($2.19 in chips) 
Seat 9: david84477 ($1.73 in chips) 
msgrilo: posts small blind $0.01
david84477: posts big blind $0.02
*** HOLE CARDS ***
Dealt to Dorex2007 [Qs 2c]
Dorex2007: folds 
kris.berd: folds 
VascoSerg: folds 
12AJV9: raises $0.03 to $0.05
superjod218: folds 
WG8978: folds 
Dan strawman: folds 
msgrilo: folds 
david84477: folds 
Uncalled bet ($0.03) returned to 12AJV9
12AJV9 collected $0.05 from pot
*** SUMMARY ***
Total pot $0.05 | Rake $0 
Seat 1: Dorex2007 folded before Flop (didn't bet)
Seat 2: kris.berd folded before Flop (didn't bet)
Seat 3: VascoSerg folded before Flop (didn't bet)
Seat 4: 12AJV9 collected ($0.05)
Seat 5: superjod218 folded before Flop (didn't bet)
Seat 6: WG8978 folded before Flop (didn't bet)
Seat 7: Dan strawman (button) folded before Flop (didn't bet)
Seat 8: msgrilo (small blind) folded before Flop
Seat 9: david84477 (big blind) folded before Flop



PokerStars Hand #227305922628:  Hold'em No Limit ($0.01/$0.02 USD) - 2021/06/03 17:53:22 PT [2021/06/03 20:53:22 ET]
Table 'Catriona' 9-max Seat #8 is the button
Seat 1: Dorex2007 ($1.92 in chips) 
Seat 2: kris.berd ($5.05 in chips) 
Seat 3: VascoSerg ($2 in chips) 
Seat 4: 12AJV9 ($1.99 in chips) 
Seat 5: superjod218 ($2 in chips) 
Seat 6: WG8978 ($2 in chips) 
Seat 7: Dan strawman ($2.39 in chips) 
Seat 8: msgrilo ($2.18 in chips) 
Seat 9: david84477 ($1.71 in chips) 
david84477: posts small blind $0.01
Dorex2007: posts big blind $0.02
*** HOLE CARDS ***
Dealt to Dorex2007 [2c 7s]
kris.berd: folds 
VascoSerg: folds 
12AJV9: folds 
superjod218: folds 
WG8978: folds 
Dan strawman: folds 
msgrilo: folds 
david84477: calls $0.01
Dorex2007: checks 
*** FLOP *** [8c Tc Kh]
david84477: bets $0.06
Dorex2007: folds 
Uncalled bet ($0.06) returned to david84477
david84477 collected $0.04 from pot
david84477: doesn't show hand 
*** SUMMARY ***
Total pot $0.04 | Rake $0 
Board [8c Tc Kh]
Seat 1: Dorex2007 (big blind) folded on the Flop
Seat 2: kris.berd folded before Flop (didn't bet)
Seat 3: VascoSerg folded before Flop (didn't bet)
Seat 4: 12AJV9 folded before Flop (didn't bet)
Seat 5: superjod218 folded before Flop (didn't bet)
Seat 6: WG8978 folded before Flop (didn't bet)
Seat 7: Dan strawman folded before Flop (didn't bet)
Seat 8: msgrilo (button) folded before Flop (didn't bet)
Seat 9: david84477 (small blind) collected ($0.04)



PokerStars Hand #227305930633:  Hold'em No Limit ($0.01/$0.02 USD) - 2021/06/03 17:53:53 PT [2021/06/03 20:53:53 ET]
Table 'Catriona' 9-max Seat #9 is the button
Seat 1: Dorex2007 ($1.90 in chips) 
Seat 2: kris.berd ($5.05 in chips) 
Seat 3: VascoSerg ($2 in chips) 
Seat 4: 12AJV9 ($1.99 in chips) 
Seat 5: superjod218 ($2 in chips) 
Seat 6: WG8978 ($2 in chips) 
Seat 7: Dan strawman ($2.39 in chips) 
Seat 8: msgrilo ($2.18 in chips) 
Seat 9: david84477 ($1.73 in chips) 
Dorex2007: posts small blind $0.01
kris.berd: posts big blind $0.02
*** HOLE CARDS ***
Dealt to Dorex2007 [8s 5h]
VascoSerg: folds 
12AJV9: raises $0.03 to $0.05
superjod218: folds 
WG8978: folds 
Dan strawman: folds 
msgrilo: folds 
david84477: folds 
Dorex2007: folds 
kris.berd: calls $0.03
*** FLOP *** [8h 2c 4h]
kris.berd: checks 
12AJV9: bets $0.06
kris.berd: calls $0.06
*** TURN *** [8h 2c 4h] [As]
kris.berd: checks 
12AJV9: bets $0.07
kris.berd: raises $0.15 to $0.22
12AJV9: folds 
Uncalled bet ($0.15) returned to kris.berd
kris.berd collected $0.36 from pot
*** SUMMARY ***
Total pot $0.37 | Rake $0.01 
Board [8h 2c 4h As]
Seat 1: Dorex2007 (small blind) folded before Flop
Seat 2: kris.berd (big blind) collected ($0.36)
Seat 3: VascoSerg folded before Flop (didn't bet)
Seat 4: 12AJV9 folded on the Turn
Seat 5: superjod218 folded before Flop (didn't bet)
Seat 6: WG8978 folded before Flop (didn't bet)
Seat 7: Dan strawman folded before Flop (didn't bet)
Seat 8: msgrilo folded before Flop (didn't bet)
Seat 9: david84477 (button) folded before Flop (didn't bet)



PokerStars Hand #227305953649:  Hold'em No Limit ($0.01/$0.02 USD) - 2021/06/03 17:55:26 PT [2021/06/03 20:55:26 ET]
Table 'Catriona' 9-max Seat #1 is the button
Seat 1: Dorex2007 ($1.89 in chips) 
Seat 2: kris.berd ($5.23 in chips) 
Seat 3: VascoSerg ($2 in chips) 
Seat 4: 12AJV9 ($1.81 in chips) 
Seat 5: superjod218 ($2 in chips) 
Seat 6: WG8978 ($2 in chips) 
Seat 7: Dan strawman ($2.39 in chips) 
Seat 8: msgrilo ($2.18 in chips) 
Seat 9: david84477 ($1.73 in chips) 
kris.berd: posts small blind $0.01
VascoSerg: posts big blind $0.02
*** HOLE CARDS ***
Dealt to Dorex2007 [Jd 3s]
12AJV9: folds 
superjod218: folds 
WG8978: folds 
Dan strawman: folds 
msgrilo: folds 
david84477: calls $0.02
Dorex2007: folds 
kris.berd: folds 
VascoSerg: checks 
*** FLOP *** [Jh Qh Ts]
VascoSerg: checks 
david84477: checks 
*** TURN *** [Jh Qh Ts] [4h]
VascoSerg: checks 
david84477: checks 
*** RIVER *** [Jh Qh Ts 4h] [2d]
VascoSerg: checks 
david84477: checks 
*** SHOW DOWN ***
VascoSerg: shows [Kd 7c] (high card King)
david84477: shows [As 8s] (high card Ace)
david84477 collected $0.05 from pot
*** SUMMARY ***
Total pot $0.05 | Rake $0 
Board [Jh Qh Ts 4h 2d]
Seat 1: Dorex2007 (button) folded before Flop (didn't bet)
Seat 2: kris.berd (small blind) folded before Flop
Seat 3: VascoSerg (big blind) showed [Kd 7c] and lost with high card King
Seat 4: 12AJV9 folded before Flop (didn't bet)
Seat 5: superjod218 folded before Flop (didn't bet)
Seat 6: WG8978 folded before Flop (didn't bet)
Seat 7: Dan strawman folded before Flop (didn't bet)
Seat 8: msgrilo folded before Flop (didn't bet)
Seat 9: david84477 showed [As 8s] and won ($0.05) with high card Ace



PokerStars Hand #227305981104:  Hold'em No Limit ($0.01/$0.02 USD) - 2021/06/03 17:57:33 PT [2021/06/03 20:57:33 ET]
Table 'Catriona' 9-max Seat #3 is the button
Seat 1: Dorex2007 ($1.89 in chips) 
Seat 2: kris.berd ($5.22 in chips) 
Seat 3: VascoSerg ($2 in chips) 
Seat 4: 12AJV9 ($2 in chips) 
Seat 5: superjod218 ($2 in chips) 
Seat 6: WG8978 ($2 in chips) 
Seat 7: Dan strawman ($2.39 in chips) 
Seat 8: msgrilo ($2.18 in chips) 
Seat 9: david84477 ($1.57 in chips) 
12AJV9: posts small blind $0.01
superjod218: posts big blind $0.02
*** HOLE CARDS ***
Dealt to Dorex2007 [3h 8c]
WG8978: folds 
Dan strawman: folds 
msgrilo: folds 
david84477: calls $0.02
Dorex2007: folds 
kris.berd: folds 
VascoSerg: raises $0.06 to $0.08
12AJV9: folds 
superjod218: folds 
david84477: calls $0.06
*** FLOP *** [As 4s 2d]
david84477: checks 
VascoSerg: bets $0.12
david84477: folds 
Uncalled bet ($0.12) returned to VascoSerg
VascoSerg collected $0.18 from pot
VascoSerg: doesn't show hand 
*** SUMMARY ***
Total pot $0.19 | Rake $0.01 
Board [As 4s 2d]
Seat 1: Dorex2007 folded before Flop (didn't bet)
Seat 2: kris.berd folded before Flop (didn't bet)
Seat 3: VascoSerg (button) collected ($0.18)
Seat 4: 12AJV9 (small blind) folded before Flop
Seat 5: superjod218 (big blind) folded before Flop
Seat 6: WG8978 folded before Flop (didn't bet)
Seat 7: Dan strawman folded before Flop (didn't bet)
Seat 8: msgrilo folded before Flop (didn't bet)
Seat 9: david84477 folded on the Flop



PokerStars Hand #227305988889:  Hold'em No Limit ($0.01/$0.02 USD) - 2021/06/03 17:58:10 PT [2021/06/03 20:58:10 ET]
Table 'Catriona' 9-max Seat #4 is the button
Seat 1: Dorex2007 ($1.89 in chips) 
Seat 2: kris.berd ($5.22 in chips) 
Seat 3: VascoSerg ($2.10 in chips) 
Seat 4: 12AJV9 ($1.99 in chips) 
Seat 5: superjod218 ($2 in chips) 
Seat 6: WG8978 ($2 in chips) 
Seat 7: Dan strawman ($2.39 in chips) 
Seat 8: msgrilo ($2.18 in chips) 
Seat 9: david84477 ($1.49 in chips) 
superjod218: posts small blind $0.01
WG8978: posts big blind $0.02
*** HOLE CARDS ***
Dealt to Dorex2007 [3d 7c]
Dan strawman: calls $0.02
msgrilo: folds 
david84477: calls $0.02
Dorex2007: folds 
kris.berd: raises $0.10 to $0.12
VascoSerg: folds 
12AJV9: folds 
superjod218: folds 
WG8978: folds 
Dan strawman: calls $0.10
david84477: folds 
*** FLOP *** [9s 9h Ks]
Dan strawman: checks 
kris.berd: bets $0.09
Dan strawman: calls $0.09
*** TURN *** [9s 9h Ks] [8d]
Dan strawman: checks 
kris.berd: bets $0.34
Dan strawman: folds 
Uncalled bet ($0.34) returned to kris.berd
kris.berd collected $0.45 from pot
*** SUMMARY ***
Total pot $0.47 | Rake $0.02 
Board [9s 9h Ks 8d]
Seat 1: Dorex2007 folded before Flop (didn't bet)
Seat 2: kris.berd collected ($0.45)
Seat 3: VascoSerg folded before Flop (didn't bet)
Seat 4: 12AJV9 (button) folded before Flop (didn't bet)
Seat 5: superjod218 (small blind) folded before Flop
Seat 6: WG8978 (big blind) folded before Flop
Seat 7: Dan strawman folded on the Turn
Seat 8: msgrilo folded before Flop (didn't bet)
Seat 9: david84477 folded before Flop



PokerStars Hand #227305998626:  Hold'em No Limit ($0.01/$0.02 USD) - 2021/06/03 17:58:56 PT [2021/06/03 20:58:56 ET]
Table 'Catriona' 9-max Seat #5 is the button
Seat 1: Dorex2007 ($1.89 in chips) 
Seat 2: kris.berd ($5.46 in chips) 
Seat 3: VascoSerg ($2.10 in chips) 
Seat 4: 12AJV9 ($1.99 in chips) 
Seat 5: superjod218 ($2 in chips) 
Seat 6: WG8978 ($2 in chips) 
Seat 7: Dan strawman ($2.18 in chips) 
Seat 8: msgrilo ($2.18 in chips) 
Seat 9: david84477 ($1.47 in chips) 
WG8978: posts small blind $0.01
Dan strawman: posts big blind $0.02
*** HOLE CARDS ***
Dealt to Dorex2007 [Tc 9d]
msgrilo: folds 
david84477: calls $0.02
Dorex2007: folds 
kris.berd: folds 
VascoSerg: folds 
12AJV9: folds 
superjod218: folds 
WG8978: folds 
Dan strawman: checks 
*** FLOP *** [6s 4c Jc]
Dan strawman: checks 
david84477: checks 
*** TURN *** [6s 4c Jc] [Ac]
Dan strawman: checks 
david84477: bets $0.05
Dan strawman: folds 
Uncalled bet ($0.05) returned to david84477
david84477 collected $0.05 from pot
david84477: doesn't show hand 
*** SUMMARY ***
Total pot $0.05 | Rake $0 
Board [6s 4c Jc Ac]
Seat 1: Dorex2007 folded before Flop (didn't bet)
Seat 2: kris.berd folded before Flop (didn't bet)
Seat 3: VascoSerg folded before Flop (didn't bet)
Seat 4: 12AJV9 folded before Flop (didn't bet)
Seat 5: superjod218 (button) folded before Flop (didn't bet)
Seat 6: WG8978 (small blind) folded before Flop
Seat 7: Dan strawman (big blind) folded on the Turn
Seat 8: msgrilo folded before Flop (didn't bet)
Seat 9: david84477 collected ($0.05)



PokerStars Hand #227306009010:  Hold'em No Limit ($0.01/$0.02 USD) - 2021/06/03 17:59:44 PT [2021/06/03 20:59:44 ET]
Table 'Catriona' 9-max Seat #6 is the button
Seat 1: Dorex2007 ($1.89 in chips) 
Seat 2: kris.berd ($5.46 in chips) 
Seat 3: VascoSerg ($2.10 in chips) 
Seat 4: 12AJV9 ($1.99 in chips) 
Seat 5: superjod218 ($2 in chips) 
Seat 6: WG8978 ($2 in chips) 
Seat 7: Dan strawman ($2.16 in chips) 
Seat 8: msgrilo ($2.18 in chips) 
Seat 9: david84477 ($1.50 in chips) 
Dan strawman: posts small blind $0.01
msgrilo: posts big blind $0.02
*** HOLE CARDS ***
Dealt to Dorex2007 [4c 6d]
david84477: calls $0.02
Dorex2007: folds 
kris.berd: folds 
VascoSerg: folds 
12AJV9: raises $0.05 to $0.07
superjod218: folds 
WG8978: folds 
Dan strawman: folds 
msgrilo: calls $0.05
david84477: calls $0.05
*** FLOP *** [Jh 7s 5d]
msgrilo: checks 
david84477: checks 
12AJV9: bets $0.07
msgrilo: folds 
david84477: calls $0.07
*** TURN *** [Jh 7s 5d] [Js]
david84477: bets $0.02
12AJV9: raises $0.13 to $0.15
david84477: folds 
Uncalled bet ($0.13) returned to 12AJV9
12AJV9 collected $0.39 from pot
*** SUMMARY ***
Total pot $0.40 | Rake $0.01 
Board [Jh 7s 5d Js]
Seat 1: Dorex2007 folded before Flop (didn't bet)
Seat 2: kris.berd folded before Flop (didn't bet)
Seat 3: VascoSerg folded before Flop (didn't bet)
Seat 4: 12AJV9 collected ($0.39)
Seat 5: superjod218 folded before Flop (didn't bet)
Seat 6: WG8978 (button) folded before Flop (didn't bet)
Seat 7: Dan strawman (small blind) folded before Flop
Seat 8: msgrilo (big blind) folded on the Flop
Seat 9: david84477 folded on the Turn



PokerStars Hand #227306030401:  Hold'em No Limit ($0.01/$0.02 USD) - 2021/06/03 18:00:53 PT [2021/06/03 21:00:53 ET]
Table 'Catriona' 9-max Seat #7 is the button
Seat 1: Dorex2007 ($1.89 in chips) 
Seat 2: kris.berd ($5.46 in chips) 
Seat 3: VascoSerg ($2.10 in chips) 
Seat 4: 12AJV9 ($2.22 in chips) 
Seat 5: superjod218 ($2 in chips) 
Seat 6: WG8978 ($2 in chips) 
Seat 7: Dan strawman ($2.15 in chips) 
Seat 8: msgrilo ($2.11 in chips) 
Seat 9: david84477 ($1.34 in chips) 
msgrilo: posts small blind $0.01
david84477: posts big blind $0.02
*** HOLE CARDS ***
Dealt to Dorex2007 [6c 4d]
Dorex2007: folds 
kris.berd: folds 
VascoSerg: raises $0.04 to $0.06
12AJV9: folds 
superjod218: folds 
WG8978: folds 
Dan strawman: calls $0.06
msgrilo: calls $0.05
david84477: folds 
*** FLOP *** [Kd Kh As]
msgrilo: checks 
VascoSerg: checks 
Dan strawman: bets $0.08
msgrilo: folds 
VascoSerg: folds 
Uncalled bet ($0.08) returned to Dan strawman
Dan strawman collected $0.19 from pot
Dan strawman: doesn't show hand 
*** SUMMARY ***
Total pot $0.20 | Rake $0.01 
Board [Kd Kh As]
Seat 1: Dorex2007 folded before Flop (didn't bet)
Seat 2: kris.berd folded before Flop (didn't bet)
Seat 3: VascoSerg folded on the Flop
Seat 4: 12AJV9 folded before Flop (didn't bet)
Seat 5: superjod218 folded before Flop (didn't bet)
Seat 6: WG8978 folded before Flop (didn't bet)
Seat 7: Dan strawman (button) collected ($0.19)
Seat 8: msgrilo (small blind) folded on the Flop
Seat 9: david84477 (big blind) folded before Flop



PokerStars Hand #227306041570:  Hold'em No Limit ($0.01/$0.02 USD) - 2021/06/03 18:01:36 PT [2021/06/03 21:01:36 ET]
Table 'Catriona' 9-max Seat #8 is the button
Seat 1: Dorex2007 ($1.89 in chips) 
Seat 2: kris.berd ($5.46 in chips) 
Seat 3: VascoSerg ($2.04 in chips) 
Seat 4: 12AJV9 ($2.22 in chips) 
Seat 5: superjod218 ($2 in chips) 
Seat 6: WG8978 ($2 in chips) 
Seat 7: Dan strawman ($2.28 in chips) 
Seat 8: msgrilo ($2.05 in chips) 
Seat 9: david84477 ($1.32 in chips) 
david84477: posts small blind $0.01
Dorex2007: posts big blind $0.02
*** HOLE CARDS ***
Dealt to Dorex2007 [Kd 7d]
kris.berd: folds 
VascoSerg: raises $0.04 to $0.06
12AJV9: folds 
superjod218: folds 
WG8978: folds 
Dan strawman: calls $0.06
msgrilo: folds 
david84477: folds 
Dorex2007: folds 
*** FLOP *** [7h 7s 3d]
VascoSerg: checks 
Dan strawman: checks 
*** TURN *** [7h 7s 3d] [Td]
VascoSerg: checks 
Dan strawman: checks 
*** RIVER *** [7h 7s 3d Td] [Js]
VascoSerg: checks 
Dan strawman: checks 
*** SHOW DOWN ***
VascoSerg: shows [5h Ah] (a pair of Sevens)
Dan strawman: shows [Ac 5c] (a pair of Sevens)
VascoSerg collected $0.07 from pot
Dan strawman collected $0.07 from pot
*** SUMMARY ***
Total pot $0.15 | Rake $0.01 
Board [7h 7s 3d Td Js]
Seat 1: Dorex2007 (big blind) folded before Flop
Seat 2: kris.berd folded before Flop (didn't bet)
Seat 3: VascoSerg showed [5h Ah] and won ($0.07) with a pair of Sevens
Seat 4: 12AJV9 folded before Flop (didn't bet)
Seat 5: superjod218 folded before Flop (didn't bet)
Seat 6: WG8978 folded before Flop (didn't bet)
Seat 7: Dan strawman showed [Ac 5c] and won ($0.07) with a pair of Sevens
Seat 8: msgrilo (button) folded before Flop (didn't bet)
Seat 9: david84477 (small blind) folded before Flop



PokerStars Hand #227306055505:  Hold'em No Limit ($0.01/$0.02 USD) - 2021/06/03 18:02:30 PT [2021/06/03 21:02:30 ET]
Table 'Catriona' 9-max Seat #9 is the button
Seat 1: Dorex2007 ($1.87 in chips) 
Seat 2: kris.berd ($5.46 in chips) 
Seat 3: VascoSerg ($2.05 in chips) 
Seat 4: 12AJV9 ($2.22 in chips) 
Seat 5: superjod218 ($2 in chips) 
Seat 6: WG8978 ($2 in chips) 
Seat 7: Dan strawman ($2.29 in chips) 
Seat 8: msgrilo ($2.05 in chips) 
Seat 9: david84477 ($1.31 in chips) 
Dorex2007: posts small blind $0.01
kris.berd: posts big blind $0.02
*** HOLE CARDS ***
Dealt to Dorex2007 [Qh Kh]
VascoSerg: folds 
12AJV9: folds 
superjod218: folds 
WG8978: folds 
Dan strawman: folds 
msgrilo: folds 
david84477: folds 
Dorex2007: calls $0.01
kris.berd: checks 
*** FLOP *** [2d 4h As]
Dorex2007: checks 
kris.berd: checks 
*** TURN *** [2d 4h As] [7s]
Dorex2007: checks 
kris.berd: checks 
*** RIVER *** [2d 4h As 7s] [5h]
Dorex2007: bets $0.04
kris.berd: folds 
Uncalled bet ($0.04) returned to Dorex2007
Dorex2007 collected $0.04 from pot
Dorex2007: doesn't show hand 
*** SUMMARY ***
Total pot $0.04 | Rake $0 
Board [2d 4h As 7s 5h]
Seat 1: Dorex2007 (small blind) collected ($0.04)
Seat 2: kris.berd (big blind) folded on the River
Seat 3: VascoSerg folded before Flop (didn't bet)
Seat 4: 12AJV9 folded before Flop (didn't bet)
Seat 5: superjod218 folded before Flop (didn't bet)
Seat 6: WG8978 folded before Flop (didn't bet)
Seat 7: Dan strawman folded before Flop (didn't bet)
Seat 8: msgrilo folded before Flop (didn't bet)
Seat 9: david84477 (button) folded before Flop (didn't bet)



PokerStars Hand #227306075972:  Hold'em No Limit ($0.01/$0.02 USD) - 2021/06/03 18:03:47 PT [2021/06/03 21:03:47 ET]
Table 'Catriona' 9-max Seat #1 is the button
Seat 1: Dorex2007 ($1.89 in chips) 
Seat 2: kris.berd ($5.44 in chips) 
Seat 3: VascoSerg ($2.05 in chips) 
Seat 4: 12AJV9 ($2.22 in chips) 
Seat 5: superjod218 ($2 in chips) 
Seat 6: WG8978 ($2 in chips) 
Seat 7: Dan strawman ($2.29 in chips) 
Seat 8: msgrilo ($2.05 in chips) 
Seat 9: david84477 ($1.31 in chips) 
kris.berd: posts small blind $0.01
VascoSerg: posts big blind $0.02
*** HOLE CARDS ***
Dealt to Dorex2007 [Kd Td]
12AJV9: folds 
superjod218: folds 
WG8978: folds 
Dan strawman: folds 
msgrilo: folds 
david84477: folds 
Dorex2007: raises $0.04 to $0.06
kris.berd: calls $0.05
VascoSerg: calls $0.04
*** FLOP *** [Jh 6s 2s]
kris.berd: checks 
VascoSerg: checks 
Dorex2007: bets $0.11
kris.berd: raises $0.11 to $0.22
VascoSerg: folds 
Dorex2007: calls $0.11
*** TURN *** [Jh 6s 2s] [Ad]
msgrilo is disconnected 
kris.berd: bets $0.45
Dorex2007: folds 
Uncalled bet ($0.45) returned to kris.berd
kris.berd collected $0.60 from pot
*** SUMMARY ***
Total pot $0.62 | Rake $0.02 
Board [Jh 6s 2s Ad]
Seat 1: Dorex2007 (button) folded on the Turn
Seat 2: kris.berd (small blind) collected ($0.60)
Seat 3: VascoSerg (big blind) folded on the Flop
Seat 4: 12AJV9 folded before Flop (didn't bet)
Seat 5: superjod218 folded before Flop (didn't bet)
Seat 6: WG8978 folded before Flop (didn't bet)
Seat 7: Dan strawman folded before Flop (didn't bet)
Seat 8: msgrilo folded before Flop (didn't bet)
Seat 9: david84477 folded before Flop (didn't bet)



PokerStars Hand #227306093952:  Hold'em No Limit ($0.01/$0.02 USD) - 2021/06/03 18:04:55 PT [2021/06/03 21:04:55 ET]
Table 'Catriona' 9-max Seat #2 is the button
Seat 1: Dorex2007 ($1.61 in chips) 
Seat 2: kris.berd ($5.76 in chips) 
Seat 3: VascoSerg ($2 in chips) 
Seat 4: 12AJV9 ($2.22 in chips) 
Seat 5: superjod218 ($2 in chips) 
Seat 6: WG8978 ($2 in chips) 
Seat 7: Dan strawman ($2.29 in chips) 
Seat 8: msgrilo ($2.05 in chips) 
Seat 9: david84477 ($1.31 in chips) 
VascoSerg: posts small blind $0.01
12AJV9: posts big blind $0.02
*** HOLE CARDS ***
Dealt to Dorex2007 [9c Qs]
superjod218: folds 
WG8978: folds 
Dan strawman: calls $0.02
msgrilo: folds 
david84477: calls $0.02
Dorex2007: folds 
kris.berd: raises $0.10 to $0.12
VascoSerg: folds 
12AJV9: calls $0.10
Dan strawman: calls $0.10
david84477: calls $0.10
*** FLOP *** [3h Ah 2c]
12AJV9: checks 
Dan strawman: checks 
david84477: checks 
kris.berd: checks 
*** TURN *** [3h Ah 2c] [4h]
12AJV9: bets $0.16
Dan strawman: calls $0.16
david84477: folds 
kris.berd: folds 
*** RIVER *** [3h Ah 2c 4h] [7s]
12AJV9: bets $0.26
Dan strawman: calls $0.26
*** SHOW DOWN ***
12AJV9: shows [Kh Ad] (a pair of Aces)
Dan strawman: shows [5s 4s] (a straight, Ace to Five)
Dan strawman collected $1.28 from pot
*** SUMMARY ***
Total pot $1.33 | Rake $0.05 
Board [3h Ah 2c 4h 7s]
Seat 1: Dorex2007 folded before Flop (didn't bet)
Seat 2: kris.berd (button) folded on the Turn
Seat 3: VascoSerg (small blind) folded before Flop
Seat 4: 12AJV9 (big blind) showed [Kh Ad] and lost with a pair of Aces
Seat 5: superjod218 folded before Flop (didn't bet)
Seat 6: WG8978 folded before Flop (didn't bet)
Seat 7: Dan strawman showed [5s 4s] and won ($1.28) with a straight, Ace to Five
Seat 8: msgrilo folded before Flop (didn't bet)
Seat 9: david84477 folded on the Turn



PokerStars Hand #227306122466:  Hold'em No Limit ($0.01/$0.02 USD) - 2021/06/03 18:06:30 PT [2021/06/03 21:06:30 ET]
Table 'Catriona' 9-max Seat #3 is the button
Seat 1: Dorex2007 ($2 in chips) 
Seat 2: kris.berd ($5.64 in chips) 
Seat 3: VascoSerg ($2 in chips) 
Seat 4: 12AJV9 ($1.68 in chips) 
Seat 5: superjod218 ($2 in chips) 
Seat 6: WG8978 ($2 in chips) 
Seat 7: Dan strawman ($3.03 in chips) 
Seat 8: msgrilo ($2.05 in chips) 
Seat 9: david84477 ($1.19 in chips) 
12AJV9: posts small blind $0.01
superjod218: posts big blind $0.02
*** HOLE CARDS ***
Dealt to Dorex2007 [Qd 7d]
WG8978: folds 
Dan strawman: folds 
msgrilo: folds 
david84477: folds 
Dorex2007: folds 
kris.berd: raises $0.03 to $0.05
VascoSerg: folds 
12AJV9: folds 
superjod218: folds 
Uncalled bet ($0.03) returned to kris.berd
kris.berd collected $0.05 from pot
*** SUMMARY ***
Total pot $0.05 | Rake $0 
Seat 1: Dorex2007 folded before Flop (didn't bet)
Seat 2: kris.berd collected ($0.05)
Seat 3: VascoSerg (button) folded before Flop (didn't bet)
Seat 4: 12AJV9 (small blind) folded before Flop
Seat 5: superjod218 (big blind) folded before Flop
Seat 6: WG8978 folded before Flop (didn't bet)
Seat 7: Dan strawman folded before Flop (didn't bet)
Seat 8: msgrilo folded before Flop (didn't bet)
Seat 9: david84477 folded before Flop (didn't bet)



PokerStars Hand #227306131663:  Hold'em No Limit ($0.01/$0.02 USD) - 2021/06/03 18:07:04 PT [2021/06/03 21:07:04 ET]
Table 'Catriona' 9-max Seat #4 is the button
Seat 1: Dorex2007 ($2 in chips) 
Seat 2: kris.berd ($5.67 in chips) 
Seat 3: VascoSerg ($2 in chips) 
Seat 4: 12AJV9 ($1.67 in chips) 
Seat 5: superjod218 ($2 in chips) 
Seat 6: WG8978 ($2 in chips) 
Seat 7: Dan strawman ($3.03 in chips) 
Seat 8: msgrilo ($2.05 in chips) 
Seat 9: david84477 ($1.19 in chips) 
superjod218: posts small blind $0.01
WG8978: posts big blind $0.02
*** HOLE CARDS ***
Dealt to Dorex2007 [Jd 5d]
Dan strawman: folds 
msgrilo has timed out
msgrilo: folds 
david84477: calls $0.02
Dorex2007: folds 
kris.berd: folds 
VascoSerg: folds 
12AJV9: raises $0.05 to $0.07
superjod218: folds 
WG8978: folds 
david84477: calls $0.05
*** FLOP *** [Qs 3s 5h]
david84477: bets $0.04
12AJV9: calls $0.04
*** TURN *** [Qs 3s 5h] [Qc]
david84477: bets $0.06
12AJV9: raises $0.18 to $0.24
david84477: calls $0.18
*** RIVER *** [Qs 3s 5h Qc] [9d]
david84477: bets $0.06
12AJV9: calls $0.06
*** SHOW DOWN ***
david84477: shows [3c Ks] (two pair, Queens and Threes)
12AJV9: mucks hand 
david84477 collected $0.82 from pot
*** SUMMARY ***
Total pot $0.85 | Rake $0.03 
Board [Qs 3s 5h Qc 9d]
Seat 1: Dorex2007 folded before Flop (didn't bet)
Seat 2: kris.berd folded before Flop (didn't bet)
Seat 3: VascoSerg folded before Flop (didn't bet)
Seat 4: 12AJV9 (button) mucked [2h As]
Seat 5: superjod218 (small blind) folded before Flop
Seat 6: WG8978 (big blind) folded before Flop
Seat 7: Dan strawman folded before Flop (didn't bet)
Seat 8: msgrilo folded before Flop (didn't bet)
Seat 9: david84477 showed [3c Ks] and won ($0.82) with two pair, Queens and Threes



PokerStars Hand #227306156989:  Hold'em No Limit ($0.01/$0.02 USD) - 2021/06/03 18:08:38 PT [2021/06/03 21:08:38 ET]
Table 'Catriona' 9-max Seat #5 is the button
Seat 1: Dorex2007 ($2 in chips) 
Seat 2: kris.berd ($5.67 in chips) 
Seat 3: VascoSerg ($2 in chips) 
Seat 4: 12AJV9 ($1.26 in chips) 
Seat 5: superjod218 ($2 in chips) 
Seat 6: WG8978 ($2 in chips) 
Seat 8: msgrilo ($2.05 in chips) 
Seat 9: david84477 ($1.60 in chips) 
WG8978: posts small blind $0.01
Dan strawman: is sitting out 
msgrilo: posts big blind $0.02
*** HOLE CARDS ***
Dealt to Dorex2007 [Kh Ah]
david84477: folds 
Dorex2007: raises $0.04 to $0.06
kris.berd: calls $0.06
VascoSerg: folds 
12AJV9: folds 
superjod218: raises $0.18 to $0.24
WG8978: folds 
msgrilo: folds 
Dorex2007: calls $0.18
kris.berd: calls $0.18
*** FLOP *** [7d 3h Td]
Dorex2007: checks 
kris.berd: checks 
superjod218: bets $0.37
Dorex2007: folds 
kris.berd: folds 
Uncalled bet ($0.37) returned to superjod218
superjod218 collected $0.72 from pot
superjod218: doesn't show hand 
*** SUMMARY ***
Total pot $0.75 | Rake $0.03 
Board [7d 3h Td]
Seat 1: Dorex2007 folded on the Flop
Seat 2: kris.berd folded on the Flop
Seat 3: VascoSerg folded before Flop (didn't bet)
Seat 4: 12AJV9 folded before Flop (didn't bet)
Seat 5: superjod218 (button) collected ($0.72)
Seat 6: WG8978 (small blind) folded before Flop
Seat 8: msgrilo (big blind) folded before Flop
Seat 9: david84477 folded before Flop (didn't bet)



PokerStars Hand #227306173741:  Hold'em No Limit ($0.01/$0.02 USD) - 2021/06/03 18:09:27 PT [2021/06/03 21:09:27 ET]
Table 'Catriona' 9-max Seat #6 is the button
Seat 1: Dorex2007 ($1.76 in chips) 
Seat 2: kris.berd ($5.43 in chips) 
Seat 3: VascoSerg ($2 in chips) 
Seat 4: 12AJV9 ($1.26 in chips) 
Seat 5: superjod218 ($2.48 in chips) 
Seat 6: WG8978 ($2 in chips) 
Seat 8: msgrilo ($2.03 in chips) 
Seat 9: david84477 ($1.60 in chips) 
msgrilo: posts small blind $0.01
david84477: posts big blind $0.02
*** HOLE CARDS ***
Dealt to Dorex2007 [9h 3c]
Dorex2007: folds 
kris.berd: folds 
VascoSerg: raises $0.04 to $0.06
12AJV9: raises $0.18 to $0.24
superjod218: folds 
WG8978: folds 
msgrilo: folds 
david84477: folds 
VascoSerg: calls $0.18
*** FLOP *** [Ah 5h As]
VascoSerg: checks 
12AJV9: bets $0.16
VascoSerg: calls $0.16
*** TURN *** [Ah 5h As] [2d]
VascoSerg: checks 
12AJV9: checks 
*** RIVER *** [Ah 5h As 2d] [Kc]
VascoSerg: checks 
12AJV9: checks 
*** SHOW DOWN ***
VascoSerg: shows [Js Jc] (two pair, Aces and Jacks)
12AJV9: shows [8c 8h] (two pair, Aces and Eights)
VascoSerg collected $0.80 from pot
*** SUMMARY ***
Total pot $0.83 | Rake $0.03 
Board [Ah 5h As 2d Kc]
Seat 1: Dorex2007 folded before Flop (didn't bet)
Seat 2: kris.berd folded before Flop (didn't bet)
Seat 3: VascoSerg showed [Js Jc] and won ($0.80) with two pair, Aces and Jacks
Seat 4: 12AJV9 showed [8c 8h] and lost with two pair, Aces and Eights
Seat 5: superjod218 folded before Flop (didn't bet)
Seat 6: WG8978 (button) folded before Flop (didn't bet)
Seat 8: msgrilo (small blind) folded before Flop
Seat 9: david84477 (big blind) folded before Flop



PokerStars Hand #227306187673:  Hold'em No Limit ($0.01/$0.02 USD) - 2021/06/03 18:10:21 PT [2021/06/03 21:10:21 ET]
Table 'Catriona' 9-max Seat #8 is the button
Seat 1: Dorex2007 ($2 in chips) 
Seat 2: kris.berd ($5.43 in chips) 
Seat 3: VascoSerg ($2.40 in chips) 
Seat 4: 12AJV9 ($0.86 in chips) 
Seat 5: superjod218 ($2.48 in chips) 
Seat 6: WG8978 ($2 in chips) 
Seat 8: msgrilo ($2.02 in chips) 
Seat 9: david84477 ($1.58 in chips) 
david84477: posts small blind $0.01
Dorex2007: posts big blind $0.02
Dan strawman: sits out 
*** HOLE CARDS ***
Dealt to Dorex2007 [Tc 4c]
kris.berd: folds 
VascoSerg: raises $0.04 to $0.06
12AJV9: folds 
superjod218: folds 
WG8978: folds 
msgrilo: folds 
david84477: folds 
Dorex2007: folds 
Uncalled bet ($0.04) returned to VascoSerg
VascoSerg collected $0.05 from pot
VascoSerg: doesn't show hand 
*** SUMMARY ***
Total pot $0.05 | Rake $0 
Seat 1: Dorex2007 (big blind) folded before Flop
Seat 2: kris.berd folded before Flop (didn't bet)
Seat 3: VascoSerg collected ($0.05)
Seat 4: 12AJV9 folded before Flop (didn't bet)
Seat 5: superjod218 folded before Flop (didn't bet)
Seat 6: WG8978 folded before Flop (didn't bet)
Seat 8: msgrilo (button) folded before Flop (didn't bet)
Seat 9: david84477 (small blind) folded before Flop



PokerStars Hand #227306192104:  Hold'em No Limit ($0.01/$0.02 USD) - 2021/06/03 18:10:39 PT [2021/06/03 21:10:39 ET]
Table 'Catriona' 9-max Seat #9 is the button
Seat 1: Dorex2007 ($1.98 in chips) 
Seat 2: kris.berd ($5.43 in chips) 
Seat 3: VascoSerg ($2.43 in chips) 
Seat 4: 12AJV9 ($2 in chips) 
Seat 5: superjod218 ($2.48 in chips) 
Seat 6: WG8978 ($2 in chips) 
Seat 8: msgrilo ($2.02 in chips) 
Seat 9: david84477 ($1.57 in chips) 
Dorex2007: posts small blind $0.01
kris.berd: posts big blind $0.02
Dan strawman: sits out 
*** HOLE CARDS ***
Dealt to Dorex2007 [8c Td]
VascoSerg: folds 
12AJV9: folds 
superjod218: folds 
WG8978: folds 
msgrilo: folds 
david84477: calls $0.02
Dorex2007: calls $0.01
kris.berd: checks 
*** FLOP *** [9c 9s As]
Dorex2007: checks 
kris.berd: checks 
Dan strawman leaves the table
yjqian23 joins the table at seat #7 
david84477: bets $0.02
Dorex2007: folds 
kris.berd: folds 
Uncalled bet ($0.02) returned to david84477
david84477 collected $0.06 from pot
david84477: doesn't show hand 
*** SUMMARY ***
Total pot $0.06 | Rake $0 
Board [9c 9s As]
Seat 1: Dorex2007 (small blind) folded on the Flop
Seat 2: kris.berd (big blind) folded on the Flop
Seat 3: VascoSerg folded before Flop (didn't bet)
Seat 4: 12AJV9 folded before Flop (didn't bet)
Seat 5: superjod218 folded before Flop (didn't bet)
Seat 6: WG8978 folded before Flop (didn't bet)
Seat 8: msgrilo folded before Flop (didn't bet)
Seat 9: david84477 (button) collected ($0.06)



PokerStars Hand #227306205468:  Hold'em No Limit ($0.01/$0.02 USD) - 2021/06/03 18:11:29 PT [2021/06/03 21:11:29 ET]
Table 'Catriona' 9-max Seat #1 is the button
Seat 1: Dorex2007 ($1.96 in chips) 
Seat 2: kris.berd ($5.41 in chips) 
Seat 3: VascoSerg ($2.43 in chips) 
Seat 4: 12AJV9 ($2 in chips) 
Seat 5: superjod218 ($2.48 in chips) 
Seat 6: WG8978 ($2 in chips) 
Seat 7: yjqian23 ($2 in chips) 
Seat 8: msgrilo ($2.02 in chips) 
Seat 9: david84477 ($1.61 in chips) 
kris.berd: posts small blind $0.01
VascoSerg: posts big blind $0.02
yjqian23: posts big blind $0.02
*** HOLE CARDS ***
Dealt to Dorex2007 [Ts 3h]
12AJV9: folds 
superjod218: folds 
WG8978: folds 
yjqian23: checks 
msgrilo: folds 
david84477: folds 
Dorex2007: folds 
kris.berd: folds 
VascoSerg: checks 
*** FLOP *** [7h 7c 4d]
VascoSerg: checks 
yjqian23: bets $0.02
VascoSerg: folds 
Uncalled bet ($0.02) returned to yjqian23
yjqian23 collected $0.05 from pot
yjqian23: doesn't show hand 
*** SUMMARY ***
Total pot $0.05 | Rake $0 
Board [7h 7c 4d]
Seat 1: Dorex2007 (button) folded before Flop (didn't bet)
Seat 2: kris.berd (small blind) folded before Flop
Seat 3: VascoSerg (big blind) folded on the Flop
Seat 4: 12AJV9 folded before Flop (didn't bet)
Seat 5: superjod218 folded before Flop (didn't bet)
Seat 6: WG8978 folded before Flop (didn't bet)
Seat 7: yjqian23 collected ($0.05)
Seat 8: msgrilo folded before Flop (didn't bet)
Seat 9: david84477 folded before Flop (didn't bet)



PokerStars Hand #227306214150:  Hold'em No Limit ($0.01/$0.02 USD) - 2021/06/03 18:12:03 PT [2021/06/03 21:12:03 ET]
Table 'Catriona' 9-max Seat #2 is the button
Seat 1: Dorex2007 ($1.96 in chips) 
Seat 2: kris.berd ($5.40 in chips) 
Seat 3: VascoSerg ($2.41 in chips) 
Seat 4: 12AJV9 ($2 in chips) 
Seat 5: superjod218 ($2.48 in chips) 
Seat 6: WG8978 ($2 in chips) 
Seat 7: yjqian23 ($2.03 in chips) 
Seat 8: msgrilo ($2.02 in chips) 
Seat 9: david84477 ($1.61 in chips) 
VascoSerg: posts small blind $0.01
12AJV9: posts big blind $0.02
*** HOLE CARDS ***
Dealt to Dorex2007 [Ks 5h]
superjod218: folds 
WG8978: folds 
yjqian23: folds 
yjqian23 leaves the table
msgrilo: folds 
david84477: folds 
Dorex2007: folds 
kris.berd: folds 
VascoSerg: folds 
Uncalled bet ($0.01) returned to 12AJV9
12AJV9 collected $0.02 from pot
*** SUMMARY ***
Total pot $0.02 | Rake $0 
Seat 1: Dorex2007 folded before Flop (didn't bet)
Seat 2: kris.berd (button) folded before Flop (didn't bet)
Seat 3: VascoSerg (small blind) folded before Flop
Seat 4: 12AJV9 (big blind) collected ($0.02)
Seat 5: superjod218 folded before Flop (didn't bet)
Seat 6: WG8978 folded before Flop (didn't bet)
Seat 7: yjqian23 folded before Flop (didn't bet)
Seat 8: msgrilo folded before Flop (didn't bet)
Seat 9: david84477 folded before Flop (didn't bet)



PokerStars Hand #227306220121:  Hold'em No Limit ($0.01/$0.02 USD) - 2021/06/03 18:12:26 PT [2021/06/03 21:12:26 ET]
Table 'Catriona' 9-max Seat #3 is the button
Seat 1: Dorex2007 ($1.96 in chips) 
Seat 2: kris.berd ($5.40 in chips) 
Seat 3: VascoSerg ($2.40 in chips) 
Seat 4: 12AJV9 ($2.01 in chips) 
Seat 5: superjod218 ($2.48 in chips) 
Seat 6: WG8978 ($2 in chips) 
Seat 8: msgrilo ($2.02 in chips) 
Seat 9: david84477 ($1.61 in chips) 
12AJV9: posts small blind $0.01
superjod218: posts big blind $0.02
*** HOLE CARDS ***
Dealt to Dorex2007 [9c 9s]
WG8978: folds 
msgrilo: calls $0.02
david84477: folds 
Dorex2007: calls $0.02
kris.berd: raises $0.10 to $0.12
VascoSerg: folds 
WG8978 leaves the table
shrugplug joins the table at seat #6 
12AJV9: folds 
superjod218: folds 
msgrilo: folds 
Dorex2007: calls $0.10
*** FLOP *** [7d 6h Ac]
Dorex2007: checks 
kris.berd: bets $0.09
Dorex2007: calls $0.09
*** TURN *** [7d 6h Ac] [Qh]
Dorex2007: checks 
kris.berd: bets $0.34
Dorex2007: calls $0.34
*** RIVER *** [7d 6h Ac Qh] [7h]
Dorex2007: bets $1.11
kris.berd: calls $1.11
*** SHOW DOWN ***
Dorex2007: shows [9c 9s] (two pair, Nines and Sevens)
kris.berd: shows [Qd Ad] (two pair, Aces and Queens)
kris.berd collected $3.25 from pot
*** SUMMARY ***
Total pot $3.37 | Rake $0.12 
Board [7d 6h Ac Qh 7h]
Seat 1: Dorex2007 showed [9c 9s] and lost with two pair, Nines and Sevens
Seat 2: kris.berd showed [Qd Ad] and won ($3.25) with two pair, Aces and Queens
Seat 3: VascoSerg (button) folded before Flop (didn't bet)
Seat 4: 12AJV9 (small blind) folded before Flop
Seat 5: superjod218 (big blind) folded before Flop
Seat 6: WG8978 folded before Flop (didn't bet)
Seat 8: msgrilo folded before Flop
Seat 9: david84477 folded before Flop (didn't bet)



PokerStars Hand #227306239893:  Hold'em No Limit ($0.01/$0.02 USD) - 2021/06/03 18:13:20 PT [2021/06/03 21:13:20 ET]
Table 'Catriona' 9-max Seat #4 is the button
Seat 1: Dorex2007 ($0.30 in chips) 
Seat 2: kris.berd ($6.99 in chips) 
Seat 3: VascoSerg ($2.40 in chips) 
Seat 4: 12AJV9 ($2 in chips) 
Seat 5: superjod218 ($2.46 in chips) 
Seat 6: shrugplug ($0.80 in chips) 
Seat 8: msgrilo ($2 in chips) 
Seat 9: david84477 ($1.61 in chips) 
superjod218: posts small blind $0.01
shrugplug: posts big blind $0.02
*** HOLE CARDS ***
Dealt to Dorex2007 [Kd 5h]
msgrilo: folds 
david84477: calls $0.02
Dorex2007: folds 
kris.berd: folds 
msgrilo leaves the table
VascoSerg has timed out
VascoSerg: folds 
12AJV9: folds 
superjod218: folds 
shrugplug: checks 
*** FLOP *** [3d 9s 6h]
shrugplug: bets $0.03
david84477: calls $0.03
*** TURN *** [3d 9s 6h] [7c]
shrugplug: bets $0.03
david84477: calls $0.03
*** RIVER *** [3d 9s 6h 7c] [2d]
shrugplug: bets $0.03
shawmoney joins the table at seat #7 
david84477: calls $0.03
*** SHOW DOWN ***
shrugplug: shows [5d 6c] (a pair of Sixes)
david84477: mucks hand 
shrugplug collected $0.22 from pot
*** SUMMARY ***
Total pot $0.23 | Rake $0.01 
Board [3d 9s 6h 7c 2d]
Seat 1: Dorex2007 folded before Flop (didn't bet)
Seat 2: kris.berd folded before Flop (didn't bet)
Seat 3: VascoSerg folded before Flop (didn't bet)
Seat 4: 12AJV9 (button) folded before Flop (didn't bet)
Seat 5: superjod218 (small blind) folded before Flop
Seat 6: shrugplug (big blind) showed [5d 6c] and won ($0.22) with a pair of Sixes
Seat 8: msgrilo folded before Flop (didn't bet)
Seat 9: david84477 mucked [Kh As]



PokerStars Hand #227306253770:  Hold'em No Limit ($0.01/$0.02 USD) - 2021/06/03 18:14:13 PT [2021/06/03 21:14:13 ET]
Table 'Catriona' 9-max Seat #5 is the button
Seat 1: Dorex2007 ($2 in chips) 
Seat 2: kris.berd ($6.99 in chips) 
Seat 3: VascoSerg ($2.40 in chips) 
Seat 4: 12AJV9 ($2 in chips) 
Seat 5: superjod218 ($2.45 in chips) 
Seat 6: shrugplug ($0.91 in chips) 
Seat 7: shawmoney ($1.60 in chips) 
Seat 9: david84477 ($1.50 in chips) 
shrugplug: posts small blind $0.01
shawmoney: posts big blind $0.02
*** HOLE CARDS ***
Dealt to Dorex2007 [Jh 5s]
david84477: folds 
Dorex2007: folds 
kris.berd: folds 
VascoSerg: folds 
12AJV9: raises $0.03 to $0.05
superjod218: folds 
shrugplug: folds 
shawmoney: folds 
Uncalled bet ($0.03) returned to 12AJV9
12AJV9 collected $0.05 from pot
*** SUMMARY ***
Total pot $0.05 | Rake $0 
Seat 1: Dorex2007 folded before Flop (didn't bet)
Seat 2: kris.berd folded before Flop (didn't bet)
Seat 3: VascoSerg folded before Flop (didn't bet)
Seat 4: 12AJV9 collected ($0.05)
Seat 5: superjod218 (button) folded before Flop (didn't bet)
Seat 6: shrugplug (small blind) folded before Flop
Seat 7: shawmoney (big blind) folded before Flop
Seat 9: david84477 folded before Flop (didn't bet)



PokerStars Hand #227306259370:  Hold'em No Limit ($0.01/$0.02 USD) - 2021/06/03 18:14:35 PT [2021/06/03 21:14:35 ET]
Table 'Catriona' 9-max Seat #6 is the button
Seat 1: Dorex2007 ($2 in chips) 
Seat 2: kris.berd ($6.99 in chips) 
Seat 3: VascoSerg ($2.40 in chips) 
Seat 4: 12AJV9 ($2.03 in chips) 
Seat 5: superjod218 ($2.45 in chips) 
Seat 6: shrugplug ($0.90 in chips) 
Seat 7: shawmoney ($1.58 in chips) 
Seat 9: david84477 ($1.50 in chips) 
shawmoney: posts small blind $0.01
david84477: posts big blind $0.02
*** HOLE CARDS ***
Dealt to Dorex2007 [Tc 6s]
G_E_M_P_S_A joins the table at seat #8 
Dorex2007: folds 
kris.berd: folds 
VascoSerg: raises $0.04 to $0.06
12AJV9: folds 
superjod218: folds 
shrugplug: calls $0.06
shawmoney: folds 
david84477: calls $0.04
*** FLOP *** [7c Jd Jh]
david84477: checks 
VascoSerg: checks 
shrugplug: bets $0.06
david84477: calls $0.06
VascoSerg: folds 
*** TURN *** [7c Jd Jh] [9d]
david84477: bets $0.04
shrugplug: calls $0.04
*** RIVER *** [7c Jd Jh 9d] [Js]
david84477: bets $0.08
shrugplug: folds 
Uncalled bet ($0.08) returned to david84477
david84477 collected $0.38 from pot
david84477: doesn't show hand 
*** SUMMARY ***
Total pot $0.39 | Rake $0.01 
Board [7c Jd Jh 9d Js]
Seat 1: Dorex2007 folded before Flop (didn't bet)
Seat 2: kris.berd folded before Flop (didn't bet)
Seat 3: VascoSerg folded on the Flop
Seat 4: 12AJV9 folded before Flop (didn't bet)
Seat 5: superjod218 folded before Flop (didn't bet)
Seat 6: shrugplug (button) folded on the River
Seat 7: shawmoney (small blind) folded before Flop
Seat 9: david84477 (big blind) collected ($0.38)



PokerStars Hand #227306285214:  Hold'em No Limit ($0.01/$0.02 USD) - 2021/06/03 18:15:40 PT [2021/06/03 21:15:40 ET]
Table 'Catriona' 9-max Seat #7 is the button
Seat 1: Dorex2007 ($2 in chips) 
Seat 2: kris.berd ($6.99 in chips) 
Seat 3: VascoSerg ($2.34 in chips) 
Seat 4: 12AJV9 ($2.03 in chips) 
Seat 5: superjod218 ($2.45 in chips) 
Seat 6: shrugplug ($0.74 in chips) 
Seat 7: shawmoney ($1.57 in chips) 
Seat 9: david84477 ($1.72 in chips) 
david84477: posts small blind $0.01
Dorex2007: posts big blind $0.02
*** HOLE CARDS ***
Dealt to Dorex2007 [Qc 8c]
kris.berd: folds 
VascoSerg: folds 
12AJV9: folds 
superjod218: folds 
shrugplug: calls $0.02
shawmoney: folds 
david84477: calls $0.01
Dorex2007: checks 
*** FLOP *** [Ah 4c 3c]
david84477: checks 
Dorex2007: bets $0.06
shrugplug: folds 
david84477: folds 
Uncalled bet ($0.06) returned to Dorex2007
Dorex2007 collected $0.06 from pot
Dorex2007: doesn't show hand 
*** SUMMARY ***
Total pot $0.06 | Rake $0 
Board [Ah 4c 3c]
Seat 1: Dorex2007 (big blind) collected ($0.06)
Seat 2: kris.berd folded before Flop (didn't bet)
Seat 3: VascoSerg folded before Flop (didn't bet)
Seat 4: 12AJV9 folded before Flop (didn't bet)
Seat 5: superjod218 folded before Flop (didn't bet)
Seat 6: shrugplug folded on the Flop
Seat 7: shawmoney (button) folded before Flop (didn't bet)
Seat 9: david84477 (small blind) folded on the Flop



PokerStars Hand #227306296440:  Hold'em No Limit ($0.01/$0.02 USD) - 2021/06/03 18:16:24 PT [2021/06/03 21:16:24 ET]
Table 'Catriona' 9-max Seat #9 is the button
Seat 1: Dorex2007 ($2.04 in chips) 
Seat 2: kris.berd ($6.99 in chips) 
Seat 3: VascoSerg ($2.34 in chips) 
Seat 4: 12AJV9 ($2.03 in chips) 
Seat 5: superjod218 ($2.45 in chips) 
Seat 6: shrugplug ($0.72 in chips) 
Seat 7: shawmoney ($1.57 in chips) 
Seat 8: G_E_M_P_S_A ($1.60 in chips) 
Seat 9: david84477 ($1.70 in chips) 
Dorex2007: posts small blind $0.01
kris.berd: posts big blind $0.02
G_E_M_P_S_A: posts big blind $0.02
*** HOLE CARDS ***
Dealt to Dorex2007 [3s Td]
VascoSerg: folds 
12AJV9: folds 
superjod218: folds 
shrugplug: folds 
shawmoney: calls $0.02
G_E_M_P_S_A: checks 
david84477: calls $0.02
Dorex2007: folds 
kris.berd: checks 
*** FLOP *** [Ad Jh 4s]
kris.berd: checks 
shawmoney: bets $0.04
G_E_M_P_S_A: folds 
david84477: calls $0.04
kris.berd: calls $0.04
*** TURN *** [Ad Jh 4s] [6h]
kris.berd: checks 
shawmoney: bets $0.08
G_E_M_P_S_A leaves the table
david84477: calls $0.08
kris.berd: calls $0.08
*** RIVER *** [Ad Jh 4s 6h] [7d]
Micheel_an joins the table at seat #8 
kris.berd: checks 
shawmoney: bets $0.21
david84477: folds 
kris.berd: folds 
Uncalled bet ($0.21) returned to shawmoney
shawmoney collected $0.43 from pot
shawmoney: doesn't show hand 
*** SUMMARY ***
Total pot $0.45 | Rake $0.02 
Board [Ad Jh 4s 6h 7d]
Seat 1: Dorex2007 (small blind) folded before Flop
Seat 2: kris.berd (big blind) folded on the River
Seat 3: VascoSerg folded before Flop (didn't bet)
Seat 4: 12AJV9 folded before Flop (didn't bet)
Seat 5: superjod218 folded before Flop (didn't bet)
Seat 6: shrugplug folded before Flop (didn't bet)
Seat 7: shawmoney collected ($0.43)
Seat 8: G_E_M_P_S_A folded on the Flop (didn't bet)
Seat 9: david84477 (button) folded on the River



PokerStars Hand #227306316292:  Hold'em No Limit ($0.01/$0.02 USD) - 2021/06/03 18:17:41 PT [2021/06/03 21:17:41 ET]
Table 'Catriona' 9-max Seat #1 is the button
Seat 1: Dorex2007 ($2.03 in chips) 
Seat 2: kris.berd ($6.85 in chips) 
Seat 3: VascoSerg ($2.34 in chips) 
Seat 4: 12AJV9 ($2.03 in chips) 
Seat 5: superjod218 ($2.45 in chips) 
Seat 6: shrugplug ($0.72 in chips) 
Seat 7: shawmoney ($1.86 in chips) 
Seat 9: david84477 ($1.56 in chips) 
kris.berd: posts small blind $0.01
VascoSerg: posts big blind $0.02
Micheel_an: sits out 
*** HOLE CARDS ***
Dealt to Dorex2007 [3s 6h]
12AJV9: folds 
superjod218: folds 
shrugplug: folds 
shawmoney: folds 
david84477: calls $0.02
Dorex2007: folds 
kris.berd: folds 
VascoSerg: checks 
*** FLOP *** [Qh 4s 7d]
VascoSerg: checks 
david84477: checks 
*** TURN *** [Qh 4s 7d] [Jd]
VascoSerg: checks 
david84477: bets $0.02
VascoSerg: calls $0.02
*** RIVER *** [Qh 4s 7d Jd] [7h]
VascoSerg: checks 
david84477: checks 
*** SHOW DOWN ***
VascoSerg: shows [Js 8s] (two pair, Jacks and Sevens)
david84477: mucks hand 
VascoSerg collected $0.09 from pot
*** SUMMARY ***
Total pot $0.09 | Rake $0 
Board [Qh 4s 7d Jd 7h]
Seat 1: Dorex2007 (button) folded before Flop (didn't bet)
Seat 2: kris.berd (small blind) folded before Flop
Seat 3: VascoSerg (big blind) showed [Js 8s] and won ($0.09) with two pair, Jacks and Sevens
Seat 4: 12AJV9 folded before Flop (didn't bet)
Seat 5: superjod218 folded before Flop (didn't bet)
Seat 6: shrugplug folded before Flop (didn't bet)
Seat 7: shawmoney folded before Flop (didn't bet)
Seat 9: david84477 mucked [Kd Td]



PokerStars Hand #227306329488:  Hold'em No Limit ($0.01/$0.02 USD) - 2021/06/03 18:18:32 PT [2021/06/03 21:18:32 ET]
Table 'Catriona' 9-max Seat #2 is the button
Seat 1: Dorex2007 ($2.03 in chips) 
Seat 2: kris.berd ($6.84 in chips) 
Seat 3: VascoSerg ($2.39 in chips) 
Seat 4: 12AJV9 ($2.03 in chips) 
Seat 5: superjod218 ($2.45 in chips) 
Seat 6: shrugplug ($0.72 in chips) 
Seat 7: shawmoney ($1.86 in chips) 
Seat 9: david84477 ($1.52 in chips) 
VascoSerg: posts small blind $0.01
12AJV9: posts big blind $0.02
Micheel_an: sits out 
*** HOLE CARDS ***
Dealt to Dorex2007 [3c 4c]
superjod218: folds 
shrugplug: calls $0.02
shawmoney: calls $0.02
david84477: folds 
Dorex2007: calls $0.02
kris.berd: folds 
VascoSerg: folds 
12AJV9: raises $0.09 to $0.11
shrugplug: folds 
shawmoney: folds 
Dorex2007: folds 
Uncalled bet ($0.09) returned to 12AJV9
12AJV9 collected $0.09 from pot
*** SUMMARY ***
Total pot $0.09 | Rake $0 
Seat 1: Dorex2007 folded before Flop
Seat 2: kris.berd (button) folded before Flop (didn't bet)
Seat 3: VascoSerg (small blind) folded before Flop
Seat 4: 12AJV9 (big blind) collected ($0.09)
Seat 5: superjod218 folded before Flop (didn't bet)
Seat 6: shrugplug folded before Flop
Seat 7: shawmoney folded before Flop
Seat 9: david84477 folded before Flop (didn't bet)



PokerStars Hand #227306340773:  Hold'em No Limit ($0.01/$0.02 USD) - 2021/06/03 18:19:16 PT [2021/06/03 21:19:16 ET]
Table 'Catriona' 9-max Seat #3 is the button
Seat 1: Dorex2007 ($2.01 in chips) 
Seat 2: kris.berd ($6.84 in chips) 
Seat 3: VascoSerg ($2.38 in chips) 
Seat 4: 12AJV9 ($2.10 in chips) 
Seat 5: superjod218 ($2.45 in chips) 
Seat 6: shrugplug ($0.70 in chips) 
Seat 7: shawmoney ($1.84 in chips) 
Seat 9: david84477 ($1.52 in chips) 
12AJV9: posts small blind $0.01
superjod218: posts big blind $0.02
Micheel_an: sits out 
*** HOLE CARDS ***
Dealt to Dorex2007 [7s 9h]
shrugplug: raises $0.03 to $0.05
shawmoney: folds 
david84477: folds 
Dorex2007: folds 
kris.berd: folds 
VascoSerg: raises $0.13 to $0.18
12AJV9: folds 
superjod218: folds 
shrugplug: calls $0.13
*** FLOP *** [5c 4s 8d]
shrugplug: checks 
VascoSerg: checks 
*** TURN *** [5c 4s 8d] [2h]
shrugplug: checks 
VascoSerg: checks 
*** RIVER *** [5c 4s 8d 2h] [Kh]
shrugplug: bets $0.05
VascoSerg: raises $0.07 to $0.12
shrugplug: raises $0.10 to $0.22
VascoSerg: calls $0.10
*** SHOW DOWN ***
shrugplug: shows [Kc As] (a pair of Kings)
VascoSerg: shows [Ah Ks] (a pair of Kings)
shrugplug collected $0.40 from pot
VascoSerg collected $0.40 from pot
*** SUMMARY ***
Total pot $0.83 | Rake $0.03 
Board [5c 4s 8d 2h Kh]
Seat 1: Dorex2007 folded before Flop (didn't bet)
Seat 2: kris.berd folded before Flop (didn't bet)
Seat 3: VascoSerg (button) showed [Ah Ks] and won ($0.40) with a pair of Kings
Seat 4: 12AJV9 (small blind) folded before Flop
Seat 5: superjod218 (big blind) folded before Flop
Seat 6: shrugplug showed [Kc As] and won ($0.40) with a pair of Kings
Seat 7: shawmoney folded before Flop (didn't bet)
Seat 9: david84477 folded before Flop (didn't bet)



PokerStars Hand #227306360030:  Hold'em No Limit ($0.01/$0.02 USD) - 2021/06/03 18:20:30 PT [2021/06/03 21:20:30 ET]
Table 'Catriona' 9-max Seat #4 is the button
Seat 1: Dorex2007 ($2.01 in chips) 
Seat 2: kris.berd ($6.84 in chips) 
Seat 3: VascoSerg ($2.38 in chips) 
Seat 4: 12AJV9 ($2.09 in chips) 
Seat 5: superjod218 ($2.43 in chips) 
Seat 6: shrugplug ($0.70 in chips) 
Seat 7: shawmoney ($1.84 in chips) 
Seat 9: david84477 ($1.52 in chips) 
superjod218: posts small blind $0.01
shrugplug: posts big blind $0.02
Micheel_an: sits out 
*** HOLE CARDS ***
Dealt to Dorex2007 [8h Ac]
shawmoney: folds 
david84477: calls $0.02
Dorex2007: folds 
kris.berd: folds 
VascoSerg: raises $0.06 to $0.08
12AJV9: folds 
superjod218: folds 
shrugplug: folds 
david84477: calls $0.06
*** FLOP *** [6s 6h 3h]
david84477: bets $0.04
VascoSerg: folds 
Uncalled bet ($0.04) returned to david84477
david84477 collected $0.18 from pot
david84477: doesn't show hand 
*** SUMMARY ***
Total pot $0.19 | Rake $0.01 
Board [6s 6h 3h]
Seat 1: Dorex2007 folded before Flop (didn't bet)
Seat 2: kris.berd folded before Flop (didn't bet)
Seat 3: VascoSerg folded on the Flop
Seat 4: 12AJV9 (button) folded before Flop (didn't bet)
Seat 5: superjod218 (small blind) folded before Flop
Seat 6: shrugplug (big blind) folded before Flop
Seat 7: shawmoney folded before Flop (didn't bet)
Seat 9: david84477 collected ($0.18)



PokerStars Hand #227306369615:  Hold'em No Limit ($0.01/$0.02 USD) - 2021/06/03 18:21:08 PT [2021/06/03 21:21:08 ET]
Table 'Catriona' 9-max Seat #5 is the button
Seat 1: Dorex2007 ($2.01 in chips) 
Seat 2: kris.berd ($6.84 in chips) 
Seat 3: VascoSerg ($2.30 in chips) 
Seat 4: 12AJV9 ($2.09 in chips) 
Seat 5: superjod218 ($2.42 in chips) 
Seat 6: shrugplug ($0.68 in chips) 
Seat 8: Micheel_an ($0.80 in chips) 
Seat 9: david84477 ($1.62 in chips) 
shrugplug: posts small blind $0.01
shawmoney: is sitting out 
Micheel_an: posts big blind $0.02
*** HOLE CARDS ***
Dealt to Dorex2007 [Th 2s]
david84477: folds 
Dorex2007: folds 
kris.berd: raises $0.04 to $0.06
VascoSerg: folds 
12AJV9: folds 
superjod218: folds 
shrugplug: calls $0.05
Micheel_an: folds 
*** FLOP *** [8s Td 5d]
shrugplug: bets $0.02
kris.berd: calls $0.02
*** TURN *** [8s Td 5d] [7h]
shrugplug: checks 
kris.berd: checks 
*** RIVER *** [8s Td 5d 7h] [Jh]
shrugplug: checks 
kris.berd: checks 
*** SHOW DOWN ***
shrugplug: shows [4s 4c] (a pair of Fours)
kris.berd: shows [Ah 5h] (a pair of Fives)
kris.berd collected $0.17 from pot
*** SUMMARY ***
Total pot $0.18 | Rake $0.01 
Board [8s Td 5d 7h Jh]
Seat 1: Dorex2007 folded before Flop (didn't bet)
Seat 2: kris.berd showed [Ah 5h] and won ($0.17) with a pair of Fives
Seat 3: VascoSerg folded before Flop (didn't bet)
Seat 4: 12AJV9 folded before Flop (didn't bet)
Seat 5: superjod218 (button) folded before Flop (didn't bet)
Seat 6: shrugplug (small blind) showed [4s 4c] and lost with a pair of Fours
Seat 8: Micheel_an (big blind) folded before Flop
Seat 9: david84477 folded before Flop (didn't bet)



PokerStars Hand #227306384656:  Hold'em No Limit ($0.01/$0.02 USD) - 2021/06/03 18:22:07 PT [2021/06/03 21:22:07 ET]
Table 'Catriona' 9-max Seat #8 is the button
Seat 1: Dorex2007 ($2.01 in chips) 
Seat 2: kris.berd ($6.93 in chips) 
Seat 3: VascoSerg ($2.30 in chips) 
Seat 4: 12AJV9 ($2.09 in chips) 
Seat 5: superjod218 ($2.42 in chips) 
Seat 8: Micheel_an ($0.78 in chips) 
Seat 9: david84477 ($1.62 in chips) 
david84477: posts small blind $0.01
Dorex2007: posts big blind $0.02
shawmoney: sits out 
*** HOLE CARDS ***
Dealt to Dorex2007 [Kd 6d]
kris.berd: folds 
VascoSerg: raises $0.04 to $0.06
12AJV9: folds 
superjod218: folds 
Micheel_an: folds 
david84477: folds 
Dorex2007: folds 
Uncalled bet ($0.04) returned to VascoSerg
VascoSerg collected $0.05 from pot
VascoSerg: doesn't show hand 
*** SUMMARY ***
Total pot $0.05 | Rake $0 
Seat 1: Dorex2007 (big blind) folded before Flop
Seat 2: kris.berd folded before Flop (didn't bet)
Seat 3: VascoSerg collected ($0.05)
Seat 4: 12AJV9 folded before Flop (didn't bet)
Seat 5: superjod218 folded before Flop (didn't bet)
Seat 8: Micheel_an (button) folded before Flop (didn't bet)
Seat 9: david84477 (small blind) folded before Flop



PokerStars Hand #227306388614:  Hold'em No Limit ($0.01/$0.02 USD) - 2021/06/03 18:22:23 PT [2021/06/03 21:22:23 ET]
Table 'Catriona' 9-max Seat #9 is the button
Seat 1: Dorex2007 ($1.99 in chips) 
Seat 2: kris.berd ($6.93 in chips) 
Seat 3: VascoSerg ($2.33 in chips) 
Seat 4: 12AJV9 ($2.09 in chips) 
Seat 5: superjod218 ($2.42 in chips) 
Seat 8: Micheel_an ($0.78 in chips) 
Seat 9: david84477 ($1.61 in chips) 
Dorex2007: posts small blind $0.01
kris.berd: posts big blind $0.02
shawmoney: sits out 
*** HOLE CARDS ***
Dealt to Dorex2007 [9d 8s]
VascoSerg: folds 
12AJV9: folds 
superjod218: folds 
Micheel_an: raises $0.02 to $0.04
david84477: folds 
Dorex2007: folds 
kris.berd: calls $0.02
*** FLOP *** [Ah 4h 9c]
kris.berd: checks 
Micheel_an: bets $0.04
kris.berd: folds 
Uncalled bet ($0.04) returned to Micheel_an
Micheel_an collected $0.09 from pot
Micheel_an: doesn't show hand 
*** SUMMARY ***
Total pot $0.09 | Rake $0 
Board [Ah 4h 9c]
Seat 1: Dorex2007 (small blind) folded before Flop
Seat 2: kris.berd (big blind) folded on the Flop
Seat 3: VascoSerg folded before Flop (didn't bet)
Seat 4: 12AJV9 folded before Flop (didn't bet)
Seat 5: superjod218 folded before Flop (didn't bet)
Seat 8: Micheel_an collected ($0.09)
Seat 9: david84477 (button) folded before Flop (didn't bet)



PokerStars Hand #227306397234:  Hold'em No Limit ($0.01/$0.02 USD) - 2021/06/03 18:22:57 PT [2021/06/03 21:22:57 ET]
Table 'Catriona' 9-max Seat #1 is the button
Seat 1: Dorex2007 ($1.98 in chips) 
Seat 2: kris.berd ($6.89 in chips) 
Seat 3: VascoSerg ($2.33 in chips) 
Seat 4: 12AJV9 ($2.09 in chips) 
Seat 5: superjod218 ($2.42 in chips) 
Seat 6: shrugplug ($0.60 in chips) 
Seat 8: Micheel_an ($0.83 in chips) 
Seat 9: david84477 ($1.61 in chips) 
kris.berd: posts small blind $0.01
VascoSerg: posts big blind $0.02
shawmoney: sits out 
*** HOLE CARDS ***
Dealt to Dorex2007 [3c 4d]
12AJV9: folds 
superjod218: raises $0.04 to $0.06
shrugplug: folds 
Micheel_an: folds 
david84477: folds 
Dorex2007: folds 
kris.berd: folds 
VascoSerg: folds 
Uncalled bet ($0.04) returned to superjod218
superjod218 collected $0.05 from pot
superjod218: doesn't show hand 
*** SUMMARY ***
Total pot $0.05 | Rake $0 
Seat 1: Dorex2007 (button) folded before Flop (didn't bet)
Seat 2: kris.berd (small blind) folded before Flop
Seat 3: VascoSerg (big blind) folded before Flop
Seat 4: 12AJV9 folded before Flop (didn't bet)
Seat 5: superjod218 collected ($0.05)
Seat 6: shrugplug folded before Flop (didn't bet)
Seat 8: Micheel_an folded before Flop (didn't bet)
Seat 9: david84477 folded before Flop (didn't bet)



PokerStars Hand #227306401670:  Hold'em No Limit ($0.01/$0.02 USD) - 2021/06/03 18:23:15 PT [2021/06/03 21:23:15 ET]
Table 'Catriona' 9-max Seat #2 is the button
Seat 1: Dorex2007 ($1.98 in chips) 
Seat 2: kris.berd ($6.88 in chips) 
Seat 3: VascoSerg ($2.31 in chips) 
Seat 4: 12AJV9 ($2.09 in chips) 
Seat 5: superjod218 ($2.45 in chips) 
Seat 6: shrugplug ($0.60 in chips) 
Seat 8: Micheel_an ($0.83 in chips) 
Seat 9: david84477 ($1.61 in chips) 
VascoSerg: posts small blind $0.01
12AJV9: posts big blind $0.02
shawmoney: sits out 
*** HOLE CARDS ***
Dealt to Dorex2007 [Tc Ts]
superjod218: folds 
shrugplug: folds 
Micheel_an: folds 
david84477: folds 
Dorex2007: raises $0.04 to $0.06
kris.berd: calls $0.06
VascoSerg: folds 
12AJV9: folds 
*** FLOP *** [Qc Qh 3s]
Dorex2007: bets $0.09
kris.berd: raises $0.09 to $0.18
Dorex2007: calls $0.09
*** TURN *** [Qc Qh 3s] [Ah]
Dorex2007: bets $0.25
kris.berd: folds 
Uncalled bet ($0.25) returned to Dorex2007
Dorex2007 collected $0.49 from pot
Dorex2007: doesn't show hand 
*** SUMMARY ***
Total pot $0.51 | Rake $0.02 
Board [Qc Qh 3s Ah]
Seat 1: Dorex2007 collected ($0.49)
Seat 2: kris.berd (button) folded on the Turn
Seat 3: VascoSerg (small blind) folded before Flop
Seat 4: 12AJV9 (big blind) folded before Flop
Seat 5: superjod218 folded before Flop (didn't bet)
Seat 6: shrugplug folded before Flop (didn't bet)
Seat 8: Micheel_an folded before Flop (didn't bet)
Seat 9: david84477 folded before Flop (didn't bet)



PokerStars Hand #227306412021:  Hold'em No Limit ($0.01/$0.02 USD) - 2021/06/03 18:23:56 PT [2021/06/03 21:23:56 ET]
Table 'Catriona' 9-max Seat #3 is the button
Seat 1: Dorex2007 ($2.23 in chips) 
Seat 2: kris.berd ($6.64 in chips) 
Seat 3: VascoSerg ($2.30 in chips) 
Seat 4: 12AJV9 ($2.07 in chips) 
Seat 5: superjod218 ($2.45 in chips) 
Seat 6: shrugplug ($0.60 in chips) 
Seat 8: Micheel_an ($0.83 in chips) 
Seat 9: david84477 ($1.61 in chips) 
12AJV9: posts small blind $0.01
superjod218: posts big blind $0.02
shawmoney: sits out 
*** HOLE CARDS ***
Dealt to Dorex2007 [3h 5d]
shrugplug: folds 
Micheel_an: calls $0.02
david84477: folds 
Dorex2007: folds 
kris.berd: folds 
VascoSerg: raises $0.06 to $0.08
12AJV9: folds 
superjod218: calls $0.06
Micheel_an: calls $0.06
*** FLOP *** [Qs Tc 8d]
superjod218: checks 
Micheel_an: checks 
VascoSerg: bets $0.18
superjod218: calls $0.18
Micheel_an: folds 
*** TURN *** [Qs Tc 8d] [8h]
superjod218: checks 
VascoSerg: checks 
*** RIVER *** [Qs Tc 8d 8h] [4c]
superjod218: checks 
VascoSerg: bets $0.30
superjod218: calls $0.30
*** SHOW DOWN ***
VascoSerg: shows [Th Qh] (two pair, Queens and Tens)
superjod218: mucks hand 
VascoSerg collected $1.17 from pot
*** SUMMARY ***
Total pot $1.21 | Rake $0.04 
Board [Qs Tc 8d 8h 4c]
Seat 1: Dorex2007 folded before Flop (didn't bet)
Seat 2: kris.berd folded before Flop (didn't bet)
Seat 3: VascoSerg (button) showed [Th Qh] and won ($1.17) with two pair, Queens and Tens
Seat 4: 12AJV9 (small blind) folded before Flop
Seat 5: superjod218 (big blind) mucked [Qd Jd]
Seat 6: shrugplug folded before Flop (didn't bet)
Seat 8: Micheel_an folded on the Flop
Seat 9: david84477 folded before Flop (didn't bet)



PokerStars Hand #227306428458:  Hold'em No Limit ($0.01/$0.02 USD) - 2021/06/03 18:24:59 PT [2021/06/03 21:24:59 ET]
Table 'Catriona' 9-max Seat #4 is the button
Seat 1: Dorex2007 ($2.23 in chips) 
Seat 2: kris.berd ($6.64 in chips) 
Seat 3: VascoSerg ($2.91 in chips) 
Seat 4: 12AJV9 ($2.06 in chips) 
Seat 5: superjod218 ($2 in chips) 
Seat 6: shrugplug ($0.60 in chips) 
Seat 8: Micheel_an ($0.75 in chips) 
Seat 9: david84477 ($1.61 in chips) 
superjod218: posts small blind $0.01
shrugplug: posts big blind $0.02
shawmoney: sits out 
*** HOLE CARDS ***
Dealt to Dorex2007 [Ks 6d]
Micheel_an: folds 
david84477: folds 
Dorex2007: folds 
kris.berd: folds 
VascoSerg: folds 
12AJV9: raises $0.03 to $0.05
superjod218: folds 
shrugplug: folds 
Uncalled bet ($0.03) returned to 12AJV9
12AJV9 collected $0.05 from pot
*** SUMMARY ***
Total pot $0.05 | Rake $0 
Seat 1: Dorex2007 folded before Flop (didn't bet)
Seat 2: kris.berd folded before Flop (didn't bet)
Seat 3: VascoSerg folded before Flop (didn't bet)
Seat 4: 12AJV9 (button) collected ($0.05)
Seat 5: superjod218 (small blind) folded before Flop
Seat 6: shrugplug (big blind) folded before Flop
Seat 8: Micheel_an folded before Flop (didn't bet)
Seat 9: david84477 folded before Flop (didn't bet)



PokerStars Hand #227306442635:  Hold'em No Limit ($0.01/$0.02 USD) - 2021/06/03 18:25:19 PT [2021/06/03 21:25:19 ET]
Table 'Catriona' 9-max Seat #5 is the button
Seat 1: Dorex2007 ($2.23 in chips) 
Seat 2: kris.berd ($6.64 in chips) 
Seat 3: VascoSerg ($2.91 in chips) 
Seat 4: 12AJV9 ($2.09 in chips) 
Seat 5: superjod218 ($2 in chips) 
Seat 6: shrugplug ($0.58 in chips) 
Seat 8: Micheel_an ($0.75 in chips) 
Seat 9: david84477 ($1.61 in chips) 
shrugplug: posts small blind $0.01
shawmoney: is sitting out 
Micheel_an: posts big blind $0.02
*** HOLE CARDS ***
Dealt to Dorex2007 [Ah 7h]
david84477: folds 
Dorex2007: raises $0.04 to $0.06
kris.berd: folds 
VascoSerg: folds 
12AJV9: folds 
superjod218: folds 
shrugplug: raises $0.04 to $0.10
Micheel_an: folds 
Dorex2007: calls $0.04
*** FLOP *** [8s As 3d]
shrugplug: bets $0.10
Dorex2007: raises $0.28 to $0.38
shrugplug: calls $0.28
*** TURN *** [8s As 3d] [7c]
shrugplug: bets $0.10 and is all-in
Dorex2007: calls $0.10
*** RIVER *** [8s As 3d 7c] [Qh]
*** SHOW DOWN ***
shrugplug: shows [2c Ac] (a pair of Aces)
Dorex2007: shows [Ah 7h] (two pair, Aces and Sevens)
Dorex2007 collected $1.14 from pot
*** SUMMARY ***
Total pot $1.18 | Rake $0.04 
Board [8s As 3d 7c Qh]
Seat 1: Dorex2007 showed [Ah 7h] and won ($1.14) with two pair, Aces and Sevens
Seat 2: kris.berd folded before Flop (didn't bet)
Seat 3: VascoSerg folded before Flop (didn't bet)
Seat 4: 12AJV9 folded before Flop (didn't bet)
Seat 5: superjod218 (button) folded before Flop (didn't bet)
Seat 6: shrugplug (small blind) showed [2c Ac] and lost with a pair of Aces
Seat 8: Micheel_an (big blind) folded before Flop
Seat 9: david84477 folded before Flop (didn't bet)



PokerStars Hand #227306461878:  Hold'em No Limit ($0.01/$0.02 USD) - 2021/06/03 18:26:27 PT [2021/06/03 21:26:27 ET]
Table 'Catriona' 9-max Seat #8 is the button
Seat 1: Dorex2007 ($2.79 in chips) 
Seat 2: kris.berd ($6.64 in chips) 
Seat 3: VascoSerg ($2.91 in chips) 
Seat 4: 12AJV9 ($2.09 in chips) 
Seat 5: superjod218 ($2 in chips) 
Seat 8: Micheel_an ($0.73 in chips) 
Seat 9: david84477 ($1.61 in chips) 
david84477: posts small blind $0.01
Dorex2007: posts big blind $0.02
shawmoney: sits out 
*** HOLE CARDS ***
Dealt to Dorex2007 [5s Qs]
shrugplug is disconnected 
kris.berd: folds 
VascoSerg: folds 
12AJV9: folds 
superjod218: folds 
Micheel_an: folds 
david84477: calls $0.01
Dorex2007: checks 
*** FLOP *** [Kh As 3h]
david84477: bets $0.04
Dorex2007: folds 
Uncalled bet ($0.04) returned to david84477
david84477 collected $0.04 from pot
david84477: doesn't show hand 
*** SUMMARY ***
Total pot $0.04 | Rake $0 
Board [Kh As 3h]
Seat 1: Dorex2007 (big blind) folded on the Flop
Seat 2: kris.berd folded before Flop (didn't bet)
Seat 3: VascoSerg folded before Flop (didn't bet)
Seat 4: 12AJV9 folded before Flop (didn't bet)
Seat 5: superjod218 folded before Flop (didn't bet)
Seat 8: Micheel_an (button) folded before Flop (didn't bet)
Seat 9: david84477 (small blind) collected ($0.04)



PokerStars Hand #227306471271:  Hold'em No Limit ($0.01/$0.02 USD) - 2021/06/03 18:27:04 PT [2021/06/03 21:27:04 ET]
Table 'Catriona' 9-max Seat #9 is the button
Seat 1: Dorex2007 ($2.77 in chips) 
Seat 2: kris.berd ($6.64 in chips) 
Seat 3: VascoSerg ($2.91 in chips) 
Seat 4: 12AJV9 ($2.09 in chips) 
Seat 5: superjod218 ($2 in chips) 
Seat 8: Micheel_an ($0.73 in chips) 
Seat 9: david84477 ($1.63 in chips) 
Dorex2007: posts small blind $0.01
kris.berd: posts big blind $0.02
shawmoney: sits out 
*** HOLE CARDS ***
Dealt to Dorex2007 [Jc 2s]
VascoSerg: raises $0.04 to $0.06
12AJV9: folds 
superjod218: folds 
Micheel_an: folds 
david84477: folds 
Dorex2007: folds 
kris.berd: folds 
Uncalled bet ($0.04) returned to VascoSerg
VascoSerg collected $0.05 from pot
VascoSerg: doesn't show hand 
*** SUMMARY ***
Total pot $0.05 | Rake $0 
Seat 1: Dorex2007 (small blind) folded before Flop
Seat 2: kris.berd (big blind) folded before Flop
Seat 3: VascoSerg collected ($0.05)
Seat 4: 12AJV9 folded before Flop (didn't bet)
Seat 5: superjod218 folded before Flop (didn't bet)
Seat 8: Micheel_an folded before Flop (didn't bet)
Seat 9: david84477 (button) folded before Flop (didn't bet)



PokerStars Hand #227306474751:  Hold'em No Limit ($0.01/$0.02 USD) - 2021/06/03 18:27:18 PT [2021/06/03 21:27:18 ET]
Table 'Catriona' 9-max Seat #1 is the button
Seat 1: Dorex2007 ($2.76 in chips) 
Seat 2: kris.berd ($6.62 in chips) 
Seat 3: VascoSerg ($2.94 in chips) 
Seat 4: 12AJV9 ($2.09 in chips) 
Seat 5: superjod218 ($2 in chips) 
Seat 8: Micheel_an ($0.73 in chips) 
Seat 9: david84477 ($1.63 in chips) 
kris.berd: posts small blind $0.01
VascoSerg: posts big blind $0.02
shawmoney: sits out 
*** HOLE CARDS ***
Dealt to Dorex2007 [6h 7s]
12AJV9: folds 
superjod218: folds 
Micheel_an: folds 
david84477: folds 
Dorex2007: folds 
kris.berd: folds 
Uncalled bet ($0.01) returned to VascoSerg
VascoSerg collected $0.02 from pot
VascoSerg: doesn't show hand 
*** SUMMARY ***
Total pot $0.02 | Rake $0 
Seat 1: Dorex2007 (button) folded before Flop (didn't bet)
Seat 2: kris.berd (small blind) folded before Flop
Seat 3: VascoSerg (big blind) collected ($0.02)
Seat 4: 12AJV9 folded before Flop (didn't bet)
Seat 5: superjod218 folded before Flop (didn't bet)
Seat 8: Micheel_an folded before Flop (didn't bet)
Seat 9: david84477 folded before Flop (didn't bet)



PokerStars Hand #227306478128:  Hold'em No Limit ($0.01/$0.02 USD) - 2021/06/03 18:27:31 PT [2021/06/03 21:27:31 ET]
Table 'Catriona' 9-max Seat #2 is the button
Seat 1: Dorex2007 ($2.76 in chips) 
Seat 2: kris.berd ($6.61 in chips) 
Seat 3: VascoSerg ($2.95 in chips) 
Seat 4: 12AJV9 ($2.09 in chips) 
Seat 5: superjod218 ($2 in chips) 
Seat 8: Micheel_an ($0.73 in chips) 
Seat 9: david84477 ($1.63 in chips) 
VascoSerg: posts small blind $0.01
12AJV9: posts big blind $0.02
shawmoney: sits out 
*** HOLE CARDS ***
Dealt to Dorex2007 [6s Ah]
superjod218: folds 
Micheel_an: raises $0.02 to $0.04
david84477: calls $0.04
Dorex2007: folds 
kris.berd: folds 
VascoSerg: folds 
12AJV9: folds 
*** FLOP *** [5d 4s 5c]
Micheel_an: bets $0.08
david84477: calls $0.08
*** TURN *** [5d 4s 5c] [6c]
Micheel_an: bets $0.13
david84477: calls $0.13
*** RIVER *** [5d 4s 5c 6c] [8s]
Micheel_an: bets $0.48 and is all-in
david84477: calls $0.48
*** SHOW DOWN ***
Micheel_an: shows [Jh Jd] (two pair, Jacks and Fives)
david84477: shows [Qs Ac] (a pair of Fives)
Micheel_an collected $1.44 from pot
*** SUMMARY ***
Total pot $1.49 | Rake $0.05 
Board [5d 4s 5c 6c 8s]
Seat 1: Dorex2007 folded before Flop (didn't bet)
Seat 2: kris.berd (button) folded before Flop (didn't bet)
Seat 3: VascoSerg (small blind) folded before Flop
Seat 4: 12AJV9 (big blind) folded before Flop
Seat 5: superjod218 folded before Flop (didn't bet)
Seat 8: Micheel_an showed [Jh Jd] and won ($1.44) with two pair, Jacks and Fives
Seat 9: david84477 showed [Qs Ac] and lost with a pair of Fives



PokerStars Hand #227306486933:  Hold'em No Limit ($0.01/$0.02 USD) - 2021/06/03 18:28:07 PT [2021/06/03 21:28:07 ET]
Table 'Catriona' 9-max Seat #3 is the button
Seat 1: Dorex2007 ($2.76 in chips) 
Seat 2: kris.berd ($6.61 in chips) 
Seat 3: VascoSerg ($2.94 in chips) 
Seat 4: 12AJV9 ($2.07 in chips) 
Seat 5: superjod218 ($2 in chips) 
Seat 8: Micheel_an ($1.44 in chips) 
Seat 9: david84477 ($0.90 in chips) 
12AJV9: posts small blind $0.01
superjod218: posts big blind $0.02
shawmoney: sits out 
*** HOLE CARDS ***
Dealt to Dorex2007 [Jh 9c]
Micheel_an: folds 
david84477: calls $0.02
Dorex2007: folds 
kris.berd: folds 
VascoSerg: calls $0.02
12AJV9: raises $0.07 to $0.09
superjod218: folds 
david84477: calls $0.07
VascoSerg: calls $0.07
*** FLOP *** [Ad 4h Ac]
12AJV9: checks 
david84477: checks 
VascoSerg: checks 
*** TURN *** [Ad 4h Ac] [9s]
12AJV9: bets $0.09
david84477: calls $0.09
VascoSerg: folds 
*** RIVER *** [Ad 4h Ac 9s] [4d]
12AJV9: bets $0.15
david84477: calls $0.15
*** SHOW DOWN ***
12AJV9: shows [Qc 8c] (two pair, Aces and Fours)
david84477: shows [Qd 9d] (two pair, Aces and Nines)
david84477 collected $0.74 from pot
*** SUMMARY ***
Total pot $0.77 | Rake $0.03 
Board [Ad 4h Ac 9s 4d]
Seat 1: Dorex2007 folded before Flop (didn't bet)
Seat 2: kris.berd folded before Flop (didn't bet)
Seat 3: VascoSerg (button) folded on the Turn
Seat 4: 12AJV9 (small blind) showed [Qc 8c] and lost with two pair, Aces and Fours
Seat 5: superjod218 (big blind) folded before Flop
Seat 8: Micheel_an folded before Flop (didn't bet)
Seat 9: david84477 showed [Qd 9d] and won ($0.74) with two pair, Aces and Nines



PokerStars Hand #227306508997:  Hold'em No Limit ($0.01/$0.02 USD) - 2021/06/03 18:29:06 PT [2021/06/03 21:29:06 ET]
Table 'Catriona' 9-max Seat #4 is the button
Seat 1: Dorex2007 ($2.76 in chips) 
Seat 2: kris.berd ($6.61 in chips) 
Seat 3: VascoSerg ($2.85 in chips) 
Seat 4: 12AJV9 ($1.74 in chips) 
Seat 5: superjod218 ($2 in chips) 
Seat 7: shawmoney ($1.84 in chips) 
Seat 8: Micheel_an ($1.44 in chips) 
Seat 9: david84477 ($1.31 in chips) 
superjod218: posts small blind $0.01
shawmoney: posts big blind $0.02
*** HOLE CARDS ***
Dealt to Dorex2007 [5c 2d]
Micheel_an: folds 
david84477: folds 
Dorex2007: folds 
kris.berd: raises $0.03 to $0.05
VascoSerg: folds 
12AJV9: folds 
superjod218: folds 
shawmoney: folds 
Uncalled bet ($0.03) returned to kris.berd
kris.berd collected $0.05 from pot
*** SUMMARY ***
Total pot $0.05 | Rake $0 
Seat 1: Dorex2007 folded before Flop (didn't bet)
Seat 2: kris.berd collected ($0.05)
Seat 3: VascoSerg folded before Flop (didn't bet)
Seat 4: 12AJV9 (button) folded before Flop (didn't bet)
Seat 5: superjod218 (small blind) folded before Flop
Seat 7: shawmoney (big blind) folded before Flop
Seat 8: Micheel_an folded before Flop (didn't bet)
Seat 9: david84477 folded before Flop (didn't bet)



PokerStars Hand #227306514048:  Hold'em No Limit ($0.01/$0.02 USD) - 2021/06/03 18:29:26 PT [2021/06/03 21:29:26 ET]
Table 'Catriona' 9-max Seat #5 is the button
Seat 1: Dorex2007 ($2.76 in chips) 
Seat 2: kris.berd ($6.64 in chips) 
Seat 3: VascoSerg ($2.85 in chips) 
Seat 4: 12AJV9 ($1.74 in chips) 
Seat 5: superjod218 ($2 in chips) 
Seat 7: shawmoney ($1.82 in chips) 
Seat 8: Micheel_an ($1.44 in chips) 
Seat 9: david84477 ($1.31 in chips) 
shawmoney: posts small blind $0.01
Micheel_an: posts big blind $0.02
*** HOLE CARDS ***
Dealt to Dorex2007 [5c Qd]
david84477: calls $0.02
Dorex2007: folds 
kris.berd: folds 
VascoSerg: raises $0.06 to $0.08
12AJV9: folds 
superjod218: folds 
shawmoney: folds 
Micheel_an: folds 
david84477: calls $0.06
*** FLOP *** [2c 2h 4s]
david84477: bets $0.06
VascoSerg: folds 
Uncalled bet ($0.06) returned to david84477
david84477 collected $0.18 from pot
david84477: doesn't show hand 
*** SUMMARY ***
Total pot $0.19 | Rake $0.01 
Board [2c 2h 4s]
Seat 1: Dorex2007 folded before Flop (didn't bet)
Seat 2: kris.berd folded before Flop (didn't bet)
Seat 3: VascoSerg folded on the Flop
Seat 4: 12AJV9 folded before Flop (didn't bet)
Seat 5: superjod218 (button) folded before Flop (didn't bet)
Seat 7: shawmoney (small blind) folded before Flop
Seat 8: Micheel_an (big blind) folded before Flop
Seat 9: david84477 collected ($0.18)



PokerStars Hand #227306525445:  Hold'em No Limit ($0.01/$0.02 USD) - 2021/06/03 18:29:58 PT [2021/06/03 21:29:58 ET]
Table 'Catriona' 9-max Seat #7 is the button
Seat 1: Dorex2007 ($2.76 in chips) 
Seat 2: kris.berd ($6.64 in chips) 
Seat 3: VascoSerg ($2.77 in chips) 
Seat 4: 12AJV9 ($1.74 in chips) 
Seat 5: superjod218 ($2 in chips) 
Seat 7: shawmoney ($1.81 in chips) 
Seat 8: Micheel_an ($1.42 in chips) 
Seat 9: david84477 ($1.41 in chips) 
Micheel_an: posts small blind $0.01
david84477: posts big blind $0.02
*** HOLE CARDS ***
Dealt to Dorex2007 [4d 2d]
Dorex2007: folds 
kris.berd: folds 
VascoSerg: raises $0.04 to $0.06
12AJV9: raises $0.18 to $0.24
superjod218: folds 
shawmoney: folds 
Micheel_an: folds 
david84477: folds 
VascoSerg: calls $0.18
*** FLOP *** [Kh 6s 4h]
VascoSerg: checks 
12AJV9: checks 
*** TURN *** [Kh 6s 4h] [Jh]
VascoSerg: checks 
12AJV9: checks 
*** RIVER *** [Kh 6s 4h Jh] [4c]
VascoSerg: bets $0.25
12AJV9: folds 
Uncalled bet ($0.25) returned to VascoSerg
VascoSerg collected $0.49 from pot
VascoSerg: doesn't show hand 
*** SUMMARY ***
Total pot $0.51 | Rake $0.02 
Board [Kh 6s 4h Jh 4c]
Seat 1: Dorex2007 folded before Flop (didn't bet)
Seat 2: kris.berd folded before Flop (didn't bet)
Seat 3: VascoSerg collected ($0.49)
Seat 4: 12AJV9 folded on the River
Seat 5: superjod218 folded before Flop (didn't bet)
Seat 7: shawmoney (button) folded before Flop (didn't bet)
Seat 8: Micheel_an (small blind) folded before Flop
Seat 9: david84477 (big blind) folded before Flop



PokerStars Hand #227306544208:  Hold'em No Limit ($0.01/$0.02 USD) - 2021/06/03 18:31:13 PT [2021/06/03 21:31:13 ET]
Table 'Catriona' 9-max Seat #8 is the button
Seat 1: Dorex2007 ($2.76 in chips) 
Seat 2: kris.berd ($6.64 in chips) 
Seat 3: VascoSerg ($3.02 in chips) 
Seat 4: 12AJV9 ($1.50 in chips) 
Seat 5: superjod218 ($2 in chips) 
Seat 7: shawmoney ($1.81 in chips) 
Seat 8: Micheel_an ($1.41 in chips) 
Seat 9: david84477 ($1.39 in chips) 
david84477: posts small blind $0.01
Dorex2007: posts big blind $0.02
*** HOLE CARDS ***
Dealt to Dorex2007 [2h 2s]
kris.berd: folds 
VascoSerg: raises $0.04 to $0.06
12AJV9: folds 
superjod218: folds 
shawmoney: folds 
Micheel_an: folds 
david84477: folds 
Dorex2007: calls $0.04
*** FLOP *** [Ah Ad Th]
Dorex2007: checks 
VascoSerg: bets $0.09
Dorex2007: calls $0.09
*** TURN *** [Ah Ad Th] [8h]
Dorex2007: bets $0.20
VascoSerg: calls $0.20
*** RIVER *** [Ah Ad Th 8h] [3h]
Dorex2007: bets $0.46
VascoSerg: calls $0.46
*** SHOW DOWN ***
Dorex2007: shows [2h 2s] (a flush, Ace high)
VascoSerg: mucks hand 
Dorex2007 collected $1.57 from pot
*** SUMMARY ***
Total pot $1.63 | Rake $0.06 
Board [Ah Ad Th 8h 3h]
Seat 1: Dorex2007 (big blind) showed [2h 2s] and won ($1.57) with a flush, Ace high
Seat 2: kris.berd folded before Flop (didn't bet)
Seat 3: VascoSerg mucked [Ac 5c]
Seat 4: 12AJV9 folded before Flop (didn't bet)
Seat 5: superjod218 folded before Flop (didn't bet)
Seat 7: shawmoney folded before Flop (didn't bet)
Seat 8: Micheel_an (button) folded before Flop (didn't bet)
Seat 9: david84477 (small blind) folded before Flop



PokerStars Hand #227306554831:  Hold'em No Limit ($0.01/$0.02 USD) - 2021/06/03 18:31:55 PT [2021/06/03 21:31:55 ET]
Table 'Catriona' 9-max Seat #9 is the button
Seat 1: Dorex2007 ($3.52 in chips) 
Seat 2: kris.berd ($6.64 in chips) 
Seat 3: VascoSerg ($2.21 in chips) 
Seat 4: 12AJV9 ($1.50 in chips) 
Seat 5: superjod218 ($2 in chips) 
Seat 7: shawmoney ($1.81 in chips) 
Seat 8: Micheel_an ($1.41 in chips) 
Seat 9: david84477 ($1.38 in chips) 
Dorex2007: posts small blind $0.01
kris.berd: posts big blind $0.02
*** HOLE CARDS ***
Dealt to Dorex2007 [3s 2c]
VascoSerg: folds 
12AJV9: folds 
superjod218: folds 
shawmoney: calls $0.02
Micheel_an: folds 
david84477: folds 
Dorex2007: folds 
kris.berd: checks 
*** FLOP *** [2d As 6s]
kris.berd: checks 
shawmoney: checks 
*** TURN *** [2d As 6s] [Ks]
kris.berd: bets $0.04
shawmoney: calls $0.04
*** RIVER *** [2d As 6s Ks] [2s]
kris.berd: checks 
shawmoney: bets $0.06
kris.berd: folds 
Uncalled bet ($0.06) returned to shawmoney
shawmoney collected $0.13 from pot
shawmoney: doesn't show hand 
*** SUMMARY ***
Total pot $0.13 | Rake $0 
Board [2d As 6s Ks 2s]
Seat 1: Dorex2007 (small blind) folded before Flop
Seat 2: kris.berd (big blind) folded on the River
Seat 3: VascoSerg folded before Flop (didn't bet)
Seat 4: 12AJV9 folded before Flop (didn't bet)
Seat 5: superjod218 folded before Flop (didn't bet)
Seat 7: shawmoney collected ($0.13)
Seat 8: Micheel_an folded before Flop (didn't bet)
Seat 9: david84477 (button) folded before Flop (didn't bet)



PokerStars Hand #227306576728:  Hold'em No Limit ($0.01/$0.02 USD) - 2021/06/03 18:33:23 PT [2021/06/03 21:33:23 ET]
Table 'Catriona' 9-max Seat #1 is the button
Seat 1: Dorex2007 ($3.51 in chips) 
Seat 2: kris.berd ($6.58 in chips) 
Seat 3: VascoSerg ($2.21 in chips) 
Seat 4: 12AJV9 ($1.50 in chips) 
Seat 5: superjod218 ($2 in chips) 
Seat 7: shawmoney ($1.88 in chips) 
Seat 8: Micheel_an ($1.41 in chips) 
Seat 9: david84477 ($1.38 in chips) 
kris.berd: posts small blind $0.01
VascoSerg: posts big blind $0.02
*** HOLE CARDS ***
Dealt to Dorex2007 [7d 6c]
12AJV9: folds 
superjod218: folds 
shawmoney: calls $0.02
Micheel_an: folds 
david84477: folds 
Dorex2007: folds 
kris.berd: raises $0.08 to $0.10
VascoSerg: folds 
shawmoney: calls $0.08
*** FLOP *** [Qh 5d 6s]
kris.berd: checks 
shawmoney: checks 
*** TURN *** [Qh 5d 6s] [3s]
kris.berd: bets $0.16
shawmoney: folds 
Uncalled bet ($0.16) returned to kris.berd
kris.berd collected $0.21 from pot
*** SUMMARY ***
Total pot $0.22 | Rake $0.01 
Board [Qh 5d 6s 3s]
Seat 1: Dorex2007 (button) folded before Flop (didn't bet)
Seat 2: kris.berd (small blind) collected ($0.21)
Seat 3: VascoSerg (big blind) folded before Flop
Seat 4: 12AJV9 folded before Flop (didn't bet)
Seat 5: superjod218 folded before Flop (didn't bet)
Seat 7: shawmoney folded on the Turn
Seat 8: Micheel_an folded before Flop (didn't bet)
Seat 9: david84477 folded before Flop (didn't bet)



PokerStars Hand #227306587921:  Hold'em No Limit ($0.01/$0.02 USD) - 2021/06/03 18:34:08 PT [2021/06/03 21:34:08 ET]
Table 'Catriona' 9-max Seat #2 is the button
Seat 1: Dorex2007 ($3.51 in chips) 
Seat 2: kris.berd ($6.69 in chips) 
Seat 3: VascoSerg ($2.19 in chips) 
Seat 4: 12AJV9 ($1.50 in chips) 
Seat 5: superjod218 ($2 in chips) 
Seat 7: shawmoney ($1.78 in chips) 
Seat 8: Micheel_an ($1.41 in chips) 
Seat 9: david84477 ($1.38 in chips) 
VascoSerg: posts small blind $0.01
12AJV9: posts big blind $0.02
*** HOLE CARDS ***
Dealt to Dorex2007 [Qd Qs]
superjod218: folds 
shawmoney: calls $0.02
Micheel_an: folds 
david84477: calls $0.02
Dorex2007: raises $0.08 to $0.10
kris.berd: folds 
VascoSerg: folds 
12AJV9: folds 
shawmoney: folds 
david84477: folds 
Uncalled bet ($0.08) returned to Dorex2007
Dorex2007 collected $0.09 from pot
Dorex2007: doesn't show hand 
*** SUMMARY ***
Total pot $0.09 | Rake $0 
Seat 1: Dorex2007 collected ($0.09)
Seat 2: kris.berd (button) folded before Flop (didn't bet)
Seat 3: VascoSerg (small blind) folded before Flop
Seat 4: 12AJV9 (big blind) folded before Flop
Seat 5: superjod218 folded before Flop (didn't bet)
Seat 7: shawmoney folded before Flop
Seat 8: Micheel_an folded before Flop (didn't bet)
Seat 9: david84477 folded before Flop



PokerStars Hand #227306598116:  Hold'em No Limit ($0.01/$0.02 USD) - 2021/06/03 18:34:49 PT [2021/06/03 21:34:49 ET]
Table 'Catriona' 9-max Seat #3 is the button
Seat 1: Dorex2007 ($3.58 in chips) 
Seat 2: kris.berd ($6.69 in chips) 
Seat 3: VascoSerg ($2.18 in chips) 
Seat 4: 12AJV9 ($1.48 in chips) 
Seat 5: superjod218 ($2 in chips) 
Seat 7: shawmoney ($1.76 in chips) 
Seat 8: Micheel_an ($1.41 in chips) 
Seat 9: david84477 ($1.36 in chips) 
12AJV9: posts small blind $0.01
superjod218: posts big blind $0.02
*** HOLE CARDS ***
Dealt to Dorex2007 [Ts 2c]
shawmoney: folds 
Micheel_an: folds 
david84477: calls $0.02
Dorex2007: folds 
kris.berd: folds 
VascoSerg: raises $0.06 to $0.08
12AJV9: folds 
superjod218: folds 
david84477: calls $0.06
*** FLOP *** [8h Jh 8c]
david84477: bets $0.02
VascoSerg: raises $0.15 to $0.17
david84477: folds 
Uncalled bet ($0.15) returned to VascoSerg
VascoSerg collected $0.22 from pot
VascoSerg: doesn't show hand 
*** SUMMARY ***
Total pot $0.23 | Rake $0.01 
Board [8h Jh 8c]
Seat 1: Dorex2007 folded before Flop (didn't bet)
Seat 2: kris.berd folded before Flop (didn't bet)
Seat 3: VascoSerg (button) collected ($0.22)
Seat 4: 12AJV9 (small blind) folded before Flop
Seat 5: superjod218 (big blind) folded before Flop
Seat 7: shawmoney folded before Flop (didn't bet)
Seat 8: Micheel_an folded before Flop (didn't bet)
Seat 9: david84477 folded on the Flop



PokerStars Hand #227306608511:  Hold'em No Limit ($0.01/$0.02 USD) - 2021/06/03 18:35:30 PT [2021/06/03 21:35:30 ET]
Table 'Catriona' 9-max Seat #4 is the button
Seat 1: Dorex2007 ($3.58 in chips) 
Seat 2: kris.berd ($6.69 in chips) 
Seat 3: VascoSerg ($2.30 in chips) 
Seat 4: 12AJV9 ($1.47 in chips) 
Seat 5: superjod218 ($2 in chips) 
Seat 7: shawmoney ($1.76 in chips) 
Seat 8: Micheel_an ($1.41 in chips) 
Seat 9: david84477 ($1.26 in chips) 
superjod218: posts small blind $0.01
shawmoney: posts big blind $0.02
*** HOLE CARDS ***
Dealt to Dorex2007 [Qh Ts]
Micheel_an: folds 
david84477: calls $0.02
Dorex2007: folds 
kris.berd: raises $0.07 to $0.09
VascoSerg: folds 
12AJV9: folds 
superjod218: folds 
shawmoney: folds 
david84477: calls $0.07
*** FLOP *** [As 4s 3h]
david84477: bets $0.04
kris.berd: raises $0.04 to $0.08
david84477: calls $0.04
*** TURN *** [As 4s 3h] [6d]
david84477: bets $0.06
kris.berd: raises $0.26 to $0.32
david84477: calls $0.26
*** RIVER *** [As 4s 3h 6d] [Ks]
david84477: bets $0.06
kris.berd: calls $0.06
*** SHOW DOWN ***
david84477: shows [Ac 7c] (a pair of Aces)
kris.berd: shows [4c 4h] (three of a kind, Fours)
kris.berd collected $1.09 from pot
*** SUMMARY ***
Total pot $1.13 | Rake $0.04 
Board [As 4s 3h 6d Ks]
Seat 1: Dorex2007 folded before Flop (didn't bet)
Seat 2: kris.berd showed [4c 4h] and won ($1.09) with three of a kind, Fours
Seat 3: VascoSerg folded before Flop (didn't bet)
Seat 4: 12AJV9 (button) folded before Flop (didn't bet)
Seat 5: superjod218 (small blind) folded before Flop
Seat 7: shawmoney (big blind) folded before Flop
Seat 8: Micheel_an folded before Flop (didn't bet)
Seat 9: david84477 showed [Ac 7c] and lost with a pair of Aces



PokerStars Hand #227306619058:  Hold'em No Limit ($0.01/$0.02 USD) - 2021/06/03 18:36:12 PT [2021/06/03 21:36:12 ET]
Table 'Catriona' 9-max Seat #5 is the button
Seat 1: Dorex2007 ($3.58 in chips) 
Seat 2: kris.berd ($7.23 in chips) 
Seat 3: VascoSerg ($2.30 in chips) 
Seat 4: 12AJV9 ($1.47 in chips) 
Seat 5: superjod218 ($2 in chips) 
Seat 7: shawmoney ($1.74 in chips) 
Seat 8: Micheel_an ($1.41 in chips) 
Seat 9: david84477 ($0.71 in chips) 
shawmoney: posts small blind $0.01
Micheel_an: posts big blind $0.02
*** HOLE CARDS ***
Dealt to Dorex2007 [Kh Qd]
david84477: folds 
Dorex2007: raises $0.04 to $0.06
kris.berd: raises $0.12 to $0.18
shrugplug leaves the table
VascoSerg: folds 
12AJV9: folds 
superjod218: folds 
shawmoney: folds 
Lolochka666 joins the table at seat #6 
Micheel_an: folds 
Dorex2007: folds 
Uncalled bet ($0.12) returned to kris.berd
kris.berd collected $0.15 from pot
*** SUMMARY ***
Total pot $0.15 | Rake $0 
Seat 1: Dorex2007 folded before Flop
Seat 2: kris.berd collected ($0.15)
Seat 3: VascoSerg folded before Flop (didn't bet)
Seat 4: 12AJV9 folded before Flop (didn't bet)
Seat 5: superjod218 (button) folded before Flop (didn't bet)
Seat 7: shawmoney (small blind) folded before Flop
Seat 8: Micheel_an (big blind) folded before Flop
Seat 9: david84477 folded before Flop (didn't bet)



PokerStars Hand #227306626613:  Hold'em No Limit ($0.01/$0.02 USD) - 2021/06/03 18:36:41 PT [2021/06/03 21:36:41 ET]
Table 'Catriona' 9-max Seat #7 is the button
Seat 1: Dorex2007 ($3.52 in chips) 
Seat 2: kris.berd ($7.32 in chips) 
Seat 3: VascoSerg ($2.30 in chips) 
Seat 4: 12AJV9 ($1.47 in chips) 
Seat 5: superjod218 ($2 in chips) 
Seat 6: Lolochka666 ($1.96 in chips) 
Seat 7: shawmoney ($1.73 in chips) 
Seat 8: Micheel_an ($1.39 in chips) 
Seat 9: david84477 ($0.71 in chips) 
Micheel_an: posts small blind $0.01
david84477: posts big blind $0.02
Lolochka666: posts big blind $0.02
*** HOLE CARDS ***
Dealt to Dorex2007 [4s Jc]
Dorex2007: folds 
kris.berd: raises $0.07 to $0.09
VascoSerg: folds 
12AJV9: folds 
superjod218: folds 
Lolochka666: folds 
shawmoney: folds 
Micheel_an: folds 
david84477: calls $0.07
*** FLOP *** [3d 7d 3h]
david84477: checks 
kris.berd: bets $0.20
david84477: calls $0.20
*** TURN *** [3d 7d 3h] [8h]
david84477: checks 
kris.berd: bets $0.59
david84477: calls $0.42 and is all-in
Uncalled bet ($0.17) returned to kris.berd
*** RIVER *** [3d 7d 3h 8h] [5d]
*** SHOW DOWN ***
david84477: shows [3s Ks] (three of a kind, Threes)
kris.berd: shows [As Ad] (two pair, Aces and Threes)
david84477 collected $1.40 from pot
*** SUMMARY ***
Total pot $1.45 | Rake $0.05 
Board [3d 7d 3h 8h 5d]
Seat 1: Dorex2007 folded before Flop (didn't bet)
Seat 2: kris.berd showed [As Ad] and lost with two pair, Aces and Threes
Seat 3: VascoSerg folded before Flop (didn't bet)
Seat 4: 12AJV9 folded before Flop (didn't bet)
Seat 5: superjod218 folded before Flop (didn't bet)
Seat 6: Lolochka666 folded before Flop (didn't bet)
Seat 7: shawmoney (button) folded before Flop (didn't bet)
Seat 8: Micheel_an (small blind) folded before Flop
Seat 9: david84477 (big blind) showed [3s Ks] and won ($1.40) with three of a kind, Threes



PokerStars Hand #227306646130:  Hold'em No Limit ($0.01/$0.02 USD) - 2021/06/03 18:37:39 PT [2021/06/03 21:37:39 ET]
Table 'Catriona' 9-max Seat #8 is the button
Seat 1: Dorex2007 ($3.52 in chips) 
Seat 2: kris.berd ($6.61 in chips) 
Seat 3: VascoSerg ($2.30 in chips) 
Seat 4: 12AJV9 ($1.47 in chips) 
Seat 5: superjod218 ($2 in chips) 
Seat 6: Lolochka666 ($1.94 in chips) 
Seat 7: shawmoney ($1.73 in chips) 
Seat 8: Micheel_an ($1.38 in chips) 
Seat 9: david84477 ($1.40 in chips) 
david84477: posts small blind $0.01
Dorex2007: posts big blind $0.02
*** HOLE CARDS ***
Dealt to Dorex2007 [7s 9s]
kris.berd: folds 
VascoSerg: folds 
12AJV9: raises $0.03 to $0.05
superjod218: folds 
Lolochka666: folds 
shawmoney: folds 
Micheel_an: folds 
david84477: folds 
Dorex2007: folds 
Uncalled bet ($0.03) returned to 12AJV9
12AJV9 collected $0.05 from pot
*** SUMMARY ***
Total pot $0.05 | Rake $0 
Seat 1: Dorex2007 (big blind) folded before Flop
Seat 2: kris.berd folded before Flop (didn't bet)
Seat 3: VascoSerg folded before Flop (didn't bet)
Seat 4: 12AJV9 collected ($0.05)
Seat 5: superjod218 folded before Flop (didn't bet)
Seat 6: Lolochka666 folded before Flop (didn't bet)
Seat 7: shawmoney folded before Flop (didn't bet)
Seat 8: Micheel_an (button) folded before Flop (didn't bet)
Seat 9: david84477 (small blind) folded before Flop



PokerStars Hand #227306653001:  Hold'em No Limit ($0.01/$0.02 USD) - 2021/06/03 18:38:06 PT [2021/06/03 21:38:06 ET]
Table 'Catriona' 9-max Seat #9 is the button
Seat 1: Dorex2007 ($3.50 in chips) 
Seat 2: kris.berd ($6.61 in chips) 
Seat 3: VascoSerg ($2.30 in chips) 
Seat 4: 12AJV9 ($1.50 in chips) 
Seat 5: superjod218 ($2 in chips) 
Seat 6: Lolochka666 ($1.94 in chips) 
Seat 7: shawmoney ($1.73 in chips) 
Seat 8: Micheel_an ($1.38 in chips) 
Seat 9: david84477 ($1.39 in chips) 
Dorex2007: posts small blind $0.01
kris.berd: posts big blind $0.02
*** HOLE CARDS ***
Dealt to Dorex2007 [Qd Th]
VascoSerg: folds 
12AJV9: raises $0.03 to $0.05
superjod218: folds 
Lolochka666: raises $0.13 to $0.18
shawmoney: folds 
Micheel_an: folds 
david84477: folds 
Dorex2007: folds 
kris.berd: calls $0.16
12AJV9: folds 
*** FLOP *** [2h 8h 8c]
kris.berd: bets $0.14
Lolochka666: raises $0.69 to $0.83
kris.berd: raises $0.69 to $1.52
Lolochka666: raises $0.24 to $1.76 and is all-in
kris.berd: calls $0.24
*** TURN *** [2h 8h 8c] [6s]
*** RIVER *** [2h 8h 8c 6s] [Ks]
*** SHOW DOWN ***
kris.berd: shows [9c 8d] (three of a kind, Eights)
Lolochka666: shows [Kc As] (two pair, Kings and Eights)
kris.berd collected $3.80 from pot
*** SUMMARY ***
Total pot $3.94 | Rake $0.14 
Board [2h 8h 8c 6s Ks]
Seat 1: Dorex2007 (small blind) folded before Flop
Seat 2: kris.berd (big blind) showed [9c 8d] and won ($3.80) with three of a kind, Eights
Seat 3: VascoSerg folded before Flop (didn't bet)
Seat 4: 12AJV9 folded before Flop
Seat 5: superjod218 folded before Flop (didn't bet)
Seat 6: Lolochka666 showed [Kc As] and lost with two pair, Kings and Eights
Seat 7: shawmoney folded before Flop (didn't bet)
Seat 8: Micheel_an folded before Flop (didn't bet)
Seat 9: david84477 (button) folded before Flop (didn't bet)



PokerStars Hand #227306671311:  Hold'em No Limit ($0.01/$0.02 USD) - 2021/06/03 18:38:54 PT [2021/06/03 21:38:54 ET]
Table 'Catriona' 9-max Seat #1 is the button
Seat 1: Dorex2007 ($3.49 in chips) 
Seat 2: kris.berd ($8.47 in chips) 
Seat 3: VascoSerg ($2.30 in chips) 
Seat 4: 12AJV9 ($1.45 in chips) 
Seat 5: superjod218 ($2 in chips) 
Seat 7: shawmoney ($1.73 in chips) 
Seat 8: Micheel_an ($1.38 in chips) 
Seat 9: david84477 ($1.39 in chips) 
kris.berd: posts small blind $0.01
VascoSerg: posts big blind $0.02
*** HOLE CARDS ***
Dealt to Dorex2007 [Ad 5h]
12AJV9: folds 
superjod218: folds 
shawmoney: folds 
Micheel_an: folds 
Lolochka666 leaves the table
david84477: calls $0.02
Dorex2007: folds 
kris.berd: folds 
VascoSerg: checks 
*** FLOP *** [2c Kc Qc]
VascoSerg: checks 
david84477: bets $0.05
VascoSerg: folds 
Uncalled bet ($0.05) returned to david84477
david84477 collected $0.05 from pot
david84477: doesn't show hand 
*** SUMMARY ***
Total pot $0.05 | Rake $0 
Board [2c Kc Qc]
Seat 1: Dorex2007 (button) folded before Flop (didn't bet)
Seat 2: kris.berd (small blind) folded before Flop
Seat 3: VascoSerg (big blind) folded on the Flop
Seat 4: 12AJV9 folded before Flop (didn't bet)
Seat 5: superjod218 folded before Flop (didn't bet)
Seat 7: shawmoney folded before Flop (didn't bet)
Seat 8: Micheel_an folded before Flop (didn't bet)
Seat 9: david84477 collected ($0.05)



PokerStars Hand #227306678633:  Hold'em No Limit ($0.01/$0.02 USD) - 2021/06/03 18:39:23 PT [2021/06/03 21:39:23 ET]
Table 'Catriona' 9-max Seat #2 is the button
Seat 1: Dorex2007 ($3.49 in chips) 
Seat 2: kris.berd ($8.46 in chips) 
Seat 3: VascoSerg ($2.28 in chips) 
Seat 4: 12AJV9 ($1.45 in chips) 
Seat 5: superjod218 ($2 in chips) 
Seat 7: shawmoney ($1.73 in chips) 
Seat 8: Micheel_an ($1.38 in chips) 
Seat 9: david84477 ($1.42 in chips) 
VascoSerg: posts small blind $0.01
12AJV9: posts big blind $0.02
*** HOLE CARDS ***
Dealt to Dorex2007 [8h 4h]
superjod218: folds 
shawmoney: folds 
Micheel_an: folds 
david84477: folds 
Dorex2007: folds 
kris.berd: folds 
VascoSerg: raises $0.04 to $0.06
12AJV9: folds 
Uncalled bet ($0.04) returned to VascoSerg
VascoSerg collected $0.04 from pot
VascoSerg: doesn't show hand 
*** SUMMARY ***
Total pot $0.04 | Rake $0 
Seat 1: Dorex2007 folded before Flop (didn't bet)
Seat 2: kris.berd (button) folded before Flop (didn't bet)
Seat 3: VascoSerg (small blind) collected ($0.04)
Seat 4: 12AJV9 (big blind) folded before Flop
Seat 5: superjod218 folded before Flop (didn't bet)
Seat 7: shawmoney folded before Flop (didn't bet)
Seat 8: Micheel_an folded before Flop (didn't bet)
Seat 9: david84477 folded before Flop (didn't bet)



PokerStars Hand #227306686173:  Hold'em No Limit ($0.01/$0.02 USD) - 2021/06/03 18:39:53 PT [2021/06/03 21:39:53 ET]
Table 'Catriona' 9-max Seat #3 is the button
Seat 1: Dorex2007 ($3.49 in chips) 
Seat 2: kris.berd ($8.46 in chips) 
Seat 3: VascoSerg ($2.30 in chips) 
Seat 4: 12AJV9 ($1.43 in chips) 
Seat 7: shawmoney ($1.73 in chips) 
Seat 8: Micheel_an ($1.38 in chips) 
Seat 9: david84477 ($1.42 in chips) 
12AJV9: posts small blind $0.01
superjod218: is sitting out 
shawmoney: posts big blind $0.02
*** HOLE CARDS ***
Dealt to Dorex2007 [4s 3c]
Micheel_an: folds 
david84477: folds 
Dorex2007: folds 
superjod218 leaves the table
kris.berd: raises $0.03 to $0.05
VascoSerg: folds 
12AJV9: folds 
shawmoney: folds 
Uncalled bet ($0.03) returned to kris.berd
kris.berd collected $0.05 from pot
*** SUMMARY ***
Total pot $0.05 | Rake $0 
Seat 1: Dorex2007 folded before Flop (didn't bet)
Seat 2: kris.berd collected ($0.05)
Seat 3: VascoSerg (button) folded before Flop (didn't bet)
Seat 4: 12AJV9 (small blind) folded before Flop
Seat 7: shawmoney (big blind) folded before Flop
Seat 8: Micheel_an folded before Flop (didn't bet)
Seat 9: david84477 folded before Flop (didn't bet)



PokerStars Hand #227306691324:  Hold'em No Limit ($0.01/$0.02 USD) - 2021/06/03 18:40:13 PT [2021/06/03 21:40:13 ET]
Table 'Catriona' 9-max Seat #4 is the button
Seat 1: Dorex2007 ($3.49 in chips) 
Seat 2: kris.berd ($8.49 in chips) 
Seat 3: VascoSerg ($2.30 in chips) 
Seat 4: 12AJV9 ($1.42 in chips) 
Seat 7: shawmoney ($1.71 in chips) 
Seat 8: Micheel_an ($1.38 in chips) 
Seat 9: david84477 ($1.42 in chips) 
shawmoney: posts small blind $0.01
Micheel_an: posts big blind $0.02
*** HOLE CARDS ***
Dealt to Dorex2007 [Qd 9s]
david84477: folds 
Dorex2007: folds 
kris.berd: folds 
VascoSerg: raises $0.04 to $0.06
12AJV9: folds 
david84477 leaves the table
shawmoney: calls $0.05
Micheel_an: calls $0.04
*** FLOP *** [3c 8c 4h]
shawmoney: checks 
Micheel_an: checks 
VascoSerg: checks 
*** TURN *** [3c 8c 4h] [Jc]
shawmoney: checks 
Micheel_an: checks 
VascoSerg: checks 
*** RIVER *** [3c 8c 4h Jc] [7c]
shawmoney: checks 
Micheel_an: checks 
VascoSerg: checks 
*** SHOW DOWN ***
shawmoney: shows [Kh Qs] (high card King)
Micheel_an: shows [5s 5d] (a pair of Fives)
VascoSerg: shows [Jh Qh] (a pair of Jacks)
VascoSerg collected $0.17 from pot
*** SUMMARY ***
Total pot $0.18 | Rake $0.01 
Board [3c 8c 4h Jc 7c]
Seat 1: Dorex2007 folded before Flop (didn't bet)
Seat 2: kris.berd folded before Flop (didn't bet)
Seat 3: VascoSerg showed [Jh Qh] and won ($0.17) with a pair of Jacks
Seat 4: 12AJV9 (button) folded before Flop (didn't bet)
Seat 7: shawmoney (small blind) showed [Kh Qs] and lost with high card King
Seat 8: Micheel_an (big blind) showed [5s 5d] and lost with a pair of Fives
Seat 9: david84477 folded before Flop (didn't bet)



PokerStars Hand #227306700809:  Hold'em No Limit ($0.01/$0.02 USD) - 2021/06/03 18:40:51 PT [2021/06/03 21:40:51 ET]
Table 'Catriona' 9-max Seat #7 is the button
Seat 1: Dorex2007 ($3.49 in chips) 
Seat 2: kris.berd ($8.49 in chips) 
Seat 3: VascoSerg ($2.41 in chips) 
Seat 4: 12AJV9 ($1.42 in chips) 
Seat 7: shawmoney ($1.65 in chips) 
Seat 8: Micheel_an ($1.32 in chips) 
Micheel_an: posts small blind $0.01
Dorex2007: posts big blind $0.02
*** HOLE CARDS ***
Dealt to Dorex2007 [4s 4c]
kris.berd: folds 
VascoSerg: folds 
12AJV9: folds 
shawmoney: folds 
Micheel_an: folds 
Uncalled bet ($0.01) returned to Dorex2007
Dorex2007 collected $0.02 from pot
Dorex2007: doesn't show hand 
*** SUMMARY ***
Total pot $0.02 | Rake $0 
Seat 1: Dorex2007 (big blind) collected ($0.02)
Seat 2: kris.berd folded before Flop (didn't bet)
Seat 3: VascoSerg folded before Flop (didn't bet)
Seat 4: 12AJV9 folded before Flop (didn't bet)
Seat 7: shawmoney (button) folded before Flop (didn't bet)
Seat 8: Micheel_an (small blind) folded before Flop



PokerStars Hand #227306704700:  Hold'em No Limit ($0.01/$0.02 USD) - 2021/06/03 18:41:06 PT [2021/06/03 21:41:06 ET]
Table 'Catriona' 9-max Seat #8 is the button
Seat 1: Dorex2007 ($3.50 in chips) 
Seat 2: kris.berd ($8.49 in chips) 
Seat 3: VascoSerg ($2.41 in chips) 
Seat 4: 12AJV9 ($1.42 in chips) 
Seat 7: shawmoney ($1.65 in chips) 
Seat 8: Micheel_an ($1.31 in chips) 
Dorex2007: posts small blind $0.01
kris.berd: posts big blind $0.02
*** HOLE CARDS ***
Dealt to Dorex2007 [9d 4d]
VascoSerg: folds 
12AJV9: raises $0.03 to $0.05
shawmoney: folds 
Micheel_an: calls $0.05
Dorex2007: folds 
kris.berd: folds 
*** FLOP *** [Tc 7h 8d]
12AJV9: bets $0.04
Micheel_an: folds 
Uncalled bet ($0.04) returned to 12AJV9
12AJV9 collected $0.13 from pot
*** SUMMARY ***
Total pot $0.13 | Rake $0 
Board [Tc 7h 8d]
Seat 1: Dorex2007 (small blind) folded before Flop
Seat 2: kris.berd (big blind) folded before Flop
Seat 3: VascoSerg folded before Flop (didn't bet)
Seat 4: 12AJV9 collected ($0.13)
Seat 7: shawmoney folded before Flop (didn't bet)
Seat 8: Micheel_an (button) folded on the Flop



PokerStars Hand #227306713048:  Hold'em No Limit ($0.01/$0.02 USD) - 2021/06/03 18:41:39 PT [2021/06/03 21:41:39 ET]
Table 'Catriona' 9-max Seat #1 is the button
Seat 1: Dorex2007 ($3.49 in chips) 
Seat 2: kris.berd ($8.47 in chips) 
Seat 3: VascoSerg ($2.41 in chips) 
Seat 4: 12AJV9 ($1.50 in chips) 
Seat 7: shawmoney ($1.65 in chips) 
Seat 8: Micheel_an ($1.26 in chips) 
kris.berd: posts small blind $0.01
VascoSerg: posts big blind $0.02
*** HOLE CARDS ***
Dealt to Dorex2007 [5h 2d]
12AJV9: folds 
shawmoney: folds 
Micheel_an: folds 
Dorex2007: folds 
kris.berd: raises $0.04 to $0.06
VascoSerg: calls $0.04
*** FLOP *** [Ac Jd 4h]
kris.berd: checks 
VascoSerg: checks 
*** TURN *** [Ac Jd 4h] [7c]
kris.berd: checks 
12AJV9 leaves the table
VascoSerg: checks 
*** RIVER *** [Ac Jd 4h 7c] [Ad]
kris.berd: checks 
VascoSerg: checks 
*** SHOW DOWN ***
kris.berd: shows [8h 9h] (a pair of Aces)
VascoSerg: shows [6d 7d] (two pair, Aces and Sevens)
VascoSerg collected $0.12 from pot
*** SUMMARY ***
Total pot $0.12 | Rake $0 
Board [Ac Jd 4h 7c Ad]
Seat 1: Dorex2007 (button) folded before Flop (didn't bet)
Seat 2: kris.berd (small blind) showed [8h 9h] and lost with a pair of Aces
Seat 3: VascoSerg (big blind) showed [6d 7d] and won ($0.12) with two pair, Aces and Sevens
Seat 4: 12AJV9 folded before Flop (didn't bet)
Seat 7: shawmoney folded before Flop (didn't bet)
Seat 8: Micheel_an folded before Flop (didn't bet)



PokerStars Hand #227306721448:  Hold'em No Limit ($0.01/$0.02 USD) - 2021/06/03 18:42:13 PT [2021/06/03 21:42:13 ET]
Table 'Catriona' 9-max Seat #2 is the button
Seat 1: Dorex2007 ($3.49 in chips) 
Seat 2: kris.berd ($8.41 in chips) 
Seat 3: VascoSerg ($2.47 in chips) 
Seat 8: Micheel_an ($1.26 in chips) 
VascoSerg: posts small blind $0.01
shawmoney: is sitting out 
Micheel_an: posts big blind $0.02
*** HOLE CARDS ***
Dealt to Dorex2007 [Jh 2s]
Dorex2007: folds 
shawmoney leaves the table
kris.berd: folds 
VascoSerg: folds 
Uncalled bet ($0.01) returned to Micheel_an
Micheel_an collected $0.02 from pot
Micheel_an: doesn't show hand 
*** SUMMARY ***
Total pot $0.02 | Rake $0 
Seat 1: Dorex2007 folded before Flop (didn't bet)
Seat 2: kris.berd (button) folded before Flop (didn't bet)
Seat 3: VascoSerg (small blind) folded before Flop
Seat 8: Micheel_an (big blind) collected ($0.02)



