PokerStars Hand #237168726749:  Hold'em No Limit ($0.01/$0.02 USD) - 2022/07/04 20:17:51 PT [2022/07/04 23:17:51 ET]
Table 'Retsina II' 9-max Seat #3 is the button
Seat 1: CestLavie95 ($1.84 in chips) 
Seat 2: Dorex2007 ($2 in chips) 
Seat 3: Aflil1966 ($1.89 in chips) 
Seat 4: oreniDiM ($1.02 in chips) 
Seat 5: rafaelgtzky ($0.40 in chips) 
Seat 6: frank66632 ($1.49 in chips) 
Seat 7: Mariposa1209 ($3.34 in chips) 
Seat 8: AnteTalon ($1.90 in chips) 
Seat 9: kiko131313 ($1.04 in chips) 
oreniDiM: posts small blind $0.01
rafaelgtzky: posts big blind $0.02
Dorex2007: posts big blind $0.02
*** HOLE CARDS ***
Dealt to Dorex2007 [2d Tc]
frank66632: raises $0.02 to $0.04
Mariposa1209: folds 
AnteTalon: folds 
kiko131313: folds 
CestLavie95: folds 
Dorex2007: folds 
Aflil1966: folds 
oreniDiM: folds 
rafaelgtzky: calls $0.02
*** FLOP *** [Jd As 4d]
rafaelgtzky: checks 
frank66632: bets $0.04
rafaelgtzky: calls $0.04
*** TURN *** [Jd As 4d] [Qh]
rafaelgtzky: checks 
frank66632: checks 
*** RIVER *** [Jd As 4d Qh] [Jh]
rafaelgtzky: bets $0.18
frank66632: folds 
Uncalled bet ($0.18) returned to rafaelgtzky
rafaelgtzky collected $0.18 from pot
*** SUMMARY ***
Total pot $0.19 | Rake $0.01 
Board [Jd As 4d Qh Jh]
Seat 1: CestLavie95 folded before Flop (didn't bet)
Seat 2: Dorex2007 folded before Flop (didn't bet)
Seat 3: Aflil1966 (button) folded before Flop (didn't bet)
Seat 4: oreniDiM (small blind) folded before Flop
Seat 5: rafaelgtzky (big blind) collected ($0.18)
Seat 6: frank66632 folded on the River
Seat 7: Mariposa1209 folded before Flop (didn't bet)
Seat 8: AnteTalon folded before Flop (didn't bet)
Seat 9: kiko131313 folded before Flop (didn't bet)



PokerStars Hand #237168735785:  Hold'em No Limit ($0.01/$0.02 USD) - 2022/07/04 20:18:53 PT [2022/07/04 23:18:53 ET]
Table 'Retsina II' 9-max Seat #4 is the button
Seat 1: CestLavie95 ($2 in chips) 
Seat 2: Dorex2007 ($2 in chips) 
Seat 3: Aflil1966 ($1.89 in chips) 
Seat 4: oreniDiM ($1.01 in chips) 
Seat 5: rafaelgtzky ($0.50 in chips) 
Seat 6: frank66632 ($1.41 in chips) 
Seat 7: Mariposa1209 ($3.34 in chips) 
Seat 8: AnteTalon ($1.90 in chips) 
Seat 9: kiko131313 ($1.04 in chips) 
rafaelgtzky: posts small blind $0.01
frank66632: posts big blind $0.02
*** HOLE CARDS ***
Dealt to Dorex2007 [6d 4d]
Mariposa1209: folds 
AnteTalon: folds 
kiko131313: folds 
CestLavie95: folds 
Dorex2007: folds 
Aflil1966: folds 
oreniDiM: raises $0.02 to $0.04
rafaelgtzky: calls $0.03
frank66632: calls $0.02
*** FLOP *** [5d 5c 2d]
rafaelgtzky: checks 
frank66632: bets $0.02
oreniDiM: raises $0.02 to $0.04
rafaelgtzky: folds 
frank66632: calls $0.02
*** TURN *** [5d 5c 2d] [Ah]
frank66632: checks 
oreniDiM: checks 
*** RIVER *** [5d 5c 2d Ah] [Qd]
frank66632: bets $0.06
oreniDiM: calls $0.06
*** SHOW DOWN ***
frank66632: shows [Ac 6c] (two pair, Aces and Fives)
oreniDiM: mucks hand 
frank66632 collected $0.31 from pot
*** SUMMARY ***
Total pot $0.32 | Rake $0.01 
Board [5d 5c 2d Ah Qd]
Seat 1: CestLavie95 folded before Flop (didn't bet)
Seat 2: Dorex2007 folded before Flop (didn't bet)
Seat 3: Aflil1966 folded before Flop (didn't bet)
Seat 4: oreniDiM (button) mucked [Jh Js]
Seat 5: rafaelgtzky (small blind) folded on the Flop
Seat 6: frank66632 (big blind) showed [Ac 6c] and won ($0.31) with two pair, Aces and Fives
Seat 7: Mariposa1209 folded before Flop (didn't bet)
Seat 8: AnteTalon folded before Flop (didn't bet)
Seat 9: kiko131313 folded before Flop (didn't bet)



PokerStars Hand #237168743214:  Hold'em No Limit ($0.01/$0.02 USD) - 2022/07/04 20:19:46 PT [2022/07/04 23:19:46 ET]
Table 'Retsina II' 9-max Seat #5 is the button
Seat 1: CestLavie95 ($2 in chips) 
Seat 2: Dorex2007 ($2 in chips) 
Seat 3: Aflil1966 ($1.89 in chips) 
Seat 4: oreniDiM ($0.87 in chips) 
Seat 5: rafaelgtzky ($0.46 in chips) 
Seat 6: frank66632 ($1.58 in chips) 
Seat 7: Mariposa1209 ($3.34 in chips) 
Seat 8: AnteTalon ($1.90 in chips) 
Seat 9: kiko131313 ($1.04 in chips) 
frank66632: posts small blind $0.01
Mariposa1209: posts big blind $0.02
*** HOLE CARDS ***
Dealt to Dorex2007 [7c 5c]
AnteTalon: folds 
kiko131313: calls $0.02
CestLavie95: folds 
Dorex2007: folds 
Aflil1966: folds 
oreniDiM: folds 
rafaelgtzky: folds 
frank66632: raises $0.02 to $0.04
Mariposa1209: folds 
kiko131313: calls $0.02
*** FLOP *** [8s Js 6h]
frank66632: checks 
kiko131313: checks 
*** TURN *** [8s Js 6h] [2s]
frank66632: checks 
kiko131313: checks 
*** RIVER *** [8s Js 6h 2s] [3h]
frank66632: checks 
kiko131313: checks 
*** SHOW DOWN ***
frank66632: shows [Ac Td] (high card Ace)
kiko131313: mucks hand 
frank66632 collected $0.10 from pot
*** SUMMARY ***
Total pot $0.10 | Rake $0 
Board [8s Js 6h 2s 3h]
Seat 1: CestLavie95 folded before Flop (didn't bet)
Seat 2: Dorex2007 folded before Flop (didn't bet)
Seat 3: Aflil1966 folded before Flop (didn't bet)
Seat 4: oreniDiM folded before Flop (didn't bet)
Seat 5: rafaelgtzky (button) folded before Flop (didn't bet)
Seat 6: frank66632 (small blind) showed [Ac Td] and won ($0.10) with high card Ace
Seat 7: Mariposa1209 (big blind) folded before Flop
Seat 8: AnteTalon folded before Flop (didn't bet)
Seat 9: kiko131313 mucked [Qd Th]



PokerStars Hand #237168751109:  Hold'em No Limit ($0.01/$0.02 USD) - 2022/07/04 20:20:41 PT [2022/07/04 23:20:41 ET]
Table 'Retsina II' 9-max Seat #6 is the button
Seat 1: CestLavie95 ($2 in chips) 
Seat 2: Dorex2007 ($2 in chips) 
Seat 3: Aflil1966 ($1.89 in chips) 
Seat 4: oreniDiM ($0.87 in chips) 
Seat 5: rafaelgtzky ($0.46 in chips) 
Seat 6: frank66632 ($1.64 in chips) 
Seat 7: Mariposa1209 ($3.32 in chips) 
Seat 8: AnteTalon ($1.90 in chips) 
Seat 9: kiko131313 ($1 in chips) 
Mariposa1209: posts small blind $0.01
AnteTalon: posts big blind $0.02
*** HOLE CARDS ***
Dealt to Dorex2007 [5h 5d]
kiko131313: folds 
CestLavie95: folds 
Dorex2007: raises $0.04 to $0.06
kiko131313 leaves the table
Aflil1966: folds 
oreniDiM: folds 
rafaelgtzky: folds 
frank66632: folds 
Mariposa1209: folds 
wolfmbg joins the table at seat #9 
AnteTalon: folds 
Uncalled bet ($0.04) returned to Dorex2007
Dorex2007 collected $0.05 from pot
*** SUMMARY ***
Total pot $0.05 | Rake $0 
Seat 1: CestLavie95 folded before Flop (didn't bet)
Seat 2: Dorex2007 collected ($0.05)
Seat 3: Aflil1966 folded before Flop (didn't bet)
Seat 4: oreniDiM folded before Flop (didn't bet)
Seat 5: rafaelgtzky folded before Flop (didn't bet)
Seat 6: frank66632 (button) folded before Flop (didn't bet)
Seat 7: Mariposa1209 (small blind) folded before Flop
Seat 8: AnteTalon (big blind) folded before Flop
Seat 9: kiko131313 folded before Flop (didn't bet)



PokerStars Hand #237168755611:  Hold'em No Limit ($0.01/$0.02 USD) - 2022/07/04 20:21:12 PT [2022/07/04 23:21:12 ET]
Table 'Retsina II' 9-max Seat #7 is the button
Seat 1: CestLavie95 ($2 in chips) 
Seat 2: Dorex2007 ($2.03 in chips) 
Seat 3: Aflil1966 ($1.89 in chips) 
Seat 4: oreniDiM ($0.87 in chips) 
Seat 5: rafaelgtzky ($0.46 in chips) 
Seat 6: frank66632 ($1.64 in chips) 
Seat 7: Mariposa1209 ($3.31 in chips) 
Seat 8: AnteTalon ($1.88 in chips) 
Seat 9: wolfmbg ($0.80 in chips) 
AnteTalon: posts small blind $0.01
wolfmbg: posts big blind $0.02
*** HOLE CARDS ***
Dealt to Dorex2007 [Th 9s]
CestLavie95: raises $0.02 to $0.04
Dorex2007: folds 
Aflil1966: folds 
oreniDiM: folds 
rafaelgtzky: calls $0.04
frank66632: folds 
Mariposa1209: raises $0.12 to $0.16
AnteTalon: folds 
wolfmbg: calls $0.14
CestLavie95: calls $0.12
rafaelgtzky: calls $0.12
*** FLOP *** [4h 8c 2h]
wolfmbg: checks 
CestLavie95: checks 
rafaelgtzky: checks 
Mariposa1209: checks 
*** TURN *** [4h 8c 2h] [6c]
wolfmbg: bets $0.02
CestLavie95: calls $0.02
rafaelgtzky: raises $0.28 to $0.30 and is all-in
Mariposa1209: calls $0.30
wolfmbg: folds 
CestLavie95: folds 
*** RIVER *** [4h 8c 2h 6c] [Qh]
*** SHOW DOWN ***
rafaelgtzky: shows [6d Ad] (a pair of Sixes)
Mariposa1209: shows [Jc Qc] (a pair of Queens)
Mariposa1209 collected $1.23 from pot
*** SUMMARY ***
Total pot $1.29 | Rake $0.06 
Board [4h 8c 2h 6c Qh]
Seat 1: CestLavie95 folded on the Turn
Seat 2: Dorex2007 folded before Flop (didn't bet)
Seat 3: Aflil1966 folded before Flop (didn't bet)
Seat 4: oreniDiM folded before Flop (didn't bet)
Seat 5: rafaelgtzky showed [6d Ad] and lost with a pair of Sixes
Seat 6: frank66632 folded before Flop (didn't bet)
Seat 7: Mariposa1209 (button) showed [Jc Qc] and won ($1.23) with a pair of Queens
Seat 8: AnteTalon (small blind) folded before Flop
Seat 9: wolfmbg (big blind) folded on the Turn



PokerStars Hand #237168768372:  Hold'em No Limit ($0.01/$0.02 USD) - 2022/07/04 20:22:42 PT [2022/07/04 23:22:42 ET]
Table 'Retsina II' 9-max Seat #8 is the button
Seat 1: CestLavie95 ($2 in chips) 
Seat 2: Dorex2007 ($2.03 in chips) 
Seat 3: Aflil1966 ($1.89 in chips) 
Seat 4: oreniDiM ($0.87 in chips) 
Seat 6: frank66632 ($1.64 in chips) 
Seat 7: Mariposa1209 ($4.08 in chips) 
Seat 8: AnteTalon ($1.87 in chips) 
Seat 9: wolfmbg ($0.62 in chips) 
wolfmbg: posts small blind $0.01
CestLavie95: posts big blind $0.02
*** HOLE CARDS ***
Dealt to Dorex2007 [Qs 8s]
rafaelgtzky leaves the table
Dorex2007: folds 
Aflil1966: folds 
oreniDiM: folds 
frank66632: calls $0.02
Mariposa1209: folds 
AnteTalon: folds 
wolfmbg: calls $0.01
CestLavie95: checks 
*** FLOP *** [Js 6d Jh]
wolfmbg: checks 
CestLavie95: checks 
dhabiles52 joins the table at seat #5 
frank66632: bets $0.02
wolfmbg: folds 
CestLavie95: folds 
Uncalled bet ($0.02) returned to frank66632
frank66632 collected $0.06 from pot
*** SUMMARY ***
Total pot $0.06 | Rake $0 
Board [Js 6d Jh]
Seat 1: CestLavie95 (big blind) folded on the Flop
Seat 2: Dorex2007 folded before Flop (didn't bet)
Seat 3: Aflil1966 folded before Flop (didn't bet)
Seat 4: oreniDiM folded before Flop (didn't bet)
Seat 6: frank66632 collected ($0.06)
Seat 7: Mariposa1209 folded before Flop (didn't bet)
Seat 8: AnteTalon (button) folded before Flop (didn't bet)
Seat 9: wolfmbg (small blind) folded on the Flop



PokerStars Hand #237168773684:  Hold'em No Limit ($0.01/$0.02 USD) - 2022/07/04 20:23:19 PT [2022/07/04 23:23:19 ET]
Table 'Retsina II' 9-max Seat #9 is the button
Seat 1: CestLavie95 ($1.98 in chips) 
Seat 2: Dorex2007 ($2.03 in chips) 
Seat 3: Aflil1966 ($1.89 in chips) 
Seat 4: oreniDiM ($0.87 in chips) 
Seat 6: frank66632 ($1.68 in chips) 
Seat 7: Mariposa1209 ($4.08 in chips) 
Seat 8: AnteTalon ($1.87 in chips) 
Seat 9: wolfmbg ($0.60 in chips) 
CestLavie95: posts small blind $0.01
Dorex2007: posts big blind $0.02
dhabiles52: sits out 
*** HOLE CARDS ***
Dealt to Dorex2007 [9c 2s]
Aflil1966: calls $0.02
oreniDiM: calls $0.02
frank66632: folds 
Mariposa1209: folds 
AnteTalon: folds 
wolfmbg: calls $0.02
CestLavie95: folds 
Dorex2007: checks 
*** FLOP *** [Qh Ac 7h]
Dorex2007: checks 
Aflil1966: bets $0.12
oreniDiM: calls $0.12
wolfmbg: folds 
Dorex2007: folds 
*** TURN *** [Qh Ac 7h] [3h]
Aflil1966: bets $0.02
oreniDiM: raises $0.26 to $0.28
Aflil1966: calls $0.26
*** RIVER *** [Qh Ac 7h 3h] [8d]
Aflil1966: checks 
oreniDiM: bets $0.45 and is all-in
Aflil1966: calls $0.45
*** SHOW DOWN ***
oreniDiM: shows [Ah Jd] (a pair of Aces)
Aflil1966: shows [Qd Ad] (two pair, Aces and Queens)
Aflil1966 collected $1.73 from pot
*** SUMMARY ***
Total pot $1.79 | Rake $0.06 
Board [Qh Ac 7h 3h 8d]
Seat 1: CestLavie95 (small blind) folded before Flop
Seat 2: Dorex2007 (big blind) folded on the Flop
Seat 3: Aflil1966 showed [Qd Ad] and won ($1.73) with two pair, Aces and Queens
Seat 4: oreniDiM showed [Ah Jd] and lost with a pair of Aces
Seat 6: frank66632 folded before Flop (didn't bet)
Seat 7: Mariposa1209 folded before Flop (didn't bet)
Seat 8: AnteTalon folded before Flop (didn't bet)
Seat 9: wolfmbg (button) folded on the Flop



PokerStars Hand #237168782149:  Hold'em No Limit ($0.01/$0.02 USD) - 2022/07/04 20:24:19 PT [2022/07/04 23:24:19 ET]
Table 'Retsina II' 9-max Seat #1 is the button
Seat 1: CestLavie95 ($1.97 in chips) 
Seat 2: Dorex2007 ($2.01 in chips) 
Seat 3: Aflil1966 ($2.75 in chips) 
Seat 6: frank66632 ($1.68 in chips) 
Seat 7: Mariposa1209 ($4.08 in chips) 
Seat 8: AnteTalon ($1.87 in chips) 
Seat 9: wolfmbg ($0.58 in chips) 
Dorex2007: posts small blind $0.01
Aflil1966: posts big blind $0.02
dhabiles52: sits out 
*** HOLE CARDS ***
Dealt to Dorex2007 [Ah 8d]
frank66632: folds 
Mariposa1209: folds 
AnteTalon: folds 
wolfmbg: folds 
oreniDiM leaves the table
CestLavie95: raises $0.04 to $0.06
Dorex2007: calls $0.05
Aflil1966: folds 
*** FLOP *** [Qd 3h Qh]
Dorex2007: checks 
CestLavie95: checks 
*** TURN *** [Qd 3h Qh] [5s]
Dorex2007: checks 
CestLavie95: checks 
*** RIVER *** [Qd 3h Qh 5s] [Ks]
Dorex2007: bets $0.07
CestLavie95: folds 
Uncalled bet ($0.07) returned to Dorex2007
Dorex2007 collected $0.14 from pot
*** SUMMARY ***
Total pot $0.14 | Rake $0 
Board [Qd 3h Qh 5s Ks]
Seat 1: CestLavie95 (button) folded on the River
Seat 2: Dorex2007 (small blind) collected ($0.14)
Seat 3: Aflil1966 (big blind) folded before Flop
Seat 6: frank66632 folded before Flop (didn't bet)
Seat 7: Mariposa1209 folded before Flop (didn't bet)
Seat 8: AnteTalon folded before Flop (didn't bet)
Seat 9: wolfmbg folded before Flop (didn't bet)



PokerStars Hand #237168789944:  Hold'em No Limit ($0.01/$0.02 USD) - 2022/07/04 20:25:14 PT [2022/07/04 23:25:14 ET]
Table 'Retsina II' 9-max Seat #2 is the button
Seat 1: CestLavie95 ($1.91 in chips) 
Seat 2: Dorex2007 ($2.09 in chips) 
Seat 3: Aflil1966 ($2.73 in chips) 
Seat 5: dhabiles52 ($2 in chips) 
Seat 6: frank66632 ($1.68 in chips) 
Seat 7: Mariposa1209 ($4.08 in chips) 
Seat 8: AnteTalon ($1.87 in chips) 
Seat 9: wolfmbg ($0.58 in chips) 
Aflil1966: posts small blind $0.01
dhabiles52: posts big blind $0.02
*** HOLE CARDS ***
Dealt to Dorex2007 [4s 6d]
frank66632 has timed out
frank66632: folds 
Mariposa1209: folds 
AnteTalon: raises $0.04 to $0.06
wolfmbg: calls $0.06
CestLavie95: folds 
Dorex2007: folds 
Aflil1966: folds 
dhabiles52: folds 
*** FLOP *** [Jh 3d 2h]
0RB BR0 joins the table at seat #4 
AnteTalon: bets $0.05
wolfmbg: calls $0.05
*** TURN *** [Jh 3d 2h] [5s]
AnteTalon: checks 
wolfmbg: checks 
*** RIVER *** [Jh 3d 2h 5s] [5h]
AnteTalon: checks 
wolfmbg: bets $0.24
AnteTalon: calls $0.24
*** SHOW DOWN ***
wolfmbg: shows [As 5d] (three of a kind, Fives)
AnteTalon: mucks hand 
wolfmbg collected $0.70 from pot
*** SUMMARY ***
Total pot $0.73 | Rake $0.03 
Board [Jh 3d 2h 5s 5h]
Seat 1: CestLavie95 folded before Flop (didn't bet)
Seat 2: Dorex2007 (button) folded before Flop (didn't bet)
Seat 3: Aflil1966 (small blind) folded before Flop
Seat 5: dhabiles52 (big blind) folded before Flop
Seat 6: frank66632 folded before Flop (didn't bet)
Seat 7: Mariposa1209 folded before Flop (didn't bet)
Seat 8: AnteTalon mucked [Ts Ac]
Seat 9: wolfmbg showed [As 5d] and won ($0.70) with three of a kind, Fives



PokerStars Hand #237168800181:  Hold'em No Limit ($0.01/$0.02 USD) - 2022/07/04 20:26:27 PT [2022/07/04 23:26:27 ET]
Table 'Retsina II' 9-max Seat #3 is the button
Seat 1: CestLavie95 ($1.91 in chips) 
Seat 2: Dorex2007 ($2.09 in chips) 
Seat 3: Aflil1966 ($2.72 in chips) 
Seat 5: dhabiles52 ($2 in chips) 
Seat 6: frank66632 ($1.68 in chips) 
Seat 7: Mariposa1209 ($4.08 in chips) 
Seat 8: AnteTalon ($2 in chips) 
Seat 9: wolfmbg ($0.93 in chips) 
dhabiles52: posts small blind $0.01
frank66632: posts big blind $0.02
*** HOLE CARDS ***
Dealt to Dorex2007 [9c Ts]
Mariposa1209: folds 
AnteTalon: folds 
wolfmbg: calls $0.02
CestLavie95: folds 
Dorex2007: folds 
Aflil1966: calls $0.02
dhabiles52: folds 
frank66632: checks 
*** FLOP *** [Kd Qd 5d]
frank66632: checks 
wolfmbg: checks 
Aflil1966: checks 
*** TURN *** [Kd Qd 5d] [9s]
frank66632: checks 
wolfmbg: checks 
Aflil1966: bets $0.07
frank66632: folds 
wolfmbg: folds 
Uncalled bet ($0.07) returned to Aflil1966
Aflil1966 collected $0.07 from pot
*** SUMMARY ***
Total pot $0.07 | Rake $0 
Board [Kd Qd 5d 9s]
Seat 1: CestLavie95 folded before Flop (didn't bet)
Seat 2: Dorex2007 folded before Flop (didn't bet)
Seat 3: Aflil1966 (button) collected ($0.07)
Seat 5: dhabiles52 (small blind) folded before Flop
Seat 6: frank66632 (big blind) folded on the Turn
Seat 7: Mariposa1209 folded before Flop (didn't bet)
Seat 8: AnteTalon folded before Flop (didn't bet)
Seat 9: wolfmbg folded on the Turn



PokerStars Hand #237168804703:  Hold'em No Limit ($0.01/$0.02 USD) - 2022/07/04 20:26:58 PT [2022/07/04 23:26:58 ET]
Table 'Retsina II' 9-max Seat #5 is the button
Seat 1: CestLavie95 ($1.91 in chips) 
Seat 2: Dorex2007 ($2.09 in chips) 
Seat 3: Aflil1966 ($2.77 in chips) 
Seat 4: 0RB BR0 ($0.80 in chips) 
Seat 5: dhabiles52 ($2 in chips) 
Seat 6: frank66632 ($1.66 in chips) 
Seat 7: Mariposa1209 ($4.08 in chips) 
Seat 8: AnteTalon ($2 in chips) 
Seat 9: wolfmbg ($0.91 in chips) 
frank66632: posts small blind $0.01
Mariposa1209: posts big blind $0.02
0RB BR0: posts big blind $0.02
*** HOLE CARDS ***
Dealt to Dorex2007 [Ac 8d]
AnteTalon: folds 
wolfmbg: calls $0.02
CestLavie95: folds 
Dorex2007: folds 
Aflil1966: folds 
0RB BR0: checks 
dhabiles52: raises $0.09 to $0.11
frank66632: folds 
Mariposa1209: folds 
wolfmbg: folds 
0RB BR0: folds 
Uncalled bet ($0.09) returned to dhabiles52
dhabiles52 collected $0.09 from pot
*** SUMMARY ***
Total pot $0.09 | Rake $0 
Seat 1: CestLavie95 folded before Flop (didn't bet)
Seat 2: Dorex2007 folded before Flop (didn't bet)
Seat 3: Aflil1966 folded before Flop (didn't bet)
Seat 4: 0RB BR0 folded before Flop (didn't bet)
Seat 5: dhabiles52 (button) collected ($0.09)
Seat 6: frank66632 (small blind) folded before Flop
Seat 7: Mariposa1209 (big blind) folded before Flop
Seat 8: AnteTalon folded before Flop (didn't bet)
Seat 9: wolfmbg folded before Flop



PokerStars Hand #237168812474:  Hold'em No Limit ($0.01/$0.02 USD) - 2022/07/04 20:27:53 PT [2022/07/04 23:27:53 ET]
Table 'Retsina II' 9-max Seat #6 is the button
Seat 1: CestLavie95 ($2 in chips) 
Seat 2: Dorex2007 ($2.09 in chips) 
Seat 3: Aflil1966 ($2.77 in chips) 
Seat 4: 0RB BR0 ($0.78 in chips) 
Seat 5: dhabiles52 ($2.07 in chips) 
Seat 6: frank66632 ($1.65 in chips) 
Seat 7: Mariposa1209 ($4.06 in chips) 
Seat 8: AnteTalon ($2 in chips) 
Seat 9: wolfmbg ($0.89 in chips) 
Mariposa1209: posts small blind $0.01
AnteTalon: posts big blind $0.02
*** HOLE CARDS ***
Dealt to Dorex2007 [6c Th]
wolfmbg: folds 
CestLavie95: raises $0.04 to $0.06
Dorex2007: folds 
Aflil1966: folds 
0RB BR0: folds 
dhabiles52: folds 
frank66632: folds 
Mariposa1209: folds 
AnteTalon: folds 
Uncalled bet ($0.04) returned to CestLavie95
CestLavie95 collected $0.05 from pot
*** SUMMARY ***
Total pot $0.05 | Rake $0 
Seat 1: CestLavie95 collected ($0.05)
Seat 2: Dorex2007 folded before Flop (didn't bet)
Seat 3: Aflil1966 folded before Flop (didn't bet)
Seat 4: 0RB BR0 folded before Flop (didn't bet)
Seat 5: dhabiles52 folded before Flop (didn't bet)
Seat 6: frank66632 (button) folded before Flop (didn't bet)
Seat 7: Mariposa1209 (small blind) folded before Flop
Seat 8: AnteTalon (big blind) folded before Flop
Seat 9: wolfmbg folded before Flop (didn't bet)



PokerStars Hand #237168815185:  Hold'em No Limit ($0.01/$0.02 USD) - 2022/07/04 20:28:13 PT [2022/07/04 23:28:13 ET]
Table 'Retsina II' 9-max Seat #7 is the button
Seat 1: CestLavie95 ($2.03 in chips) 
Seat 2: Dorex2007 ($2.09 in chips) 
Seat 3: Aflil1966 ($2.77 in chips) 
Seat 4: 0RB BR0 ($0.78 in chips) 
Seat 5: dhabiles52 ($2.07 in chips) 
Seat 6: frank66632 ($1.65 in chips) 
Seat 7: Mariposa1209 ($4.05 in chips) 
Seat 8: AnteTalon ($1.98 in chips) 
Seat 9: wolfmbg ($0.89 in chips) 
AnteTalon: posts small blind $0.01
wolfmbg: posts big blind $0.02
*** HOLE CARDS ***
Dealt to Dorex2007 [Th 7h]
CestLavie95: folds 
Dorex2007: folds 
Aflil1966: folds 
0RB BR0: folds 
dhabiles52: folds 
frank66632: folds 
Mariposa1209: raises $0.03 to $0.05
dhabiles52 leaves the table
AnteTalon: calls $0.04
wolfmbg: folds 
*** FLOP *** [7d 5c Jd]
AnteTalon: checks 
Mariposa1209: bets $0.06
AnteTalon: raises $0.10 to $0.16
Ridleerr joins the table at seat #5 
Mariposa1209: calls $0.10
*** TURN *** [7d 5c Jd] [Qs]
AnteTalon: checks 
Mariposa1209: checks 
*** RIVER *** [7d 5c Jd Qs] [Jc]
AnteTalon: bets $0.14
Mariposa1209: folds 
Uncalled bet ($0.14) returned to AnteTalon
AnteTalon collected $0.42 from pot
*** SUMMARY ***
Total pot $0.44 | Rake $0.02 
Board [7d 5c Jd Qs Jc]
Seat 1: CestLavie95 folded before Flop (didn't bet)
Seat 2: Dorex2007 folded before Flop (didn't bet)
Seat 3: Aflil1966 folded before Flop (didn't bet)
Seat 4: 0RB BR0 folded before Flop (didn't bet)
Seat 5: dhabiles52 folded before Flop (didn't bet)
Seat 6: frank66632 folded before Flop (didn't bet)
Seat 7: Mariposa1209 (button) folded on the River
Seat 8: AnteTalon (small blind) collected ($0.42)
Seat 9: wolfmbg (big blind) folded before Flop



PokerStars Hand #237168828021:  Hold'em No Limit ($0.01/$0.02 USD) - 2022/07/04 20:29:46 PT [2022/07/04 23:29:46 ET]
Table 'Retsina II' 9-max Seat #8 is the button
Seat 1: CestLavie95 ($2.03 in chips) 
Seat 2: Dorex2007 ($2.09 in chips) 
Seat 3: Aflil1966 ($2.77 in chips) 
Seat 4: 0RB BR0 ($0.78 in chips) 
Seat 6: frank66632 ($1.65 in chips) 
Seat 7: Mariposa1209 ($3.84 in chips) 
Seat 8: AnteTalon ($2.19 in chips) 
Seat 9: wolfmbg ($0.87 in chips) 
wolfmbg: posts small blind $0.01
CestLavie95: posts big blind $0.02
Ridleerr: sits out 
*** HOLE CARDS ***
Dealt to Dorex2007 [Jd Ac]
Dorex2007: raises $0.04 to $0.06
Aflil1966: folds 
0RB BR0: folds 
frank66632: folds 
Mariposa1209: folds 
AnteTalon: folds 
wolfmbg: calls $0.05
CestLavie95: folds 
*** FLOP *** [7h 5h 5d]
wolfmbg: bets $0.02
Dorex2007: calls $0.02
*** TURN *** [7h 5h 5d] [3c]
wolfmbg: bets $0.02
Dorex2007: folds 
Uncalled bet ($0.02) returned to wolfmbg
wolfmbg collected $0.17 from pot
*** SUMMARY ***
Total pot $0.18 | Rake $0.01 
Board [7h 5h 5d 3c]
Seat 1: CestLavie95 (big blind) folded before Flop
Seat 2: Dorex2007 folded on the Turn
Seat 3: Aflil1966 folded before Flop (didn't bet)
Seat 4: 0RB BR0 folded before Flop (didn't bet)
Seat 6: frank66632 folded before Flop (didn't bet)
Seat 7: Mariposa1209 folded before Flop (didn't bet)
Seat 8: AnteTalon (button) folded before Flop (didn't bet)
Seat 9: wolfmbg (small blind) collected ($0.17)



PokerStars Hand #237168832906:  Hold'em No Limit ($0.01/$0.02 USD) - 2022/07/04 20:30:22 PT [2022/07/04 23:30:22 ET]
Table 'Retsina II' 9-max Seat #9 is the button
Seat 1: CestLavie95 ($2.01 in chips) 
Seat 2: Dorex2007 ($2.01 in chips) 
Seat 3: Aflil1966 ($2.77 in chips) 
Seat 4: 0RB BR0 ($0.78 in chips) 
Seat 6: frank66632 ($1.65 in chips) 
Seat 7: Mariposa1209 ($3.84 in chips) 
Seat 8: AnteTalon ($2.19 in chips) 
Seat 9: wolfmbg ($0.96 in chips) 
CestLavie95: posts small blind $0.01
Dorex2007: posts big blind $0.02
Ridleerr: sits out 
*** HOLE CARDS ***
Dealt to Dorex2007 [6c 6d]
Aflil1966: folds 
0RB BR0: folds 
frank66632: calls $0.02
Mariposa1209: folds 
AnteTalon: folds 
wolfmbg: folds 
CestLavie95: folds 
Dorex2007: checks 
*** FLOP *** [2d 5d 7d]
Dorex2007: checks 
frank66632: bets $0.02
Dorex2007: calls $0.02
*** TURN *** [2d 5d 7d] [Js]
Dorex2007: checks 
frank66632: checks 
*** RIVER *** [2d 5d 7d Js] [2h]
Dorex2007: bets $0.04
frank66632: folds 
Uncalled bet ($0.04) returned to Dorex2007
Dorex2007 collected $0.09 from pot
*** SUMMARY ***
Total pot $0.09 | Rake $0 
Board [2d 5d 7d Js 2h]
Seat 1: CestLavie95 (small blind) folded before Flop
Seat 2: Dorex2007 (big blind) collected ($0.09)
Seat 3: Aflil1966 folded before Flop (didn't bet)
Seat 4: 0RB BR0 folded before Flop (didn't bet)
Seat 6: frank66632 folded on the River
Seat 7: Mariposa1209 folded before Flop (didn't bet)
Seat 8: AnteTalon folded before Flop (didn't bet)
Seat 9: wolfmbg (button) folded before Flop (didn't bet)



PokerStars Hand #237168838908:  Hold'em No Limit ($0.01/$0.02 USD) - 2022/07/04 20:31:06 PT [2022/07/04 23:31:06 ET]
Table 'Retsina II' 9-max Seat #1 is the button
Seat 1: CestLavie95 ($2 in chips) 
Seat 2: Dorex2007 ($2.06 in chips) 
Seat 3: Aflil1966 ($2.77 in chips) 
Seat 4: 0RB BR0 ($0.78 in chips) 
Seat 6: frank66632 ($1.61 in chips) 
Seat 7: Mariposa1209 ($3.84 in chips) 
Seat 8: AnteTalon ($2.19 in chips) 
Seat 9: wolfmbg ($0.96 in chips) 
Dorex2007: posts small blind $0.01
Aflil1966: posts big blind $0.02
Ridleerr: sits out 
*** HOLE CARDS ***
Dealt to Dorex2007 [Tc 6h]
0RB BR0: folds 
frank66632: calls $0.02
Mariposa1209: folds 
AnteTalon: folds 
wolfmbg: calls $0.02
CestLavie95: folds 
Dorex2007: folds 
Aflil1966: checks 
*** FLOP *** [Qs 7h 2d]
Aflil1966: checks 
frank66632: bets $0.02
wolfmbg: calls $0.02
Aflil1966: folds 
*** TURN *** [Qs 7h 2d] [4d]
frank66632: bets $0.02
wolfmbg: calls $0.02
*** RIVER *** [Qs 7h 2d 4d] [Jd]
frank66632: bets $0.04
wolfmbg: folds 
Uncalled bet ($0.04) returned to frank66632
frank66632 collected $0.14 from pot
*** SUMMARY ***
Total pot $0.15 | Rake $0.01 
Board [Qs 7h 2d 4d Jd]
Seat 1: CestLavie95 (button) folded before Flop (didn't bet)
Seat 2: Dorex2007 (small blind) folded before Flop
Seat 3: Aflil1966 (big blind) folded on the Flop
Seat 4: 0RB BR0 folded before Flop (didn't bet)
Seat 6: frank66632 collected ($0.14)
Seat 7: Mariposa1209 folded before Flop (didn't bet)
Seat 8: AnteTalon folded before Flop (didn't bet)
Seat 9: wolfmbg folded on the River



PokerStars Hand #237168844554:  Hold'em No Limit ($0.01/$0.02 USD) - 2022/07/04 20:31:47 PT [2022/07/04 23:31:47 ET]
Table 'Retsina II' 9-max Seat #2 is the button
Seat 1: CestLavie95 ($2 in chips) 
Seat 2: Dorex2007 ($2.05 in chips) 
Seat 3: Aflil1966 ($2.75 in chips) 
Seat 4: 0RB BR0 ($0.78 in chips) 
Seat 6: frank66632 ($1.69 in chips) 
Seat 7: Mariposa1209 ($3.84 in chips) 
Seat 8: AnteTalon ($2.19 in chips) 
Seat 9: wolfmbg ($0.90 in chips) 
Aflil1966: posts small blind $0.01
0RB BR0: posts big blind $0.02
Ridleerr: sits out 
*** HOLE CARDS ***
Dealt to Dorex2007 [Qs 7h]
frank66632: folds 
Mariposa1209: raises $0.03 to $0.05
AnteTalon: folds 
wolfmbg: folds 
CestLavie95: folds 
Dorex2007: folds 
Aflil1966: folds 
0RB BR0: folds 
Uncalled bet ($0.03) returned to Mariposa1209
Mariposa1209 collected $0.05 from pot
*** SUMMARY ***
Total pot $0.05 | Rake $0 
Seat 1: CestLavie95 folded before Flop (didn't bet)
Seat 2: Dorex2007 (button) folded before Flop (didn't bet)
Seat 3: Aflil1966 (small blind) folded before Flop
Seat 4: 0RB BR0 (big blind) folded before Flop
Seat 6: frank66632 folded before Flop (didn't bet)
Seat 7: Mariposa1209 collected ($0.05)
Seat 8: AnteTalon folded before Flop (didn't bet)
Seat 9: wolfmbg folded before Flop (didn't bet)



PokerStars Hand #237168847968:  Hold'em No Limit ($0.01/$0.02 USD) - 2022/07/04 20:32:11 PT [2022/07/04 23:32:11 ET]
Table 'Retsina II' 9-max Seat #3 is the button
Seat 1: CestLavie95 ($2 in chips) 
Seat 2: Dorex2007 ($2.05 in chips) 
Seat 3: Aflil1966 ($2.74 in chips) 
Seat 4: 0RB BR0 ($0.76 in chips) 
Seat 5: Ridleerr ($1 in chips) 
Seat 6: frank66632 ($1.69 in chips) 
Seat 7: Mariposa1209 ($3.87 in chips) 
Seat 8: AnteTalon ($2.19 in chips) 
Seat 9: wolfmbg ($0.90 in chips) 
0RB BR0: posts small blind $0.01
Ridleerr: posts big blind $0.02
*** HOLE CARDS ***
Dealt to Dorex2007 [Qd Qh]
frank66632: calls $0.02
Mariposa1209: folds 
AnteTalon: folds 
wolfmbg: calls $0.02
CestLavie95 has timed out
CestLavie95: folds 
Dorex2007: raises $0.10 to $0.12
Aflil1966: folds 
0RB BR0: folds 
Ridleerr: folds 
frank66632: folds 
wolfmbg: calls $0.10
*** FLOP *** [7h Td Jd]
wolfmbg: bets $0.02
Dorex2007: raises $0.76 to $0.78
wolfmbg: folds 
Uncalled bet ($0.76) returned to Dorex2007
Dorex2007 collected $0.32 from pot
*** SUMMARY ***
Total pot $0.33 | Rake $0.01 
Board [7h Td Jd]
Seat 1: CestLavie95 folded before Flop (didn't bet)
Seat 2: Dorex2007 collected ($0.32)
Seat 3: Aflil1966 (button) folded before Flop (didn't bet)
Seat 4: 0RB BR0 (small blind) folded before Flop
Seat 5: Ridleerr (big blind) folded before Flop
Seat 6: frank66632 folded before Flop
Seat 7: Mariposa1209 folded before Flop (didn't bet)
Seat 8: AnteTalon folded before Flop (didn't bet)
Seat 9: wolfmbg folded on the Flop



PokerStars Hand #237168862719:  Hold'em No Limit ($0.01/$0.02 USD) - 2022/07/04 20:32:59 PT [2022/07/04 23:32:59 ET]
Table 'Retsina II' 9-max Seat #4 is the button
Seat 2: Dorex2007 ($2.23 in chips) 
Seat 3: Aflil1966 ($2.74 in chips) 
Seat 4: 0RB BR0 ($0.75 in chips) 
Seat 5: Ridleerr ($0.98 in chips) 
Seat 6: frank66632 ($1.67 in chips) 
Seat 7: Mariposa1209 ($3.87 in chips) 
Seat 8: AnteTalon ($2.19 in chips) 
Seat 9: wolfmbg ($0.76 in chips) 
Ridleerr: posts small blind $0.01
frank66632: posts big blind $0.02
*** HOLE CARDS ***
Dealt to Dorex2007 [9h 4s]
Mariposa1209: folds 
AnteTalon: folds 
wolfmbg: folds 
Dorex2007: folds 
Aflil1966: folds 
0RB BR0: folds 
Ridleerr: raises $0.04 to $0.06
frank66632: calls $0.04
*** FLOP *** [2d 8c 6d]
Ridleerr: bets $0.06
frank66632: calls $0.06
*** TURN *** [2d 8c 6d] [Qh]
Ridleerr: bets $0.08
frank66632: raises $1.47 to $1.55 and is all-in
Ridleerr: folds 
Uncalled bet ($1.47) returned to frank66632
frank66632 collected $0.39 from pot
*** SUMMARY ***
Total pot $0.40 | Rake $0.01 
Board [2d 8c 6d Qh]
Seat 2: Dorex2007 folded before Flop (didn't bet)
Seat 3: Aflil1966 folded before Flop (didn't bet)
Seat 4: 0RB BR0 (button) folded before Flop (didn't bet)
Seat 5: Ridleerr (small blind) folded on the Turn
Seat 6: frank66632 (big blind) collected ($0.39)
Seat 7: Mariposa1209 folded before Flop (didn't bet)
Seat 8: AnteTalon folded before Flop (didn't bet)
Seat 9: wolfmbg folded before Flop (didn't bet)



PokerStars Hand #237168867532:  Hold'em No Limit ($0.01/$0.02 USD) - 2022/07/04 20:33:35 PT [2022/07/04 23:33:35 ET]
Table 'Retsina II' 9-max Seat #5 is the button
Seat 1: CestLavie95 ($2 in chips) 
Seat 2: Dorex2007 ($2.23 in chips) 
Seat 3: Aflil1966 ($2.74 in chips) 
Seat 4: 0RB BR0 ($0.75 in chips) 
Seat 5: Ridleerr ($0.78 in chips) 
Seat 6: frank66632 ($1.86 in chips) 
Seat 7: Mariposa1209 ($3.87 in chips) 
Seat 8: AnteTalon ($2.19 in chips) 
Seat 9: wolfmbg ($0.76 in chips) 
frank66632: posts small blind $0.01
Mariposa1209: posts big blind $0.02
*** HOLE CARDS ***
Dealt to Dorex2007 [7h Tc]
AnteTalon: folds 
wolfmbg: folds 
CestLavie95: folds 
Dorex2007: folds 
Aflil1966: folds 
0RB BR0: folds 
Ridleerr: calls $0.02
frank66632: calls $0.01
Mariposa1209: checks 
*** FLOP *** [9d Th 6c]
frank66632: checks 
Mariposa1209: checks 
Ridleerr: checks 
*** TURN *** [9d Th 6c] [Ad]
frank66632: checks 
Mariposa1209: checks 
Ridleerr: bets $0.02
frank66632: folds 
Mariposa1209: folds 
Uncalled bet ($0.02) returned to Ridleerr
Ridleerr collected $0.06 from pot
*** SUMMARY ***
Total pot $0.06 | Rake $0 
Board [9d Th 6c Ad]
Seat 1: CestLavie95 folded before Flop (didn't bet)
Seat 2: Dorex2007 folded before Flop (didn't bet)
Seat 3: Aflil1966 folded before Flop (didn't bet)
Seat 4: 0RB BR0 folded before Flop (didn't bet)
Seat 5: Ridleerr (button) collected ($0.06)
Seat 6: frank66632 (small blind) folded on the Turn
Seat 7: Mariposa1209 (big blind) folded on the Turn
Seat 8: AnteTalon folded before Flop (didn't bet)
Seat 9: wolfmbg folded before Flop (didn't bet)



PokerStars Hand #237168873640:  Hold'em No Limit ($0.01/$0.02 USD) - 2022/07/04 20:34:20 PT [2022/07/04 23:34:20 ET]
Table 'Retsina II' 9-max Seat #6 is the button
Seat 1: CestLavie95 ($2 in chips) 
Seat 2: Dorex2007 ($2.23 in chips) 
Seat 3: Aflil1966 ($2.74 in chips) 
Seat 4: 0RB BR0 ($0.75 in chips) 
Seat 5: Ridleerr ($0.82 in chips) 
Seat 6: frank66632 ($1.84 in chips) 
Seat 7: Mariposa1209 ($3.85 in chips) 
Seat 8: AnteTalon ($2.19 in chips) 
Seat 9: wolfmbg ($0.76 in chips) 
Mariposa1209: posts small blind $0.01
AnteTalon: posts big blind $0.02
*** HOLE CARDS ***
Dealt to Dorex2007 [Jd Td]
wolfmbg: folds 
CestLavie95: folds 
Dorex2007: raises $0.02 to $0.04
wolfmbg leaves the table
Aflil1966: folds 
0RB BR0: folds 
Ridleerr: raises $0.06 to $0.10
frank66632: folds 
Mariposa1209: folds 
frank66632 leaves the table
ladyglossop joins the table at seat #9 
AnteTalon: folds 
Dorex2007: calls $0.06
*** FLOP *** [9s Th 8c]
Dorex2007: bets $0.22
Ridleerr: folds 
Uncalled bet ($0.22) returned to Dorex2007
Dorex2007 collected $0.22 from pot
*** SUMMARY ***
Total pot $0.23 | Rake $0.01 
Board [9s Th 8c]
Seat 1: CestLavie95 folded before Flop (didn't bet)
Seat 2: Dorex2007 collected ($0.22)
Seat 3: Aflil1966 folded before Flop (didn't bet)
Seat 4: 0RB BR0 folded before Flop (didn't bet)
Seat 5: Ridleerr folded on the Flop
Seat 6: frank66632 (button) folded before Flop (didn't bet)
Seat 7: Mariposa1209 (small blind) folded before Flop
Seat 8: AnteTalon (big blind) folded before Flop
Seat 9: wolfmbg folded before Flop (didn't bet)



PokerStars Hand #237168879251:  Hold'em No Limit ($0.01/$0.02 USD) - 2022/07/04 20:35:02 PT [2022/07/04 23:35:02 ET]
Table 'Retsina II' 9-max Seat #7 is the button
Seat 1: CestLavie95 ($2 in chips) 
Seat 2: Dorex2007 ($2.35 in chips) 
Seat 3: Aflil1966 ($2.74 in chips) 
Seat 4: 0RB BR0 ($0.75 in chips) 
Seat 5: Ridleerr ($0.72 in chips) 
Seat 7: Mariposa1209 ($3.84 in chips) 
Seat 8: AnteTalon ($2.17 in chips) 
Seat 9: ladyglossop ($1.60 in chips) 
AnteTalon: posts small blind $0.01
ladyglossop: posts big blind $0.02
*** HOLE CARDS ***
Dealt to Dorex2007 [Ac Qh]
CestLavie95 has timed out
CestLavie95: folds 
Dorex2007: raises $0.04 to $0.06
Aflil1966: folds 
0RB BR0: folds 
Ridleerr: folds 
Mariposa1209: calls $0.06
AnteTalon: folds 
ladyglossop: folds 
*** FLOP *** [Qc 9h 6s]
Dorex2007: bets $0.09
Mariposa1209: calls $0.09
*** TURN *** [Qc 9h 6s] [As]
Dorex2007: bets $2.20 and is all-in
Mariposa1209: folds 
Uncalled bet ($2.20) returned to Dorex2007
Dorex2007 collected $0.32 from pot
*** SUMMARY ***
Total pot $0.33 | Rake $0.01 
Board [Qc 9h 6s As]
Seat 1: CestLavie95 folded before Flop (didn't bet)
Seat 2: Dorex2007 collected ($0.32)
Seat 3: Aflil1966 folded before Flop (didn't bet)
Seat 4: 0RB BR0 folded before Flop (didn't bet)
Seat 5: Ridleerr folded before Flop (didn't bet)
Seat 7: Mariposa1209 (button) folded on the Turn
Seat 8: AnteTalon (small blind) folded before Flop
Seat 9: ladyglossop (big blind) folded before Flop



PokerStars Hand #237168888426:  Hold'em No Limit ($0.01/$0.02 USD) - 2022/07/04 20:36:10 PT [2022/07/04 23:36:10 ET]
Table 'Retsina II' 9-max Seat #8 is the button
Seat 1: CestLavie95 ($2 in chips) 
Seat 2: Dorex2007 ($2.52 in chips) 
Seat 3: Aflil1966 ($2.74 in chips) 
Seat 4: 0RB BR0 ($0.75 in chips) 
Seat 5: Ridleerr ($0.72 in chips) 
Seat 7: Mariposa1209 ($3.69 in chips) 
Seat 8: AnteTalon ($2.16 in chips) 
Seat 9: ladyglossop ($1.58 in chips) 
ladyglossop: posts small blind $0.01
CestLavie95: posts big blind $0.02
*** HOLE CARDS ***
Dealt to Dorex2007 [Qd 9h]
Dorex2007: folds 
Aflil1966: calls $0.02
0RB BR0: calls $0.02
Ridleerr: folds 
Mariposa1209: folds 
AnteTalon: folds 
ladyglossop: calls $0.01
CestLavie95: checks 
*** FLOP *** [2s Ad Jh]
ladyglossop: checks 
CestLavie95: checks 
Aflil1966: checks 
0RB BR0: checks 
*** TURN *** [2s Ad Jh] [Jd]
ladyglossop: checks 
CestLavie95: checks 
Aflil1966: checks 
0RB BR0: checks 
*** RIVER *** [2s Ad Jh Jd] [As]
ladyglossop: checks 
CestLavie95: checks 
Aflil1966: checks 
0RB BR0: checks 
*** SHOW DOWN ***
ladyglossop: shows [3c 8d] (two pair, Aces and Jacks)
CestLavie95: mucks hand 
Aflil1966: shows [9c Kc] (two pair, Aces and Jacks - King kicker)
0RB BR0: mucks hand 
Aflil1966 collected $0.08 from pot
*** SUMMARY ***
Total pot $0.08 | Rake $0 
Board [2s Ad Jh Jd As]
Seat 1: CestLavie95 (big blind) mucked [7d 6c]
Seat 2: Dorex2007 folded before Flop (didn't bet)
Seat 3: Aflil1966 showed [9c Kc] and won ($0.08) with two pair, Aces and Jacks
Seat 4: 0RB BR0 mucked [9s Th]
Seat 5: Ridleerr folded before Flop (didn't bet)
Seat 7: Mariposa1209 folded before Flop (didn't bet)
Seat 8: AnteTalon (button) folded before Flop (didn't bet)
Seat 9: ladyglossop (small blind) showed [3c 8d] and lost with two pair, Aces and Jacks



PokerStars Hand #237168898090:  Hold'em No Limit ($0.01/$0.02 USD) - 2022/07/04 20:37:23 PT [2022/07/04 23:37:23 ET]
Table 'Retsina II' 9-max Seat #9 is the button
Seat 1: CestLavie95 ($1.98 in chips) 
Seat 2: Dorex2007 ($2.52 in chips) 
Seat 3: Aflil1966 ($2.80 in chips) 
Seat 4: 0RB BR0 ($0.73 in chips) 
Seat 5: Ridleerr ($0.72 in chips) 
Seat 7: Mariposa1209 ($3.69 in chips) 
Seat 8: AnteTalon ($2.16 in chips) 
Seat 9: ladyglossop ($1.56 in chips) 
CestLavie95: posts small blind $0.01
Dorex2007: posts big blind $0.02
*** HOLE CARDS ***
Dealt to Dorex2007 [Jc As]
Aflil1966: folds 
0RB BR0: folds 
Ridleerr: folds 
Mariposa1209: folds 
AnteTalon: folds 
ladyglossop has timed out
ladyglossop: folds 
CestLavie95: folds 
Uncalled bet ($0.01) returned to Dorex2007
Dorex2007 collected $0.02 from pot
*** SUMMARY ***
Total pot $0.02 | Rake $0 
Seat 1: CestLavie95 (small blind) folded before Flop
Seat 2: Dorex2007 (big blind) collected ($0.02)
Seat 3: Aflil1966 folded before Flop (didn't bet)
Seat 4: 0RB BR0 folded before Flop (didn't bet)
Seat 5: Ridleerr folded before Flop (didn't bet)
Seat 7: Mariposa1209 folded before Flop (didn't bet)
Seat 8: AnteTalon folded before Flop (didn't bet)
Seat 9: ladyglossop (button) folded before Flop (didn't bet)



PokerStars Hand #237168902756:  Hold'em No Limit ($0.01/$0.02 USD) - 2022/07/04 20:37:59 PT [2022/07/04 23:37:59 ET]
Table 'Retsina II' 9-max Seat #1 is the button
Seat 1: CestLavie95 ($1.97 in chips) 
Seat 2: Dorex2007 ($2.53 in chips) 
Seat 3: Aflil1966 ($2.80 in chips) 
Seat 4: 0RB BR0 ($0.73 in chips) 
Seat 5: Ridleerr ($0.72 in chips) 
Seat 7: Mariposa1209 ($3.69 in chips) 
Seat 8: AnteTalon ($2.16 in chips) 
Dorex2007: posts small blind $0.01
Aflil1966: posts big blind $0.02
*** HOLE CARDS ***
Dealt to Dorex2007 [Qs Ac]
0RB BR0: calls $0.02
Ridleerr: calls $0.02
Mariposa1209: folds 
AnteTalon: folds 
CestLavie95: folds 
Dorex2007: raises $0.06 to $0.08
Aflil1966: folds 
0RB BR0: calls $0.06
Ridleerr: calls $0.06
*** FLOP *** [6h Ts 9d]
Dorex2007: checks 
0RB BR0: checks 
Ridleerr: checks 
*** TURN *** [6h Ts 9d] [4s]
Dorex2007: checks 
0RB BR0: bets $0.12
Ridleerr: folds 
Dorex2007: folds 
Uncalled bet ($0.12) returned to 0RB BR0
sasukeouchiha joins the table at seat #6 
0RB BR0 collected $0.25 from pot
*** SUMMARY ***
Total pot $0.26 | Rake $0.01 
Board [6h Ts 9d 4s]
Seat 1: CestLavie95 (button) folded before Flop (didn't bet)
Seat 2: Dorex2007 (small blind) folded on the Turn
Seat 3: Aflil1966 (big blind) folded before Flop
Seat 4: 0RB BR0 collected ($0.25)
Seat 5: Ridleerr folded on the Turn
Seat 7: Mariposa1209 folded before Flop (didn't bet)
Seat 8: AnteTalon folded before Flop (didn't bet)



PokerStars Hand #237168908914:  Hold'em No Limit ($0.01/$0.02 USD) - 2022/07/04 20:38:46 PT [2022/07/04 23:38:46 ET]
Table 'Retsina II' 9-max Seat #2 is the button
Seat 1: CestLavie95 ($1.97 in chips) 
Seat 2: Dorex2007 ($2.45 in chips) 
Seat 3: Aflil1966 ($2.78 in chips) 
Seat 4: 0RB BR0 ($0.90 in chips) 
Seat 5: Ridleerr ($0.64 in chips) 
Seat 7: Mariposa1209 ($3.69 in chips) 
Seat 8: AnteTalon ($2.16 in chips) 
Seat 9: ladyglossop ($1.56 in chips) 
Aflil1966: posts small blind $0.01
0RB BR0: posts big blind $0.02
sasukeouchiha: sits out 
*** HOLE CARDS ***
Dealt to Dorex2007 [Tc 3c]
Ridleerr: calls $0.02
Mariposa1209: folds 
AnteTalon: raises $0.13 to $0.15
ladyglossop: folds 
CestLavie95: folds 
Dorex2007: folds 
Aflil1966: folds 
0RB BR0: folds 
Ridleerr: folds 
Uncalled bet ($0.13) returned to AnteTalon
AnteTalon collected $0.07 from pot
*** SUMMARY ***
Total pot $0.07 | Rake $0 
Seat 1: CestLavie95 folded before Flop (didn't bet)
Seat 2: Dorex2007 (button) folded before Flop (didn't bet)
Seat 3: Aflil1966 (small blind) folded before Flop
Seat 4: 0RB BR0 (big blind) folded before Flop
Seat 5: Ridleerr folded before Flop
Seat 7: Mariposa1209 folded before Flop (didn't bet)
Seat 8: AnteTalon collected ($0.07)
Seat 9: ladyglossop folded before Flop (didn't bet)



PokerStars Hand #237168913701:  Hold'em No Limit ($0.01/$0.02 USD) - 2022/07/04 20:39:21 PT [2022/07/04 23:39:21 ET]
Table 'Retsina II' 9-max Seat #3 is the button
Seat 1: CestLavie95 ($1.97 in chips) 
Seat 2: Dorex2007 ($2.45 in chips) 
Seat 3: Aflil1966 ($2.77 in chips) 
Seat 4: 0RB BR0 ($0.88 in chips) 
Seat 5: Ridleerr ($0.62 in chips) 
Seat 7: Mariposa1209 ($3.69 in chips) 
Seat 8: AnteTalon ($2.21 in chips) 
Seat 9: ladyglossop ($1.56 in chips) 
0RB BR0: posts small blind $0.01
Ridleerr: posts big blind $0.02
sasukeouchiha: sits out 
*** HOLE CARDS ***
Dealt to Dorex2007 [9h 7c]
Mariposa1209: folds 
AnteTalon: raises $0.04 to $0.06
ladyglossop: calls $0.06
CestLavie95: calls $0.06
Dorex2007: folds 
Aflil1966: folds 
0RB BR0: folds 
Ridleerr: folds 
*** FLOP *** [3c Tc 7h]
AnteTalon: bets $0.10
ladyglossop: folds 
CestLavie95: folds 
Uncalled bet ($0.10) returned to AnteTalon
AnteTalon collected $0.20 from pot
*** SUMMARY ***
Total pot $0.21 | Rake $0.01 
Board [3c Tc 7h]
Seat 1: CestLavie95 folded on the Flop
Seat 2: Dorex2007 folded before Flop (didn't bet)
Seat 3: Aflil1966 (button) folded before Flop (didn't bet)
Seat 4: 0RB BR0 (small blind) folded before Flop
Seat 5: Ridleerr (big blind) folded before Flop
Seat 7: Mariposa1209 folded before Flop (didn't bet)
Seat 8: AnteTalon collected ($0.20)
Seat 9: ladyglossop folded on the Flop



PokerStars Hand #237168919307:  Hold'em No Limit ($0.01/$0.02 USD) - 2022/07/04 20:40:03 PT [2022/07/04 23:40:03 ET]
Table 'Retsina II' 9-max Seat #4 is the button
Seat 1: CestLavie95 ($1.91 in chips) 
Seat 2: Dorex2007 ($2.45 in chips) 
Seat 3: Aflil1966 ($2.77 in chips) 
Seat 4: 0RB BR0 ($0.87 in chips) 
Seat 5: Ridleerr ($0.60 in chips) 
Seat 6: sasukeouchiha ($1.60 in chips) 
Seat 7: Mariposa1209 ($3.69 in chips) 
Seat 8: AnteTalon ($2.35 in chips) 
Seat 9: ladyglossop ($1.50 in chips) 
Ridleerr: posts small blind $0.01
sasukeouchiha: posts big blind $0.02
*** HOLE CARDS ***
Dealt to Dorex2007 [6s 3s]
Mariposa1209: raises $0.03 to $0.05
AnteTalon: folds 
ladyglossop: folds 
CestLavie95: folds 
Dorex2007: folds 
Aflil1966: folds 
0RB BR0: calls $0.05
Ridleerr: folds 
sasukeouchiha: raises $0.09 to $0.14
Mariposa1209: folds 
0RB BR0: folds 
Uncalled bet ($0.09) returned to sasukeouchiha
sasukeouchiha collected $0.16 from pot
*** SUMMARY ***
Total pot $0.16 | Rake $0 
Seat 1: CestLavie95 folded before Flop (didn't bet)
Seat 2: Dorex2007 folded before Flop (didn't bet)
Seat 3: Aflil1966 folded before Flop (didn't bet)
Seat 4: 0RB BR0 (button) folded before Flop
Seat 5: Ridleerr (small blind) folded before Flop
Seat 6: sasukeouchiha (big blind) collected ($0.16)
Seat 7: Mariposa1209 folded before Flop
Seat 8: AnteTalon folded before Flop (didn't bet)
Seat 9: ladyglossop folded before Flop (didn't bet)



PokerStars Hand #237168922546:  Hold'em No Limit ($0.01/$0.02 USD) - 2022/07/04 20:40:28 PT [2022/07/04 23:40:28 ET]
Table 'Retsina II' 9-max Seat #5 is the button
Seat 1: CestLavie95 ($2 in chips) 
Seat 2: Dorex2007 ($2.45 in chips) 
Seat 3: Aflil1966 ($2.77 in chips) 
Seat 4: 0RB BR0 ($0.82 in chips) 
Seat 5: Ridleerr ($0.59 in chips) 
Seat 6: sasukeouchiha ($1.71 in chips) 
Seat 7: Mariposa1209 ($3.64 in chips) 
Seat 8: AnteTalon ($2.35 in chips) 
Seat 9: ladyglossop ($1.50 in chips) 
sasukeouchiha: posts small blind $0.01
Mariposa1209: posts big blind $0.02
*** HOLE CARDS ***
Dealt to Dorex2007 [5h Kh]
AnteTalon: folds 
ladyglossop: folds 
CestLavie95: folds 
Dorex2007: folds 
Aflil1966: folds 
0RB BR0: folds 
Ridleerr: folds 
sasukeouchiha: calls $0.01
Mariposa1209: checks 
*** FLOP *** [8s 6d 4d]
sasukeouchiha: checks 
Mariposa1209: bets $0.02
sasukeouchiha: calls $0.02
*** TURN *** [8s 6d 4d] [2d]
sasukeouchiha: checks 
Mariposa1209: checks 
*** RIVER *** [8s 6d 4d 2d] [4s]
sasukeouchiha: bets $0.08
Mariposa1209: folds 
Uncalled bet ($0.08) returned to sasukeouchiha
sasukeouchiha collected $0.08 from pot
*** SUMMARY ***
Total pot $0.08 | Rake $0 
Board [8s 6d 4d 2d 4s]
Seat 1: CestLavie95 folded before Flop (didn't bet)
Seat 2: Dorex2007 folded before Flop (didn't bet)
Seat 3: Aflil1966 folded before Flop (didn't bet)
Seat 4: 0RB BR0 folded before Flop (didn't bet)
Seat 5: Ridleerr (button) folded before Flop (didn't bet)
Seat 6: sasukeouchiha (small blind) collected ($0.08)
Seat 7: Mariposa1209 (big blind) folded on the River
Seat 8: AnteTalon folded before Flop (didn't bet)
Seat 9: ladyglossop folded before Flop (didn't bet)



PokerStars Hand #237168928789:  Hold'em No Limit ($0.01/$0.02 USD) - 2022/07/04 20:41:15 PT [2022/07/04 23:41:15 ET]
Table 'Retsina II' 9-max Seat #6 is the button
Seat 1: CestLavie95 ($2 in chips) 
Seat 2: Dorex2007 ($2.45 in chips) 
Seat 3: Aflil1966 ($2.77 in chips) 
Seat 4: 0RB BR0 ($0.82 in chips) 
Seat 5: Ridleerr ($0.59 in chips) 
Seat 6: sasukeouchiha ($1.75 in chips) 
Seat 7: Mariposa1209 ($3.60 in chips) 
Seat 8: AnteTalon ($2.35 in chips) 
Seat 9: ladyglossop ($1.50 in chips) 
Mariposa1209: posts small blind $0.01
AnteTalon: posts big blind $0.02
*** HOLE CARDS ***
Dealt to Dorex2007 [7d 3c]
ladyglossop: calls $0.02
CestLavie95: folds 
Dorex2007: folds 
Aflil1966: folds 
0RB BR0: folds 
Ridleerr: folds 
sasukeouchiha: folds 
sasukeouchiha leaves the table
Mariposa1209: raises $0.06 to $0.08
AnteTalon: folds 
ladyglossop: calls $0.06
*** FLOP *** [5h 7h 9s]
Mariposa1209: bets $0.08
ladyglossop: calls $0.08
*** TURN *** [5h 7h 9s] [6h]
Mariposa1209: bets $0.14
ladyglossop: calls $0.14
*** RIVER *** [5h 7h 9s 6h] [Qc]
Mariposa1209: checks 
ladyglossop: checks 
*** SHOW DOWN ***
Mariposa1209: shows [8c 8d] (a straight, Five to Nine)
ladyglossop: mucks hand 
Mariposa1209 collected $0.60 from pot
*** SUMMARY ***
Total pot $0.62 | Rake $0.02 
Board [5h 7h 9s 6h Qc]
Seat 1: CestLavie95 folded before Flop (didn't bet)
Seat 2: Dorex2007 folded before Flop (didn't bet)
Seat 3: Aflil1966 folded before Flop (didn't bet)
Seat 4: 0RB BR0 folded before Flop (didn't bet)
Seat 5: Ridleerr folded before Flop (didn't bet)
Seat 6: sasukeouchiha (button) folded before Flop (didn't bet)
Seat 7: Mariposa1209 (small blind) showed [8c 8d] and won ($0.60) with a straight, Five to Nine
Seat 8: AnteTalon (big blind) folded before Flop
Seat 9: ladyglossop mucked [6s 7s]



PokerStars Hand #237168937360:  Hold'em No Limit ($0.01/$0.02 USD) - 2022/07/04 20:42:18 PT [2022/07/04 23:42:18 ET]
Table 'Retsina II' 9-max Seat #7 is the button
Seat 1: CestLavie95 ($2 in chips) 
Seat 2: Dorex2007 ($2.45 in chips) 
Seat 3: Aflil1966 ($2.77 in chips) 
Seat 4: 0RB BR0 ($0.82 in chips) 
Seat 5: Ridleerr ($0.59 in chips) 
Seat 7: Mariposa1209 ($3.90 in chips) 
Seat 8: AnteTalon ($2.33 in chips) 
Seat 9: ladyglossop ($1.20 in chips) 
AnteTalon: posts small blind $0.01
ladyglossop: posts big blind $0.02
*** HOLE CARDS ***
Dealt to Dorex2007 [Th 4s]
CestLavie95: folds 
Dorex2007: folds 
Aflil1966: calls $0.02
0RB BR0: folds 
Ridleerr: folds 
Mariposa1209: folds 
AnteTalon: calls $0.01
ladyglossop: checks 
*** FLOP *** [6h 8c 8d]
AnteTalon: checks 
ladyglossop: checks 
Aflil1966: bets $0.02
AnteTalon: raises $0.04 to $0.06
ladyglossop: calls $0.06
Aflil1966: folds 
*** TURN *** [6h 8c 8d] [Jd]
AnteTalon: checks 
ladyglossop: checks 
*** RIVER *** [6h 8c 8d Jd] [Ks]
AnteTalon: bets $0.06
ladyglossop: folds 
Uncalled bet ($0.06) returned to AnteTalon
AnteTalon collected $0.19 from pot
*** SUMMARY ***
Total pot $0.20 | Rake $0.01 
Board [6h 8c 8d Jd Ks]
Seat 1: CestLavie95 folded before Flop (didn't bet)
Seat 2: Dorex2007 folded before Flop (didn't bet)
Seat 3: Aflil1966 folded on the Flop
Seat 4: 0RB BR0 folded before Flop (didn't bet)
Seat 5: Ridleerr folded before Flop (didn't bet)
Seat 7: Mariposa1209 (button) folded before Flop (didn't bet)
Seat 8: AnteTalon (small blind) collected ($0.19)
Seat 9: ladyglossop (big blind) folded on the River



PokerStars Hand #237168945457:  Hold'em No Limit ($0.01/$0.02 USD) - 2022/07/04 20:43:20 PT [2022/07/04 23:43:20 ET]
Table 'Retsina II' 9-max Seat #8 is the button
Seat 1: CestLavie95 ($2 in chips) 
Seat 2: Dorex2007 ($2.45 in chips) 
Seat 3: Aflil1966 ($2.73 in chips) 
Seat 4: 0RB BR0 ($0.82 in chips) 
Seat 5: Ridleerr ($0.59 in chips) 
Seat 7: Mariposa1209 ($3.90 in chips) 
Seat 8: AnteTalon ($2.44 in chips) 
Seat 9: ladyglossop ($1.12 in chips) 
ladyglossop: posts small blind $0.01
CestLavie95: posts big blind $0.02
*** HOLE CARDS ***
Dealt to Dorex2007 [Jh 9d]
Dorex2007: folds 
Aflil1966: folds 
0RB BR0: folds 
Ridleerr: folds 
Mariposa1209: folds 
AnteTalon: raises $0.04 to $0.06
ladyglossop: folds 
CestLavie95: folds 
Uncalled bet ($0.04) returned to AnteTalon
AnteTalon collected $0.05 from pot
*** SUMMARY ***
Total pot $0.05 | Rake $0 
Seat 1: CestLavie95 (big blind) folded before Flop
Seat 2: Dorex2007 folded before Flop (didn't bet)
Seat 3: Aflil1966 folded before Flop (didn't bet)
Seat 4: 0RB BR0 folded before Flop (didn't bet)
Seat 5: Ridleerr folded before Flop (didn't bet)
Seat 7: Mariposa1209 folded before Flop (didn't bet)
Seat 8: AnteTalon (button) collected ($0.05)
Seat 9: ladyglossop (small blind) folded before Flop



PokerStars Hand #237168948720:  Hold'em No Limit ($0.01/$0.02 USD) - 2022/07/04 20:43:44 PT [2022/07/04 23:43:44 ET]
Table 'Retsina II' 9-max Seat #9 is the button
Seat 1: CestLavie95 ($1.98 in chips) 
Seat 2: Dorex2007 ($2.45 in chips) 
Seat 3: Aflil1966 ($2.73 in chips) 
Seat 4: 0RB BR0 ($0.82 in chips) 
Seat 5: Ridleerr ($0.59 in chips) 
Seat 7: Mariposa1209 ($3.90 in chips) 
Seat 8: AnteTalon ($2.47 in chips) 
Seat 9: ladyglossop ($1.11 in chips) 
CestLavie95: posts small blind $0.01
Dorex2007: posts big blind $0.02
*** HOLE CARDS ***
Dealt to Dorex2007 [2c 5s]
Aflil1966: calls $0.02
0RB BR0: folds 
Ridleerr: folds 
Mariposa1209: folds 
AnteTalon: folds 
ladyglossop: folds 
CestLavie95: folds 
Dorex2007: checks 
*** FLOP *** [3s Jc 3c]
Dorex2007: checks 
Aflil1966: checks 
*** TURN *** [3s Jc 3c] [Jd]
Dorex2007: checks 
Aflil1966: checks 
*** RIVER *** [3s Jc 3c Jd] [4h]
Dorex2007: checks 
Aflil1966: checks 
*** SHOW DOWN ***
Dorex2007: shows [2c 5s] (two pair, Jacks and Threes)
Aflil1966: shows [7h Ah] (two pair, Jacks and Threes - Ace kicker)
Aflil1966 collected $0.05 from pot
*** SUMMARY ***
Total pot $0.05 | Rake $0 
Board [3s Jc 3c Jd 4h]
Seat 1: CestLavie95 (small blind) folded before Flop
Seat 2: Dorex2007 (big blind) showed [2c 5s] and lost with two pair, Jacks and Threes
Seat 3: Aflil1966 showed [7h Ah] and won ($0.05) with two pair, Jacks and Threes
Seat 4: 0RB BR0 folded before Flop (didn't bet)
Seat 5: Ridleerr folded before Flop (didn't bet)
Seat 7: Mariposa1209 folded before Flop (didn't bet)
Seat 8: AnteTalon folded before Flop (didn't bet)
Seat 9: ladyglossop (button) folded before Flop (didn't bet)



PokerStars Hand #237168956905:  Hold'em No Limit ($0.01/$0.02 USD) - 2022/07/04 20:44:46 PT [2022/07/04 23:44:46 ET]
Table 'Retsina II' 9-max Seat #1 is the button
Seat 1: CestLavie95 ($1.97 in chips) 
Seat 2: Dorex2007 ($2.43 in chips) 
Seat 3: Aflil1966 ($2.76 in chips) 
Seat 4: 0RB BR0 ($0.82 in chips) 
Seat 5: Ridleerr ($0.59 in chips) 
Seat 7: Mariposa1209 ($3.90 in chips) 
Seat 8: AnteTalon ($2.47 in chips) 
Seat 9: ladyglossop ($1.11 in chips) 
Dorex2007: posts small blind $0.01
Aflil1966: posts big blind $0.02
*** HOLE CARDS ***
Dealt to Dorex2007 [9d 7s]
0RB BR0: calls $0.02
Ridleerr: folds 
Mariposa1209: folds 
AnteTalon: folds 
ladyglossop: raises $0.02 to $0.04
CestLavie95: folds 
Dorex2007: folds 
Aflil1966: folds 
0RB BR0: calls $0.02
*** FLOP *** [7d 8d 9c]
0RB BR0: checks 
ladyglossop: checks 
*** TURN *** [7d 8d 9c] [3d]
0RB BR0: checks 
ladyglossop: bets $0.11
Luis Fern430 joins the table at seat #6 
0RB BR0: folds 
Uncalled bet ($0.11) returned to ladyglossop
ladyglossop collected $0.11 from pot
*** SUMMARY ***
Total pot $0.11 | Rake $0 
Board [7d 8d 9c 3d]
Seat 1: CestLavie95 (button) folded before Flop (didn't bet)
Seat 2: Dorex2007 (small blind) folded before Flop
Seat 3: Aflil1966 (big blind) folded before Flop
Seat 4: 0RB BR0 folded on the Turn
Seat 5: Ridleerr folded before Flop (didn't bet)
Seat 7: Mariposa1209 folded before Flop (didn't bet)
Seat 8: AnteTalon folded before Flop (didn't bet)
Seat 9: ladyglossop collected ($0.11)



PokerStars Hand #237168971397:  Hold'em No Limit ($0.01/$0.02 USD) - 2022/07/04 20:45:31 PT [2022/07/04 23:45:31 ET]
Table 'Retsina II' 9-max Seat #2 is the button
Seat 1: CestLavie95 ($1.97 in chips) 
Seat 2: Dorex2007 ($2.42 in chips) 
Seat 3: Aflil1966 ($2.74 in chips) 
Seat 4: 0RB BR0 ($0.78 in chips) 
Seat 5: Ridleerr ($0.59 in chips) 
Seat 7: Mariposa1209 ($3.90 in chips) 
Seat 8: AnteTalon ($2.47 in chips) 
Seat 9: ladyglossop ($1.18 in chips) 
Aflil1966: posts small blind $0.01
0RB BR0: posts big blind $0.02
Luis Fern430: sits out 
*** HOLE CARDS ***
Dealt to Dorex2007 [5c 8h]
Ridleerr: calls $0.02
Mariposa1209: folds 
AnteTalon: folds 
ladyglossop: folds 
CestLavie95: calls $0.02
Dorex2007: folds 
Aflil1966: raises $0.14 to $0.16
0RB BR0: folds 
Ridleerr: folds 
CestLavie95: calls $0.14
*** FLOP *** [Th Kc 6h]
Aflil1966: bets $2.58 and is all-in
CestLavie95: folds 
Uncalled bet ($2.58) returned to Aflil1966
Aflil1966 collected $0.35 from pot
*** SUMMARY ***
Total pot $0.36 | Rake $0.01 
Board [Th Kc 6h]
Seat 1: CestLavie95 folded on the Flop
Seat 2: Dorex2007 (button) folded before Flop (didn't bet)
Seat 3: Aflil1966 (small blind) collected ($0.35)
Seat 4: 0RB BR0 (big blind) folded before Flop
Seat 5: Ridleerr folded before Flop
Seat 7: Mariposa1209 folded before Flop (didn't bet)
Seat 8: AnteTalon folded before Flop (didn't bet)
Seat 9: ladyglossop folded before Flop (didn't bet)



PokerStars Hand #237168978823:  Hold'em No Limit ($0.01/$0.02 USD) - 2022/07/04 20:46:28 PT [2022/07/04 23:46:28 ET]
Table 'Retsina II' 9-max Seat #3 is the button
Seat 1: CestLavie95 ($1.81 in chips) 
Seat 2: Dorex2007 ($2.42 in chips) 
Seat 3: Aflil1966 ($2.93 in chips) 
Seat 4: 0RB BR0 ($0.76 in chips) 
Seat 5: Ridleerr ($0.57 in chips) 
Seat 7: Mariposa1209 ($3.90 in chips) 
Seat 8: AnteTalon ($2.47 in chips) 
Seat 9: ladyglossop ($1.18 in chips) 
0RB BR0: posts small blind $0.01
Ridleerr: posts big blind $0.02
Luis Fern430: sits out 
*** HOLE CARDS ***
Dealt to Dorex2007 [5s 9h]
Mariposa1209: folds 
AnteTalon: folds 
ladyglossop: folds 
CestLavie95: folds 
Dorex2007: folds 
Aflil1966: folds 
0RB BR0: folds 
Uncalled bet ($0.01) returned to Ridleerr
Ridleerr collected $0.02 from pot
*** SUMMARY ***
Total pot $0.02 | Rake $0 
Seat 1: CestLavie95 folded before Flop (didn't bet)
Seat 2: Dorex2007 folded before Flop (didn't bet)
Seat 3: Aflil1966 (button) folded before Flop (didn't bet)
Seat 4: 0RB BR0 (small blind) folded before Flop
Seat 5: Ridleerr (big blind) collected ($0.02)
Seat 7: Mariposa1209 folded before Flop (didn't bet)
Seat 8: AnteTalon folded before Flop (didn't bet)
Seat 9: ladyglossop folded before Flop (didn't bet)



PokerStars Hand #237168981215:  Hold'em No Limit ($0.01/$0.02 USD) - 2022/07/04 20:46:46 PT [2022/07/04 23:46:46 ET]
Table 'Retsina II' 9-max Seat #4 is the button
Seat 1: CestLavie95 ($2 in chips) 
Seat 2: Dorex2007 ($2.42 in chips) 
Seat 3: Aflil1966 ($2.93 in chips) 
Seat 4: 0RB BR0 ($0.75 in chips) 
Seat 5: Ridleerr ($0.58 in chips) 
Seat 6: Luis Fern430 ($2 in chips) 
Seat 7: Mariposa1209 ($3.90 in chips) 
Seat 8: AnteTalon ($2.47 in chips) 
Seat 9: ladyglossop ($1.18 in chips) 
Ridleerr: posts small blind $0.01
Luis Fern430: posts big blind $0.02
*** HOLE CARDS ***
Dealt to Dorex2007 [Qs Tc]
Mariposa1209: raises $0.03 to $0.05
AnteTalon: folds 
ladyglossop: calls $0.05
CestLavie95: folds 
Dorex2007: calls $0.05
Aflil1966: folds 
0RB BR0: folds 
Ridleerr: folds 
Luis Fern430: folds 
*** FLOP *** [7s 7h Ad]
Mariposa1209: checks 
ladyglossop: checks 
Dorex2007: checks 
*** TURN *** [7s 7h Ad] [Qh]
Mariposa1209: checks 
ladyglossop: checks 
Dorex2007: bets $0.08
Mariposa1209: folds 
ladyglossop: folds 
Uncalled bet ($0.08) returned to Dorex2007
Dorex2007 collected $0.17 from pot
*** SUMMARY ***
Total pot $0.18 | Rake $0.01 
Board [7s 7h Ad Qh]
Seat 1: CestLavie95 folded before Flop (didn't bet)
Seat 2: Dorex2007 collected ($0.17)
Seat 3: Aflil1966 folded before Flop (didn't bet)
Seat 4: 0RB BR0 (button) folded before Flop (didn't bet)
Seat 5: Ridleerr (small blind) folded before Flop
Seat 6: Luis Fern430 (big blind) folded before Flop
Seat 7: Mariposa1209 folded on the Turn
Seat 8: AnteTalon folded before Flop (didn't bet)
Seat 9: ladyglossop folded on the Turn



PokerStars Hand #237168990745:  Hold'em No Limit ($0.01/$0.02 USD) - 2022/07/04 20:47:58 PT [2022/07/04 23:47:58 ET]
Table 'Retsina II' 9-max Seat #5 is the button
Seat 1: CestLavie95 ($2 in chips) 
Seat 2: Dorex2007 ($2.54 in chips) 
Seat 3: Aflil1966 ($2.93 in chips) 
Seat 4: 0RB BR0 ($0.75 in chips) 
Seat 5: Ridleerr ($0.57 in chips) 
Seat 6: Luis Fern430 ($1.98 in chips) 
Seat 7: Mariposa1209 ($3.85 in chips) 
Seat 8: AnteTalon ($2.47 in chips) 
Seat 9: ladyglossop ($1.13 in chips) 
Luis Fern430: posts small blind $0.01
Mariposa1209: posts big blind $0.02
*** HOLE CARDS ***
Dealt to Dorex2007 [9d 8d]
AnteTalon: folds 
ladyglossop: folds 
CestLavie95: folds 
Dorex2007: folds 
Aflil1966: calls $0.02
0RB BR0: calls $0.02
Ridleerr: calls $0.02
Luis Fern430: folds 
Mariposa1209: checks 
*** FLOP *** [Js Ac 6h]
Mariposa1209: checks 
Aflil1966: checks 
0RB BR0: checks 
Ridleerr: checks 
*** TURN *** [Js Ac 6h] [4h]
Mariposa1209: checks 
Aflil1966: checks 
0RB BR0: bets $0.02
Ridleerr: calls $0.02
Mariposa1209: folds 
Aflil1966: folds 
*** RIVER *** [Js Ac 6h 4h] [9h]
0RB BR0: bets $0.02
Ridleerr: calls $0.02
*** SHOW DOWN ***
0RB BR0: shows [Qh Jd] (a pair of Jacks)
Ridleerr: shows [Jh Qs] (a pair of Jacks)
0RB BR0 collected $0.08 from pot
Ridleerr collected $0.08 from pot
*** SUMMARY ***
Total pot $0.17 | Rake $0.01 
Board [Js Ac 6h 4h 9h]
Seat 1: CestLavie95 folded before Flop (didn't bet)
Seat 2: Dorex2007 folded before Flop (didn't bet)
Seat 3: Aflil1966 folded on the Turn
Seat 4: 0RB BR0 showed [Qh Jd] and won ($0.08) with a pair of Jacks
Seat 5: Ridleerr (button) showed [Jh Qs] and won ($0.08) with a pair of Jacks
Seat 6: Luis Fern430 (small blind) folded before Flop
Seat 7: Mariposa1209 (big blind) folded on the Turn
Seat 8: AnteTalon folded before Flop (didn't bet)
Seat 9: ladyglossop folded before Flop (didn't bet)



PokerStars Hand #237168998911:  Hold'em No Limit ($0.01/$0.02 USD) - 2022/07/04 20:49:01 PT [2022/07/04 23:49:01 ET]
Table 'Retsina II' 9-max Seat #6 is the button
Seat 1: CestLavie95 ($2 in chips) 
Seat 2: Dorex2007 ($2.54 in chips) 
Seat 3: Aflil1966 ($2.91 in chips) 
Seat 4: 0RB BR0 ($0.77 in chips) 
Seat 5: Ridleerr ($0.59 in chips) 
Seat 6: Luis Fern430 ($1.97 in chips) 
Seat 7: Mariposa1209 ($3.83 in chips) 
Seat 8: AnteTalon ($2.47 in chips) 
Seat 9: ladyglossop ($1.13 in chips) 
Mariposa1209: posts small blind $0.01
AnteTalon: posts big blind $0.02
*** HOLE CARDS ***
Dealt to Dorex2007 [3c 3h]
ladyglossop: folds 
CestLavie95: folds 
Dorex2007: calls $0.02
Aflil1966: folds 
0RB BR0: folds 
Ridleerr: folds 
Luis Fern430: folds 
Mariposa1209: folds 
AnteTalon: checks 
*** FLOP *** [8s 4c As]
AnteTalon: checks 
Dorex2007: checks 
*** TURN *** [8s 4c As] [Ad]
AnteTalon: checks 
Dorex2007: checks 
*** RIVER *** [8s 4c As Ad] [8c]
AnteTalon: bets $0.10
Dorex2007: folds 
Uncalled bet ($0.10) returned to AnteTalon
AnteTalon collected $0.05 from pot
*** SUMMARY ***
Total pot $0.05 | Rake $0 
Board [8s 4c As Ad 8c]
Seat 1: CestLavie95 folded before Flop (didn't bet)
Seat 2: Dorex2007 folded on the River
Seat 3: Aflil1966 folded before Flop (didn't bet)
Seat 4: 0RB BR0 folded before Flop (didn't bet)
Seat 5: Ridleerr folded before Flop (didn't bet)
Seat 6: Luis Fern430 (button) folded before Flop (didn't bet)
Seat 7: Mariposa1209 (small blind) folded before Flop
Seat 8: AnteTalon (big blind) collected ($0.05)
Seat 9: ladyglossop folded before Flop (didn't bet)



PokerStars Hand #237169006984:  Hold'em No Limit ($0.01/$0.02 USD) - 2022/07/04 20:50:04 PT [2022/07/04 23:50:04 ET]
Table 'Retsina II' 9-max Seat #7 is the button
Seat 1: CestLavie95 ($2 in chips) 
Seat 2: Dorex2007 ($2.52 in chips) 
Seat 3: Aflil1966 ($2.91 in chips) 
Seat 4: 0RB BR0 ($0.77 in chips) 
Seat 5: Ridleerr ($0.59 in chips) 
Seat 6: Luis Fern430 ($1.97 in chips) 
Seat 7: Mariposa1209 ($3.82 in chips) 
Seat 8: AnteTalon ($2.50 in chips) 
Seat 9: ladyglossop ($1.13 in chips) 
AnteTalon: posts small blind $0.01
ladyglossop: posts big blind $0.02
*** HOLE CARDS ***
Dealt to Dorex2007 [Qh 9d]
CestLavie95: folds 
Dorex2007: folds 
Aflil1966: folds 
0RB BR0: folds 
Ridleerr: folds 
Luis Fern430: calls $0.02
Mariposa1209: folds 
AnteTalon: calls $0.01
ladyglossop: checks 
*** FLOP *** [Th 2s 9h]
AnteTalon: checks 
ladyglossop: checks 
Luis Fern430: checks 
*** TURN *** [Th 2s 9h] [Tc]
AnteTalon: bets $0.02
ladyglossop: calls $0.02
Luis Fern430: folds 
*** RIVER *** [Th 2s 9h Tc] [5h]
AnteTalon: checks 
ladyglossop: checks 
*** SHOW DOWN ***
AnteTalon: shows [Ac 9c] (two pair, Tens and Nines)
ladyglossop: mucks hand 
AnteTalon collected $0.10 from pot
*** SUMMARY ***
Total pot $0.10 | Rake $0 
Board [Th 2s 9h Tc 5h]
Seat 1: CestLavie95 folded before Flop (didn't bet)
Seat 2: Dorex2007 folded before Flop (didn't bet)
Seat 3: Aflil1966 folded before Flop (didn't bet)
Seat 4: 0RB BR0 folded before Flop (didn't bet)
Seat 5: Ridleerr folded before Flop (didn't bet)
Seat 6: Luis Fern430 folded on the Turn
Seat 7: Mariposa1209 (button) folded before Flop (didn't bet)
Seat 8: AnteTalon (small blind) showed [Ac 9c] and won ($0.10) with two pair, Tens and Nines
Seat 9: ladyglossop (big blind) mucked [7d Js]



PokerStars Hand #237169015505:  Hold'em No Limit ($0.01/$0.02 USD) - 2022/07/04 20:51:10 PT [2022/07/04 23:51:10 ET]
Table 'Retsina II' 9-max Seat #8 is the button
Seat 1: CestLavie95 ($2 in chips) 
Seat 2: Dorex2007 ($2.52 in chips) 
Seat 3: Aflil1966 ($2.91 in chips) 
Seat 4: 0RB BR0 ($0.77 in chips) 
Seat 5: Ridleerr ($0.59 in chips) 
Seat 6: Luis Fern430 ($1.95 in chips) 
Seat 7: Mariposa1209 ($3.82 in chips) 
Seat 8: AnteTalon ($2.56 in chips) 
Seat 9: ladyglossop ($1.09 in chips) 
ladyglossop: posts small blind $0.01
CestLavie95: posts big blind $0.02
*** HOLE CARDS ***
Dealt to Dorex2007 [Ah 7s]
Dorex2007: folds 
Aflil1966: folds 
0RB BR0: folds 
Ridleerr: folds 
Luis Fern430: folds 
Mariposa1209: raises $0.03 to $0.05
AnteTalon: folds 
ladyglossop: folds 
CestLavie95: folds 
Uncalled bet ($0.03) returned to Mariposa1209
Mariposa1209 collected $0.05 from pot
*** SUMMARY ***
Total pot $0.05 | Rake $0 
Seat 1: CestLavie95 (big blind) folded before Flop
Seat 2: Dorex2007 folded before Flop (didn't bet)
Seat 3: Aflil1966 folded before Flop (didn't bet)
Seat 4: 0RB BR0 folded before Flop (didn't bet)
Seat 5: Ridleerr folded before Flop (didn't bet)
Seat 6: Luis Fern430 folded before Flop (didn't bet)
Seat 7: Mariposa1209 collected ($0.05)
Seat 8: AnteTalon (button) folded before Flop (didn't bet)
Seat 9: ladyglossop (small blind) folded before Flop



PokerStars Hand #237169019930:  Hold'em No Limit ($0.01/$0.02 USD) - 2022/07/04 20:51:45 PT [2022/07/04 23:51:45 ET]
Table 'Retsina II' 9-max Seat #9 is the button
Seat 1: CestLavie95 ($1.98 in chips) 
Seat 2: Dorex2007 ($2.52 in chips) 
Seat 3: Aflil1966 ($2.91 in chips) 
Seat 4: 0RB BR0 ($0.77 in chips) 
Seat 5: Ridleerr ($0.59 in chips) 
Seat 6: Luis Fern430 ($1.95 in chips) 
Seat 7: Mariposa1209 ($3.85 in chips) 
Seat 8: AnteTalon ($2.56 in chips) 
Seat 9: ladyglossop ($1.08 in chips) 
CestLavie95: posts small blind $0.01
Dorex2007: posts big blind $0.02
*** HOLE CARDS ***
Dealt to Dorex2007 [Qc As]
Aflil1966: folds 
0RB BR0: calls $0.02
Ridleerr: folds 
Luis Fern430: folds 
Mariposa1209: folds 
AnteTalon: folds 
ladyglossop: folds 
ladyglossop leaves the table
CestLavie95: folds 
Dorex2007: raises $0.06 to $0.08
0RB BR0: folds 
Uncalled bet ($0.06) returned to Dorex2007
Dorex2007 collected $0.05 from pot
*** SUMMARY ***
Total pot $0.05 | Rake $0 
Seat 1: CestLavie95 (small blind) folded before Flop
Seat 2: Dorex2007 (big blind) collected ($0.05)
Seat 3: Aflil1966 folded before Flop (didn't bet)
Seat 4: 0RB BR0 folded before Flop
Seat 5: Ridleerr folded before Flop (didn't bet)
Seat 6: Luis Fern430 folded before Flop (didn't bet)
Seat 7: Mariposa1209 folded before Flop (didn't bet)
Seat 8: AnteTalon folded before Flop (didn't bet)
Seat 9: ladyglossop (button) folded before Flop (didn't bet)



PokerStars Hand #237169022779:  Hold'em No Limit ($0.01/$0.02 USD) - 2022/07/04 20:52:07 PT [2022/07/04 23:52:07 ET]
Table 'Retsina II' 9-max Seat #1 is the button
Seat 1: CestLavie95 ($1.99 in chips) 
Seat 2: Dorex2007 ($2.55 in chips) 
Seat 3: Aflil1966 ($2.91 in chips) 
Seat 4: 0RB BR0 ($0.75 in chips) 
Seat 5: Ridleerr ($0.59 in chips) 
Seat 6: Luis Fern430 ($1.95 in chips) 
Seat 7: Mariposa1209 ($3.85 in chips) 
Seat 8: AnteTalon ($2.56 in chips) 
Dorex2007: posts small blind $0.01
Aflil1966: posts big blind $0.02
*** HOLE CARDS ***
Dealt to Dorex2007 [Ac 5c]
0RB BR0: folds 
Ridleerr: folds 
Luis Fern430: folds 
Mariposa1209: folds 
AnteTalon: folds 
CestLavie95: folds 
Dorex2007: raises $0.04 to $0.06
Aflil1966: folds 
Uncalled bet ($0.04) returned to Dorex2007
Dorex2007 collected $0.04 from pot
*** SUMMARY ***
Total pot $0.04 | Rake $0 
Seat 1: CestLavie95 (button) folded before Flop (didn't bet)
Seat 2: Dorex2007 (small blind) collected ($0.04)
Seat 3: Aflil1966 (big blind) folded before Flop
Seat 4: 0RB BR0 folded before Flop (didn't bet)
Seat 5: Ridleerr folded before Flop (didn't bet)
Seat 6: Luis Fern430 folded before Flop (didn't bet)
Seat 7: Mariposa1209 folded before Flop (didn't bet)
Seat 8: AnteTalon folded before Flop (didn't bet)



PokerStars Hand #237169026559:  Hold'em No Limit ($0.01/$0.02 USD) - 2022/07/04 20:52:37 PT [2022/07/04 23:52:37 ET]
Table 'Retsina II' 9-max Seat #2 is the button
Seat 1: CestLavie95 ($1.99 in chips) 
Seat 2: Dorex2007 ($2.57 in chips) 
Seat 3: Aflil1966 ($2.89 in chips) 
Seat 4: 0RB BR0 ($0.75 in chips) 
Seat 5: Ridleerr ($0.59 in chips) 
Seat 6: Luis Fern430 ($1.95 in chips) 
Seat 7: Mariposa1209 ($3.85 in chips) 
Seat 8: AnteTalon ($2.56 in chips) 
Aflil1966: posts small blind $0.01
0RB BR0: posts big blind $0.02
*** HOLE CARDS ***
Dealt to Dorex2007 [Kc 3c]
Ridleerr: folds 
Char P-3 joins the table at seat #9 
Luis Fern430: folds 
Mariposa1209: folds 
AnteTalon: folds 
CestLavie95: folds 
Dorex2007: folds 
Aflil1966: folds 
Uncalled bet ($0.01) returned to 0RB BR0
0RB BR0 collected $0.02 from pot
*** SUMMARY ***
Total pot $0.02 | Rake $0 
Seat 1: CestLavie95 folded before Flop (didn't bet)
Seat 2: Dorex2007 (button) folded before Flop (didn't bet)
Seat 3: Aflil1966 (small blind) folded before Flop
Seat 4: 0RB BR0 (big blind) collected ($0.02)
Seat 5: Ridleerr folded before Flop (didn't bet)
Seat 6: Luis Fern430 folded before Flop (didn't bet)
Seat 7: Mariposa1209 folded before Flop (didn't bet)
Seat 8: AnteTalon folded before Flop (didn't bet)



PokerStars Hand #237169028897:  Hold'em No Limit ($0.01/$0.02 USD) - 2022/07/04 20:52:55 PT [2022/07/04 23:52:55 ET]
Table 'Retsina II' 9-max Seat #3 is the button
Seat 1: CestLavie95 ($1.99 in chips) 
Seat 2: Dorex2007 ($2.57 in chips) 
Seat 3: Aflil1966 ($2.88 in chips) 
Seat 4: 0RB BR0 ($0.76 in chips) 
Seat 5: Ridleerr ($0.59 in chips) 
Seat 6: Luis Fern430 ($1.95 in chips) 
Seat 7: Mariposa1209 ($3.85 in chips) 
Seat 8: AnteTalon ($2.56 in chips) 
0RB BR0: posts small blind $0.01
Ridleerr: posts big blind $0.02
Char P-3: sits out 
*** HOLE CARDS ***
Dealt to Dorex2007 [9d 7c]
Luis Fern430: calls $0.02
Mariposa1209: folds 
AnteTalon: folds 
CestLavie95: folds 
Dorex2007: folds 
Aflil1966: calls $0.02
0RB BR0: folds 
Ridleerr: checks 
*** FLOP *** [Js 4s 8c]
Ridleerr: checks 
Luis Fern430: bets $0.10
Aflil1966: folds 
Ridleerr: folds 
Uncalled bet ($0.10) returned to Luis Fern430
Luis Fern430 collected $0.07 from pot
*** SUMMARY ***
Total pot $0.07 | Rake $0 
Board [Js 4s 8c]
Seat 1: CestLavie95 folded before Flop (didn't bet)
Seat 2: Dorex2007 folded before Flop (didn't bet)
Seat 3: Aflil1966 (button) folded on the Flop
Seat 4: 0RB BR0 (small blind) folded before Flop
Seat 5: Ridleerr (big blind) folded on the Flop
Seat 6: Luis Fern430 collected ($0.07)
Seat 7: Mariposa1209 folded before Flop (didn't bet)
Seat 8: AnteTalon folded before Flop (didn't bet)



PokerStars Hand #237169033631:  Hold'em No Limit ($0.01/$0.02 USD) - 2022/07/04 20:53:32 PT [2022/07/04 23:53:32 ET]
Table 'Retsina II' 9-max Seat #4 is the button
Seat 1: CestLavie95 ($1.99 in chips) 
Seat 2: Dorex2007 ($2.57 in chips) 
Seat 3: Aflil1966 ($2.86 in chips) 
Seat 4: 0RB BR0 ($0.75 in chips) 
Seat 5: Ridleerr ($0.57 in chips) 
Seat 6: Luis Fern430 ($2 in chips) 
Seat 7: Mariposa1209 ($3.85 in chips) 
Seat 8: AnteTalon ($2.56 in chips) 
Ridleerr: posts small blind $0.01
Luis Fern430: posts big blind $0.02
Char P-3: sits out 
*** HOLE CARDS ***
Dealt to Dorex2007 [Tc Qh]
Mariposa1209: folds 
AnteTalon: folds 
CestLavie95: folds 
Dorex2007: folds 
Mariposa1209 leaves the table
Aflil1966: folds 
0RB BR0: folds 
Ridleerr: folds 
Uncalled bet ($0.01) returned to Luis Fern430
Luis Fern430 collected $0.02 from pot
*** SUMMARY ***
Total pot $0.02 | Rake $0 
Seat 1: CestLavie95 folded before Flop (didn't bet)
Seat 2: Dorex2007 folded before Flop (didn't bet)
Seat 3: Aflil1966 folded before Flop (didn't bet)
Seat 4: 0RB BR0 (button) folded before Flop (didn't bet)
Seat 5: Ridleerr (small blind) folded before Flop
Seat 6: Luis Fern430 (big blind) collected ($0.02)
Seat 7: Mariposa1209 folded before Flop (didn't bet)
Seat 8: AnteTalon folded before Flop (didn't bet)



PokerStars Hand #237169036250:  Hold'em No Limit ($0.01/$0.02 USD) - 2022/07/04 20:53:53 PT [2022/07/04 23:53:53 ET]
Table 'Retsina II' 9-max Seat #5 is the button
Seat 1: CestLavie95 ($1.99 in chips) 
Seat 2: Dorex2007 ($2.57 in chips) 
Seat 3: Aflil1966 ($2.86 in chips) 
Seat 4: 0RB BR0 ($0.75 in chips) 
Seat 5: Ridleerr ($0.56 in chips) 
Seat 6: Luis Fern430 ($2.01 in chips) 
Seat 8: AnteTalon ($2.56 in chips) 
Luis Fern430: posts small blind $0.01
AnteTalon: posts big blind $0.02
Char P-3: sits out 
*** HOLE CARDS ***
Dealt to Dorex2007 [Qc 2h]
CestLavie95: folds 
Dorex2007: folds 
Aflil1966: folds 
0RB BR0: folds 
Ridleerr: folds 
Luis Fern430: folds 
Uncalled bet ($0.01) returned to AnteTalon
AnteTalon collected $0.02 from pot
*** SUMMARY ***
Total pot $0.02 | Rake $0 
Seat 1: CestLavie95 folded before Flop (didn't bet)
Seat 2: Dorex2007 folded before Flop (didn't bet)
Seat 3: Aflil1966 folded before Flop (didn't bet)
Seat 4: 0RB BR0 folded before Flop (didn't bet)
Seat 5: Ridleerr (button) folded before Flop (didn't bet)
Seat 6: Luis Fern430 (small blind) folded before Flop
Seat 8: AnteTalon (big blind) collected ($0.02)



PokerStars Hand #237169038018:  Hold'em No Limit ($0.01/$0.02 USD) - 2022/07/04 20:54:07 PT [2022/07/04 23:54:07 ET]
Table 'Retsina II' 9-max Seat #6 is the button
Seat 1: CestLavie95 ($1.99 in chips) 
Seat 2: Dorex2007 ($2.57 in chips) 
Seat 3: Aflil1966 ($2.86 in chips) 
Seat 4: 0RB BR0 ($0.75 in chips) 
Seat 5: Ridleerr ($0.56 in chips) 
Seat 6: Luis Fern430 ($2 in chips) 
Seat 8: AnteTalon ($2.57 in chips) 
Seat 9: Char P-3 ($1 in chips) 
AnteTalon: posts small blind $0.01
Char P-3: posts big blind $0.02
*** HOLE CARDS ***
Dealt to Dorex2007 [4d 3s]
CestLavie95: folds 
Dorex2007: folds 
Aflil1966: folds 
0RB BR0: folds 
Ridleerr: folds 
Luis Fern430: calls $0.02
AnteTalon: folds 
Char P-3 has timed out
Char P-3: checks 
*** FLOP *** [Td Qs Ac]
Char P-3: checks 
Luis Fern430: checks 
*** TURN *** [Td Qs Ac] [9c]
Char P-3: checks 
Luis Fern430: bets $0.10
Char P-3: folds 
Uncalled bet ($0.10) returned to Luis Fern430
Luis Fern430 collected $0.05 from pot
*** SUMMARY ***
Total pot $0.05 | Rake $0 
Board [Td Qs Ac 9c]
Seat 1: CestLavie95 folded before Flop (didn't bet)
Seat 2: Dorex2007 folded before Flop (didn't bet)
Seat 3: Aflil1966 folded before Flop (didn't bet)
Seat 4: 0RB BR0 folded before Flop (didn't bet)
Seat 5: Ridleerr folded before Flop (didn't bet)
Seat 6: Luis Fern430 (button) collected ($0.05)
Seat 8: AnteTalon (small blind) folded before Flop
Seat 9: Char P-3 (big blind) folded on the Turn



PokerStars Hand #237169046966:  Hold'em No Limit ($0.01/$0.02 USD) - 2022/07/04 20:55:20 PT [2022/07/04 23:55:20 ET]
Table 'Retsina II' 9-max Seat #8 is the button
Seat 1: CestLavie95 ($1.99 in chips) 
Seat 2: Dorex2007 ($2.57 in chips) 
Seat 3: Aflil1966 ($2.86 in chips) 
Seat 4: 0RB BR0 ($0.75 in chips) 
Seat 5: Ridleerr ($0.56 in chips) 
Seat 6: Luis Fern430 ($2.03 in chips) 
Seat 8: AnteTalon ($2.56 in chips) 
Seat 9: Char P-3 ($0.98 in chips) 
Char P-3: posts small blind $0.01
CestLavie95: posts big blind $0.02
*** HOLE CARDS ***
Dealt to Dorex2007 [2c 6c]
Dorex2007: folds 
Aflil1966: folds 
0RB BR0: folds 
Ridleerr: folds 
Luis Fern430: calls $0.02
AnteTalon: folds 
Char P-3: folds 
CestLavie95: checks 
*** FLOP *** [3s 5d Kd]
CestLavie95: checks 
RS_Mount20 joins the table at seat #7 
Luis Fern430: checks 
*** TURN *** [3s 5d Kd] [3c]
CestLavie95: checks 
Luis Fern430: checks 
*** RIVER *** [3s 5d Kd 3c] [Kh]
CestLavie95: checks 
Luis Fern430: checks 
*** SHOW DOWN ***
CestLavie95: shows [Jc 6d] (two pair, Kings and Threes)
Luis Fern430: shows [Qs Th] (two pair, Kings and Threes - Queen kicker)
Luis Fern430 collected $0.05 from pot
*** SUMMARY ***
Total pot $0.05 | Rake $0 
Board [3s 5d Kd 3c Kh]
Seat 1: CestLavie95 (big blind) showed [Jc 6d] and lost with two pair, Kings and Threes
Seat 2: Dorex2007 folded before Flop (didn't bet)
Seat 3: Aflil1966 folded before Flop (didn't bet)
Seat 4: 0RB BR0 folded before Flop (didn't bet)
Seat 5: Ridleerr folded before Flop (didn't bet)
Seat 6: Luis Fern430 showed [Qs Th] and won ($0.05) with two pair, Kings and Threes
Seat 8: AnteTalon (button) folded before Flop (didn't bet)
Seat 9: Char P-3 (small blind) folded before Flop



PokerStars Hand #237169051826:  Hold'em No Limit ($0.01/$0.02 USD) - 2022/07/04 20:56:07 PT [2022/07/04 23:56:07 ET]
Table 'Retsina II' 9-max Seat #9 is the button
Seat 1: CestLavie95 ($1.97 in chips) 
Seat 2: Dorex2007 ($2.57 in chips) 
Seat 3: Aflil1966 ($2.86 in chips) 
Seat 4: 0RB BR0 ($0.75 in chips) 
Seat 5: Ridleerr ($0.56 in chips) 
Seat 6: Luis Fern430 ($2.06 in chips) 
Seat 8: AnteTalon ($2.56 in chips) 
Seat 9: Char P-3 ($0.97 in chips) 
CestLavie95: posts small blind $0.01
Dorex2007: posts big blind $0.02
RS_Mount20: sits out 
*** HOLE CARDS ***
Dealt to Dorex2007 [2h 6c]
Aflil1966: folds 
0RB BR0: folds 
Ridleerr: raises $0.02 to $0.04
Luis Fern430: folds 
AnteTalon: folds 
Char P-3: folds 
CestLavie95: calls $0.03
Dorex2007: folds 
*** FLOP *** [5h 7c 4c]
CestLavie95: bets $0.06
Ridleerr: calls $0.06
*** TURN *** [5h 7c 4c] [8h]
CestLavie95: checks 
Ridleerr: bets $0.10
CestLavie95: folds 
Uncalled bet ($0.10) returned to Ridleerr
Ridleerr collected $0.21 from pot
*** SUMMARY ***
Total pot $0.22 | Rake $0.01 
Board [5h 7c 4c 8h]
Seat 1: CestLavie95 (small blind) folded on the Turn
Seat 2: Dorex2007 (big blind) folded before Flop
Seat 3: Aflil1966 folded before Flop (didn't bet)
Seat 4: 0RB BR0 folded before Flop (didn't bet)
Seat 5: Ridleerr collected ($0.21)
Seat 6: Luis Fern430 folded before Flop (didn't bet)
Seat 8: AnteTalon folded before Flop (didn't bet)
Seat 9: Char P-3 (button) folded before Flop (didn't bet)



PokerStars Hand #237169061885:  Hold'em No Limit ($0.01/$0.02 USD) - 2022/07/04 20:57:40 PT [2022/07/04 23:57:40 ET]
Table 'Retsina II' 9-max Seat #1 is the button
Seat 1: CestLavie95 ($1.87 in chips) 
Seat 2: Dorex2007 ($2.55 in chips) 
Seat 3: Aflil1966 ($2.86 in chips) 
Seat 4: 0RB BR0 ($0.75 in chips) 
Seat 5: Ridleerr ($0.67 in chips) 
Seat 6: Luis Fern430 ($2.06 in chips) 
Seat 8: AnteTalon ($2.56 in chips) 
Seat 9: Char P-3 ($0.97 in chips) 
Dorex2007: posts small blind $0.01
Aflil1966: posts big blind $0.02
RS_Mount20: sits out 
*** HOLE CARDS ***
Dealt to Dorex2007 [4h Jd]
0RB BR0: calls $0.02
Ridleerr: folds 
Luis Fern430: folds 
AnteTalon: folds 
Char P-3: raises $0.04 to $0.06
CestLavie95: calls $0.06
Dorex2007: folds 
Aflil1966: folds 
0RB BR0: calls $0.04
*** FLOP *** [Ad 3d 2d]
0RB BR0: bets $0.02
Char P-3: calls $0.02
CestLavie95: raises $0.14 to $0.16
0RB BR0: calls $0.14
Char P-3: folds 
*** TURN *** [Ad 3d 2d] [4c]
0RB BR0: bets $0.14
CestLavie95: calls $0.14
*** RIVER *** [Ad 3d 2d 4c] [7c]
0RB BR0: bets $0.18
CestLavie95: folds 
Uncalled bet ($0.18) returned to 0RB BR0
0RB BR0 collected $0.80 from pot
*** SUMMARY ***
Total pot $0.83 | Rake $0.03 
Board [Ad 3d 2d 4c 7c]
Seat 1: CestLavie95 (button) folded on the River
Seat 2: Dorex2007 (small blind) folded before Flop
Seat 3: Aflil1966 (big blind) folded before Flop
Seat 4: 0RB BR0 collected ($0.80)
Seat 5: Ridleerr folded before Flop (didn't bet)
Seat 6: Luis Fern430 folded before Flop (didn't bet)
Seat 8: AnteTalon folded before Flop (didn't bet)
Seat 9: Char P-3 folded on the Flop



PokerStars Hand #237169075940:  Hold'em No Limit ($0.01/$0.02 USD) - 2022/07/04 20:59:53 PT [2022/07/04 23:59:53 ET]
Table 'Retsina II' 9-max Seat #2 is the button
Seat 1: CestLavie95 ($1.64 in chips) 
Seat 2: Dorex2007 ($2.54 in chips) 
Seat 3: Aflil1966 ($2.84 in chips) 
Seat 4: 0RB BR0 ($1.19 in chips) 
Seat 5: Ridleerr ($0.67 in chips) 
Seat 6: Luis Fern430 ($2.06 in chips) 
Seat 8: AnteTalon ($2.56 in chips) 
Seat 9: Char P-3 ($0.89 in chips) 
Aflil1966: posts small blind $0.01
0RB BR0: posts big blind $0.02
RS_Mount20: sits out 
*** HOLE CARDS ***
Dealt to Dorex2007 [4h 5s]
Ridleerr: folds 
Luis Fern430: folds 
AnteTalon: folds 
Char P-3: folds 
CestLavie95: folds 
Dorex2007: folds 
Aflil1966: folds 
Uncalled bet ($0.01) returned to 0RB BR0
0RB BR0 collected $0.02 from pot
*** SUMMARY ***
Total pot $0.02 | Rake $0 
Seat 1: CestLavie95 folded before Flop (didn't bet)
Seat 2: Dorex2007 (button) folded before Flop (didn't bet)
Seat 3: Aflil1966 (small blind) folded before Flop
Seat 4: 0RB BR0 (big blind) collected ($0.02)
Seat 5: Ridleerr folded before Flop (didn't bet)
Seat 6: Luis Fern430 folded before Flop (didn't bet)
Seat 8: AnteTalon folded before Flop (didn't bet)
Seat 9: Char P-3 folded before Flop (didn't bet)



