PokerStars Hand #232031718701:  Hold'em No Limit ($0.01/$0.02 USD) - 2021/12/07 16:00:10 PT [2021/12/07 19:00:10 ET]
Table 'Auricula II' 9-max Seat #9 is the button
Seat 1: Pokeristo861 ($1.33 in chips) 
Seat 2: colalhho ($0.26 in chips) 
Seat 3: R_costa275 ($2.93 in chips) 
Seat 4: TIMBERO19988 ($1.02 in chips) 
Seat 5: maverick1880 ($1.98 in chips) 
Seat 7: BraveGirl ($2.83 in chips) 
Seat 8: Dorex2007 ($2 in chips) 
Seat 9: Griboedow ($3.05 in chips) 
Pokeristo861: posts small blind $0.01
colalhho: posts big blind $0.02
sunnyboy1362: sits out 
Dorex2007: posts big blind $0.02
*** HOLE CARDS ***
Dealt to Dorex2007 [Jd 6s]
R_costa275: raises $0.04 to $0.06
TIMBERO19988: calls $0.06
maverick1880: folds 
BraveGirl: calls $0.06
Dorex2007: folds 
Griboedow: folds 
Pokeristo861: folds 
colalhho: folds 
*** FLOP *** [4d 7d 7s]
R_costa275: checks 
TIMBERO19988: checks 
BraveGirl: bets $0.02
R_costa275: calls $0.02
TIMBERO19988: calls $0.02
*** TURN *** [4d 7d 7s] [5s]
R_costa275: checks 
TIMBERO19988: checks 
BraveGirl: checks 
*** RIVER *** [4d 7d 7s 5s] [6c]
R_costa275: checks 
TIMBERO19988: checks 
BraveGirl: bets $0.28
R_costa275: folds 
TIMBERO19988: folds 
Uncalled bet ($0.28) returned to BraveGirl
BraveGirl collected $0.28 from pot
BraveGirl: doesn't show hand 
*** SUMMARY ***
Total pot $0.29 | Rake $0.01 
Board [4d 7d 7s 5s 6c]
Seat 1: Pokeristo861 (small blind) folded before Flop
Seat 2: colalhho (big blind) folded before Flop
Seat 3: R_costa275 folded on the River
Seat 4: TIMBERO19988 folded on the River
Seat 5: maverick1880 folded before Flop (didn't bet)
Seat 7: BraveGirl collected ($0.28)
Seat 8: Dorex2007 folded before Flop (didn't bet)
Seat 9: Griboedow (button) folded before Flop (didn't bet)



PokerStars Hand #232031751103:  Hold'em No Limit ($0.01/$0.02 USD) - 2021/12/07 16:01:48 PT [2021/12/07 19:01:48 ET]
Table 'Auricula II' 9-max Seat #1 is the button
Seat 1: Pokeristo861 ($1.32 in chips) 
Seat 2: colalhho ($0.24 in chips) 
Seat 3: R_costa275 ($2.85 in chips) 
Seat 4: TIMBERO19988 ($0.94 in chips) 
Seat 5: maverick1880 ($1.98 in chips) 
Seat 7: BraveGirl ($3.03 in chips) 
Seat 8: Dorex2007 ($2 in chips) 
Seat 9: Griboedow ($3.05 in chips) 
colalhho: posts small blind $0.01
R_costa275: posts big blind $0.02
sunnyboy1362: sits out 
*** HOLE CARDS ***
Dealt to Dorex2007 [Qs Qh]
TIMBERO19988: calls $0.02
maverick1880: folds 
BraveGirl: folds 
Dorex2007: raises $0.04 to $0.06
Griboedow: folds 
Pokeristo861: folds 
colalhho: folds 
R_costa275: folds 
TIMBERO19988: folds 
Uncalled bet ($0.04) returned to Dorex2007
Dorex2007 collected $0.07 from pot
Dorex2007: doesn't show hand 
*** SUMMARY ***
Total pot $0.07 | Rake $0 
Seat 1: Pokeristo861 (button) folded before Flop (didn't bet)
Seat 2: colalhho (small blind) folded before Flop
Seat 3: R_costa275 (big blind) folded before Flop
Seat 4: TIMBERO19988 folded before Flop
Seat 5: maverick1880 folded before Flop (didn't bet)
Seat 7: BraveGirl folded before Flop (didn't bet)
Seat 8: Dorex2007 collected ($0.07)
Seat 9: Griboedow folded before Flop (didn't bet)



PokerStars Hand #232031758572:  Hold'em No Limit ($0.01/$0.02 USD) - 2021/12/07 16:02:09 PT [2021/12/07 19:02:09 ET]
Table 'Auricula II' 9-max Seat #2 is the button
Seat 1: Pokeristo861 ($1.32 in chips) 
Seat 2: colalhho ($0.23 in chips) 
Seat 3: R_costa275 ($2.83 in chips) 
Seat 4: TIMBERO19988 ($0.92 in chips) 
Seat 5: maverick1880 ($1.98 in chips) 
Seat 7: BraveGirl ($3.03 in chips) 
Seat 8: Dorex2007 ($2.05 in chips) 
Seat 9: Griboedow ($3.05 in chips) 
R_costa275: posts small blind $0.01
TIMBERO19988: posts big blind $0.02
sunnyboy1362: sits out 
*** HOLE CARDS ***
Dealt to Dorex2007 [3s 4c]
maverick1880: folds 
BraveGirl: folds 
Dorex2007: folds 
Griboedow: calls $0.02
Pokeristo861: raises $0.07 to $0.09
colalhho: raises $0.07 to $0.16
R_costa275: folds 
TIMBERO19988: folds 
Griboedow: folds 
Pokeristo861: raises $1.16 to $1.32 and is all-in
colalhho: calls $0.07 and is all-in
Uncalled bet ($1.09) returned to Pokeristo861
*** FLOP *** [2c 7h Ah]
*** TURN *** [2c 7h Ah] [3d]
*** RIVER *** [2c 7h Ah 3d] [Js]
*** SHOW DOWN ***
Pokeristo861: shows [Th Jh] (a pair of Jacks)
colalhho: shows [Ts Td] (a pair of Tens)
Pokeristo861 collected $0.49 from pot
*** SUMMARY ***
Total pot $0.51 | Rake $0.02 
Board [2c 7h Ah 3d Js]
Seat 1: Pokeristo861 showed [Th Jh] and won ($0.49) with a pair of Jacks
Seat 2: colalhho (button) showed [Ts Td] and lost with a pair of Tens
Seat 3: R_costa275 (small blind) folded before Flop
Seat 4: TIMBERO19988 (big blind) folded before Flop
Seat 5: maverick1880 folded before Flop (didn't bet)
Seat 7: BraveGirl folded before Flop (didn't bet)
Seat 8: Dorex2007 folded before Flop (didn't bet)
Seat 9: Griboedow folded before Flop



PokerStars Hand #232031779028:  Hold'em No Limit ($0.01/$0.02 USD) - 2021/12/07 16:03:06 PT [2021/12/07 19:03:06 ET]
Table 'Auricula II' 9-max Seat #3 is the button
Seat 1: Pokeristo861 ($1.58 in chips) 
Seat 3: R_costa275 ($2.82 in chips) 
Seat 4: TIMBERO19988 ($0.90 in chips) 
Seat 5: maverick1880 ($1.98 in chips) 
Seat 6: sunnyboy1362 ($1.32 in chips) 
Seat 7: BraveGirl ($3.03 in chips) 
Seat 8: Dorex2007 ($2.05 in chips) 
Seat 9: Griboedow ($3.03 in chips) 
TIMBERO19988: posts small blind $0.01
maverick1880: posts big blind $0.02
sunnyboy1362: posts small & big blinds $0.03
*** HOLE CARDS ***
Dealt to Dorex2007 [7d 5c]
sunnyboy1362: checks 
colalhho is disconnected 
BraveGirl: folds 
Dorex2007: folds 
Griboedow: folds 
Pokeristo861: folds 
R_costa275: raises $0.02 to $0.04
TIMBERO19988: calls $0.03
maverick1880: folds 
sunnyboy1362: calls $0.02
*** FLOP *** [8h 6d Qs]
TIMBERO19988: checks 
sunnyboy1362: checks 
R_costa275: bets $0.07
TIMBERO19988: calls $0.07
sunnyboy1362: folds 
*** TURN *** [8h 6d Qs] [As]
TIMBERO19988: checks 
R_costa275: bets $0.14
TIMBERO19988: folds 
Uncalled bet ($0.14) returned to R_costa275
R_costa275 collected $0.28 from pot
R_costa275: doesn't show hand 
*** SUMMARY ***
Total pot $0.29 | Rake $0.01 
Board [8h 6d Qs As]
Seat 1: Pokeristo861 folded before Flop (didn't bet)
Seat 3: R_costa275 (button) collected ($0.28)
Seat 4: TIMBERO19988 (small blind) folded on the Turn
Seat 5: maverick1880 (big blind) folded before Flop
Seat 6: sunnyboy1362 folded on the Flop
Seat 7: BraveGirl folded before Flop (didn't bet)
Seat 8: Dorex2007 folded before Flop (didn't bet)
Seat 9: Griboedow folded before Flop (didn't bet)



PokerStars Hand #232031798971:  Hold'em No Limit ($0.01/$0.02 USD) - 2021/12/07 16:04:01 PT [2021/12/07 19:04:01 ET]
Table 'Auricula II' 9-max Seat #4 is the button
Seat 1: Pokeristo861 ($1.58 in chips) 
Seat 3: R_costa275 ($2.99 in chips) 
Seat 4: TIMBERO19988 ($0.79 in chips) 
Seat 5: maverick1880 ($2 in chips) 
Seat 6: sunnyboy1362 ($1.27 in chips) 
Seat 7: BraveGirl ($3.03 in chips) 
Seat 8: Dorex2007 ($2.05 in chips) 
Seat 9: Griboedow ($3.03 in chips) 
maverick1880: posts small blind $0.01
sunnyboy1362: posts big blind $0.02
*** HOLE CARDS ***
Dealt to Dorex2007 [3s 3h]
BraveGirl: folds 
Dorex2007: raises $0.02 to $0.04
Griboedow: folds 
Pokeristo861: folds 
R_costa275: calls $0.04
TIMBERO19988: folds 
maverick1880: folds 
sunnyboy1362: folds 
*** FLOP *** [As Kh 8c]
Dorex2007: checks 
R_costa275: checks 
*** TURN *** [As Kh 8c] [Js]
Dorex2007: bets $0.07
R_costa275: folds 
Uncalled bet ($0.07) returned to Dorex2007
Dorex2007 collected $0.11 from pot
Dorex2007: doesn't show hand 
*** SUMMARY ***
Total pot $0.11 | Rake $0 
Board [As Kh 8c Js]
Seat 1: Pokeristo861 folded before Flop (didn't bet)
Seat 3: R_costa275 folded on the Turn
Seat 4: TIMBERO19988 (button) folded before Flop (didn't bet)
Seat 5: maverick1880 (small blind) folded before Flop
Seat 6: sunnyboy1362 (big blind) folded before Flop
Seat 7: BraveGirl folded before Flop (didn't bet)
Seat 8: Dorex2007 collected ($0.11)
Seat 9: Griboedow folded before Flop (didn't bet)



PokerStars Hand #232031819066:  Hold'em No Limit ($0.01/$0.02 USD) - 2021/12/07 16:04:37 PT [2021/12/07 19:04:37 ET]
Table 'Auricula II' 9-max Seat #5 is the button
Seat 1: Pokeristo861 ($1.58 in chips) 
Seat 3: R_costa275 ($2.95 in chips) 
Seat 4: TIMBERO19988 ($0.79 in chips) 
Seat 5: maverick1880 ($1.99 in chips) 
Seat 6: sunnyboy1362 ($1.25 in chips) 
Seat 7: BraveGirl ($3.03 in chips) 
Seat 8: Dorex2007 ($2.12 in chips) 
Seat 9: Griboedow ($3.03 in chips) 
sunnyboy1362: posts small blind $0.01
BraveGirl: posts big blind $0.02
*** HOLE CARDS ***
Dealt to Dorex2007 [5s 7d]
Dorex2007: folds 
Griboedow: folds 
Pokeristo861: folds 
R_costa275: folds 
TIMBERO19988: folds 
maverick1880: folds 
sunnyboy1362: calls $0.01
BraveGirl: checks 
*** FLOP *** [4d Jh 5h]
sunnyboy1362: checks 
BraveGirl: checks 
*** TURN *** [4d Jh 5h] [Ks]
sunnyboy1362: checks 
BraveGirl: checks 
*** RIVER *** [4d Jh 5h Ks] [Ts]
sunnyboy1362: checks 
BraveGirl: checks 
*** SHOW DOWN ***
sunnyboy1362: shows [2d 8d] (high card King)
BraveGirl: shows [Qc 7c] (high card King - Queen kicker)
BraveGirl collected $0.04 from pot
*** SUMMARY ***
Total pot $0.04 | Rake $0 
Board [4d Jh 5h Ks Ts]
Seat 1: Pokeristo861 folded before Flop (didn't bet)
Seat 3: R_costa275 folded before Flop (didn't bet)
Seat 4: TIMBERO19988 folded before Flop (didn't bet)
Seat 5: maverick1880 (button) folded before Flop (didn't bet)
Seat 6: sunnyboy1362 (small blind) showed [2d 8d] and lost with high card King
Seat 7: BraveGirl (big blind) showed [Qc 7c] and won ($0.04) with high card King
Seat 8: Dorex2007 folded before Flop (didn't bet)
Seat 9: Griboedow folded before Flop (didn't bet)



PokerStars Hand #232031840342:  Hold'em No Limit ($0.01/$0.02 USD) - 2021/12/07 16:05:15 PT [2021/12/07 19:05:15 ET]
Table 'Auricula II' 9-max Seat #6 is the button
Seat 1: Pokeristo861 ($1.58 in chips) 
Seat 3: R_costa275 ($2.95 in chips) 
Seat 4: TIMBERO19988 ($0.79 in chips) 
Seat 5: maverick1880 ($1.99 in chips) 
Seat 6: sunnyboy1362 ($1.23 in chips) 
Seat 7: BraveGirl ($3.05 in chips) 
Seat 8: Dorex2007 ($2.12 in chips) 
Seat 9: Griboedow ($3.03 in chips) 
BraveGirl: posts small blind $0.01
Dorex2007: posts big blind $0.02
*** HOLE CARDS ***
Dealt to Dorex2007 [Qc 6d]
Griboedow: folds 
Pokeristo861: folds 
R_costa275: folds 
TIMBERO19988: folds 
maverick1880: raises $0.03 to $0.05
sunnyboy1362: folds 
BraveGirl: folds 
Dorex2007: folds 
Uncalled bet ($0.03) returned to maverick1880
maverick1880 collected $0.05 from pot
maverick1880: doesn't show hand 
*** SUMMARY ***
Total pot $0.05 | Rake $0 
Seat 1: Pokeristo861 folded before Flop (didn't bet)
Seat 3: R_costa275 folded before Flop (didn't bet)
Seat 4: TIMBERO19988 folded before Flop (didn't bet)
Seat 5: maverick1880 collected ($0.05)
Seat 6: sunnyboy1362 (button) folded before Flop (didn't bet)
Seat 7: BraveGirl (small blind) folded before Flop
Seat 8: Dorex2007 (big blind) folded before Flop
Seat 9: Griboedow folded before Flop (didn't bet)



PokerStars Hand #232031848006:  Hold'em No Limit ($0.01/$0.02 USD) - 2021/12/07 16:05:37 PT [2021/12/07 19:05:37 ET]
Table 'Auricula II' 9-max Seat #7 is the button
Seat 1: Pokeristo861 ($1.58 in chips) 
Seat 3: R_costa275 ($2.95 in chips) 
Seat 4: TIMBERO19988 ($0.79 in chips) 
Seat 5: maverick1880 ($2.02 in chips) 
Seat 6: sunnyboy1362 ($1.23 in chips) 
Seat 7: BraveGirl ($3.04 in chips) 
Seat 8: Dorex2007 ($2.10 in chips) 
Seat 9: Griboedow ($3.03 in chips) 
Dorex2007: posts small blind $0.01
Griboedow: posts big blind $0.02
*** HOLE CARDS ***
Dealt to Dorex2007 [Qh 3c]
Pokeristo861: folds 
R_costa275: folds 
TIMBERO19988: calls $0.02
maverick1880: folds 
sunnyboy1362: folds 
BraveGirl: calls $0.02
Dorex2007: folds 
Griboedow: checks 
*** FLOP *** [Ts 3h 4s]
Griboedow: checks 
TIMBERO19988: checks 
BraveGirl: bets $0.06
Griboedow: folds 
TIMBERO19988: folds 
Uncalled bet ($0.06) returned to BraveGirl
BraveGirl collected $0.07 from pot
BraveGirl: doesn't show hand 
*** SUMMARY ***
Total pot $0.07 | Rake $0 
Board [Ts 3h 4s]
Seat 1: Pokeristo861 folded before Flop (didn't bet)
Seat 3: R_costa275 folded before Flop (didn't bet)
Seat 4: TIMBERO19988 folded on the Flop
Seat 5: maverick1880 folded before Flop (didn't bet)
Seat 6: sunnyboy1362 folded before Flop (didn't bet)
Seat 7: BraveGirl (button) collected ($0.07)
Seat 8: Dorex2007 (small blind) folded before Flop
Seat 9: Griboedow (big blind) folded on the Flop



PokerStars Hand #232031859507:  Hold'em No Limit ($0.01/$0.02 USD) - 2021/12/07 16:06:09 PT [2021/12/07 19:06:09 ET]
Table 'Auricula II' 9-max Seat #8 is the button
Seat 1: Pokeristo861 ($1.58 in chips) 
Seat 3: R_costa275 ($2.95 in chips) 
Seat 4: TIMBERO19988 ($0.77 in chips) 
Seat 5: maverick1880 ($2.02 in chips) 
Seat 6: sunnyboy1362 ($1.23 in chips) 
Seat 7: BraveGirl ($3.09 in chips) 
Seat 8: Dorex2007 ($2.09 in chips) 
Seat 9: Griboedow ($3.01 in chips) 
Griboedow: posts small blind $0.01
Pokeristo861: posts big blind $0.02
*** HOLE CARDS ***
Dealt to Dorex2007 [9h 2d]
R_costa275: folds 
TIMBERO19988: calls $0.02
maverick1880: folds 
sunnyboy1362: raises $0.06 to $0.08
BraveGirl: folds 
Dorex2007: folds 
Griboedow: folds 
Pokeristo861: folds 
TIMBERO19988: folds 
Uncalled bet ($0.06) returned to sunnyboy1362
sunnyboy1362 collected $0.07 from pot
sunnyboy1362: doesn't show hand 
*** SUMMARY ***
Total pot $0.07 | Rake $0 
Seat 1: Pokeristo861 (big blind) folded before Flop
Seat 3: R_costa275 folded before Flop (didn't bet)
Seat 4: TIMBERO19988 folded before Flop
Seat 5: maverick1880 folded before Flop (didn't bet)
Seat 6: sunnyboy1362 collected ($0.07)
Seat 7: BraveGirl folded before Flop (didn't bet)
Seat 8: Dorex2007 (button) folded before Flop (didn't bet)
Seat 9: Griboedow (small blind) folded before Flop



PokerStars Hand #232031872545:  Hold'em No Limit ($0.01/$0.02 USD) - 2021/12/07 16:06:46 PT [2021/12/07 19:06:46 ET]
Table 'Auricula II' 9-max Seat #9 is the button
Seat 1: Pokeristo861 ($1.56 in chips) 
Seat 3: R_costa275 ($2.95 in chips) 
Seat 4: TIMBERO19988 ($0.75 in chips) 
Seat 5: maverick1880 ($2.02 in chips) 
Seat 6: sunnyboy1362 ($1.28 in chips) 
Seat 7: BraveGirl ($3.09 in chips) 
Seat 8: Dorex2007 ($2.09 in chips) 
Seat 9: Griboedow ($3 in chips) 
Pokeristo861: posts small blind $0.01
R_costa275: posts big blind $0.02
*** HOLE CARDS ***
Dealt to Dorex2007 [3d 9s]
TIMBERO19988: calls $0.02
maverick1880: folds 
sunnyboy1362: calls $0.02
BraveGirl: calls $0.02
Dorex2007: folds 
Griboedow: folds 
Pokeristo861: folds 
R_costa275: raises $0.02 to $0.04
TIMBERO19988: calls $0.02
sunnyboy1362: calls $0.02
BraveGirl: calls $0.02
*** FLOP *** [9h Ks 7c]
R_costa275: bets $0.08
TIMBERO19988: calls $0.08
sunnyboy1362: calls $0.08
BraveGirl: folds 
*** TURN *** [9h Ks 7c] [3c]
R_costa275: checks 
TIMBERO19988: checks 
sunnyboy1362: checks 
*** RIVER *** [9h Ks 7c 3c] [5s]
R_costa275: bets $0.20
TIMBERO19988: folds 
sunnyboy1362: folds 
Uncalled bet ($0.20) returned to R_costa275
R_costa275 collected $0.40 from pot
R_costa275: doesn't show hand 
*** SUMMARY ***
Total pot $0.41 | Rake $0.01 
Board [9h Ks 7c 3c 5s]
Seat 1: Pokeristo861 (small blind) folded before Flop
Seat 3: R_costa275 (big blind) collected ($0.40)
Seat 4: TIMBERO19988 folded on the River
Seat 5: maverick1880 folded before Flop (didn't bet)
Seat 6: sunnyboy1362 folded on the River
Seat 7: BraveGirl folded on the Flop
Seat 8: Dorex2007 folded before Flop (didn't bet)
Seat 9: Griboedow (button) folded before Flop (didn't bet)



PokerStars Hand #232031900461:  Hold'em No Limit ($0.01/$0.02 USD) - 2021/12/07 16:08:05 PT [2021/12/07 19:08:05 ET]
Table 'Auricula II' 9-max Seat #1 is the button
Seat 1: Pokeristo861 ($1.55 in chips) 
Seat 3: R_costa275 ($3.23 in chips) 
Seat 4: TIMBERO19988 ($0.63 in chips) 
Seat 5: maverick1880 ($2.02 in chips) 
Seat 6: sunnyboy1362 ($1.16 in chips) 
Seat 7: BraveGirl ($3.05 in chips) 
Seat 8: Dorex2007 ($2.09 in chips) 
Seat 9: Griboedow ($3 in chips) 
R_costa275: posts small blind $0.01
TIMBERO19988: posts big blind $0.02
*** HOLE CARDS ***
Dealt to Dorex2007 [9c 3d]
maverick1880: folds 
sunnyboy1362: folds 
BraveGirl: folds 
Dorex2007: folds 
Griboedow: calls $0.02
Pokeristo861: folds 
R_costa275: calls $0.01
TIMBERO19988: checks 
*** FLOP *** [Jc 6c Ac]
R_costa275: checks 
TIMBERO19988: checks 
Griboedow: checks 
*** TURN *** [Jc 6c Ac] [5s]
R_costa275: bets $0.03
TIMBERO19988: folds 
Griboedow: calls $0.03
*** RIVER *** [Jc 6c Ac 5s] [4d]
R_costa275: checks 
Griboedow: checks 
*** SHOW DOWN ***
R_costa275: shows [2s Ad] (a pair of Aces)
Griboedow: shows [5d 5c] (three of a kind, Fives)
Griboedow collected $0.12 from pot
*** SUMMARY ***
Total pot $0.12 | Rake $0 
Board [Jc 6c Ac 5s 4d]
Seat 1: Pokeristo861 (button) folded before Flop (didn't bet)
Seat 3: R_costa275 (small blind) showed [2s Ad] and lost with a pair of Aces
Seat 4: TIMBERO19988 (big blind) folded on the Turn
Seat 5: maverick1880 folded before Flop (didn't bet)
Seat 6: sunnyboy1362 folded before Flop (didn't bet)
Seat 7: BraveGirl folded before Flop (didn't bet)
Seat 8: Dorex2007 folded before Flop (didn't bet)
Seat 9: Griboedow showed [5d 5c] and won ($0.12) with three of a kind, Fives



PokerStars Hand #232031924826:  Hold'em No Limit ($0.01/$0.02 USD) - 2021/12/07 16:09:14 PT [2021/12/07 19:09:14 ET]
Table 'Auricula II' 9-max Seat #3 is the button
Seat 1: Pokeristo861 ($1.55 in chips) 
Seat 3: R_costa275 ($3.18 in chips) 
Seat 4: TIMBERO19988 ($0.61 in chips) 
Seat 5: maverick1880 ($2.02 in chips) 
Seat 6: sunnyboy1362 ($1.16 in chips) 
Seat 7: BraveGirl ($3.05 in chips) 
Seat 8: Dorex2007 ($2.09 in chips) 
Seat 9: Griboedow ($3.07 in chips) 
TIMBERO19988: posts small blind $0.01
maverick1880: posts big blind $0.02
*** HOLE CARDS ***
Dealt to Dorex2007 [8s Jd]
sunnyboy1362: folds 
BraveGirl: folds 
Dorex2007: folds 
Griboedow: folds 
Pokeristo861: raises $0.04 to $0.06
R_costa275: folds 
TIMBERO19988: calls $0.05
maverick1880: folds 
*** FLOP *** [9s Qh 9c]
TIMBERO19988: checks 
Pokeristo861: checks 
*** TURN *** [9s Qh 9c] [Ts]
TIMBERO19988: checks 
Pokeristo861: bets $0.05
TIMBERO19988: folds 
Uncalled bet ($0.05) returned to Pokeristo861
Pokeristo861 collected $0.14 from pot
Pokeristo861: doesn't show hand 
*** SUMMARY ***
Total pot $0.14 | Rake $0 
Board [9s Qh 9c Ts]
Seat 1: Pokeristo861 collected ($0.14)
Seat 3: R_costa275 (button) folded before Flop (didn't bet)
Seat 4: TIMBERO19988 (small blind) folded on the Turn
Seat 5: maverick1880 (big blind) folded before Flop
Seat 6: sunnyboy1362 folded before Flop (didn't bet)
Seat 7: BraveGirl folded before Flop (didn't bet)
Seat 8: Dorex2007 folded before Flop (didn't bet)
Seat 9: Griboedow folded before Flop (didn't bet)



PokerStars Hand #232031937676:  Hold'em No Limit ($0.01/$0.02 USD) - 2021/12/07 16:09:51 PT [2021/12/07 19:09:51 ET]
Table 'Auricula II' 9-max Seat #4 is the button
Seat 1: Pokeristo861 ($1.63 in chips) 
Seat 3: R_costa275 ($3.18 in chips) 
Seat 4: TIMBERO19988 ($0.55 in chips) 
Seat 5: maverick1880 ($2 in chips) 
Seat 6: sunnyboy1362 ($1.16 in chips) 
Seat 7: BraveGirl ($3.05 in chips) 
Seat 8: Dorex2007 ($2.09 in chips) 
Seat 9: Griboedow ($3.07 in chips) 
maverick1880: posts small blind $0.01
sunnyboy1362: posts big blind $0.02
*** HOLE CARDS ***
Dealt to Dorex2007 [Jc 7c]
BraveGirl: calls $0.02
Dorex2007: folds 
Griboedow: folds 
Pokeristo861: folds 
R_costa275: folds 
TIMBERO19988: folds 
maverick1880: folds 
sunnyboy1362: checks 
*** FLOP *** [2c 7s Qs]
sunnyboy1362: checks 
BraveGirl: checks 
*** TURN *** [2c 7s Qs] [8s]
sunnyboy1362: checks 
BraveGirl: checks 
*** RIVER *** [2c 7s Qs 8s] [2h]
sunnyboy1362: checks 
BraveGirl: checks 
*** SHOW DOWN ***
sunnyboy1362: shows [3d Ks] (a pair of Deuces)
BraveGirl: mucks hand 
sunnyboy1362 collected $0.05 from pot
*** SUMMARY ***
Total pot $0.05 | Rake $0 
Board [2c 7s Qs 8s 2h]
Seat 1: Pokeristo861 folded before Flop (didn't bet)
Seat 3: R_costa275 folded before Flop (didn't bet)
Seat 4: TIMBERO19988 (button) folded before Flop (didn't bet)
Seat 5: maverick1880 (small blind) folded before Flop
Seat 6: sunnyboy1362 (big blind) showed [3d Ks] and won ($0.05) with a pair of Deuces
Seat 7: BraveGirl mucked [5c 6c]
Seat 8: Dorex2007 folded before Flop (didn't bet)
Seat 9: Griboedow folded before Flop (didn't bet)



PokerStars Hand #232031950228:  Hold'em No Limit ($0.01/$0.02 USD) - 2021/12/07 16:10:27 PT [2021/12/07 19:10:27 ET]
Table 'Auricula II' 9-max Seat #5 is the button
Seat 1: Pokeristo861 ($1.63 in chips) 
Seat 3: R_costa275 ($3.18 in chips) 
Seat 4: TIMBERO19988 ($0.55 in chips) 
Seat 5: maverick1880 ($1.99 in chips) 
Seat 6: sunnyboy1362 ($1.19 in chips) 
Seat 7: BraveGirl ($3.03 in chips) 
Seat 8: Dorex2007 ($2.09 in chips) 
Seat 9: Griboedow ($3.07 in chips) 
sunnyboy1362: posts small blind $0.01
BraveGirl: posts big blind $0.02
*** HOLE CARDS ***
Dealt to Dorex2007 [5d Kh]
Dorex2007: folds 
Griboedow: folds 
Pokeristo861: folds 
R_costa275: raises $0.04 to $0.06
TIMBERO19988: folds 
maverick1880: folds 
sunnyboy1362: folds 
BraveGirl: calls $0.04
*** FLOP *** [Qc 8d 5c]
BraveGirl: bets $0.02
R_costa275: calls $0.02
*** TURN *** [Qc 8d 5c] [4c]
BraveGirl: bets $0.02
R_costa275: calls $0.02
*** RIVER *** [Qc 8d 5c 4c] [9h]
BraveGirl: bets $0.02
R_costa275: calls $0.02
*** SHOW DOWN ***
BraveGirl: shows [Ts Tc] (a pair of Tens)
R_costa275: mucks hand 
BraveGirl collected $0.24 from pot
*** SUMMARY ***
Total pot $0.25 | Rake $0.01 
Board [Qc 8d 5c 4c 9h]
Seat 1: Pokeristo861 folded before Flop (didn't bet)
Seat 3: R_costa275 mucked [Jd Kc]
Seat 4: TIMBERO19988 folded before Flop (didn't bet)
Seat 5: maverick1880 (button) folded before Flop (didn't bet)
Seat 6: sunnyboy1362 (small blind) folded before Flop
Seat 7: BraveGirl (big blind) showed [Ts Tc] and won ($0.24) with a pair of Tens
Seat 8: Dorex2007 folded before Flop (didn't bet)
Seat 9: Griboedow folded before Flop (didn't bet)



PokerStars Hand #232031968015:  Hold'em No Limit ($0.01/$0.02 USD) - 2021/12/07 16:11:18 PT [2021/12/07 19:11:18 ET]
Table 'Auricula II' 9-max Seat #6 is the button
Seat 1: Pokeristo861 ($1.63 in chips) 
Seat 3: R_costa275 ($3.06 in chips) 
Seat 4: TIMBERO19988 ($0.55 in chips) 
Seat 5: maverick1880 ($1.99 in chips) 
Seat 6: sunnyboy1362 ($1.18 in chips) 
Seat 7: BraveGirl ($3.15 in chips) 
Seat 8: Dorex2007 ($2.09 in chips) 
Seat 9: Griboedow ($3.07 in chips) 
BraveGirl: posts small blind $0.01
Dorex2007: posts big blind $0.02
*** HOLE CARDS ***
Dealt to Dorex2007 [9s Td]
Griboedow: calls $0.02
Pokeristo861: folds 
R_costa275: folds 
TIMBERO19988: raises $0.02 to $0.04
maverick1880: folds 
sunnyboy1362: calls $0.04
BraveGirl: folds 
Dorex2007: calls $0.02
Griboedow: calls $0.02
*** FLOP *** [Ks Kh Qs]
Dorex2007: checks 
Griboedow: checks 
TIMBERO19988: bets $0.08
sunnyboy1362: folds 
Dorex2007: folds 
Griboedow: raises $2.95 to $3.03 and is all-in
TIMBERO19988: calls $0.43 and is all-in
Uncalled bet ($2.52) returned to Griboedow
*** TURN *** [Ks Kh Qs] [2h]
*** RIVER *** [Ks Kh Qs 2h] [2d]
*** SHOW DOWN ***
Griboedow: shows [2c Kc] (a full house, Kings full of Deuces)
TIMBERO19988: shows [7s As] (two pair, Kings and Deuces)
Griboedow cashed out the hand for $0.85 | Cash Out Fee $0.01
*** SUMMARY ***
Total pot $1.19 | Rake $0.04 
Board [Ks Kh Qs 2h 2d]
Seat 1: Pokeristo861 folded before Flop (didn't bet)
Seat 3: R_costa275 folded before Flop (didn't bet)
Seat 4: TIMBERO19988 showed [7s As] and lost with two pair, Kings and Deuces
Seat 5: maverick1880 folded before Flop (didn't bet)
Seat 6: sunnyboy1362 (button) folded on the Flop
Seat 7: BraveGirl (small blind) folded before Flop
Seat 8: Dorex2007 (big blind) folded on the Flop
Seat 9: Griboedow showed [2c Kc] and won ($1.15) with a full house, Kings full of Deuces (pot not awarded as player cashed out)



PokerStars Hand #232031991383:  Hold'em No Limit ($0.01/$0.02 USD) - 2021/12/07 16:12:26 PT [2021/12/07 19:12:26 ET]
Table 'Auricula II' 9-max Seat #7 is the button
Seat 3: R_costa275 ($3.06 in chips) 
Seat 5: maverick1880 ($1.99 in chips) 
Seat 6: sunnyboy1362 ($1.14 in chips) 
Seat 7: BraveGirl ($3.14 in chips) 
Seat 8: Dorex2007 ($2.05 in chips) 
Dorex2007: posts small blind $0.01
Griboedow: is sitting out 
Pokeristo861: is sitting out 
R_costa275: posts big blind $0.02
*** HOLE CARDS ***
Dealt to Dorex2007 [7h 6h]
maverick1880: folds 
sunnyboy1362: folds 
Pokeristo861 leaves the table
Griboedow leaves the table
BraveGirl has timed out
BraveGirl: folds 
Dorex2007: calls $0.01
R_costa275: checks 
*** FLOP *** [4c 6c 8c]
Dorex2007: checks 
R_costa275: bets $0.02
Dorex2007: calls $0.02
*** TURN *** [4c 6c 8c] [5h]
Dorex2007: bets $0.08
colalhho leaves the table
R_costa275: folds 
Uncalled bet ($0.08) returned to Dorex2007
Dorex2007 collected $0.08 from pot
Dorex2007: doesn't show hand 
*** SUMMARY ***
Total pot $0.08 | Rake $0 
Board [4c 6c 8c 5h]
Seat 3: R_costa275 (big blind) folded on the Turn
Seat 5: maverick1880 folded before Flop (didn't bet)
Seat 6: sunnyboy1362 folded before Flop (didn't bet)
Seat 7: BraveGirl (button) folded before Flop (didn't bet)
Seat 8: Dorex2007 (small blind) collected ($0.08)



PokerStars Hand #232032007695:  Hold'em No Limit ($0.01/$0.02 USD) - 2021/12/07 16:13:13 PT [2021/12/07 19:13:13 ET]
Table 'Auricula II' 9-max Seat #8 is the button
Seat 3: R_costa275 ($3.02 in chips) 
Seat 4: TIMBERO19988 ($1.02 in chips) 
Seat 5: maverick1880 ($1.99 in chips) 
Seat 6: sunnyboy1362 ($1.14 in chips) 
Seat 7: BraveGirl ($3.14 in chips) 
Seat 8: Dorex2007 ($2.09 in chips) 
R_costa275: posts small blind $0.01
TIMBERO19988: posts big blind $0.02
*** HOLE CARDS ***
Dealt to Dorex2007 [Ac Ks]
maverick1880: folds 
sunnyboy1362 has timed out
sunnyboy1362: folds 
BraveGirl: folds 
Dorex2007: raises $0.04 to $0.06
R_costa275: folds 
TIMBERO19988: calls $0.04
*** FLOP *** [5c 6d 5h]
TIMBERO19988: checks 
Dorex2007: bets $0.13
TIMBERO19988: folds 
Uncalled bet ($0.13) returned to Dorex2007
Dorex2007 collected $0.13 from pot
Dorex2007: doesn't show hand 
*** SUMMARY ***
Total pot $0.13 | Rake $0 
Board [5c 6d 5h]
Seat 3: R_costa275 (small blind) folded before Flop
Seat 4: TIMBERO19988 (big blind) folded on the Flop
Seat 5: maverick1880 folded before Flop (didn't bet)
Seat 6: sunnyboy1362 folded before Flop (didn't bet)
Seat 7: BraveGirl folded before Flop (didn't bet)
Seat 8: Dorex2007 (button) collected ($0.13)



PokerStars Hand #232032022227:  Hold'em No Limit ($0.01/$0.02 USD) - 2021/12/07 16:13:54 PT [2021/12/07 19:13:54 ET]
Table 'Auricula II' 9-max Seat #3 is the button
Seat 3: R_costa275 ($3.01 in chips) 
Seat 4: TIMBERO19988 ($0.96 in chips) 
Seat 5: maverick1880 ($1.99 in chips) 
Seat 6: sunnyboy1362 ($1.14 in chips) 
Seat 7: BraveGirl ($3.14 in chips) 
Seat 8: Dorex2007 ($2.16 in chips) 
TIMBERO19988: posts small blind $0.01
maverick1880: posts big blind $0.02
*** HOLE CARDS ***
Dealt to Dorex2007 [7c 5s]
sunnyboy1362: calls $0.02
BraveGirl: folds 
Dorex2007: folds 
R_costa275: raises $0.02 to $0.04
TIMBERO19988: folds 
maverick1880: calls $0.02
sunnyboy1362: calls $0.02
*** FLOP *** [Qh Js 8h]
maverick1880: checks 
sunnyboy1362: checks 
R_costa275: bets $0.07
maverick1880: folds 
sunnyboy1362: folds 
Uncalled bet ($0.07) returned to R_costa275
R_costa275 collected $0.13 from pot
R_costa275: doesn't show hand 
*** SUMMARY ***
Total pot $0.13 | Rake $0 
Board [Qh Js 8h]
Seat 3: R_costa275 (button) collected ($0.13)
Seat 4: TIMBERO19988 (small blind) folded before Flop
Seat 5: maverick1880 (big blind) folded on the Flop
Seat 6: sunnyboy1362 folded on the Flop
Seat 7: BraveGirl folded before Flop (didn't bet)
Seat 8: Dorex2007 folded before Flop (didn't bet)



PokerStars Hand #232032035523:  Hold'em No Limit ($0.01/$0.02 USD) - 2021/12/07 16:14:33 PT [2021/12/07 19:14:33 ET]
Table 'Auricula II' 9-max Seat #4 is the button
Seat 3: R_costa275 ($3.10 in chips) 
Seat 4: TIMBERO19988 ($0.95 in chips) 
Seat 5: maverick1880 ($2 in chips) 
Seat 6: sunnyboy1362 ($1.10 in chips) 
Seat 7: BraveGirl ($3.14 in chips) 
Seat 8: Dorex2007 ($2.16 in chips) 
maverick1880: posts small blind $0.01
sunnyboy1362: posts big blind $0.02
*** HOLE CARDS ***
Dealt to Dorex2007 [Qd Qc]
BraveGirl has timed out
BraveGirl: folds 
Dorex2007: raises $0.04 to $0.06
R_costa275: calls $0.06
TIMBERO19988: folds 
maverick1880: folds 
sunnyboy1362: folds 
*** FLOP *** [8d 6c 7s]
Dorex2007: bets $0.14
bg4ever91 joins the table at seat #1 
R_costa275: calls $0.14
*** TURN *** [8d 6c 7s] [Jd]
Dorex2007: bets $0.41
R_costa275: folds 
Uncalled bet ($0.41) returned to Dorex2007
Dorex2007 collected $0.41 from pot
Dorex2007: doesn't show hand 
*** SUMMARY ***
Total pot $0.43 | Rake $0.02 
Board [8d 6c 7s Jd]
Seat 3: R_costa275 folded on the Turn
Seat 4: TIMBERO19988 (button) folded before Flop (didn't bet)
Seat 5: maverick1880 (small blind) folded before Flop
Seat 6: sunnyboy1362 (big blind) folded before Flop
Seat 7: BraveGirl folded before Flop (didn't bet)
Seat 8: Dorex2007 collected ($0.41)



PokerStars Hand #232032053449:  Hold'em No Limit ($0.01/$0.02 USD) - 2021/12/07 16:15:25 PT [2021/12/07 19:15:25 ET]
Table 'Auricula II' 9-max Seat #5 is the button
Seat 3: R_costa275 ($2.90 in chips) 
Seat 4: TIMBERO19988 ($0.95 in chips) 
Seat 5: maverick1880 ($1.99 in chips) 
Seat 6: sunnyboy1362 ($1.08 in chips) 
Seat 7: BraveGirl ($3.14 in chips) 
Seat 8: Dorex2007 ($2.37 in chips) 
sunnyboy1362: posts small blind $0.01
BraveGirl: posts big blind $0.02
bg4ever91: sits out 
*** HOLE CARDS ***
Dealt to Dorex2007 [6h As]
Dorex2007: folds 
R_costa275: folds 
TIMBERO19988: calls $0.02
maverick1880: folds 
sunnyboy1362: folds 
BraveGirl: checks 
*** FLOP *** [2s 9d 5d]
h1_tech_1mba joins the table at seat #9 
BraveGirl: checks 
TIMBERO19988: checks 
*** TURN *** [2s 9d 5d] [8c]
BraveGirl: bets $0.04
TIMBERO19988: folds 
Uncalled bet ($0.04) returned to BraveGirl
BraveGirl collected $0.05 from pot
BraveGirl: doesn't show hand 
*** SUMMARY ***
Total pot $0.05 | Rake $0 
Board [2s 9d 5d 8c]
Seat 3: R_costa275 folded before Flop (didn't bet)
Seat 4: TIMBERO19988 folded on the Turn
Seat 5: maverick1880 (button) folded before Flop (didn't bet)
Seat 6: sunnyboy1362 (small blind) folded before Flop
Seat 7: BraveGirl (big blind) collected ($0.05)
Seat 8: Dorex2007 folded before Flop (didn't bet)



PokerStars Hand #232032094361:  Hold'em No Limit ($0.01/$0.02 USD) - 2021/12/07 16:17:24 PT [2021/12/07 19:17:24 ET]
Table 'Auricula II' 9-max Seat #9 is the button
Seat 1: bg4ever91 ($0.78 in chips) 
Seat 2: Gkalmpinos365 ($0.80 in chips) 
Seat 3: R_costa275 ($2.86 in chips) 
Seat 4: TIMBERO19988 ($0.82 in chips) 
Seat 5: maverick1880 ($1.99 in chips) 
Seat 7: BraveGirl ($3.16 in chips) 
Seat 8: Dorex2007 ($2.37 in chips) 
Seat 9: h1_tech_1mba ($2.19 in chips) 
bg4ever91: posts small blind $0.01
Gkalmpinos365: posts big blind $0.02
Dorex2007: posts small & big blinds $0.03
*** HOLE CARDS ***
Dealt to Dorex2007 [7d 4d]
R_costa275: folds 
TIMBERO19988: folds 
maverick1880: folds 
BraveGirl: folds 
Dorex2007: checks 
h1_tech_1mba: raises $0.08 to $0.10
bg4ever91: folds 
Gkalmpinos365: folds 
Dorex2007: folds 
Uncalled bet ($0.08) returned to h1_tech_1mba
h1_tech_1mba collected $0.08 from pot
h1_tech_1mba: doesn't show hand 
*** SUMMARY ***
Total pot $0.08 | Rake $0 
Seat 1: bg4ever91 (small blind) folded before Flop
Seat 2: Gkalmpinos365 (big blind) folded before Flop
Seat 3: R_costa275 folded before Flop (didn't bet)
Seat 4: TIMBERO19988 folded before Flop (didn't bet)
Seat 5: maverick1880 folded before Flop (didn't bet)
Seat 7: BraveGirl folded before Flop (didn't bet)
Seat 8: Dorex2007 folded before Flop (didn't bet)
Seat 9: h1_tech_1mba (button) collected ($0.08)



PokerStars Hand #232032100848:  Hold'em No Limit ($0.01/$0.02 USD) - 2021/12/07 16:17:43 PT [2021/12/07 19:17:43 ET]
Table 'Auricula II' 9-max Seat #1 is the button
Seat 1: bg4ever91 ($0.77 in chips) 
Seat 2: Gkalmpinos365 ($0.78 in chips) 
Seat 3: R_costa275 ($2.86 in chips) 
Seat 4: TIMBERO19988 ($0.82 in chips) 
Seat 5: maverick1880 ($1.99 in chips) 
Seat 7: BraveGirl ($3.16 in chips) 
Seat 8: Dorex2007 ($2.34 in chips) 
Seat 9: h1_tech_1mba ($2.25 in chips) 
Gkalmpinos365: posts small blind $0.01
R_costa275: posts big blind $0.02
*** HOLE CARDS ***
Dealt to Dorex2007 [4d 3h]
TIMBERO19988: calls $0.02
maverick1880: folds 
BraveGirl: folds 
Dorex2007: folds 
h1_tech_1mba: folds 
bg4ever91: calls $0.02
Gkalmpinos365: calls $0.01
R_costa275: checks 
*** FLOP *** [5h 7s Qh]
Gkalmpinos365: checks 
R_costa275: checks 
TIMBERO19988: checks 
bg4ever91: checks 
*** TURN *** [5h 7s Qh] [Ts]
Gkalmpinos365: checks 
R_costa275: checks 
TIMBERO19988: bets $0.04
bg4ever91: folds 
Gkalmpinos365: folds 
R_costa275: folds 
Uncalled bet ($0.04) returned to TIMBERO19988
TIMBERO19988 collected $0.08 from pot
TIMBERO19988: doesn't show hand 
*** SUMMARY ***
Total pot $0.08 | Rake $0 
Board [5h 7s Qh Ts]
Seat 1: bg4ever91 (button) folded on the Turn
Seat 2: Gkalmpinos365 (small blind) folded on the Turn
Seat 3: R_costa275 (big blind) folded on the Turn
Seat 4: TIMBERO19988 collected ($0.08)
Seat 5: maverick1880 folded before Flop (didn't bet)
Seat 7: BraveGirl folded before Flop (didn't bet)
Seat 8: Dorex2007 folded before Flop (didn't bet)
Seat 9: h1_tech_1mba folded before Flop (didn't bet)



PokerStars Hand #232032125145:  Hold'em No Limit ($0.01/$0.02 USD) - 2021/12/07 16:18:54 PT [2021/12/07 19:18:54 ET]
Table 'Auricula II' 9-max Seat #2 is the button
Seat 1: bg4ever91 ($0.75 in chips) 
Seat 2: Gkalmpinos365 ($0.76 in chips) 
Seat 3: R_costa275 ($2.84 in chips) 
Seat 4: TIMBERO19988 ($0.88 in chips) 
Seat 5: maverick1880 ($1.99 in chips) 
Seat 7: BraveGirl ($3.16 in chips) 
Seat 8: Dorex2007 ($2.34 in chips) 
Seat 9: h1_tech_1mba ($2.25 in chips) 
R_costa275: posts small blind $0.01
TIMBERO19988: posts big blind $0.02
*** HOLE CARDS ***
Dealt to Dorex2007 [3c Qc]
maverick1880: folds 
BraveGirl: folds 
Dorex2007: folds 
h1_tech_1mba: folds 
bg4ever91: calls $0.02
Gkalmpinos365: calls $0.02
R_costa275: raises $0.04 to $0.06
TIMBERO19988: folds 
bg4ever91: calls $0.04
Gkalmpinos365: folds 
*** FLOP *** [7c 8h Kc]
R_costa275: checks 
bg4ever91: bets $0.08
R_costa275: calls $0.08
*** TURN *** [7c 8h Kc] [9s]
R_costa275: bets $0.02
bg4ever91: raises $0.59 to $0.61 and is all-in
R_costa275: calls $0.59
*** RIVER *** [7c 8h Kc 9s] [5s]
*** SHOW DOWN ***
R_costa275: shows [7h 7s] (three of a kind, Sevens)
bg4ever91: shows [Ks Td] (a pair of Kings)
R_costa275 collected $1.49 from pot
*** SUMMARY ***
Total pot $1.54 | Rake $0.05 
Board [7c 8h Kc 9s 5s]
Seat 1: bg4ever91 showed [Ks Td] and lost with a pair of Kings
Seat 2: Gkalmpinos365 (button) folded before Flop
Seat 3: R_costa275 (small blind) showed [7h 7s] and won ($1.49) with three of a kind, Sevens
Seat 4: TIMBERO19988 (big blind) folded before Flop
Seat 5: maverick1880 folded before Flop (didn't bet)
Seat 7: BraveGirl folded before Flop (didn't bet)
Seat 8: Dorex2007 folded before Flop (didn't bet)
Seat 9: h1_tech_1mba folded before Flop (didn't bet)



PokerStars Hand #232032155101:  Hold'em No Limit ($0.01/$0.02 USD) - 2021/12/07 16:20:22 PT [2021/12/07 19:20:22 ET]
Table 'Auricula II' 9-max Seat #3 is the button
Seat 2: Gkalmpinos365 ($0.74 in chips) 
Seat 3: R_costa275 ($3.58 in chips) 
Seat 4: TIMBERO19988 ($0.86 in chips) 
Seat 5: maverick1880 ($1.99 in chips) 
Seat 6: sunnyboy1362 ($1.07 in chips) 
Seat 7: BraveGirl ($3.16 in chips) 
Seat 8: Dorex2007 ($2.34 in chips) 
Seat 9: h1_tech_1mba ($2.25 in chips) 
TIMBERO19988: posts small blind $0.01
maverick1880: posts big blind $0.02
*** HOLE CARDS ***
Dealt to Dorex2007 [9s 9h]
bg4ever91 leaves the table
sunnyboy1362: folds 
BraveGirl: calls $0.02
Dorex2007: raises $0.02 to $0.04
h1_tech_1mba: folds 
Gkalmpinos365: folds 
5bigb joins the table at seat #1 
R_costa275: calls $0.04
TIMBERO19988: calls $0.03
maverick1880: folds 
BraveGirl: calls $0.02
*** FLOP *** [Qs 4s 7h]
TIMBERO19988: checks 
BraveGirl: bets $0.02
Dorex2007: calls $0.02
R_costa275: calls $0.02
TIMBERO19988: folds 
*** TURN *** [Qs 4s 7h] [6d]
BraveGirl: checks 
Dorex2007: checks 
R_costa275: bets $0.02
BraveGirl: calls $0.02
Dorex2007: calls $0.02
*** RIVER *** [Qs 4s 7h 6d] [8h]
BraveGirl: checks 
Dorex2007: bets $0.19
R_costa275: calls $0.19
BraveGirl: folds 
*** SHOW DOWN ***
Dorex2007: shows [9s 9h] (a pair of Nines)
R_costa275: shows [3c 5s] (a straight, Four to Eight)
R_costa275 collected $0.66 from pot
*** SUMMARY ***
Total pot $0.68 | Rake $0.02 
Board [Qs 4s 7h 6d 8h]
Seat 2: Gkalmpinos365 folded before Flop (didn't bet)
Seat 3: R_costa275 (button) showed [3c 5s] and won ($0.66) with a straight, Four to Eight
Seat 4: TIMBERO19988 (small blind) folded on the Flop
Seat 5: maverick1880 (big blind) folded before Flop
Seat 6: sunnyboy1362 folded before Flop (didn't bet)
Seat 7: BraveGirl folded on the River
Seat 8: Dorex2007 showed [9s 9h] and lost with a pair of Nines
Seat 9: h1_tech_1mba folded before Flop (didn't bet)



PokerStars Hand #232032197576:  Hold'em No Limit ($0.01/$0.02 USD) - 2021/12/07 16:22:02 PT [2021/12/07 19:22:02 ET]
Table 'Auricula II' 9-max Seat #4 is the button
Seat 2: Gkalmpinos365 ($0.74 in chips) 
Seat 3: R_costa275 ($3.97 in chips) 
Seat 4: TIMBERO19988 ($0.82 in chips) 
Seat 5: maverick1880 ($2 in chips) 
Seat 6: sunnyboy1362 ($1.07 in chips) 
Seat 7: BraveGirl ($3.08 in chips) 
Seat 8: Dorex2007 ($2.07 in chips) 
Seat 9: h1_tech_1mba ($2.25 in chips) 
maverick1880: posts small blind $0.01
sunnyboy1362: posts big blind $0.02
5bigb: sits out 
*** HOLE CARDS ***
Dealt to Dorex2007 [7s As]
BraveGirl: folds 
Dorex2007: calls $0.02
h1_tech_1mba: folds 
Gkalmpinos365: folds 
R_costa275: calls $0.02
TIMBERO19988: raises $0.02 to $0.04
maverick1880: folds 
sunnyboy1362: folds 
Dorex2007: calls $0.02
R_costa275: calls $0.02
*** FLOP *** [7d 3c 3s]
Dorex2007: bets $0.14
R_costa275: folds 
TIMBERO19988: folds 
Uncalled bet ($0.14) returned to Dorex2007
Dorex2007 collected $0.14 from pot
Dorex2007: doesn't show hand 
*** SUMMARY ***
Total pot $0.15 | Rake $0.01 
Board [7d 3c 3s]
Seat 2: Gkalmpinos365 folded before Flop (didn't bet)
Seat 3: R_costa275 folded on the Flop
Seat 4: TIMBERO19988 (button) folded on the Flop
Seat 5: maverick1880 (small blind) folded before Flop
Seat 6: sunnyboy1362 (big blind) folded before Flop
Seat 7: BraveGirl folded before Flop (didn't bet)
Seat 8: Dorex2007 collected ($0.14)
Seat 9: h1_tech_1mba folded before Flop (didn't bet)



PokerStars Hand #232032215393:  Hold'em No Limit ($0.01/$0.02 USD) - 2021/12/07 16:22:55 PT [2021/12/07 19:22:55 ET]
Table 'Auricula II' 9-max Seat #5 is the button
Seat 1: 5bigb ($2 in chips) 
Seat 2: Gkalmpinos365 ($0.74 in chips) 
Seat 3: R_costa275 ($3.93 in chips) 
Seat 4: TIMBERO19988 ($0.78 in chips) 
Seat 5: maverick1880 ($1.99 in chips) 
Seat 6: sunnyboy1362 ($1.05 in chips) 
Seat 7: BraveGirl ($3.08 in chips) 
Seat 8: Dorex2007 ($2.17 in chips) 
Seat 9: h1_tech_1mba ($2.25 in chips) 
sunnyboy1362: posts small blind $0.01
BraveGirl: posts big blind $0.02
5bigb: posts big blind $0.02
*** HOLE CARDS ***
Dealt to Dorex2007 [3s 9s]
Dorex2007: folds 
h1_tech_1mba: folds 
5bigb: checks 
Gkalmpinos365: calls $0.02
R_costa275: folds 
TIMBERO19988: folds 
maverick1880: folds 
sunnyboy1362: calls $0.01
BraveGirl: checks 
*** FLOP *** [4d 8h 6c]
sunnyboy1362: checks 
BraveGirl: checks 
5bigb: checks 
Gkalmpinos365: checks 
*** TURN *** [4d 8h 6c] [Kd]
sunnyboy1362: checks 
BraveGirl: checks 
5bigb: checks 
Gkalmpinos365: checks 
*** RIVER *** [4d 8h 6c Kd] [4h]
sunnyboy1362: checks 
BraveGirl: checks 
5bigb: checks 
Gkalmpinos365: checks 
*** SHOW DOWN ***
sunnyboy1362: shows [6d 9d] (two pair, Sixes and Fours)
BraveGirl: mucks hand 
5bigb: mucks hand 
Gkalmpinos365: mucks hand 
sunnyboy1362 collected $0.08 from pot
*** SUMMARY ***
Total pot $0.08 | Rake $0 
Board [4d 8h 6c Kd 4h]
Seat 1: 5bigb mucked [2s 7s]
Seat 2: Gkalmpinos365 mucked [Th Qh]
Seat 3: R_costa275 folded before Flop (didn't bet)
Seat 4: TIMBERO19988 folded before Flop (didn't bet)
Seat 5: maverick1880 (button) folded before Flop (didn't bet)
Seat 6: sunnyboy1362 (small blind) showed [6d 9d] and won ($0.08) with two pair, Sixes and Fours
Seat 7: BraveGirl (big blind) mucked [9c 2c]
Seat 8: Dorex2007 folded before Flop (didn't bet)
Seat 9: h1_tech_1mba folded before Flop (didn't bet)



PokerStars Hand #232032233967:  Hold'em No Limit ($0.01/$0.02 USD) - 2021/12/07 16:23:51 PT [2021/12/07 19:23:51 ET]
Table 'Auricula II' 9-max Seat #6 is the button
Seat 1: 5bigb ($1.98 in chips) 
Seat 2: Gkalmpinos365 ($0.72 in chips) 
Seat 3: R_costa275 ($3.93 in chips) 
Seat 4: TIMBERO19988 ($0.78 in chips) 
Seat 5: maverick1880 ($1.99 in chips) 
Seat 6: sunnyboy1362 ($1.11 in chips) 
Seat 7: BraveGirl ($3.06 in chips) 
Seat 8: Dorex2007 ($2.17 in chips) 
Seat 9: h1_tech_1mba ($2.25 in chips) 
BraveGirl: posts small blind $0.01
Dorex2007: posts big blind $0.02
*** HOLE CARDS ***
Dealt to Dorex2007 [7c 7d]
h1_tech_1mba: folds 
5bigb: raises $0.12 to $0.14
Gkalmpinos365: folds 
R_costa275: calls $0.14
TIMBERO19988: folds 
maverick1880: folds 
sunnyboy1362: calls $0.14
BraveGirl: folds 
Dorex2007: folds 
*** FLOP *** [8s Ks 4s]
5bigb: bets $0.16
R_costa275: folds 
sunnyboy1362: folds 
Uncalled bet ($0.16) returned to 5bigb
5bigb collected $0.43 from pot
5bigb: doesn't show hand 
*** SUMMARY ***
Total pot $0.45 | Rake $0.02 
Board [8s Ks 4s]
Seat 1: 5bigb collected ($0.43)
Seat 2: Gkalmpinos365 folded before Flop (didn't bet)
Seat 3: R_costa275 folded on the Flop
Seat 4: TIMBERO19988 folded before Flop (didn't bet)
Seat 5: maverick1880 folded before Flop (didn't bet)
Seat 6: sunnyboy1362 (button) folded on the Flop
Seat 7: BraveGirl (small blind) folded before Flop
Seat 8: Dorex2007 (big blind) folded before Flop
Seat 9: h1_tech_1mba folded before Flop (didn't bet)



PokerStars Hand #232032251714:  Hold'em No Limit ($0.01/$0.02 USD) - 2021/12/07 16:24:44 PT [2021/12/07 19:24:44 ET]
Table 'Auricula II' 9-max Seat #7 is the button
Seat 1: 5bigb ($2.27 in chips) 
Seat 2: Gkalmpinos365 ($0.72 in chips) 
Seat 3: R_costa275 ($3.79 in chips) 
Seat 4: TIMBERO19988 ($0.78 in chips) 
Seat 5: maverick1880 ($1.99 in chips) 
Seat 6: sunnyboy1362 ($0.97 in chips) 
Seat 7: BraveGirl ($3.05 in chips) 
Seat 8: Dorex2007 ($2.15 in chips) 
Seat 9: h1_tech_1mba ($2.25 in chips) 
Dorex2007: posts small blind $0.01
h1_tech_1mba: posts big blind $0.02
*** HOLE CARDS ***
Dealt to Dorex2007 [8d 3h]
5bigb: folds 
Gkalmpinos365 has timed out
Gkalmpinos365: folds 
R_costa275 has timed out
R_costa275: folds 
TIMBERO19988: raises $0.05 to $0.07
maverick1880: folds 
sunnyboy1362: folds 
BraveGirl: folds 
Dorex2007: folds 
h1_tech_1mba: folds 
Uncalled bet ($0.05) returned to TIMBERO19988
TIMBERO19988 collected $0.05 from pot
TIMBERO19988: doesn't show hand 
*** SUMMARY ***
Total pot $0.05 | Rake $0 
Seat 1: 5bigb folded before Flop (didn't bet)
Seat 2: Gkalmpinos365 folded before Flop (didn't bet)
Seat 3: R_costa275 folded before Flop (didn't bet)
Seat 4: TIMBERO19988 collected ($0.05)
Seat 5: maverick1880 folded before Flop (didn't bet)
Seat 6: sunnyboy1362 folded before Flop (didn't bet)
Seat 7: BraveGirl (button) folded before Flop (didn't bet)
Seat 8: Dorex2007 (small blind) folded before Flop
Seat 9: h1_tech_1mba (big blind) folded before Flop



PokerStars Hand #232032265610:  Hold'em No Limit ($0.01/$0.02 USD) - 2021/12/07 16:25:26 PT [2021/12/07 19:25:26 ET]
Table 'Auricula II' 9-max Seat #8 is the button
Seat 1: 5bigb ($2.27 in chips) 
Seat 2: Gkalmpinos365 ($0.72 in chips) 
Seat 3: R_costa275 ($3.79 in chips) 
Seat 4: TIMBERO19988 ($0.81 in chips) 
Seat 5: maverick1880 ($1.99 in chips) 
Seat 6: sunnyboy1362 ($0.97 in chips) 
Seat 7: BraveGirl ($3.05 in chips) 
Seat 8: Dorex2007 ($2.14 in chips) 
Seat 9: h1_tech_1mba ($2.23 in chips) 
h1_tech_1mba: posts small blind $0.01
5bigb: posts big blind $0.02
*** HOLE CARDS ***
Dealt to Dorex2007 [Ks 2c]
Gkalmpinos365: calls $0.02
R_costa275: folds 
TIMBERO19988: folds 
maverick1880: folds 
sunnyboy1362: folds 
BraveGirl: folds 
Dorex2007: folds 
h1_tech_1mba: raises $0.08 to $0.10
5bigb: folds 
Gkalmpinos365: folds 
Uncalled bet ($0.08) returned to h1_tech_1mba
h1_tech_1mba collected $0.06 from pot
h1_tech_1mba: doesn't show hand 
*** SUMMARY ***
Total pot $0.06 | Rake $0 
Seat 1: 5bigb (big blind) folded before Flop
Seat 2: Gkalmpinos365 folded before Flop
Seat 3: R_costa275 folded before Flop (didn't bet)
Seat 4: TIMBERO19988 folded before Flop (didn't bet)
Seat 5: maverick1880 folded before Flop (didn't bet)
Seat 6: sunnyboy1362 folded before Flop (didn't bet)
Seat 7: BraveGirl folded before Flop (didn't bet)
Seat 8: Dorex2007 (button) folded before Flop (didn't bet)
Seat 9: h1_tech_1mba (small blind) collected ($0.06)



PokerStars Hand #232032282802:  Hold'em No Limit ($0.01/$0.02 USD) - 2021/12/07 16:26:18 PT [2021/12/07 19:26:18 ET]
Table 'Auricula II' 9-max Seat #9 is the button
Seat 1: 5bigb ($2.25 in chips) 
Seat 2: Gkalmpinos365 ($0.70 in chips) 
Seat 3: R_costa275 ($3.79 in chips) 
Seat 4: TIMBERO19988 ($0.81 in chips) 
Seat 5: maverick1880 ($1.99 in chips) 
Seat 6: sunnyboy1362 ($0.97 in chips) 
Seat 7: BraveGirl ($3.05 in chips) 
Seat 8: Dorex2007 ($2.14 in chips) 
Seat 9: h1_tech_1mba ($2.27 in chips) 
5bigb: posts small blind $0.01
Gkalmpinos365: posts big blind $0.02
*** HOLE CARDS ***
Dealt to Dorex2007 [Ah As]
R_costa275: raises $0.02 to $0.04
TIMBERO19988: folds 
maverick1880: folds 
sunnyboy1362: folds 
BraveGirl: folds 
Dorex2007: raises $0.04 to $0.08
h1_tech_1mba: folds 
5bigb: folds 
Gkalmpinos365: folds 
R_costa275: calls $0.04
*** FLOP *** [9d Ac 5c]
R_costa275: checks 
Dorex2007: bets $0.09
R_costa275: calls $0.09
*** TURN *** [9d Ac 5c] [Ts]
R_costa275: bets $0.36
Dorex2007: raises $1.61 to $1.97 and is all-in
R_costa275: folds [7h 8s]
Uncalled bet ($1.61) returned to Dorex2007
Dorex2007 collected $1.05 from pot
Dorex2007: doesn't show hand 
*** SUMMARY ***
Total pot $1.09 | Rake $0.04 
Board [9d Ac 5c Ts]
Seat 1: 5bigb (small blind) folded before Flop
Seat 2: Gkalmpinos365 (big blind) folded before Flop
Seat 3: R_costa275 folded on the Turn
Seat 4: TIMBERO19988 folded before Flop (didn't bet)
Seat 5: maverick1880 folded before Flop (didn't bet)
Seat 6: sunnyboy1362 folded before Flop (didn't bet)
Seat 7: BraveGirl folded before Flop (didn't bet)
Seat 8: Dorex2007 collected ($1.05)
Seat 9: h1_tech_1mba (button) folded before Flop (didn't bet)



PokerStars Hand #232032317283:  Hold'em No Limit ($0.01/$0.02 USD) - 2021/12/07 16:27:47 PT [2021/12/07 19:27:47 ET]
Table 'Auricula II' 9-max Seat #2 is the button
Seat 2: Gkalmpinos365 ($0.68 in chips) 
Seat 3: R_costa275 ($3.26 in chips) 
Seat 4: TIMBERO19988 ($0.81 in chips) 
Seat 5: maverick1880 ($1.99 in chips) 
Seat 6: sunnyboy1362 ($0.97 in chips) 
Seat 7: BraveGirl ($3.05 in chips) 
Seat 8: Dorex2007 ($2.66 in chips) 
Seat 9: h1_tech_1mba ($2.27 in chips) 
R_costa275: posts small blind $0.01
TIMBERO19988: posts big blind $0.02
*** HOLE CARDS ***
Dealt to Dorex2007 [Kh 7c]
maverick1880: folds 
sunnyboy1362: folds 
BraveGirl: folds 
Dorex2007: folds 
h1_tech_1mba: folds 
Gkalmpinos365: calls $0.02
R_costa275: raises $0.02 to $0.04
TIMBERO19988: calls $0.02
Gkalmpinos365: calls $0.02
*** FLOP *** [6s 3d 4d]
R_costa275: checks 
TIMBERO19988: bets $0.06
Gkalmpinos365: calls $0.06
R_costa275: calls $0.06
*** TURN *** [6s 3d 4d] [9c]
R_costa275: checks 
TIMBERO19988: checks 
Gkalmpinos365: bets $0.14
R_costa275: folds 
TIMBERO19988: calls $0.14
*** RIVER *** [6s 3d 4d 9c] [Ac]
TIMBERO19988: checks 
Gkalmpinos365: checks 
*** SHOW DOWN ***
TIMBERO19988: shows [4h 5h] (a pair of Fours)
Gkalmpinos365: shows [9h 7h] (a pair of Nines)
Gkalmpinos365 collected $0.56 from pot
*** SUMMARY ***
Total pot $0.58 | Rake $0.02 
Board [6s 3d 4d 9c Ac]
Seat 2: Gkalmpinos365 (button) showed [9h 7h] and won ($0.56) with a pair of Nines
Seat 3: R_costa275 (small blind) folded on the Turn
Seat 4: TIMBERO19988 (big blind) showed [4h 5h] and lost with a pair of Fours
Seat 5: maverick1880 folded before Flop (didn't bet)
Seat 6: sunnyboy1362 folded before Flop (didn't bet)
Seat 7: BraveGirl folded before Flop (didn't bet)
Seat 8: Dorex2007 folded before Flop (didn't bet)
Seat 9: h1_tech_1mba folded before Flop (didn't bet)



PokerStars Hand #232032342621:  Hold'em No Limit ($0.01/$0.02 USD) - 2021/12/07 16:29:04 PT [2021/12/07 19:29:04 ET]
Table 'Auricula II' 9-max Seat #3 is the button
Seat 2: Gkalmpinos365 ($1 in chips) 
Seat 3: R_costa275 ($3.16 in chips) 
Seat 4: TIMBERO19988 ($0.57 in chips) 
Seat 5: maverick1880 ($1.99 in chips) 
Seat 6: sunnyboy1362 ($0.97 in chips) 
Seat 8: Dorex2007 ($2.66 in chips) 
Seat 9: h1_tech_1mba ($2.27 in chips) 
TIMBERO19988: posts small blind $0.01
maverick1880: posts big blind $0.02
*** HOLE CARDS ***
Dealt to Dorex2007 [Ks 9h]
sunnyboy1362: calls $0.02
Dorex2007: folds 
h1_tech_1mba: folds 
Gkalmpinos365: calls $0.02
R_costa275: raises $0.02 to $0.04
TIMBERO19988: folds 
maverick1880: folds 
sunnyboy1362: calls $0.02
Gkalmpinos365: calls $0.02
*** FLOP *** [Jc 4c Jd]
sunnyboy1362: checks 
Gkalmpinos365: checks 
R_costa275: checks 
*** TURN *** [Jc 4c Jd] [Qc]
sunnyboy1362: checks 
Gkalmpinos365: checks 
R_costa275: bets $0.02
sunnyboy1362: calls $0.02
Gkalmpinos365: folds 
*** RIVER *** [Jc 4c Jd Qc] [8d]
sunnyboy1362: checks 
R_costa275: bets $0.09
sunnyboy1362: folds 
Uncalled bet ($0.09) returned to R_costa275
R_costa275 collected $0.18 from pot
R_costa275: doesn't show hand 
*** SUMMARY ***
Total pot $0.19 | Rake $0.01 
Board [Jc 4c Jd Qc 8d]
Seat 2: Gkalmpinos365 folded on the Turn
Seat 3: R_costa275 (button) collected ($0.18)
Seat 4: TIMBERO19988 (small blind) folded before Flop
Seat 5: maverick1880 (big blind) folded before Flop
Seat 6: sunnyboy1362 folded on the River
Seat 8: Dorex2007 folded before Flop (didn't bet)
Seat 9: h1_tech_1mba folded before Flop (didn't bet)



PokerStars Hand #232032361026:  Hold'em No Limit ($0.01/$0.02 USD) - 2021/12/07 16:30:01 PT [2021/12/07 19:30:01 ET]
Table 'Auricula II' 9-max Seat #4 is the button
Seat 1: 5bigb ($2.24 in chips) 
Seat 2: Gkalmpinos365 ($0.96 in chips) 
Seat 3: R_costa275 ($3.28 in chips) 
Seat 4: TIMBERO19988 ($0.56 in chips) 
Seat 5: maverick1880 ($2 in chips) 
Seat 6: sunnyboy1362 ($0.91 in chips) 
Seat 8: Dorex2007 ($2.66 in chips) 
Seat 9: h1_tech_1mba ($2.27 in chips) 
maverick1880: posts small blind $0.01
sunnyboy1362: posts big blind $0.02
*** HOLE CARDS ***
Dealt to Dorex2007 [Qh Qd]
Dorex2007: raises $0.02 to $0.04
h1_tech_1mba: folds 
5bigb: folds 
Gkalmpinos365: folds 
R_costa275: folds 
TIMBERO19988: calls $0.04
maverick1880: folds 
sunnyboy1362: folds 
*** FLOP *** [Td Qs 3s]
Dorex2007: bets $0.07
TIMBERO19988: calls $0.07
*** TURN *** [Td Qs 3s] [Ts]
Dorex2007: checks 
TIMBERO19988: checks 
*** RIVER *** [Td Qs 3s Ts] [Jc]
Dorex2007: bets $0.12
TIMBERO19988: calls $0.12
*** SHOW DOWN ***
Dorex2007: shows [Qh Qd] (a full house, Queens full of Tens)
TIMBERO19988: mucks hand 
Dorex2007 collected $0.47 from pot
*** SUMMARY ***
Total pot $0.49 | Rake $0.02 
Board [Td Qs 3s Ts Jc]
Seat 1: 5bigb folded before Flop (didn't bet)
Seat 2: Gkalmpinos365 folded before Flop (didn't bet)
Seat 3: R_costa275 folded before Flop (didn't bet)
Seat 4: TIMBERO19988 (button) mucked [Kd Jd]
Seat 5: maverick1880 (small blind) folded before Flop
Seat 6: sunnyboy1362 (big blind) folded before Flop
Seat 8: Dorex2007 showed [Qh Qd] and won ($0.47) with a full house, Queens full of Tens
Seat 9: h1_tech_1mba folded before Flop (didn't bet)



PokerStars Hand #232032378298:  Hold'em No Limit ($0.01/$0.02 USD) - 2021/12/07 16:30:53 PT [2021/12/07 19:30:53 ET]
Table 'Auricula II' 9-max Seat #5 is the button
Seat 1: 5bigb ($2.24 in chips) 
Seat 2: Gkalmpinos365 ($0.96 in chips) 
Seat 3: R_costa275 ($3.28 in chips) 
Seat 4: TIMBERO19988 ($0.33 in chips) 
Seat 5: maverick1880 ($1.99 in chips) 
Seat 6: sunnyboy1362 ($0.89 in chips) 
Seat 8: Dorex2007 ($2.90 in chips) 
Seat 9: h1_tech_1mba ($2.27 in chips) 
sunnyboy1362: posts small blind $0.01
Dorex2007: posts big blind $0.02
*** HOLE CARDS ***
Dealt to Dorex2007 [9d 2c]
h1_tech_1mba: folds 
5bigb: folds 
Gkalmpinos365: folds 
R_costa275: calls $0.02
TIMBERO19988: calls $0.02
maverick1880: raises $0.08 to $0.10
sunnyboy1362: folds 
Dorex2007: folds 
R_costa275: calls $0.08
TIMBERO19988: calls $0.08
*** FLOP *** [6d 8d 9c]
R_costa275: checks 
TIMBERO19988: checks 
maverick1880: checks 
*** TURN *** [6d 8d 9c] [2h]
R_costa275: checks 
TIMBERO19988: checks 
maverick1880: checks 
*** RIVER *** [6d 8d 9c 2h] [8s]
R_costa275: bets $0.16
TIMBERO19988: folds 
maverick1880: folds 
Uncalled bet ($0.16) returned to R_costa275
R_costa275 collected $0.32 from pot
R_costa275: doesn't show hand 
*** SUMMARY ***
Total pot $0.33 | Rake $0.01 
Board [6d 8d 9c 2h 8s]
Seat 1: 5bigb folded before Flop (didn't bet)
Seat 2: Gkalmpinos365 folded before Flop (didn't bet)
Seat 3: R_costa275 collected ($0.32)
Seat 4: TIMBERO19988 folded on the River
Seat 5: maverick1880 (button) folded on the River
Seat 6: sunnyboy1362 (small blind) folded before Flop
Seat 8: Dorex2007 (big blind) folded before Flop
Seat 9: h1_tech_1mba folded before Flop (didn't bet)



PokerStars Hand #232032401510:  Hold'em No Limit ($0.01/$0.02 USD) - 2021/12/07 16:32:05 PT [2021/12/07 19:32:05 ET]
Table 'Auricula II' 9-max Seat #6 is the button
Seat 1: 5bigb ($2.24 in chips) 
Seat 2: Gkalmpinos365 ($0.96 in chips) 
Seat 3: R_costa275 ($3.50 in chips) 
Seat 4: TIMBERO19988 ($0.23 in chips) 
Seat 5: maverick1880 ($2 in chips) 
Seat 6: sunnyboy1362 ($0.88 in chips) 
Seat 8: Dorex2007 ($2.88 in chips) 
Seat 9: h1_tech_1mba ($2.27 in chips) 
Dorex2007: posts small blind $0.01
h1_tech_1mba: posts big blind $0.02
*** HOLE CARDS ***
Dealt to Dorex2007 [Qs 7s]
5bigb: calls $0.02
Gkalmpinos365: folds 
R_costa275: folds 
TIMBERO19988: calls $0.02
maverick1880: folds 
sunnyboy1362: folds 
Dorex2007: calls $0.01
h1_tech_1mba: checks 
*** FLOP *** [Qc 4d 4c]
Dorex2007: checks 
h1_tech_1mba: checks 
5bigb: checks 
TIMBERO19988: bets $0.04
Dorex2007: calls $0.04
h1_tech_1mba: folds 
5bigb: folds 
*** TURN *** [Qc 4d 4c] [5s]
Dorex2007: checks 
TIMBERO19988: checks 
*** RIVER *** [Qc 4d 4c 5s] [7h]
Dorex2007: bets $0.15
TIMBERO19988: raises $0.02 to $0.17 and is all-in
Dorex2007: calls $0.02
*** SHOW DOWN ***
TIMBERO19988: shows [7c Kc] (two pair, Sevens and Fours)
Dorex2007: shows [Qs 7s] (two pair, Queens and Sevens)
Dorex2007 collected $0.48 from pot
*** SUMMARY ***
Total pot $0.50 | Rake $0.02 
Board [Qc 4d 4c 5s 7h]
Seat 1: 5bigb folded on the Flop
Seat 2: Gkalmpinos365 folded before Flop (didn't bet)
Seat 3: R_costa275 folded before Flop (didn't bet)
Seat 4: TIMBERO19988 showed [7c Kc] and lost with two pair, Sevens and Fours
Seat 5: maverick1880 folded before Flop (didn't bet)
Seat 6: sunnyboy1362 (button) folded before Flop (didn't bet)
Seat 8: Dorex2007 (small blind) showed [Qs 7s] and won ($0.48) with two pair, Queens and Sevens
Seat 9: h1_tech_1mba (big blind) folded on the Flop



PokerStars Hand #232032430786:  Hold'em No Limit ($0.01/$0.02 USD) - 2021/12/07 16:33:21 PT [2021/12/07 19:33:21 ET]
Table 'Auricula II' 9-max Seat #8 is the button
Seat 1: 5bigb ($2.22 in chips) 
Seat 2: Gkalmpinos365 ($0.96 in chips) 
Seat 3: R_costa275 ($3.50 in chips) 
Seat 5: maverick1880 ($2 in chips) 
Seat 6: sunnyboy1362 ($0.88 in chips) 
Seat 8: Dorex2007 ($3.13 in chips) 
Seat 9: h1_tech_1mba ($2.25 in chips) 
h1_tech_1mba: posts small blind $0.01
5bigb: posts big blind $0.02
*** HOLE CARDS ***
Dealt to Dorex2007 [4c 5c]
Gkalmpinos365: calls $0.02
R_costa275: raises $0.02 to $0.04
maverick1880: folds 
sunnyboy1362: folds 
Dorex2007: folds 
h1_tech_1mba: folds 
5bigb: calls $0.02
Gkalmpinos365: calls $0.02
*** FLOP *** [3d Jd 3s]
5bigb: checks 
Gkalmpinos365: checks 
R_costa275: checks 
*** TURN *** [3d Jd 3s] [Ks]
5bigb: bets $0.14
Gkalmpinos365: folds 
R_costa275: folds 
Uncalled bet ($0.14) returned to 5bigb
5bigb collected $0.13 from pot
5bigb: doesn't show hand 
*** SUMMARY ***
Total pot $0.13 | Rake $0 
Board [3d Jd 3s Ks]
Seat 1: 5bigb (big blind) collected ($0.13)
Seat 2: Gkalmpinos365 folded on the Turn
Seat 3: R_costa275 folded on the Turn
Seat 5: maverick1880 folded before Flop (didn't bet)
Seat 6: sunnyboy1362 folded before Flop (didn't bet)
Seat 8: Dorex2007 (button) folded before Flop (didn't bet)
Seat 9: h1_tech_1mba (small blind) folded before Flop



PokerStars Hand #232032445413:  Hold'em No Limit ($0.01/$0.02 USD) - 2021/12/07 16:34:07 PT [2021/12/07 19:34:07 ET]
Table 'Auricula II' 9-max Seat #9 is the button
Seat 1: 5bigb ($2.31 in chips) 
Seat 2: Gkalmpinos365 ($0.92 in chips) 
Seat 3: R_costa275 ($3.46 in chips) 
Seat 4: TIMBERO19988 ($1.02 in chips) 
Seat 5: maverick1880 ($2 in chips) 
Seat 6: sunnyboy1362 ($0.88 in chips) 
Seat 8: Dorex2007 ($3.13 in chips) 
Seat 9: h1_tech_1mba ($2.24 in chips) 
5bigb: posts small blind $0.01
Gkalmpinos365: posts big blind $0.02
*** HOLE CARDS ***
Dealt to Dorex2007 [2d 6h]
R_costa275: calls $0.02
TIMBERO19988: folds 
maverick1880: folds 
sunnyboy1362: raises $0.07 to $0.09
Dorex2007: folds 
h1_tech_1mba: folds 
5bigb: folds 
Gkalmpinos365: folds 
R_costa275: calls $0.07
*** FLOP *** [9c 3h 4d]
Gkalmpinos365 leaves the table
R_costa275: checks 
sunnyboy1362: bets $0.10
slydawg1981 joins the table at seat #2 
R_costa275: raises $0.40 to $0.50
sunnyboy1362: raises $0.29 to $0.79 and is all-in
R_costa275: calls $0.29
*** TURN *** [9c 3h 4d] [7d]
*** RIVER *** [9c 3h 4d 7d] [8h]
*** SHOW DOWN ***
R_costa275: shows [4s 4c] (three of a kind, Fours)
sunnyboy1362: shows [As Ah] (a pair of Aces)
R_costa275 collected $1.73 from pot
*** SUMMARY ***
Total pot $1.79 | Rake $0.06 
Board [9c 3h 4d 7d 8h]
Seat 1: 5bigb (small blind) folded before Flop
Seat 2: Gkalmpinos365 (big blind) folded before Flop
Seat 3: R_costa275 showed [4s 4c] and won ($1.73) with three of a kind, Fours
Seat 4: TIMBERO19988 folded before Flop (didn't bet)
Seat 5: maverick1880 folded before Flop (didn't bet)
Seat 6: sunnyboy1362 showed [As Ah] and lost with a pair of Aces
Seat 8: Dorex2007 folded before Flop (didn't bet)
Seat 9: h1_tech_1mba (button) folded before Flop (didn't bet)



