PokerStars Hand #230561834478:  Hold'em No Limit ($0.01/$0.02 USD) - 2021/10/12 16:26:31 PT [2021/10/12 19:26:31 ET]
Table 'Jihlava III' 9-max Seat #7 is the button
Seat 2: AsssAssiN10 ($0.73 in chips) 
Seat 3: RaffaRomeo ($2.08 in chips) 
Seat 4: bla777 ($4.29 in chips) 
Seat 5: CCE3415 ($1.28 in chips) 
Seat 6: Dorex2007 ($2 in chips) 
Seat 7: purdie42 ($1.61 in chips) 
Seat 8: 58lebaron ($1.42 in chips) 
Seat 9: NJMombach ($3.49 in chips) 
58lebaron: posts small blind $0.01
NJMombach: posts big blind $0.02
Dorex2007: posts big blind $0.02
*** HOLE CARDS ***
Dealt to Dorex2007 [Qc 5c]
AsssAssiN10: folds 
RaffaRomeo: folds 
bla777: folds 
CCE3415: folds 
CCE3415 leaves the table
Dorex2007: checks 
purdie42: folds 
58lebaron: calls $0.01
NJMombach: checks 
*** FLOP *** [Kh 2s Tc]
58lebaron: checks 
NJMombach: checks 
Dorex2007: checks 
*** TURN *** [Kh 2s Tc] [6c]
58lebaron: checks 
NJMombach: checks 
Dorex2007: checks 
*** RIVER *** [Kh 2s Tc 6c] [2h]
58lebaron: checks 
NJMombach: checks 
Dorex2007: bets $0.04
58lebaron: folds 
NJMombach: folds 
Uncalled bet ($0.04) returned to Dorex2007
Dorex2007 collected $0.06 from pot
Dorex2007: doesn't show hand 
*** SUMMARY ***
Total pot $0.06 | Rake $0 
Board [Kh 2s Tc 6c 2h]
Seat 2: AsssAssiN10 folded before Flop (didn't bet)
Seat 3: RaffaRomeo folded before Flop (didn't bet)
Seat 4: bla777 folded before Flop (didn't bet)
Seat 5: CCE3415 folded before Flop (didn't bet)
Seat 6: Dorex2007 collected ($0.06)
Seat 7: purdie42 (button) folded before Flop (didn't bet)
Seat 8: 58lebaron (small blind) folded on the River
Seat 9: NJMombach (big blind) folded on the River



PokerStars Hand #230561853953:  Hold'em No Limit ($0.01/$0.02 USD) - 2021/10/12 16:27:35 PT [2021/10/12 19:27:35 ET]
Table 'Jihlava III' 9-max Seat #8 is the button
Seat 2: AsssAssiN10 ($0.73 in chips) 
Seat 3: RaffaRomeo ($2.08 in chips) 
Seat 4: bla777 ($4.29 in chips) 
Seat 6: Dorex2007 ($2.04 in chips) 
Seat 7: purdie42 ($1.61 in chips) 
Seat 8: 58lebaron ($1.40 in chips) 
Seat 9: NJMombach ($3.47 in chips) 
NJMombach: posts small blind $0.01
AsssAssiN10: posts big blind $0.02
*** HOLE CARDS ***
Dealt to Dorex2007 [7h 2c]
RaffaRomeo has timed out
RaffaRomeo: folds 
bla777: folds 
Dorex2007: folds 
purdie42: folds 
58lebaron: calls $0.02
NJMombach: calls $0.01
AsssAssiN10: checks 
*** FLOP *** [As 6c Tc]
NJMombach: checks 
AsssAssiN10: checks 
58lebaron: bets $0.08
NJMombach: folds 
AsssAssiN10: folds [3s Kh]
Uncalled bet ($0.08) returned to 58lebaron
58lebaron collected $0.06 from pot
58lebaron: doesn't show hand 
*** SUMMARY ***
Total pot $0.06 | Rake $0 
Board [As 6c Tc]
Seat 2: AsssAssiN10 (big blind) folded on the Flop
Seat 3: RaffaRomeo folded before Flop (didn't bet)
Seat 4: bla777 folded before Flop (didn't bet)
Seat 6: Dorex2007 folded before Flop (didn't bet)
Seat 7: purdie42 folded before Flop (didn't bet)
Seat 8: 58lebaron (button) collected ($0.06)
Seat 9: NJMombach (small blind) folded on the Flop



PokerStars Hand #230561868839:  Hold'em No Limit ($0.01/$0.02 USD) - 2021/10/12 16:28:24 PT [2021/10/12 19:28:24 ET]
Table 'Jihlava III' 9-max Seat #9 is the button
Seat 2: AsssAssiN10 ($0.71 in chips) 
Seat 3: RaffaRomeo ($2.08 in chips) 
Seat 4: bla777 ($4.29 in chips) 
Seat 6: Dorex2007 ($2.04 in chips) 
Seat 7: purdie42 ($1.61 in chips) 
Seat 8: 58lebaron ($1.44 in chips) 
Seat 9: NJMombach ($3.45 in chips) 
AsssAssiN10: posts small blind $0.01
RaffaRomeo: posts big blind $0.02
*** HOLE CARDS ***
Dealt to Dorex2007 [Ac 8d]
bla777: folds 
Dorex2007: folds 
purdie42: raises $0.03 to $0.05
58lebaron: folds 
NJMombach: calls $0.05
AsssAssiN10: folds 
RaffaRomeo: folds 
*** FLOP *** [Js 6d As]
bla777 leaves the table
purdie42: bets $0.07
NJMombach: folds 
Uncalled bet ($0.07) returned to purdie42
purdie42 collected $0.13 from pot
purdie42: doesn't show hand 
*** SUMMARY ***
Total pot $0.13 | Rake $0 
Board [Js 6d As]
Seat 2: AsssAssiN10 (small blind) folded before Flop
Seat 3: RaffaRomeo (big blind) folded before Flop
Seat 4: bla777 folded before Flop (didn't bet)
Seat 6: Dorex2007 folded before Flop (didn't bet)
Seat 7: purdie42 collected ($0.13)
Seat 8: 58lebaron folded before Flop (didn't bet)
Seat 9: NJMombach (button) folded on the Flop



PokerStars Hand #230561876856:  Hold'em No Limit ($0.01/$0.02 USD) - 2021/10/12 16:28:51 PT [2021/10/12 19:28:51 ET]
Table 'Jihlava III' 9-max Seat #2 is the button
Seat 2: AsssAssiN10 ($0.70 in chips) 
Seat 3: RaffaRomeo ($2.06 in chips) 
Seat 6: Dorex2007 ($2.04 in chips) 
Seat 7: purdie42 ($1.69 in chips) 
Seat 8: 58lebaron ($1.44 in chips) 
Seat 9: NJMombach ($3.40 in chips) 
RaffaRomeo: posts small blind $0.01
Dorex2007: posts big blind $0.02
*** HOLE CARDS ***
Dealt to Dorex2007 [4s 5c]
purdie42: raises $0.03 to $0.05
58lebaron: calls $0.05
NJMombach: folds 
AsssAssiN10: folds 
RaffaRomeo: calls $0.04
Dorex2007: folds 
*** FLOP *** [4h 9d Tc]
RaffaRomeo: checks 
purdie42: bets $0.16
58lebaron: raises $0.48 to $0.64
RaffaRomeo: folds 
purdie42: raises $1 to $1.64 and is all-in
58lebaron: calls $0.75 and is all-in
Uncalled bet ($0.25) returned to purdie42
RaffaRomeo leaves the table
*** TURN *** [4h 9d Tc] [6c]
*** RIVER *** [4h 9d Tc 6c] [2s]
*** SHOW DOWN ***
purdie42: shows [Js Jc] (a pair of Jacks)
58lebaron: shows [Ts Ac] (a pair of Tens)
purdie42 collected $2.85 from pot
*** SUMMARY ***
Total pot $2.95 | Rake $0.10 
Board [4h 9d Tc 6c 2s]
Seat 2: AsssAssiN10 (button) folded before Flop (didn't bet)
Seat 3: RaffaRomeo (small blind) folded on the Flop
Seat 6: Dorex2007 (big blind) folded before Flop
Seat 7: purdie42 showed [Js Jc] and won ($2.85) with a pair of Jacks
Seat 8: 58lebaron showed [Ts Ac] and lost with a pair of Tens
Seat 9: NJMombach folded before Flop (didn't bet)



PokerStars Hand #230561890270:  Hold'em No Limit ($0.01/$0.02 USD) - 2021/10/12 16:29:36 PT [2021/10/12 19:29:36 ET]
Table 'Jihlava III' 9-max Seat #6 is the button
Seat 2: AsssAssiN10 ($0.70 in chips) 
Seat 6: Dorex2007 ($2.02 in chips) 
Seat 7: purdie42 ($3.10 in chips) 
Seat 9: NJMombach ($3.40 in chips) 
purdie42: posts small blind $0.01
NJMombach: posts big blind $0.02
*** HOLE CARDS ***
Dealt to Dorex2007 [Jh Qd]
AsssAssiN10: folds 
Dorex2007: raises $0.04 to $0.06
purdie42: folds 
NJMombach: raises $0.12 to $0.18
Dorex2007: folds 
Uncalled bet ($0.12) returned to NJMombach
NJMombach collected $0.13 from pot
*** SUMMARY ***
Total pot $0.13 | Rake $0 
Seat 2: AsssAssiN10 folded before Flop (didn't bet)
Seat 6: Dorex2007 (button) folded before Flop
Seat 7: purdie42 (small blind) folded before Flop
Seat 9: NJMombach (big blind) collected ($0.13)



PokerStars Hand #230561898338:  Hold'em No Limit ($0.01/$0.02 USD) - 2021/10/12 16:30:02 PT [2021/10/12 19:30:02 ET]
Table 'Jihlava III' 9-max Seat #7 is the button
Seat 2: AsssAssiN10 ($0.70 in chips) 
Seat 6: Dorex2007 ($1.96 in chips) 
Seat 7: purdie42 ($3.09 in chips) 
Seat 9: NJMombach ($3.47 in chips) 
NJMombach: posts small blind $0.01
AsssAssiN10: posts big blind $0.02
*** HOLE CARDS ***
Dealt to Dorex2007 [2h 8c]
Dorex2007: folds 
purdie42: folds 
NJMombach: folds 
Uncalled bet ($0.01) returned to AsssAssiN10
AsssAssiN10 collected $0.02 from pot
*** SUMMARY ***
Total pot $0.02 | Rake $0 
Seat 2: AsssAssiN10 (big blind) collected ($0.02)
Seat 6: Dorex2007 folded before Flop (didn't bet)
Seat 7: purdie42 (button) folded before Flop (didn't bet)
Seat 9: NJMombach (small blind) folded before Flop



PokerStars Hand #230561901218:  Hold'em No Limit ($0.01/$0.02 USD) - 2021/10/12 16:30:12 PT [2021/10/12 19:30:12 ET]
Table 'Jihlava III' 9-max Seat #9 is the button
Seat 2: AsssAssiN10 ($0.71 in chips) 
Seat 6: Dorex2007 ($1.96 in chips) 
Seat 7: purdie42 ($3.09 in chips) 
Seat 8: 58lebaron ($2 in chips) 
Seat 9: NJMombach ($3.46 in chips) 
AsssAssiN10: posts small blind $0.01
Dorex2007: posts big blind $0.02
58lebaron: posts small & big blinds $0.03
*** HOLE CARDS ***
Dealt to Dorex2007 [Ks 9d]
purdie42: folds 
58lebaron: checks 
NJMombach: folds 
AsssAssiN10: folds 
purdie42 leaves the table
Dorex2007: checks 
*** FLOP *** [5s 9c 2c]
Dorex2007: checks 
58lebaron: checks 
*** TURN *** [5s 9c 2c] [8c]
Dorex2007: bets $0.06
58lebaron: folds 
Uncalled bet ($0.06) returned to Dorex2007
Dorex2007 collected $0.06 from pot
Dorex2007: doesn't show hand 
*** SUMMARY ***
Total pot $0.06 | Rake $0 
Board [5s 9c 2c 8c]
Seat 2: AsssAssiN10 (small blind) folded before Flop
Seat 6: Dorex2007 (big blind) collected ($0.06)
Seat 7: purdie42 folded before Flop (didn't bet)
Seat 8: 58lebaron folded on the Turn (didn't bet)
Seat 9: NJMombach (button) folded before Flop (didn't bet)



PokerStars Hand #230561911438:  Hold'em No Limit ($0.01/$0.02 USD) - 2021/10/12 16:30:37 PT [2021/10/12 19:30:37 ET]
Table 'Jihlava III' 9-max Seat #2 is the button
Seat 2: AsssAssiN10 ($0.70 in chips) 
Seat 6: Dorex2007 ($2 in chips) 
Seat 8: 58lebaron ($1.97 in chips) 
Seat 9: NJMombach ($3.46 in chips) 
Dorex2007: posts small blind $0.01
58lebaron: posts big blind $0.02
*** HOLE CARDS ***
Dealt to Dorex2007 [8s Jc]
NJMombach: folds 
AsssAssiN10: folds 
Dorex2007: folds 
Uncalled bet ($0.01) returned to 58lebaron
58lebaron collected $0.02 from pot
58lebaron: doesn't show hand 
AsssAssiN10 leaves the table
*** SUMMARY ***
Total pot $0.02 | Rake $0 
Seat 2: AsssAssiN10 (button) folded before Flop (didn't bet)
Seat 6: Dorex2007 (small blind) folded before Flop
Seat 8: 58lebaron (big blind) collected ($0.02)
Seat 9: NJMombach folded before Flop (didn't bet)



PokerStars Hand #230561915200:  Hold'em No Limit ($0.01/$0.02 USD) - 2021/10/12 16:30:49 PT [2021/10/12 19:30:49 ET]
Table 'Jihlava III' 9-max Seat #6 is the button
Seat 6: Dorex2007 ($1.99 in chips) 
Seat 8: 58lebaron ($1.98 in chips) 
Seat 9: NJMombach ($3.46 in chips) 
58lebaron: posts small blind $0.01
NJMombach: posts big blind $0.02
*** HOLE CARDS ***
Dealt to Dorex2007 [Qh 9s]
Dorex2007: raises $0.04 to $0.06
58lebaron: folds 
NJMombach: calls $0.04
*** FLOP *** [Js Kh 3s]
NJMombach: checks 
Dorex2007: checks 
*** TURN *** [Js Kh 3s] [Ac]
NJMombach: checks 
Dorex2007: bets $0.09
NJMombach: calls $0.09
*** RIVER *** [Js Kh 3s Ac] [2d]
NJMombach: checks 
Dorex2007: bets $0.15
NJMombach: calls $0.15
*** SHOW DOWN ***
Dorex2007: shows [Qh 9s] (high card Ace)
NJMombach: shows [Td Ah] (a pair of Aces)
NJMombach collected $0.59 from pot
*** SUMMARY ***
Total pot $0.61 | Rake $0.02 
Board [Js Kh 3s Ac 2d]
Seat 6: Dorex2007 (button) showed [Qh 9s] and lost with high card Ace
Seat 8: 58lebaron (small blind) folded before Flop
Seat 9: NJMombach (big blind) showed [Td Ah] and won ($0.59) with a pair of Aces



