PokerStars Hand #224324394263:  Hold'em No Limit ($0.01/$0.02 USD) - 2021/02/28 12:40:03 PT [2021/02/28 15:40:03 ET]
Table 'Toutatis III' 9-max Seat #1 is the button
Seat 1: Foxation ($0.74 in chips) 
Seat 2: TheBigBoss_Peru ($0.55 in chips) 
Seat 3: Dorex2007 ($1.50 in chips) 
Seat 4: zaharov1986 ($1.90 in chips) 
Seat 6: iron66653 ($2 in chips) 
Seat 7: kvzonx100pre ($2.72 in chips) 
Seat 8: velll-13 ($2.79 in chips) 
Seat 9: Asparrowhawk ($2.40 in chips) 
TheBigBoss_Peru: posts small blind $0.01
Dorex2007: posts big blind $0.02
*** HOLE CARDS ***
Dealt to Dorex2007 [Ks 8s]
zaharov1986: folds 
iron66653: calls $0.02
kvzonx100pre: raises $0.06 to $0.08
zaharov1986 leaves the table
velll-13: calls $0.08
Asparrowhawk: folds 
Foxation: folds 
TheBigBoss_Peru: raises $0.18 to $0.26
Dorex2007: folds 
123LADY123 joins the table at seat #4 
iron66653: folds 
kvzonx100pre: folds 
velll-13: calls $0.18
*** FLOP *** [4s 9h 3h]
TheBigBoss_Peru: bets $0.29 and is all-in
velll-13: calls $0.29
*** TURN *** [4s 9h 3h] [Qd]
*** RIVER *** [4s 9h 3h Qd] [Kc]
*** SHOW DOWN ***
TheBigBoss_Peru: shows [Jc Jd] (a pair of Jacks)
velll-13: shows [9s Qc] (two pair, Queens and Nines)
velll-13 collected $1.18 from pot
*** SUMMARY ***
Total pot $1.22 | Rake $0.04 
Board [4s 9h 3h Qd Kc]
Seat 1: Foxation (button) folded before Flop (didn't bet)
Seat 2: TheBigBoss_Peru (small blind) showed [Jc Jd] and lost with a pair of Jacks
Seat 3: Dorex2007 (big blind) folded before Flop
Seat 4: zaharov1986 folded before Flop (didn't bet)
Seat 6: iron66653 folded before Flop
Seat 7: kvzonx100pre folded before Flop
Seat 8: velll-13 showed [9s Qc] and won ($1.18) with two pair, Queens and Nines
Seat 9: Asparrowhawk folded before Flop (didn't bet)



PokerStars Hand #224324443081:  Hold'em No Limit ($0.01/$0.02 USD) - 2021/02/28 12:41:03 PT [2021/02/28 15:41:03 ET]
Table 'Toutatis III' 9-max Seat #3 is the button
Seat 1: Foxation ($0.74 in chips) 
Seat 3: Dorex2007 ($1.48 in chips) 
Seat 6: iron66653 ($1.98 in chips) 
Seat 7: kvzonx100pre ($2.64 in chips) 
Seat 8: velll-13 ($3.42 in chips) 
Seat 9: Asparrowhawk ($2.40 in chips) 
iron66653: posts small blind $0.01
kvzonx100pre: posts big blind $0.02
*** HOLE CARDS ***
Dealt to Dorex2007 [5h 3d]
velll-13: raises $0.02 to $0.04
TheBigBoss_Peru leaves the table
Asparrowhawk: calls $0.04
cosmo2608 leaves the table
Foxation: folds 
Dorex2007: folds 
iron66653: folds 
kvzonx100pre: folds 
*** FLOP *** [6d 4c 2h]
velll-13: bets $0.05
Asparrowhawk: raises $0.05 to $0.10
velll-13: raises $0.05 to $0.15
Asparrowhawk: calls $0.05
*** TURN *** [6d 4c 2h] [Ah]
velll-13: bets $0.40
Asparrowhawk: raises $1.74 to $2.14
enixblr joins the table at seat #5 
velll-13: folds 
Uncalled bet ($1.74) returned to Asparrowhawk
Asparrowhawk collected $1.17 from pot
*** SUMMARY ***
Total pot $1.21 | Rake $0.04 
Board [6d 4c 2h Ah]
Seat 1: Foxation folded before Flop (didn't bet)
Seat 3: Dorex2007 (button) folded before Flop (didn't bet)
Seat 6: iron66653 (small blind) folded before Flop
Seat 7: kvzonx100pre (big blind) folded before Flop
Seat 8: velll-13 folded on the Turn
Seat 9: Asparrowhawk collected ($1.17)



PokerStars Hand #224324492901:  Hold'em No Limit ($0.01/$0.02 USD) - 2021/02/28 12:42:04 PT [2021/02/28 15:42:04 ET]
Table 'Toutatis III' 9-max Seat #6 is the button
Seat 1: Foxation ($0.74 in chips) 
Seat 3: Dorex2007 ($1.48 in chips) 
Seat 4: 123LADY123 ($1.08 in chips) 
Seat 6: iron66653 ($1.97 in chips) 
Seat 7: kvzonx100pre ($2.62 in chips) 
Seat 8: velll-13 ($2.83 in chips) 
Seat 9: Asparrowhawk ($2.98 in chips) 
kvzonx100pre: posts small blind $0.01
velll-13: posts big blind $0.02
123LADY123: posts big blind $0.02
enixblr: sits out 
*** HOLE CARDS ***
Dealt to Dorex2007 [Kh 5s]
LELEELARI joins the table at seat #2 
Asparrowhawk: calls $0.02
Foxation: raises $0.10 to $0.12
Dorex2007: folds 
123LADY123: folds 
iron66653: folds 
kvzonx100pre: folds 
velll-13: folds 
Asparrowhawk: folds 
Uncalled bet ($0.10) returned to Foxation
Foxation collected $0.09 from pot
Foxation: doesn't show hand 
*** SUMMARY ***
Total pot $0.09 | Rake $0 
Seat 1: Foxation collected ($0.09)
Seat 3: Dorex2007 folded before Flop (didn't bet)
Seat 4: 123LADY123 folded before Flop (didn't bet)
Seat 6: iron66653 (button) folded before Flop (didn't bet)
Seat 7: kvzonx100pre (small blind) folded before Flop
Seat 8: velll-13 (big blind) folded before Flop
Seat 9: Asparrowhawk folded before Flop



PokerStars Hand #224324515333:  Hold'em No Limit ($0.01/$0.02 USD) - 2021/02/28 12:42:32 PT [2021/02/28 15:42:32 ET]
Table 'Toutatis III' 9-max Seat #7 is the button
Seat 1: Foxation ($0.81 in chips) 
Seat 3: Dorex2007 ($1.48 in chips) 
Seat 4: 123LADY123 ($1.06 in chips) 
Seat 6: iron66653 ($1.97 in chips) 
Seat 7: kvzonx100pre ($2.61 in chips) 
Seat 8: velll-13 ($2.81 in chips) 
Seat 9: Asparrowhawk ($2.96 in chips) 
velll-13: posts small blind $0.01
Asparrowhawk: posts big blind $0.02
LELEELARI: sits out 
enixblr: sits out 
*** HOLE CARDS ***
Dealt to Dorex2007 [6d 2s]
Foxation: folds 
Dorex2007: folds 
123LADY123: folds 
iron66653: raises $0.02 to $0.04
kvzonx100pre: folds 
velll-13: raises $0.10 to $0.14
Asparrowhawk: folds 
iron66653: calls $0.10
*** FLOP *** [3c Tc Jh]
velll-13: bets $0.14
iron66653: calls $0.14
*** TURN *** [3c Tc Jh] [As]
velll-13: bets $2.53 and is all-in
iron66653: folds 
Uncalled bet ($2.53) returned to velll-13
velll-13 collected $0.56 from pot
velll-13: doesn't show hand 
*** SUMMARY ***
Total pot $0.58 | Rake $0.02 
Board [3c Tc Jh As]
Seat 1: Foxation folded before Flop (didn't bet)
Seat 3: Dorex2007 folded before Flop (didn't bet)
Seat 4: 123LADY123 folded before Flop (didn't bet)
Seat 6: iron66653 folded on the Turn
Seat 7: kvzonx100pre (button) folded before Flop (didn't bet)
Seat 8: velll-13 (small blind) collected ($0.56)
Seat 9: Asparrowhawk (big blind) folded before Flop



PokerStars Hand #224324548603:  Hold'em No Limit ($0.01/$0.02 USD) - 2021/02/28 12:43:09 PT [2021/02/28 15:43:09 ET]
Table 'Toutatis III' 9-max Seat #8 is the button
Seat 1: Foxation ($0.81 in chips) 
Seat 3: Dorex2007 ($1.48 in chips) 
Seat 4: 123LADY123 ($1.06 in chips) 
Seat 6: iron66653 ($1.69 in chips) 
Seat 7: kvzonx100pre ($2.61 in chips) 
Seat 8: velll-13 ($3.09 in chips) 
Seat 9: Asparrowhawk ($2.94 in chips) 
Asparrowhawk: posts small blind $0.01
Foxation: posts big blind $0.02
LELEELARI: sits out 
enixblr: sits out 
*** HOLE CARDS ***
Dealt to Dorex2007 [5h 6c]
Dorex2007: folds 
123LADY123: folds 
iron66653: folds 
kvzonx100pre: folds 
velll-13: calls $0.02
Asparrowhawk: calls $0.01
Foxation: checks 
*** FLOP *** [4s 8h Td]
Asparrowhawk: checks 
Foxation: checks 
velll-13: bets $0.02
Asparrowhawk: calls $0.02
Foxation: folds 
*** TURN *** [4s 8h Td] [4h]
Asparrowhawk: bets $0.02
velll-13: raises $0.14 to $0.16
Asparrowhawk: folds 
Uncalled bet ($0.14) returned to velll-13
velll-13 collected $0.14 from pot
velll-13: doesn't show hand 
*** SUMMARY ***
Total pot $0.14 | Rake $0 
Board [4s 8h Td 4h]
Seat 1: Foxation (big blind) folded on the Flop
Seat 3: Dorex2007 folded before Flop (didn't bet)
Seat 4: 123LADY123 folded before Flop (didn't bet)
Seat 6: iron66653 folded before Flop (didn't bet)
Seat 7: kvzonx100pre folded before Flop (didn't bet)
Seat 8: velll-13 (button) collected ($0.14)
Seat 9: Asparrowhawk (small blind) folded on the Turn



PokerStars Hand #224324590432:  Hold'em No Limit ($0.01/$0.02 USD) - 2021/02/28 12:44:00 PT [2021/02/28 15:44:00 ET]
Table 'Toutatis III' 9-max Seat #9 is the button
Seat 1: Foxation ($0.79 in chips) 
Seat 2: LELEELARI ($0.80 in chips) 
Seat 3: Dorex2007 ($1.48 in chips) 
Seat 4: 123LADY123 ($1.06 in chips) 
Seat 6: iron66653 ($1.69 in chips) 
Seat 7: kvzonx100pre ($2.61 in chips) 
Seat 8: velll-13 ($3.17 in chips) 
Seat 9: Asparrowhawk ($2.88 in chips) 
Foxation: posts small blind $0.01
LELEELARI: posts big blind $0.02
enixblr: sits out 
*** HOLE CARDS ***
Dealt to Dorex2007 [8h Td]
Dorex2007: folds 
123LADY123: folds 
iron66653: calls $0.02
kvzonx100pre: folds 
velll-13: calls $0.02
Asparrowhawk: calls $0.02
Foxation: folds 
LELEELARI: checks 
*** FLOP *** [5c 2d Ks]
LELEELARI: checks 
iron66653: checks 
velll-13: checks 
Asparrowhawk: checks 
*** TURN *** [5c 2d Ks] [3c]
LELEELARI: bets $0.02
iron66653: calls $0.02
velll-13: folds 
Asparrowhawk: calls $0.02
*** RIVER *** [5c 2d Ks 3c] [6c]
LELEELARI: checks 
iron66653: checks 
Asparrowhawk: bets $0.16
LELEELARI: folds 
iron66653: folds 
Uncalled bet ($0.16) returned to Asparrowhawk
Asparrowhawk collected $0.14 from pot
*** SUMMARY ***
Total pot $0.15 | Rake $0.01 
Board [5c 2d Ks 3c 6c]
Seat 1: Foxation (small blind) folded before Flop
Seat 2: LELEELARI (big blind) folded on the River
Seat 3: Dorex2007 folded before Flop (didn't bet)
Seat 4: 123LADY123 folded before Flop (didn't bet)
Seat 6: iron66653 folded on the River
Seat 7: kvzonx100pre folded before Flop (didn't bet)
Seat 8: velll-13 folded on the Turn
Seat 9: Asparrowhawk (button) collected ($0.14)



PokerStars Hand #224324652141:  Hold'em No Limit ($0.01/$0.02 USD) - 2021/02/28 12:45:15 PT [2021/02/28 15:45:15 ET]
Table 'Toutatis III' 9-max Seat #1 is the button
Seat 1: Foxation ($0.78 in chips) 
Seat 2: LELEELARI ($0.76 in chips) 
Seat 3: Dorex2007 ($1.48 in chips) 
Seat 4: 123LADY123 ($1.06 in chips) 
Seat 6: iron66653 ($1.65 in chips) 
Seat 7: kvzonx100pre ($2.61 in chips) 
Seat 8: velll-13 ($3.15 in chips) 
Seat 9: Asparrowhawk ($2.98 in chips) 
LELEELARI: posts small blind $0.01
Dorex2007: posts big blind $0.02
*** HOLE CARDS ***
Dealt to Dorex2007 [7d 7h]
123LADY123: folds 
iron66653: calls $0.02
kvzonx100pre: folds 
velll-13: raises $0.02 to $0.04
Asparrowhawk: folds 
Foxation: folds 
LELEELARI: folds 
Dorex2007: calls $0.02
iron66653: calls $0.02
*** FLOP *** [3c 3h As]
Dorex2007: checks 
iron66653: checks 
velll-13: bets $0.06
Dorex2007: folds 
iron66653: calls $0.06
*** TURN *** [3c 3h As] [7c]
iron66653: checks 
velll-13: bets $0.12
iron66653: calls $0.12
*** RIVER *** [3c 3h As 7c] [7s]
iron66653: checks 
velll-13: bets $2.93 and is all-in
iron66653: folds 
Uncalled bet ($2.93) returned to velll-13
velll-13 collected $0.47 from pot
velll-13: doesn't show hand 
*** SUMMARY ***
Total pot $0.49 | Rake $0.02 
Board [3c 3h As 7c 7s]
Seat 1: Foxation (button) folded before Flop (didn't bet)
Seat 2: LELEELARI (small blind) folded before Flop
Seat 3: Dorex2007 (big blind) folded on the Flop
Seat 4: 123LADY123 folded before Flop (didn't bet)
Seat 6: iron66653 folded on the River
Seat 7: kvzonx100pre folded before Flop (didn't bet)
Seat 8: velll-13 collected ($0.47)
Seat 9: Asparrowhawk folded before Flop (didn't bet)



PokerStars Hand #224324714895:  Hold'em No Limit ($0.01/$0.02 USD) - 2021/02/28 12:46:32 PT [2021/02/28 15:46:32 ET]
Table 'Toutatis III' 9-max Seat #2 is the button
Seat 1: Foxation ($0.78 in chips) 
Seat 2: LELEELARI ($0.75 in chips) 
Seat 3: Dorex2007 ($1.44 in chips) 
Seat 4: 123LADY123 ($1.06 in chips) 
Seat 6: iron66653 ($1.43 in chips) 
Seat 7: kvzonx100pre ($2.61 in chips) 
Seat 8: velll-13 ($3.40 in chips) 
Seat 9: Asparrowhawk ($2.98 in chips) 
Dorex2007: posts small blind $0.01
123LADY123: posts big blind $0.02
*** HOLE CARDS ***
Dealt to Dorex2007 [Qd 6c]
iron66653: calls $0.02
kvzonx100pre: folds 
velll-13: raises $0.02 to $0.04
Asparrowhawk: folds 
Foxation: folds 
LELEELARI: folds 
Dorex2007: folds 
123LADY123: raises $0.02 to $0.06
iron66653: calls $0.04
velll-13: raises $0.02 to $0.08
123LADY123: calls $0.02
iron66653: calls $0.02
*** FLOP *** [7s As 7d]
123LADY123: checks 
iron66653: checks 
velll-13: bets $0.24
123LADY123: folds 
iron66653: folds 
Uncalled bet ($0.24) returned to velll-13
velll-13 collected $0.24 from pot
velll-13: doesn't show hand 
*** SUMMARY ***
Total pot $0.25 | Rake $0.01 
Board [7s As 7d]
Seat 1: Foxation folded before Flop (didn't bet)
Seat 2: LELEELARI (button) folded before Flop (didn't bet)
Seat 3: Dorex2007 (small blind) folded before Flop
Seat 4: 123LADY123 (big blind) folded on the Flop
Seat 6: iron66653 folded on the Flop
Seat 7: kvzonx100pre folded before Flop (didn't bet)
Seat 8: velll-13 collected ($0.24)
Seat 9: Asparrowhawk folded before Flop (didn't bet)



PokerStars Hand #224324759255:  Hold'em No Limit ($0.01/$0.02 USD) - 2021/02/28 12:47:26 PT [2021/02/28 15:47:26 ET]
Table 'Toutatis III' 9-max Seat #3 is the button
Seat 1: Foxation ($0.78 in chips) 
Seat 2: LELEELARI ($0.75 in chips) 
Seat 3: Dorex2007 ($1.43 in chips) 
Seat 4: 123LADY123 ($0.98 in chips) 
Seat 6: iron66653 ($1.35 in chips) 
Seat 7: kvzonx100pre ($2.61 in chips) 
Seat 8: velll-13 ($3.56 in chips) 
Seat 9: Asparrowhawk ($2.98 in chips) 
123LADY123: posts small blind $0.01
iron66653: posts big blind $0.02
*** HOLE CARDS ***
Dealt to Dorex2007 [As Qh]
kvzonx100pre: folds 
velll-13: folds 
Asparrowhawk: folds 
Foxation: folds 
LELEELARI: folds 
Dorex2007: raises $0.04 to $0.06
123LADY123: folds 
iron66653: calls $0.04
*** FLOP *** [4c Ah Jh]
iron66653: checks 
Dorex2007: checks 
*** TURN *** [4c Ah Jh] [9d]
iron66653: checks 
Dorex2007: bets $0.10
iron66653: calls $0.10
*** RIVER *** [4c Ah Jh 9d] [Tc]
iron66653: checks 
Dorex2007: checks 
*** SHOW DOWN ***
iron66653: shows [Th 5h] (a pair of Tens)
Dorex2007: shows [As Qh] (a pair of Aces)
Dorex2007 collected $0.32 from pot
*** SUMMARY ***
Total pot $0.33 | Rake $0.01 
Board [4c Ah Jh 9d Tc]
Seat 1: Foxation folded before Flop (didn't bet)
Seat 2: LELEELARI folded before Flop (didn't bet)
Seat 3: Dorex2007 (button) showed [As Qh] and won ($0.32) with a pair of Aces
Seat 4: 123LADY123 (small blind) folded before Flop
Seat 6: iron66653 (big blind) showed [Th 5h] and lost with a pair of Tens
Seat 7: kvzonx100pre folded before Flop (didn't bet)
Seat 8: velll-13 folded before Flop (didn't bet)
Seat 9: Asparrowhawk folded before Flop (didn't bet)



PokerStars Hand #224324805971:  Hold'em No Limit ($0.01/$0.02 USD) - 2021/02/28 12:48:13 PT [2021/02/28 15:48:13 ET]
Table 'Toutatis III' 9-max Seat #4 is the button
Seat 1: Foxation ($0.78 in chips) 
Seat 2: LELEELARI ($0.75 in chips) 
Seat 3: Dorex2007 ($1.59 in chips) 
Seat 4: 123LADY123 ($0.97 in chips) 
Seat 6: iron66653 ($1.19 in chips) 
Seat 7: kvzonx100pre ($2.61 in chips) 
Seat 8: velll-13 ($3.56 in chips) 
Seat 9: Asparrowhawk ($2.98 in chips) 
iron66653: posts small blind $0.01
kvzonx100pre: posts big blind $0.02
*** HOLE CARDS ***
Dealt to Dorex2007 [Jh Jd]
velll-13: calls $0.02
Asparrowhawk: folds 
Foxation: folds 
LELEELARI: folds 
Dorex2007: raises $0.06 to $0.08
123LADY123: calls $0.08
iron66653: folds 
kvzonx100pre: folds 
velll-13: calls $0.06
*** FLOP *** [Qh Qs 3s]
velll-13: bets $0.02
Dorex2007: raises $0.30 to $0.32
123LADY123: folds 
velll-13: folds 
Uncalled bet ($0.30) returned to Dorex2007
Dorex2007 collected $0.30 from pot
Dorex2007: doesn't show hand 
*** SUMMARY ***
Total pot $0.31 | Rake $0.01 
Board [Qh Qs 3s]
Seat 1: Foxation folded before Flop (didn't bet)
Seat 2: LELEELARI folded before Flop (didn't bet)
Seat 3: Dorex2007 collected ($0.30)
Seat 4: 123LADY123 (button) folded on the Flop
Seat 6: iron66653 (small blind) folded before Flop
Seat 7: kvzonx100pre (big blind) folded before Flop
Seat 8: velll-13 folded on the Flop
Seat 9: Asparrowhawk folded before Flop (didn't bet)



PokerStars Hand #224324837775:  Hold'em No Limit ($0.01/$0.02 USD) - 2021/02/28 12:48:52 PT [2021/02/28 15:48:52 ET]
Table 'Toutatis III' 9-max Seat #6 is the button
Seat 1: Foxation ($0.78 in chips) 
Seat 2: LELEELARI ($0.75 in chips) 
Seat 3: Dorex2007 ($1.79 in chips) 
Seat 4: 123LADY123 ($0.89 in chips) 
Seat 6: iron66653 ($1.18 in chips) 
Seat 7: kvzonx100pre ($2.59 in chips) 
Seat 8: velll-13 ($3.46 in chips) 
Seat 9: Asparrowhawk ($2.98 in chips) 
kvzonx100pre: posts small blind $0.01
velll-13: posts big blind $0.02
*** HOLE CARDS ***
Dealt to Dorex2007 [Th As]
Asparrowhawk: calls $0.02
Foxation: folds 
LELEELARI: calls $0.02
Dorex2007: calls $0.02
123LADY123: folds 
iron66653: calls $0.02
kvzonx100pre: folds 
velll-13: raises $0.16 to $0.18
Asparrowhawk: folds 
LELEELARI: folds 
Dorex2007: folds 
iron66653: folds 
Uncalled bet ($0.16) returned to velll-13
velll-13 collected $0.11 from pot
velll-13: doesn't show hand 
*** SUMMARY ***
Total pot $0.11 | Rake $0 
Seat 1: Foxation folded before Flop (didn't bet)
Seat 2: LELEELARI folded before Flop
Seat 3: Dorex2007 folded before Flop
Seat 4: 123LADY123 folded before Flop (didn't bet)
Seat 6: iron66653 (button) folded before Flop
Seat 7: kvzonx100pre (small blind) folded before Flop
Seat 8: velll-13 (big blind) collected ($0.11)
Seat 9: Asparrowhawk folded before Flop



PokerStars Hand #224324878066:  Hold'em No Limit ($0.01/$0.02 USD) - 2021/02/28 12:49:32 PT [2021/02/28 15:49:32 ET]
Table 'Toutatis III' 9-max Seat #7 is the button
Seat 1: Foxation ($0.78 in chips) 
Seat 2: LELEELARI ($0.73 in chips) 
Seat 3: Dorex2007 ($1.77 in chips) 
Seat 4: 123LADY123 ($0.89 in chips) 
Seat 6: iron66653 ($1.16 in chips) 
Seat 7: kvzonx100pre ($2.58 in chips) 
Seat 8: velll-13 ($3.55 in chips) 
Seat 9: Asparrowhawk ($2.96 in chips) 
velll-13: posts small blind $0.01
Asparrowhawk: posts big blind $0.02
*** HOLE CARDS ***
Dealt to Dorex2007 [Qc 4s]
Foxation: folds 
LELEELARI: folds 
Dorex2007: folds 
123LADY123: folds 
iron66653: calls $0.02
kvzonx100pre: folds 
velll-13: calls $0.01
Asparrowhawk: checks 
*** FLOP *** [8d 7c 4c]
velll-13: bets $0.02
Asparrowhawk: calls $0.02
iron66653: calls $0.02
*** TURN *** [8d 7c 4c] [7h]
velll-13: bets $0.06
Asparrowhawk: folds 
iron66653: calls $0.06
*** RIVER *** [8d 7c 4c 7h] [Jc]
velll-13: bets $0.23
iron66653: calls $0.23
*** SHOW DOWN ***
velll-13: shows [6h Td] (a pair of Sevens)
iron66653: shows [As 7s] (three of a kind, Sevens)
iron66653 collected $0.68 from pot
*** SUMMARY ***
Total pot $0.70 | Rake $0.02 
Board [8d 7c 4c 7h Jc]
Seat 1: Foxation folded before Flop (didn't bet)
Seat 2: LELEELARI folded before Flop (didn't bet)
Seat 3: Dorex2007 folded before Flop (didn't bet)
Seat 4: 123LADY123 folded before Flop (didn't bet)
Seat 6: iron66653 showed [As 7s] and won ($0.68) with three of a kind, Sevens
Seat 7: kvzonx100pre (button) folded before Flop (didn't bet)
Seat 8: velll-13 (small blind) showed [6h Td] and lost with a pair of Sevens
Seat 9: Asparrowhawk (big blind) folded on the Turn



PokerStars Hand #224324917436:  Hold'em No Limit ($0.01/$0.02 USD) - 2021/02/28 12:50:21 PT [2021/02/28 15:50:21 ET]
Table 'Toutatis III' 9-max Seat #8 is the button
Seat 1: Foxation ($0.78 in chips) 
Seat 2: LELEELARI ($0.73 in chips) 
Seat 3: Dorex2007 ($1.77 in chips) 
Seat 4: 123LADY123 ($0.89 in chips) 
Seat 6: iron66653 ($1.51 in chips) 
Seat 7: kvzonx100pre ($2.58 in chips) 
Seat 8: velll-13 ($3.22 in chips) 
Seat 9: Asparrowhawk ($2.92 in chips) 
Asparrowhawk: posts small blind $0.01
Foxation: posts big blind $0.02
*** HOLE CARDS ***
Dealt to Dorex2007 [Jd 4s]
LELEELARI: folds 
Dorex2007: folds 
123LADY123: folds 
iron66653: calls $0.02
kvzonx100pre: folds 
velll-13: calls $0.02
Asparrowhawk: calls $0.01
Foxation: checks 
*** FLOP *** [3c 5c Ts]
Asparrowhawk: checks 
Foxation: bets $0.05
iron66653: calls $0.05
velll-13: folds 
Asparrowhawk: folds 
*** TURN *** [3c 5c Ts] [2s]
Foxation: bets $0.11
iron66653: calls $0.11
*** RIVER *** [3c 5c Ts 2s] [3h]
Foxation: checks 
iron66653: checks 
*** SHOW DOWN ***
Foxation: shows [Th Kd] (two pair, Tens and Threes)
iron66653: mucks hand 
Foxation collected $0.39 from pot
*** SUMMARY ***
Total pot $0.40 | Rake $0.01 
Board [3c 5c Ts 2s 3h]
Seat 1: Foxation (big blind) showed [Th Kd] and won ($0.39) with two pair, Tens and Threes
Seat 2: LELEELARI folded before Flop (didn't bet)
Seat 3: Dorex2007 folded before Flop (didn't bet)
Seat 4: 123LADY123 folded before Flop (didn't bet)
Seat 6: iron66653 mucked [Ac Kc]
Seat 7: kvzonx100pre folded before Flop (didn't bet)
Seat 8: velll-13 (button) folded on the Flop
Seat 9: Asparrowhawk (small blind) folded on the Flop



PokerStars Hand #224324959361:  Hold'em No Limit ($0.01/$0.02 USD) - 2021/02/28 12:51:13 PT [2021/02/28 15:51:13 ET]
Table 'Toutatis III' 9-max Seat #9 is the button
Seat 1: Foxation ($0.99 in chips) 
Seat 2: LELEELARI ($0.73 in chips) 
Seat 3: Dorex2007 ($1.77 in chips) 
Seat 4: 123LADY123 ($0.89 in chips) 
Seat 6: iron66653 ($1.33 in chips) 
Seat 7: kvzonx100pre ($2.58 in chips) 
Seat 8: velll-13 ($3.20 in chips) 
Seat 9: Asparrowhawk ($2.90 in chips) 
Foxation: posts small blind $0.01
LELEELARI: posts big blind $0.02
*** HOLE CARDS ***
Dealt to Dorex2007 [6c Ac]
Dorex2007 has timed out
Dorex2007: folds 
123LADY123: folds 
iron66653: calls $0.02
kvzonx100pre: folds 
velll-13: calls $0.02
Asparrowhawk: folds 
Foxation: raises $0.10 to $0.12
LELEELARI: folds 
iron66653: folds 
velll-13: calls $0.10
*** FLOP *** [4c Jd 6s]
Foxation: checks 
velll-13: bets $0.02
Foxation: raises $0.18 to $0.20
velll-13: calls $0.18
*** TURN *** [4c Jd 6s] [9c]
Foxation: checks 
velll-13: bets $2.88 and is all-in
Foxation: folds 
Uncalled bet ($2.88) returned to velll-13
velll-13 collected $0.66 from pot
velll-13: doesn't show hand 
*** SUMMARY ***
Total pot $0.68 | Rake $0.02 
Board [4c Jd 6s 9c]
Seat 1: Foxation (small blind) folded on the Turn
Seat 2: LELEELARI (big blind) folded before Flop
Seat 3: Dorex2007 folded before Flop (didn't bet)
Seat 4: 123LADY123 folded before Flop (didn't bet)
Seat 6: iron66653 folded before Flop
Seat 7: kvzonx100pre folded before Flop (didn't bet)
Seat 8: velll-13 collected ($0.66)
Seat 9: Asparrowhawk (button) folded before Flop (didn't bet)



PokerStars Hand #224325041055:  Hold'em No Limit ($0.01/$0.02 USD) - 2021/02/28 12:52:45 PT [2021/02/28 15:52:45 ET]
Table 'Toutatis III' 9-max Seat #1 is the button
Seat 1: Foxation ($0.67 in chips) 
Seat 2: LELEELARI ($0.71 in chips) 
Seat 3: Dorex2007 ($1.77 in chips) 
Seat 4: 123LADY123 ($0.89 in chips) 
Seat 6: iron66653 ($1.31 in chips) 
Seat 7: kvzonx100pre ($2.58 in chips) 
Seat 8: velll-13 ($3.54 in chips) 
Seat 9: Asparrowhawk ($2.90 in chips) 
LELEELARI: posts small blind $0.01
Dorex2007: posts big blind $0.02
*** HOLE CARDS ***
Dealt to Dorex2007 [As 7s]
123LADY123: folds 
iron66653: calls $0.02
kvzonx100pre: folds 
velll-13: raises $0.04 to $0.06
Asparrowhawk: folds 
Foxation: folds 
LELEELARI: folds 
Dorex2007: folds 
iron66653: calls $0.04
*** FLOP *** [7c 4d Js]
iron66653: checks 
velll-13: checks 
*** TURN *** [7c 4d Js] [3c]
iron66653: checks 
velll-13: bets $0.07
iron66653: raises $0.09 to $0.16
velll-13: calls $0.09
*** RIVER *** [7c 4d Js 3c] [5c]
iron66653: bets $0.23
velll-13: raises $3.09 to $3.32 and is all-in
iron66653: calls $0.86 and is all-in
Uncalled bet ($2.23) returned to velll-13
*** SHOW DOWN ***
velll-13: shows [Kh Qh] (high card King)
iron66653: shows [Qs Jc] (a pair of Jacks)
iron66653 collected $2.56 from pot
*** SUMMARY ***
Total pot $2.65 | Rake $0.09 
Board [7c 4d Js 3c 5c]
Seat 1: Foxation (button) folded before Flop (didn't bet)
Seat 2: LELEELARI (small blind) folded before Flop
Seat 3: Dorex2007 (big blind) folded before Flop
Seat 4: 123LADY123 folded before Flop (didn't bet)
Seat 6: iron66653 showed [Qs Jc] and won ($2.56) with a pair of Jacks
Seat 7: kvzonx100pre folded before Flop (didn't bet)
Seat 8: velll-13 showed [Kh Qh] and lost with high card King
Seat 9: Asparrowhawk folded before Flop (didn't bet)



PokerStars Hand #224325092702:  Hold'em No Limit ($0.01/$0.02 USD) - 2021/02/28 12:53:49 PT [2021/02/28 15:53:49 ET]
Table 'Toutatis III' 9-max Seat #2 is the button
Seat 1: Foxation ($0.67 in chips) 
Seat 2: LELEELARI ($0.70 in chips) 
Seat 3: Dorex2007 ($1.75 in chips) 
Seat 4: 123LADY123 ($0.89 in chips) 
Seat 6: iron66653 ($2.56 in chips) 
Seat 7: kvzonx100pre ($2.58 in chips) 
Seat 8: velll-13 ($2.23 in chips) 
Seat 9: Asparrowhawk ($2.90 in chips) 
Dorex2007: posts small blind $0.01
123LADY123: posts big blind $0.02
*** HOLE CARDS ***
Dealt to Dorex2007 [Ah Kd]
iron66653: folds 
kvzonx100pre: folds 
Dorex2007 said, "lol"
velll-13: calls $0.02
Asparrowhawk: folds 
Foxation: folds 
LELEELARI: raises $0.04 to $0.06
Dorex2007: raises $0.12 to $0.18
123LADY123: folds 
velll-13: calls $0.16
LELEELARI: folds 
*** FLOP *** [6c 3h 5d]
Dorex2007: bets $1.57 and is all-in
velll-13: calls $1.57
*** TURN *** [6c 3h 5d] [7s]
*** RIVER *** [6c 3h 5d 7s] [Jc]
*** SHOW DOWN ***
Dorex2007: shows [Ah Kd] (high card Ace)
velll-13: shows [7h 4c] (a straight, Three to Seven)
velll-13 collected $3.45 from pot
*** SUMMARY ***
Total pot $3.58 | Rake $0.13 
Board [6c 3h 5d 7s Jc]
Seat 1: Foxation folded before Flop (didn't bet)
Seat 2: LELEELARI (button) folded before Flop
Seat 3: Dorex2007 (small blind) showed [Ah Kd] and lost with high card Ace
Seat 4: 123LADY123 (big blind) folded before Flop
Seat 6: iron66653 folded before Flop (didn't bet)
Seat 7: kvzonx100pre folded before Flop (didn't bet)
Seat 8: velll-13 showed [7h 4c] and won ($3.45) with a straight, Three to Seven
Seat 9: Asparrowhawk folded before Flop (didn't bet)



PokerStars Hand #224325312126:  Hold'em No Limit ($0.01/$0.02 USD) - 2021/02/28 13:00:27 PT [2021/02/28 16:00:27 ET]
Table 'Toutatis III' 9-max Seat #4 is the button
Seat 1: Foxation ($0.75 in chips) 
Seat 2: LELEELARI ($0.57 in chips) 
Seat 3: Dorex2007 ($2 in chips) 
Seat 4: 123LADY123 ($0.82 in chips) 
Seat 5: enixblr ($2 in chips) 
Seat 6: iron66653 ($2.48 in chips) 
Seat 7: kvzonx100pre ($2.55 in chips) 
Seat 8: velll-13 ($3.91 in chips) 
Seat 9: Asparrowhawk ($3.06 in chips) 
enixblr: posts small blind $0.01
iron66653: posts big blind $0.02
Dorex2007: posts small & big blinds $0.03
*** HOLE CARDS ***
Dealt to Dorex2007 [Th 4d]
kvzonx100pre: folds 
velll-13: raises $0.02 to $0.04
Asparrowhawk: calls $0.04
Foxation: folds 
LELEELARI: folds 
Dorex2007: folds 
123LADY123: folds 
enixblr: folds 
iron66653: calls $0.02
*** FLOP *** [Js Ac 8h]
iron66653: checks 
velll-13: bets $0.02
Asparrowhawk: calls $0.02
iron66653: calls $0.02
*** TURN *** [Js Ac 8h] [Ts]
iron66653: checks 
velll-13: bets $0.02
Asparrowhawk: calls $0.02
iron66653: folds 
*** RIVER *** [Js Ac 8h Ts] [Qs]
velll-13: bets $1.06
Asparrowhawk: folds 
Uncalled bet ($1.06) returned to velll-13
velll-13 collected $0.25 from pot
velll-13: doesn't show hand 
*** SUMMARY ***
Total pot $0.26 | Rake $0.01 
Board [Js Ac 8h Ts Qs]
Seat 1: Foxation folded before Flop (didn't bet)
Seat 2: LELEELARI folded before Flop (didn't bet)
Seat 3: Dorex2007 folded before Flop (didn't bet)
Seat 4: 123LADY123 (button) folded before Flop (didn't bet)
Seat 5: enixblr (small blind) folded before Flop
Seat 6: iron66653 (big blind) folded on the Turn
Seat 7: kvzonx100pre folded before Flop (didn't bet)
Seat 8: velll-13 collected ($0.25)
Seat 9: Asparrowhawk folded on the River



PokerStars Hand #224325353145:  Hold'em No Limit ($0.01/$0.02 USD) - 2021/02/28 13:01:35 PT [2021/02/28 16:01:35 ET]
Table 'Toutatis III' 9-max Seat #5 is the button
Seat 1: Foxation ($0.75 in chips) 
Seat 2: LELEELARI ($0.57 in chips) 
Seat 3: Dorex2007 ($1.97 in chips) 
Seat 4: 123LADY123 ($0.82 in chips) 
Seat 5: enixblr ($2 in chips) 
Seat 6: iron66653 ($2.42 in chips) 
Seat 7: kvzonx100pre ($2.55 in chips) 
Seat 8: velll-13 ($4.08 in chips) 
Seat 9: Asparrowhawk ($2.98 in chips) 
iron66653: posts small blind $0.01
kvzonx100pre: posts big blind $0.02
*** HOLE CARDS ***
Dealt to Dorex2007 [6h Ac]
velll-13: raises $0.02 to $0.04
Asparrowhawk: folds 
Foxation: folds 
LELEELARI: folds 
Dorex2007: folds 
123LADY123: folds 
enixblr: folds 
iron66653: calls $0.03
kvzonx100pre: folds 
*** FLOP *** [Ah 3s Jd]
iron66653: checks 
velll-13: bets $0.10
iron66653: calls $0.10
*** TURN *** [Ah 3s Jd] [Qc]
iron66653: checks 
velll-13: bets $0.02
iron66653: calls $0.02
*** RIVER *** [Ah 3s Jd Qc] [3h]
iron66653: checks 
velll-13: checks 
*** SHOW DOWN ***
iron66653: shows [4c Ad] (two pair, Aces and Threes)
velll-13: mucks hand 
iron66653 collected $0.33 from pot
*** SUMMARY ***
Total pot $0.34 | Rake $0.01 
Board [Ah 3s Jd Qc 3h]
Seat 1: Foxation folded before Flop (didn't bet)
Seat 2: LELEELARI folded before Flop (didn't bet)
Seat 3: Dorex2007 folded before Flop (didn't bet)
Seat 4: 123LADY123 folded before Flop (didn't bet)
Seat 5: enixblr (button) folded before Flop (didn't bet)
Seat 6: iron66653 (small blind) showed [4c Ad] and won ($0.33) with two pair, Aces and Threes
Seat 7: kvzonx100pre (big blind) folded before Flop
Seat 8: velll-13 mucked [5s 5h]
Seat 9: Asparrowhawk folded before Flop (didn't bet)



PokerStars Hand #224325387415:  Hold'em No Limit ($0.01/$0.02 USD) - 2021/02/28 13:02:25 PT [2021/02/28 16:02:25 ET]
Table 'Toutatis III' 9-max Seat #6 is the button
Seat 1: Foxation ($0.75 in chips) 
Seat 2: LELEELARI ($0.57 in chips) 
Seat 3: Dorex2007 ($1.97 in chips) 
Seat 4: 123LADY123 ($0.82 in chips) 
Seat 5: enixblr ($2 in chips) 
Seat 6: iron66653 ($2.59 in chips) 
Seat 7: kvzonx100pre ($2.53 in chips) 
Seat 8: velll-13 ($3.92 in chips) 
Seat 9: Asparrowhawk ($2.98 in chips) 
kvzonx100pre: posts small blind $0.01
velll-13: posts big blind $0.02
*** HOLE CARDS ***
Dealt to Dorex2007 [8s 3c]
Asparrowhawk: calls $0.02
Foxation: folds 
LELEELARI: folds 
Dorex2007: folds 
123LADY123: folds 
enixblr: folds 
iron66653: calls $0.02
kvzonx100pre: folds 
velll-13: checks 
*** FLOP *** [3h As Ac]
velll-13: checks 
Asparrowhawk: bets $0.02
iron66653: folds 
velll-13: calls $0.02
*** TURN *** [3h As Ac] [9h]
velll-13: bets $0.02
Asparrowhawk: calls $0.02
*** RIVER *** [3h As Ac 9h] [4s]
velll-13: bets $0.02
Asparrowhawk: calls $0.02
*** SHOW DOWN ***
velll-13: shows [5d 9d] (two pair, Aces and Nines)
Asparrowhawk: mucks hand 
velll-13 collected $0.18 from pot
*** SUMMARY ***
Total pot $0.19 | Rake $0.01 
Board [3h As Ac 9h 4s]
Seat 1: Foxation folded before Flop (didn't bet)
Seat 2: LELEELARI folded before Flop (didn't bet)
Seat 3: Dorex2007 folded before Flop (didn't bet)
Seat 4: 123LADY123 folded before Flop (didn't bet)
Seat 5: enixblr folded before Flop (didn't bet)
Seat 6: iron66653 (button) folded on the Flop
Seat 7: kvzonx100pre (small blind) folded before Flop
Seat 8: velll-13 (big blind) showed [5d 9d] and won ($0.18) with two pair, Aces and Nines
Seat 9: Asparrowhawk mucked [Jc Td]



PokerStars Hand #224325432697:  Hold'em No Limit ($0.01/$0.02 USD) - 2021/02/28 13:03:23 PT [2021/02/28 16:03:23 ET]
Table 'Toutatis III' 9-max Seat #7 is the button
Seat 1: Foxation ($0.75 in chips) 
Seat 2: LELEELARI ($0.57 in chips) 
Seat 3: Dorex2007 ($1.97 in chips) 
Seat 4: 123LADY123 ($0.82 in chips) 
Seat 5: enixblr ($2 in chips) 
Seat 6: iron66653 ($2.57 in chips) 
Seat 7: kvzonx100pre ($2.52 in chips) 
Seat 8: velll-13 ($4.02 in chips) 
Seat 9: Asparrowhawk ($2.90 in chips) 
velll-13: posts small blind $0.01
Asparrowhawk: posts big blind $0.02
*** HOLE CARDS ***
Dealt to Dorex2007 [Jd 9c]
Foxation: folds 
LELEELARI: folds 
Dorex2007: folds 
123LADY123: calls $0.02
enixblr: folds 
iron66653: folds 
kvzonx100pre: folds 
velll-13: raises $0.02 to $0.04
Asparrowhawk: calls $0.02
123LADY123: calls $0.02
*** FLOP *** [7s 3c Td]
velll-13: bets $0.02
Asparrowhawk: raises $0.02 to $0.04
123LADY123: folds 
velll-13: calls $0.02
*** TURN *** [7s 3c Td] [7d]
velll-13: bets $0.02
Asparrowhawk: raises $0.02 to $0.04
velll-13: calls $0.02
*** RIVER *** [7s 3c Td 7d] [Tc]
velll-13: checks 
Asparrowhawk: bets $2.78 and is all-in
velll-13: folds 
Uncalled bet ($2.78) returned to Asparrowhawk
Asparrowhawk collected $0.27 from pot
*** SUMMARY ***
Total pot $0.28 | Rake $0.01 
Board [7s 3c Td 7d Tc]
Seat 1: Foxation folded before Flop (didn't bet)
Seat 2: LELEELARI folded before Flop (didn't bet)
Seat 3: Dorex2007 folded before Flop (didn't bet)
Seat 4: 123LADY123 folded on the Flop
Seat 5: enixblr folded before Flop (didn't bet)
Seat 6: iron66653 folded before Flop (didn't bet)
Seat 7: kvzonx100pre (button) folded before Flop (didn't bet)
Seat 8: velll-13 (small blind) folded on the River
Seat 9: Asparrowhawk (big blind) collected ($0.27)



PokerStars Hand #224325502892:  Hold'em No Limit ($0.01/$0.02 USD) - 2021/02/28 13:04:53 PT [2021/02/28 16:04:53 ET]
Table 'Toutatis III' 9-max Seat #8 is the button
Seat 1: Foxation ($0.75 in chips) 
Seat 2: LELEELARI ($0.57 in chips) 
Seat 3: Dorex2007 ($1.97 in chips) 
Seat 4: 123LADY123 ($0.78 in chips) 
Seat 5: enixblr ($2 in chips) 
Seat 6: iron66653 ($2.57 in chips) 
Seat 7: kvzonx100pre ($2.52 in chips) 
Seat 8: velll-13 ($3.90 in chips) 
Seat 9: Asparrowhawk ($3.05 in chips) 
Asparrowhawk: posts small blind $0.01
Foxation: posts big blind $0.02
*** HOLE CARDS ***
Dealt to Dorex2007 [5h 5d]
LELEELARI: calls $0.02
Dorex2007: calls $0.02
123LADY123: folds 
enixblr: folds 
iron66653: calls $0.02
kvzonx100pre: folds 
velll-13: calls $0.02
Asparrowhawk: calls $0.01
Foxation: checks 
*** FLOP *** [As Jh 7h]
Asparrowhawk: bets $0.02
Foxation: folds 
LELEELARI: raises $0.16 to $0.18
Dorex2007: folds 
iron66653: folds 
velll-13: folds 
Asparrowhawk: folds 
Uncalled bet ($0.16) returned to LELEELARI
LELEELARI collected $0.15 from pot
LELEELARI: doesn't show hand 
*** SUMMARY ***
Total pot $0.16 | Rake $0.01 
Board [As Jh 7h]
Seat 1: Foxation (big blind) folded on the Flop
Seat 2: LELEELARI collected ($0.15)
Seat 3: Dorex2007 folded on the Flop
Seat 4: 123LADY123 folded before Flop (didn't bet)
Seat 5: enixblr folded before Flop (didn't bet)
Seat 6: iron66653 folded on the Flop
Seat 7: kvzonx100pre folded before Flop (didn't bet)
Seat 8: velll-13 (button) folded on the Flop
Seat 9: Asparrowhawk (small blind) folded on the Flop



PokerStars Hand #224325546043:  Hold'em No Limit ($0.01/$0.02 USD) - 2021/02/28 13:05:46 PT [2021/02/28 16:05:46 ET]
Table 'Toutatis III' 9-max Seat #9 is the button
Seat 1: Foxation ($0.73 in chips) 
Seat 2: LELEELARI ($0.68 in chips) 
Seat 3: Dorex2007 ($1.95 in chips) 
Seat 4: 123LADY123 ($0.78 in chips) 
Seat 5: enixblr ($2 in chips) 
Seat 6: iron66653 ($2.55 in chips) 
Seat 7: kvzonx100pre ($2.52 in chips) 
Seat 8: velll-13 ($3.88 in chips) 
Seat 9: Asparrowhawk ($3.01 in chips) 
Foxation: posts small blind $0.01
LELEELARI: posts big blind $0.02
*** HOLE CARDS ***
Dealt to Dorex2007 [4d Ts]
Dorex2007: folds 
123LADY123: folds 
enixblr: folds 
iron66653: folds 
kvzonx100pre: folds 
velll-13: calls $0.02
Asparrowhawk: calls $0.02
Foxation: raises $0.10 to $0.12
LELEELARI: folds 
velll-13: calls $0.10
Asparrowhawk: folds 
*** FLOP *** [7s Jd Qc]
iron66653 leaves the table
Foxation: bets $0.14
velll-13: raises $3.62 to $3.76 and is all-in
Graafje joins the table at seat #6 
Foxation: calls $0.47 and is all-in
Uncalled bet ($3.15) returned to velll-13
*** TURN *** [7s Jd Qc] [Ah]
*** RIVER *** [7s Jd Qc Ah] [3h]
*** SHOW DOWN ***
Foxation: shows [Kd Kc] (a pair of Kings)
velll-13: shows [Qh 5c] (a pair of Queens)
Foxation collected $1.45 from pot
*** SUMMARY ***
Total pot $1.50 | Rake $0.05 
Board [7s Jd Qc Ah 3h]
Seat 1: Foxation (small blind) showed [Kd Kc] and won ($1.45) with a pair of Kings
Seat 2: LELEELARI (big blind) folded before Flop
Seat 3: Dorex2007 folded before Flop (didn't bet)
Seat 4: 123LADY123 folded before Flop (didn't bet)
Seat 5: enixblr folded before Flop (didn't bet)
Seat 6: iron66653 folded before Flop (didn't bet)
Seat 7: kvzonx100pre folded before Flop (didn't bet)
Seat 8: velll-13 showed [Qh 5c] and lost with a pair of Queens
Seat 9: Asparrowhawk (button) folded before Flop



PokerStars Hand #224325603272:  Hold'em No Limit ($0.01/$0.02 USD) - 2021/02/28 13:06:49 PT [2021/02/28 16:06:49 ET]
Table 'Toutatis III' 9-max Seat #1 is the button
Seat 1: Foxation ($1.45 in chips) 
Seat 2: LELEELARI ($0.66 in chips) 
Seat 3: Dorex2007 ($1.95 in chips) 
Seat 4: 123LADY123 ($0.78 in chips) 
Seat 5: enixblr ($2 in chips) 
Seat 7: kvzonx100pre ($2.52 in chips) 
Seat 8: velll-13 ($3.15 in chips) 
Seat 9: Asparrowhawk ($2.99 in chips) 
LELEELARI: posts small blind $0.01
Dorex2007: posts big blind $0.02
Graafje: sits out 
*** HOLE CARDS ***
Dealt to Dorex2007 [3h 3c]
123LADY123: folds 
enixblr: folds 
kvzonx100pre: folds 
velll-13: calls $0.02
Asparrowhawk: folds 
Foxation: raises $0.06 to $0.08
LELEELARI: calls $0.07
Dorex2007: folds 
velll-13: folds 
*** FLOP *** [Jc 2s 9d]
LELEELARI: checks 
Foxation: bets $0.10
LELEELARI: folds 
Uncalled bet ($0.10) returned to Foxation
Foxation collected $0.19 from pot
Foxation: doesn't show hand 
*** SUMMARY ***
Total pot $0.20 | Rake $0.01 
Board [Jc 2s 9d]
Seat 1: Foxation (button) collected ($0.19)
Seat 2: LELEELARI (small blind) folded on the Flop
Seat 3: Dorex2007 (big blind) folded before Flop
Seat 4: 123LADY123 folded before Flop (didn't bet)
Seat 5: enixblr folded before Flop (didn't bet)
Seat 7: kvzonx100pre folded before Flop (didn't bet)
Seat 8: velll-13 folded before Flop
Seat 9: Asparrowhawk folded before Flop (didn't bet)



PokerStars Hand #224325632193:  Hold'em No Limit ($0.01/$0.02 USD) - 2021/02/28 13:07:25 PT [2021/02/28 16:07:25 ET]
Table 'Toutatis III' 9-max Seat #2 is the button
Seat 1: Foxation ($1.56 in chips) 
Seat 2: LELEELARI ($0.58 in chips) 
Seat 3: Dorex2007 ($1.93 in chips) 
Seat 4: 123LADY123 ($0.78 in chips) 
Seat 5: enixblr ($2 in chips) 
Seat 7: kvzonx100pre ($2.52 in chips) 
Seat 8: velll-13 ($3.13 in chips) 
Seat 9: Asparrowhawk ($2.99 in chips) 
Dorex2007: posts small blind $0.01
123LADY123: posts big blind $0.02
Graafje: sits out 
*** HOLE CARDS ***
Dealt to Dorex2007 [Kh 7s]
enixblr: folds 
kvzonx100pre: folds 
velll-13: raises $0.02 to $0.04
Asparrowhawk: calls $0.04
Foxation: folds 
LELEELARI: folds 
Dorex2007: folds 
123LADY123: raises $0.74 to $0.78 and is all-in
velll-13: folds 
Asparrowhawk: folds 
Uncalled bet ($0.74) returned to 123LADY123
123LADY123 collected $0.13 from pot
123LADY123: doesn't show hand 
*** SUMMARY ***
Total pot $0.13 | Rake $0 
Seat 1: Foxation folded before Flop (didn't bet)
Seat 2: LELEELARI (button) folded before Flop (didn't bet)
Seat 3: Dorex2007 (small blind) folded before Flop
Seat 4: 123LADY123 (big blind) collected ($0.13)
Seat 5: enixblr folded before Flop (didn't bet)
Seat 7: kvzonx100pre folded before Flop (didn't bet)
Seat 8: velll-13 folded before Flop
Seat 9: Asparrowhawk folded before Flop



PokerStars Hand #224325651833:  Hold'em No Limit ($0.01/$0.02 USD) - 2021/02/28 13:07:50 PT [2021/02/28 16:07:50 ET]
Table 'Toutatis III' 9-max Seat #3 is the button
Seat 1: Foxation ($1.56 in chips) 
Seat 2: LELEELARI ($0.58 in chips) 
Seat 3: Dorex2007 ($1.92 in chips) 
Seat 4: 123LADY123 ($0.87 in chips) 
Seat 5: enixblr ($2 in chips) 
Seat 7: kvzonx100pre ($2.52 in chips) 
Seat 8: velll-13 ($3.09 in chips) 
Seat 9: Asparrowhawk ($2.95 in chips) 
123LADY123: posts small blind $0.01
enixblr: posts big blind $0.02
Graafje: sits out 
*** HOLE CARDS ***
Dealt to Dorex2007 [5h Ac]
kvzonx100pre: folds 
velll-13: calls $0.02
Asparrowhawk: folds 
Foxation: folds 
LELEELARI: folds 
Dorex2007: folds 
123LADY123: folds 
enixblr: raises $0.08 to $0.10
velll-13: calls $0.08
*** FLOP *** [3c 8c 5c]
enixblr: bets $0.08
velll-13: calls $0.08
*** TURN *** [3c 8c 5c] [Ts]
enixblr: bets $0.27
velll-13: calls $0.27
*** RIVER *** [3c 8c 5c Ts] [Js]
enixblr: checks 
velll-13: checks 
*** SHOW DOWN ***
enixblr: shows [Th Td] (three of a kind, Tens)
velll-13: mucks hand 
enixblr collected $0.88 from pot
*** SUMMARY ***
Total pot $0.91 | Rake $0.03 
Board [3c 8c 5c Ts Js]
Seat 1: Foxation folded before Flop (didn't bet)
Seat 2: LELEELARI folded before Flop (didn't bet)
Seat 3: Dorex2007 (button) folded before Flop (didn't bet)
Seat 4: 123LADY123 (small blind) folded before Flop
Seat 5: enixblr (big blind) showed [Th Td] and won ($0.88) with three of a kind, Tens
Seat 7: kvzonx100pre folded before Flop (didn't bet)
Seat 8: velll-13 mucked [Qs 2c]
Seat 9: Asparrowhawk folded before Flop (didn't bet)



PokerStars Hand #224325683730:  Hold'em No Limit ($0.01/$0.02 USD) - 2021/02/28 13:08:30 PT [2021/02/28 16:08:30 ET]
Table 'Toutatis III' 9-max Seat #4 is the button
Seat 1: Foxation ($1.56 in chips) 
Seat 2: LELEELARI ($0.58 in chips) 
Seat 3: Dorex2007 ($1.92 in chips) 
Seat 4: 123LADY123 ($0.86 in chips) 
Seat 5: enixblr ($2.43 in chips) 
Seat 6: Graafje ($1.94 in chips) 
Seat 7: kvzonx100pre ($2.52 in chips) 
Seat 8: velll-13 ($2.64 in chips) 
Seat 9: Asparrowhawk ($2.95 in chips) 
enixblr: posts small blind $0.01
Graafje: posts big blind $0.02
*** HOLE CARDS ***
Dealt to Dorex2007 [7s Td]
kvzonx100pre: folds 
velll-13: calls $0.02
Asparrowhawk: folds 
Foxation: folds 
LELEELARI: folds 
Dorex2007: folds 
123LADY123: folds 
enixblr: folds 
Graafje: checks 
*** FLOP *** [2d As 7d]
Graafje: checks 
velll-13: bets $0.05
Graafje: folds 
Uncalled bet ($0.05) returned to velll-13
velll-13 collected $0.05 from pot
velll-13: doesn't show hand 
*** SUMMARY ***
Total pot $0.05 | Rake $0 
Board [2d As 7d]
Seat 1: Foxation folded before Flop (didn't bet)
Seat 2: LELEELARI folded before Flop (didn't bet)
Seat 3: Dorex2007 folded before Flop (didn't bet)
Seat 4: 123LADY123 (button) folded before Flop (didn't bet)
Seat 5: enixblr (small blind) folded before Flop
Seat 6: Graafje (big blind) folded on the Flop
Seat 7: kvzonx100pre folded before Flop (didn't bet)
Seat 8: velll-13 collected ($0.05)
Seat 9: Asparrowhawk folded before Flop (didn't bet)



PokerStars Hand #224325707469:  Hold'em No Limit ($0.01/$0.02 USD) - 2021/02/28 13:08:59 PT [2021/02/28 16:08:59 ET]
Table 'Toutatis III' 9-max Seat #5 is the button
Seat 1: Foxation ($1.56 in chips) 
Seat 2: LELEELARI ($0.58 in chips) 
Seat 3: Dorex2007 ($1.92 in chips) 
Seat 4: 123LADY123 ($0.86 in chips) 
Seat 5: enixblr ($2.42 in chips) 
Seat 6: Graafje ($1.92 in chips) 
Seat 7: kvzonx100pre ($2.52 in chips) 
Seat 8: velll-13 ($2.67 in chips) 
Seat 9: Asparrowhawk ($2.95 in chips) 
Graafje: posts small blind $0.01
kvzonx100pre: posts big blind $0.02
*** HOLE CARDS ***
Dealt to Dorex2007 [9d 9s]
velll-13: raises $0.02 to $0.04
Asparrowhawk: folds 
Foxation: folds 
LELEELARI: folds 
Dorex2007: calls $0.04
123LADY123: calls $0.04
enixblr: folds 
Graafje: folds 
kvzonx100pre: folds 
*** FLOP *** [5h Jc Tc]
velll-13: bets $0.14
Dorex2007: folds 
123LADY123: folds 
Uncalled bet ($0.14) returned to velll-13
velll-13 collected $0.14 from pot
velll-13: doesn't show hand 
*** SUMMARY ***
Total pot $0.15 | Rake $0.01 
Board [5h Jc Tc]
Seat 1: Foxation folded before Flop (didn't bet)
Seat 2: LELEELARI folded before Flop (didn't bet)
Seat 3: Dorex2007 folded on the Flop
Seat 4: 123LADY123 folded on the Flop
Seat 5: enixblr (button) folded before Flop (didn't bet)
Seat 6: Graafje (small blind) folded before Flop
Seat 7: kvzonx100pre (big blind) folded before Flop
Seat 8: velll-13 collected ($0.14)
Seat 9: Asparrowhawk folded before Flop (didn't bet)



PokerStars Hand #224325734470:  Hold'em No Limit ($0.01/$0.02 USD) - 2021/02/28 13:09:31 PT [2021/02/28 16:09:31 ET]
Table 'Toutatis III' 9-max Seat #6 is the button
Seat 1: Foxation ($1.56 in chips) 
Seat 2: LELEELARI ($0.58 in chips) 
Seat 3: Dorex2007 ($1.88 in chips) 
Seat 4: 123LADY123 ($0.82 in chips) 
Seat 5: enixblr ($2.42 in chips) 
Seat 6: Graafje ($1.91 in chips) 
Seat 7: kvzonx100pre ($2.50 in chips) 
Seat 8: velll-13 ($2.77 in chips) 
Seat 9: Asparrowhawk ($2.95 in chips) 
kvzonx100pre: posts small blind $0.01
velll-13: posts big blind $0.02
*** HOLE CARDS ***
Dealt to Dorex2007 [6c 3c]
Asparrowhawk: folds 
Foxation: folds 
LELEELARI: folds 
Dorex2007: folds 
123LADY123: folds 
enixblr: raises $0.04 to $0.06
Graafje: folds 
kvzonx100pre: folds 
velll-13: calls $0.04
*** FLOP *** [Jc As 5s]
123LADY123 leaves the table
velll-13: checks 
enixblr: bets $0.10
velll-13: folds 
Uncalled bet ($0.10) returned to enixblr
enixblr collected $0.13 from pot
enixblr: doesn't show hand 
*** SUMMARY ***
Total pot $0.13 | Rake $0 
Board [Jc As 5s]
Seat 1: Foxation folded before Flop (didn't bet)
Seat 2: LELEELARI folded before Flop (didn't bet)
Seat 3: Dorex2007 folded before Flop (didn't bet)
Seat 4: 123LADY123 folded before Flop (didn't bet)
Seat 5: enixblr collected ($0.13)
Seat 6: Graafje (button) folded before Flop (didn't bet)
Seat 7: kvzonx100pre (small blind) folded before Flop
Seat 8: velll-13 (big blind) folded on the Flop
Seat 9: Asparrowhawk folded before Flop (didn't bet)



PokerStars Hand #224325768272:  Hold'em No Limit ($0.01/$0.02 USD) - 2021/02/28 13:10:13 PT [2021/02/28 16:10:13 ET]
Table 'Toutatis III' 9-max Seat #7 is the button
Seat 1: Foxation ($1.56 in chips) 
Seat 2: LELEELARI ($0.58 in chips) 
Seat 3: Dorex2007 ($1.88 in chips) 
Seat 5: enixblr ($2.49 in chips) 
Seat 6: Graafje ($1.91 in chips) 
Seat 7: kvzonx100pre ($2.49 in chips) 
Seat 8: velll-13 ($2.71 in chips) 
Seat 9: Asparrowhawk ($2.95 in chips) 
velll-13: posts small blind $0.01
Asparrowhawk: posts big blind $0.02
*** HOLE CARDS ***
Dealt to Dorex2007 [Ah 6s]
Foxation: folds 
LELEELARI: folds 
Dorex2007: folds 
enixblr: folds 
Graafje: folds 
kvzonx100pre: raises $0.04 to $0.06
velll-13: raises $0.04 to $0.10
gilespoker08 joins the table at seat #4 
Asparrowhawk: folds 
kvzonx100pre: calls $0.04
*** FLOP *** [Ks 4d 7d]
velll-13: bets $0.21
kvzonx100pre: calls $0.21
*** TURN *** [Ks 4d 7d] [9c]
velll-13: bets $0.02
kvzonx100pre: calls $0.02
*** RIVER *** [Ks 4d 7d 9c] [2h]
velll-13: bets $2.38 and is all-in
kvzonx100pre: calls $2.16 and is all-in
Uncalled bet ($0.22) returned to velll-13
*** SHOW DOWN ***
velll-13: shows [2d 4c] (two pair, Fours and Deuces)
kvzonx100pre: shows [Qc Kh] (a pair of Kings)
velll-13 collected $4.82 from pot
*** SUMMARY ***
Total pot $5 | Rake $0.18 
Board [Ks 4d 7d 9c 2h]
Seat 1: Foxation folded before Flop (didn't bet)
Seat 2: LELEELARI folded before Flop (didn't bet)
Seat 3: Dorex2007 folded before Flop (didn't bet)
Seat 5: enixblr folded before Flop (didn't bet)
Seat 6: Graafje folded before Flop (didn't bet)
Seat 7: kvzonx100pre (button) showed [Qc Kh] and lost with a pair of Kings
Seat 8: velll-13 (small blind) showed [2d 4c] and won ($4.82) with two pair, Fours and Deuces
Seat 9: Asparrowhawk (big blind) folded before Flop



PokerStars Hand #224325806487:  Hold'em No Limit ($0.01/$0.02 USD) - 2021/02/28 13:11:00 PT [2021/02/28 16:11:00 ET]
Table 'Toutatis III' 9-max Seat #8 is the button
Seat 1: Foxation ($1.56 in chips) 
Seat 2: LELEELARI ($0.58 in chips) 
Seat 3: Dorex2007 ($1.88 in chips) 
Seat 5: enixblr ($2.49 in chips) 
Seat 6: Graafje ($1.91 in chips) 
Seat 8: velll-13 ($5.04 in chips) 
Seat 9: Asparrowhawk ($2.93 in chips) 
Asparrowhawk: posts small blind $0.01
Foxation: posts big blind $0.02
gilespoker08: sits out 
*** HOLE CARDS ***
Dealt to Dorex2007 [2d 5d]
LELEELARI: folds 
Dorex2007: folds 
kvzonx100pre leaves the table
enixblr has timed out
enixblr: folds 
Graafje: folds 
velll-13: raises $0.02 to $0.04
Asparrowhawk: folds 
Foxation: folds 
Uncalled bet ($0.02) returned to velll-13
velll-13 collected $0.05 from pot
velll-13: doesn't show hand 
*** SUMMARY ***
Total pot $0.05 | Rake $0 
Seat 1: Foxation (big blind) folded before Flop
Seat 2: LELEELARI folded before Flop (didn't bet)
Seat 3: Dorex2007 folded before Flop (didn't bet)
Seat 5: enixblr folded before Flop (didn't bet)
Seat 6: Graafje folded before Flop (didn't bet)
Seat 8: velll-13 (button) collected ($0.05)
Seat 9: Asparrowhawk (small blind) folded before Flop



PokerStars Hand #224325829478:  Hold'em No Limit ($0.01/$0.02 USD) - 2021/02/28 13:11:29 PT [2021/02/28 16:11:29 ET]
Table 'Toutatis III' 9-max Seat #9 is the button
Seat 1: Foxation ($1.54 in chips) 
Seat 2: LELEELARI ($0.58 in chips) 
Seat 3: Dorex2007 ($1.88 in chips) 
Seat 6: Graafje ($1.91 in chips) 
Seat 8: velll-13 ($5.07 in chips) 
Seat 9: Asparrowhawk ($2.92 in chips) 
Foxation: posts small blind $0.01
LELEELARI: posts big blind $0.02
gilespoker08: sits out 
*** HOLE CARDS ***
Dealt to Dorex2007 [9h 4h]
AdOO7-123 joins the table at seat #7 
Dorex2007: folds 
Graafje: raises $0.04 to $0.06
velll-13: calls $0.06
Asparrowhawk: folds 
Foxation: folds 
LELEELARI: folds 
*** FLOP *** [2h 8c 9d]
Graafje: checks 
velll-13: bets $0.14
Graafje: folds 
Uncalled bet ($0.14) returned to velll-13
velll-13 collected $0.14 from pot
velll-13: doesn't show hand 
*** SUMMARY ***
Total pot $0.15 | Rake $0.01 
Board [2h 8c 9d]
Seat 1: Foxation (small blind) folded before Flop
Seat 2: LELEELARI (big blind) folded before Flop
Seat 3: Dorex2007 folded before Flop (didn't bet)
Seat 6: Graafje folded on the Flop
Seat 8: velll-13 collected ($0.14)
Seat 9: Asparrowhawk (button) folded before Flop (didn't bet)



PokerStars Hand #224325859750:  Hold'em No Limit ($0.01/$0.02 USD) - 2021/02/28 13:12:07 PT [2021/02/28 16:12:07 ET]
Table 'Toutatis III' 9-max Seat #1 is the button
Seat 1: Foxation ($1.53 in chips) 
Seat 2: LELEELARI ($0.56 in chips) 
Seat 3: Dorex2007 ($1.88 in chips) 
Seat 5: enixblr ($2.49 in chips) 
Seat 6: Graafje ($1.85 in chips) 
Seat 7: AdOO7-123 ($1.60 in chips) 
Seat 8: velll-13 ($5.15 in chips) 
Seat 9: Asparrowhawk ($2.92 in chips) 
LELEELARI: posts small blind $0.01
Dorex2007: posts big blind $0.02
gilespoker08: sits out 
AdOO7-123: posts big blind $0.02
*** HOLE CARDS ***
Dealt to Dorex2007 [Ts Ad]
enixblr: folds 
Graafje: folds 
AdOO7-123: checks 
velll-13: calls $0.02
Asparrowhawk: folds 
Foxation: folds 
LELEELARI: calls $0.01
Dorex2007: checks 
*** FLOP *** [Js 9c 8c]
LELEELARI: bets $0.02
Dorex2007: raises $0.06 to $0.08
AdOO7-123: calls $0.08
velll-13: raises $0.34 to $0.42
LELEELARI: raises $0.12 to $0.54 and is all-in
Dorex2007: folds 
AdOO7-123: folds 
velll-13: calls $0.12
*** TURN *** [Js 9c 8c] [6h]
*** RIVER *** [Js 9c 8c 6h] [Ac]
*** SHOW DOWN ***
LELEELARI: shows [Th 7h] (a straight, Seven to Jack)
velll-13: shows [Jd 3s] (a pair of Jacks)
LELEELARI collected $1.27 from pot
*** SUMMARY ***
Total pot $1.32 | Rake $0.05 
Board [Js 9c 8c 6h Ac]
Seat 1: Foxation (button) folded before Flop (didn't bet)
Seat 2: LELEELARI (small blind) showed [Th 7h] and won ($1.27) with a straight, Seven to Jack
Seat 3: Dorex2007 (big blind) folded on the Flop
Seat 5: enixblr folded before Flop (didn't bet)
Seat 6: Graafje folded before Flop (didn't bet)
Seat 7: AdOO7-123 folded on the Flop
Seat 8: velll-13 showed [Jd 3s] and lost with a pair of Jacks
Seat 9: Asparrowhawk folded before Flop (didn't bet)



PokerStars Hand #224325903544:  Hold'em No Limit ($0.01/$0.02 USD) - 2021/02/28 13:13:03 PT [2021/02/28 16:13:03 ET]
Table 'Toutatis III' 9-max Seat #2 is the button
Seat 1: Foxation ($1.53 in chips) 
Seat 2: LELEELARI ($1.27 in chips) 
Seat 3: Dorex2007 ($1.78 in chips) 
Seat 4: gilespoker08 ($2 in chips) 
Seat 5: enixblr ($2.49 in chips) 
Seat 6: Graafje ($1.85 in chips) 
Seat 7: AdOO7-123 ($1.50 in chips) 
Seat 8: velll-13 ($4.59 in chips) 
Seat 9: Asparrowhawk ($2.92 in chips) 
Dorex2007: posts small blind $0.01
gilespoker08: posts big blind $0.02
*** HOLE CARDS ***
Dealt to Dorex2007 [As 2s]
enixblr: folds 
Graafje: folds 
AdOO7-123: calls $0.02
velll-13: folds 
Asparrowhawk: folds 
Foxation: folds 
LELEELARI: folds 
Dorex2007: calls $0.01
gilespoker08: checks 
*** FLOP *** [Ad Ac Td]
Dorex2007: checks 
gilespoker08: checks 
AdOO7-123: checks 
*** TURN *** [Ad Ac Td] [7h]
Dorex2007: checks 
gilespoker08: checks 
AdOO7-123: bets $0.04
Dorex2007: calls $0.04
gilespoker08: folds 
*** RIVER *** [Ad Ac Td 7h] [Jd]
Dorex2007: checks 
AdOO7-123: checks 
*** SHOW DOWN ***
Dorex2007: shows [As 2s] (three of a kind, Aces)
AdOO7-123: mucks hand 
Dorex2007 collected $0.14 from pot
*** SUMMARY ***
Total pot $0.14 | Rake $0 
Board [Ad Ac Td 7h Jd]
Seat 1: Foxation folded before Flop (didn't bet)
Seat 2: LELEELARI (button) folded before Flop (didn't bet)
Seat 3: Dorex2007 (small blind) showed [As 2s] and won ($0.14) with three of a kind, Aces
Seat 4: gilespoker08 (big blind) folded on the Turn
Seat 5: enixblr folded before Flop (didn't bet)
Seat 6: Graafje folded before Flop (didn't bet)
Seat 7: AdOO7-123 mucked [9d Kc]
Seat 8: velll-13 folded before Flop (didn't bet)
Seat 9: Asparrowhawk folded before Flop (didn't bet)



PokerStars Hand #224325959179:  Hold'em No Limit ($0.01/$0.02 USD) - 2021/02/28 13:14:09 PT [2021/02/28 16:14:09 ET]
Table 'Toutatis III' 9-max Seat #3 is the button
Seat 1: Foxation ($1.53 in chips) 
Seat 2: LELEELARI ($1.27 in chips) 
Seat 3: Dorex2007 ($1.86 in chips) 
Seat 4: gilespoker08 ($2 in chips) 
Seat 5: enixblr ($2.49 in chips) 
Seat 6: Graafje ($1.85 in chips) 
Seat 7: AdOO7-123 ($1.44 in chips) 
Seat 8: velll-13 ($4.59 in chips) 
Seat 9: Asparrowhawk ($2.92 in chips) 
gilespoker08: posts small blind $0.01
enixblr: posts big blind $0.02
*** HOLE CARDS ***
Dealt to Dorex2007 [Kh 4d]
Graafje: calls $0.02
AdOO7-123: folds 
velll-13 has timed out
velll-13: folds 
Asparrowhawk: folds 
Foxation: raises $0.06 to $0.08
LELEELARI: folds 
Dorex2007: folds 
gilespoker08: folds 
enixblr: folds 
Graafje: calls $0.06
*** FLOP *** [Jd Td 8d]
Graafje: checks 
Foxation: checks 
*** TURN *** [Jd Td 8d] [2c]
Graafje: checks 
Foxation: bets $0.09
Graafje: folds 
Uncalled bet ($0.09) returned to Foxation
Foxation collected $0.18 from pot
Foxation: doesn't show hand 
*** SUMMARY ***
Total pot $0.19 | Rake $0.01 
Board [Jd Td 8d 2c]
Seat 1: Foxation collected ($0.18)
Seat 2: LELEELARI folded before Flop (didn't bet)
Seat 3: Dorex2007 (button) folded before Flop (didn't bet)
Seat 4: gilespoker08 (small blind) folded before Flop
Seat 5: enixblr (big blind) folded before Flop
Seat 6: Graafje folded on the Turn
Seat 7: AdOO7-123 folded before Flop (didn't bet)
Seat 8: velll-13 folded before Flop (didn't bet)
Seat 9: Asparrowhawk folded before Flop (didn't bet)



PokerStars Hand #224326024974:  Hold'em No Limit ($0.01/$0.02 USD) - 2021/02/28 13:15:33 PT [2021/02/28 16:15:33 ET]
Table 'Toutatis III' 9-max Seat #4 is the button
Seat 1: Foxation ($1.63 in chips) 
Seat 2: LELEELARI ($1.27 in chips) 
Seat 3: Dorex2007 ($1.86 in chips) 
Seat 4: gilespoker08 ($2 in chips) 
Seat 5: enixblr ($2.47 in chips) 
Seat 6: Graafje ($1.77 in chips) 
Seat 7: AdOO7-123 ($1.44 in chips) 
Seat 8: velll-13 ($4.59 in chips) 
Seat 9: Asparrowhawk ($2.92 in chips) 
enixblr: posts small blind $0.01
Graafje: posts big blind $0.02
*** HOLE CARDS ***
Dealt to Dorex2007 [6s 8s]
AdOO7-123: calls $0.02
velll-13: calls $0.02
Asparrowhawk: folds 
Foxation: folds 
LELEELARI: calls $0.02
Dorex2007: folds 
gilespoker08: folds 
enixblr: folds 
Graafje: checks 
*** FLOP *** [5c 8h 3c]
Graafje: checks 
AdOO7-123: checks 
velll-13: checks 
LELEELARI: checks 
*** TURN *** [5c 8h 3c] [Td]
Graafje: checks 
AdOO7-123: bets $0.09
velll-13: folds 
LELEELARI: calls $0.09
Graafje: folds 
*** RIVER *** [5c 8h 3c Td] [7s]
AdOO7-123: checks 
LELEELARI: checks 
*** SHOW DOWN ***
AdOO7-123: shows [6h Th] (a pair of Tens)
LELEELARI: shows [Tc Kh] (a pair of Tens - King kicker)
LELEELARI collected $0.26 from pot
*** SUMMARY ***
Total pot $0.27 | Rake $0.01 
Board [5c 8h 3c Td 7s]
Seat 1: Foxation folded before Flop (didn't bet)
Seat 2: LELEELARI showed [Tc Kh] and won ($0.26) with a pair of Tens
Seat 3: Dorex2007 folded before Flop (didn't bet)
Seat 4: gilespoker08 (button) folded before Flop (didn't bet)
Seat 5: enixblr (small blind) folded before Flop
Seat 6: Graafje (big blind) folded on the Turn
Seat 7: AdOO7-123 showed [6h Th] and lost with a pair of Tens
Seat 8: velll-13 folded on the Turn
Seat 9: Asparrowhawk folded before Flop (didn't bet)



PokerStars Hand #224326078937:  Hold'em No Limit ($0.01/$0.02 USD) - 2021/02/28 13:16:39 PT [2021/02/28 16:16:39 ET]
Table 'Toutatis III' 9-max Seat #5 is the button
Seat 1: Foxation ($1.63 in chips) 
Seat 2: LELEELARI ($1.42 in chips) 
Seat 3: Dorex2007 ($1.86 in chips) 
Seat 4: gilespoker08 ($2 in chips) 
Seat 5: enixblr ($2.46 in chips) 
Seat 6: Graafje ($1.75 in chips) 
Seat 7: AdOO7-123 ($1.33 in chips) 
Seat 8: velll-13 ($4.57 in chips) 
Seat 9: Asparrowhawk ($2.92 in chips) 
Graafje: posts small blind $0.01
AdOO7-123: posts big blind $0.02
*** HOLE CARDS ***
Dealt to Dorex2007 [Td 9c]
velll-13: raises $0.02 to $0.04
Asparrowhawk: folds 
Foxation: folds 
LELEELARI: calls $0.04
Dorex2007: folds 
gilespoker08: folds 
enixblr: folds 
Graafje: calls $0.03
AdOO7-123: calls $0.02
*** FLOP *** [9d 4h Ad]
Graafje: checks 
AdOO7-123: checks 
velll-13: bets $0.02
LELEELARI: calls $0.02
Graafje: folds 
AdOO7-123: calls $0.02
*** TURN *** [9d 4h Ad] [8d]
AdOO7-123: checks 
velll-13: bets $0.02
LELEELARI: raises $0.02 to $0.04
AdOO7-123: calls $0.04
velll-13: calls $0.02
*** RIVER *** [9d 4h Ad 8d] [4c]
AdOO7-123: checks 
velll-13: checks 
LELEELARI: bets $0.33
AdOO7-123: calls $0.33
velll-13: folds 
*** SHOW DOWN ***
LELEELARI: shows [8h 8s] (a full house, Eights full of Fours)
AdOO7-123: mucks hand 
LELEELARI collected $0.96 from pot
*** SUMMARY ***
Total pot $1 | Rake $0.04 
Board [9d 4h Ad 8d 4c]
Seat 1: Foxation folded before Flop (didn't bet)
Seat 2: LELEELARI showed [8h 8s] and won ($0.96) with a full house, Eights full of Fours
Seat 3: Dorex2007 folded before Flop (didn't bet)
Seat 4: gilespoker08 folded before Flop (didn't bet)
Seat 5: enixblr (button) folded before Flop (didn't bet)
Seat 6: Graafje (small blind) folded on the Flop
Seat 7: AdOO7-123 (big blind) mucked [6d As]
Seat 8: velll-13 folded on the River
Seat 9: Asparrowhawk folded before Flop (didn't bet)



PokerStars Hand #224326138118:  Hold'em No Limit ($0.01/$0.02 USD) - 2021/02/28 13:17:52 PT [2021/02/28 16:17:52 ET]
Table 'Toutatis III' 9-max Seat #6 is the button
Seat 1: Foxation ($1.63 in chips) 
Seat 2: LELEELARI ($1.95 in chips) 
Seat 3: Dorex2007 ($1.86 in chips) 
Seat 4: gilespoker08 ($2 in chips) 
Seat 5: enixblr ($2.46 in chips) 
Seat 6: Graafje ($1.71 in chips) 
Seat 7: AdOO7-123 ($0.90 in chips) 
Seat 8: velll-13 ($4.47 in chips) 
Seat 9: Asparrowhawk ($2.92 in chips) 
AdOO7-123: posts small blind $0.01
velll-13: posts big blind $0.02
*** HOLE CARDS ***
Dealt to Dorex2007 [8h 9s]
Asparrowhawk: folds 
Foxation: folds 
LELEELARI: folds 
Dorex2007: folds 
gilespoker08: folds 
LELEELARI leaves the table
enixblr: raises $0.03 to $0.05
Graafje: folds 
AdOO7-123: calls $0.04
velll-13: calls $0.03
*** FLOP *** [Qd 9c Qs]
AdOO7-123: checks 
velll-13: checks 
enixblr: bets $0.04
AdOO7-123: calls $0.04
velll-13: folds 
*** TURN *** [Qd 9c Qs] [9d]
AdOO7-123: bets $0.11
enixblr: folds 
Uncalled bet ($0.11) returned to AdOO7-123
AdOO7-123 collected $0.22 from pot
AdOO7-123: doesn't show hand 
*** SUMMARY ***
Total pot $0.23 | Rake $0.01 
Board [Qd 9c Qs 9d]
Seat 1: Foxation folded before Flop (didn't bet)
Seat 2: LELEELARI folded before Flop (didn't bet)
Seat 3: Dorex2007 folded before Flop (didn't bet)
Seat 4: gilespoker08 folded before Flop (didn't bet)
Seat 5: enixblr folded on the Turn
Seat 6: Graafje (button) folded before Flop (didn't bet)
Seat 7: AdOO7-123 (small blind) collected ($0.22)
Seat 8: velll-13 (big blind) folded on the Flop
Seat 9: Asparrowhawk folded before Flop (didn't bet)



PokerStars Hand #224326176900:  Hold'em No Limit ($0.01/$0.02 USD) - 2021/02/28 13:18:40 PT [2021/02/28 16:18:40 ET]
Table 'Toutatis III' 9-max Seat #7 is the button
Seat 1: Foxation ($1.63 in chips) 
Seat 3: Dorex2007 ($1.86 in chips) 
Seat 4: gilespoker08 ($2 in chips) 
Seat 5: enixblr ($2.37 in chips) 
Seat 6: Graafje ($1.71 in chips) 
Seat 7: AdOO7-123 ($1.03 in chips) 
Seat 8: velll-13 ($4.42 in chips) 
Seat 9: Asparrowhawk ($2.92 in chips) 
velll-13: posts small blind $0.01
Asparrowhawk: posts big blind $0.02
*** HOLE CARDS ***
Dealt to Dorex2007 [Qh 9d]
Foxation: folds 
Dorex2007: folds 
gilespoker08: folds 
enixblr: folds 
backdoor1 joins the table at seat #2 
Graafje: folds 
AdOO7-123: calls $0.02
velll-13: calls $0.01
Asparrowhawk: checks 
*** FLOP *** [6h 8s 6c]
velll-13: bets $0.03
Asparrowhawk: folds 
AdOO7-123: folds 
Uncalled bet ($0.03) returned to velll-13
velll-13 collected $0.06 from pot
velll-13: doesn't show hand 
*** SUMMARY ***
Total pot $0.06 | Rake $0 
Board [6h 8s 6c]
Seat 1: Foxation folded before Flop (didn't bet)
Seat 3: Dorex2007 folded before Flop (didn't bet)
Seat 4: gilespoker08 folded before Flop (didn't bet)
Seat 5: enixblr folded before Flop (didn't bet)
Seat 6: Graafje folded before Flop (didn't bet)
Seat 7: AdOO7-123 (button) folded on the Flop
Seat 8: velll-13 (small blind) collected ($0.06)
Seat 9: Asparrowhawk (big blind) folded on the Flop



PokerStars Hand #224326208377:  Hold'em No Limit ($0.01/$0.02 USD) - 2021/02/28 13:19:19 PT [2021/02/28 16:19:19 ET]
Table 'Toutatis III' 9-max Seat #8 is the button
Seat 1: Foxation ($1.63 in chips) 
Seat 3: Dorex2007 ($1.86 in chips) 
Seat 4: gilespoker08 ($2 in chips) 
Seat 5: enixblr ($2.37 in chips) 
Seat 6: Graafje ($1.71 in chips) 
Seat 7: AdOO7-123 ($1.01 in chips) 
Seat 8: velll-13 ($4.46 in chips) 
Seat 9: Asparrowhawk ($2.90 in chips) 
Asparrowhawk: posts small blind $0.01
Foxation: posts big blind $0.02
backdoor1: sits out 
*** HOLE CARDS ***
Dealt to Dorex2007 [7h Qd]
Dorex2007: folds 
gilespoker08: calls $0.02
enixblr: folds 
Graafje: folds 
AdOO7-123: raises $0.04 to $0.06
velll-13: calls $0.06
Asparrowhawk: folds 
Foxation: folds 
gilespoker08: calls $0.04
*** FLOP *** [Kd 2s Js]
gilespoker08: checks 
AdOO7-123: checks 
velll-13: checks 
*** TURN *** [Kd 2s Js] [7s]
gilespoker08: checks 
AdOO7-123: bets $0.20
velll-13: folds 
gilespoker08: folds 
Uncalled bet ($0.20) returned to AdOO7-123
AdOO7-123 collected $0.20 from pot
AdOO7-123: doesn't show hand 
*** SUMMARY ***
Total pot $0.21 | Rake $0.01 
Board [Kd 2s Js 7s]
Seat 1: Foxation (big blind) folded before Flop
Seat 3: Dorex2007 folded before Flop (didn't bet)
Seat 4: gilespoker08 folded on the Turn
Seat 5: enixblr folded before Flop (didn't bet)
Seat 6: Graafje folded before Flop (didn't bet)
Seat 7: AdOO7-123 collected ($0.20)
Seat 8: velll-13 (button) folded on the Turn
Seat 9: Asparrowhawk (small blind) folded before Flop



PokerStars Hand #224326256197:  Hold'em No Limit ($0.01/$0.02 USD) - 2021/02/28 13:20:07 PT [2021/02/28 16:20:07 ET]
Table 'Toutatis III' 9-max Seat #9 is the button
Seat 1: Foxation ($1.61 in chips) 
Seat 2: backdoor1 ($1.60 in chips) 
Seat 3: Dorex2007 ($1.86 in chips) 
Seat 4: gilespoker08 ($2 in chips) 
Seat 5: enixblr ($2.37 in chips) 
Seat 6: Graafje ($1.71 in chips) 
Seat 7: AdOO7-123 ($1.15 in chips) 
Seat 8: velll-13 ($4.40 in chips) 
Seat 9: Asparrowhawk ($2.89 in chips) 
Foxation: posts small blind $0.01
backdoor1: posts big blind $0.02
*** HOLE CARDS ***
Dealt to Dorex2007 [Jd 8h]
Dorex2007: folds 
gilespoker08 has timed out
gilespoker08: folds 
enixblr: folds 
Graafje: folds 
AdOO7-123: raises $0.14 to $0.16
velll-13: folds 
Asparrowhawk: folds 
Foxation: folds 
backdoor1: folds 
Uncalled bet ($0.14) returned to AdOO7-123
AdOO7-123 collected $0.05 from pot
AdOO7-123: doesn't show hand 
*** SUMMARY ***
Total pot $0.05 | Rake $0 
Seat 1: Foxation (small blind) folded before Flop
Seat 2: backdoor1 (big blind) folded before Flop
Seat 3: Dorex2007 folded before Flop (didn't bet)
Seat 4: gilespoker08 folded before Flop (didn't bet)
Seat 5: enixblr folded before Flop (didn't bet)
Seat 6: Graafje folded before Flop (didn't bet)
Seat 7: AdOO7-123 collected ($0.05)
Seat 8: velll-13 folded before Flop (didn't bet)
Seat 9: Asparrowhawk (button) folded before Flop (didn't bet)



PokerStars Hand #224326286542:  Hold'em No Limit ($0.01/$0.02 USD) - 2021/02/28 13:20:45 PT [2021/02/28 16:20:45 ET]
Table 'Toutatis III' 9-max Seat #1 is the button
Seat 1: Foxation ($1.60 in chips) 
Seat 2: backdoor1 ($1.58 in chips) 
Seat 3: Dorex2007 ($1.86 in chips) 
Seat 4: gilespoker08 ($2 in chips) 
Seat 5: enixblr ($2.37 in chips) 
Seat 6: Graafje ($1.71 in chips) 
Seat 7: AdOO7-123 ($1.18 in chips) 
Seat 8: velll-13 ($4.40 in chips) 
Seat 9: Asparrowhawk ($2.89 in chips) 
backdoor1: posts small blind $0.01
Dorex2007: posts big blind $0.02
*** HOLE CARDS ***
Dealt to Dorex2007 [2s 9d]
gilespoker08: folds 
enixblr: folds 
Graafje: raises $0.02 to $0.04
AdOO7-123: folds 
velll-13: raises $0.11 to $0.15
Asparrowhawk: folds 
Foxation: folds 
backdoor1: folds 
Dorex2007: folds 
Graafje: folds 
Uncalled bet ($0.11) returned to velll-13
velll-13 collected $0.11 from pot
velll-13: doesn't show hand 
*** SUMMARY ***
Total pot $0.11 | Rake $0 
Seat 1: Foxation (button) folded before Flop (didn't bet)
Seat 2: backdoor1 (small blind) folded before Flop
Seat 3: Dorex2007 (big blind) folded before Flop
Seat 4: gilespoker08 folded before Flop (didn't bet)
Seat 5: enixblr folded before Flop (didn't bet)
Seat 6: Graafje folded before Flop
Seat 7: AdOO7-123 folded before Flop (didn't bet)
Seat 8: velll-13 collected ($0.11)
Seat 9: Asparrowhawk folded before Flop (didn't bet)



PokerStars Hand #224326324410:  Hold'em No Limit ($0.01/$0.02 USD) - 2021/02/28 13:21:26 PT [2021/02/28 16:21:26 ET]
Table 'Toutatis III' 9-max Seat #2 is the button
Seat 1: Foxation ($1.60 in chips) 
Seat 2: backdoor1 ($1.57 in chips) 
Seat 3: Dorex2007 ($1.84 in chips) 
Seat 4: gilespoker08 ($2 in chips) 
Seat 5: enixblr ($2.37 in chips) 
Seat 6: Graafje ($1.67 in chips) 
Seat 7: AdOO7-123 ($1.18 in chips) 
Seat 8: velll-13 ($4.47 in chips) 
Seat 9: Asparrowhawk ($2.89 in chips) 
Dorex2007: posts small blind $0.01
gilespoker08: posts big blind $0.02
*** HOLE CARDS ***
Dealt to Dorex2007 [6c 8s]
enixblr: folds 
Graafje: folds 
AdOO7-123: calls $0.02
velll-13: raises $0.02 to $0.04
Asparrowhawk: calls $0.04
Foxation: folds 
backdoor1: calls $0.04
Dorex2007: folds 
gilespoker08: folds 
AdOO7-123: calls $0.02
*** FLOP *** [Jc 9c 8d]
AdOO7-123: checks 
velll-13: bets $0.09
Asparrowhawk: calls $0.09
backdoor1: calls $0.09
AdOO7-123: calls $0.09
*** TURN *** [Jc 9c 8d] [9h]
AdOO7-123: checks 
velll-13: bets $0.26
Asparrowhawk: folds 
backdoor1: folds 
AdOO7-123: folds 
Uncalled bet ($0.26) returned to velll-13
velll-13 collected $0.53 from pot
velll-13: doesn't show hand 
*** SUMMARY ***
Total pot $0.55 | Rake $0.02 
Board [Jc 9c 8d 9h]
Seat 1: Foxation folded before Flop (didn't bet)
Seat 2: backdoor1 (button) folded on the Turn
Seat 3: Dorex2007 (small blind) folded before Flop
Seat 4: gilespoker08 (big blind) folded before Flop
Seat 5: enixblr folded before Flop (didn't bet)
Seat 6: Graafje folded before Flop (didn't bet)
Seat 7: AdOO7-123 folded on the Turn
Seat 8: velll-13 collected ($0.53)
Seat 9: Asparrowhawk folded on the Turn



PokerStars Hand #224326385835:  Hold'em No Limit ($0.01/$0.02 USD) - 2021/02/28 13:22:42 PT [2021/02/28 16:22:42 ET]
Table 'Toutatis III' 9-max Seat #3 is the button
Seat 1: Foxation ($1.60 in chips) 
Seat 2: backdoor1 ($1.44 in chips) 
Seat 3: Dorex2007 ($1.83 in chips) 
Seat 4: gilespoker08 ($2 in chips) 
Seat 5: enixblr ($2.37 in chips) 
Seat 6: Graafje ($1.67 in chips) 
Seat 7: AdOO7-123 ($1.05 in chips) 
Seat 8: velll-13 ($4.87 in chips) 
Seat 9: Asparrowhawk ($2.76 in chips) 
gilespoker08: posts small blind $0.01
enixblr: posts big blind $0.02
*** HOLE CARDS ***
Dealt to Dorex2007 [Qc 5d]
Graafje: folds 
AdOO7-123: raises $0.10 to $0.12
velll-13: folds 
Asparrowhawk: folds 
Foxation: folds 
backdoor1: calls $0.12
Dorex2007: folds 
gilespoker08: folds 
enixblr: folds 
*** FLOP *** [2c 8h 6h]
AdOO7-123: bets $0.13
backdoor1: folds 
Uncalled bet ($0.13) returned to AdOO7-123
AdOO7-123 collected $0.26 from pot
*** SUMMARY ***
Total pot $0.27 | Rake $0.01 
Board [2c 8h 6h]
Seat 1: Foxation folded before Flop (didn't bet)
Seat 2: backdoor1 folded on the Flop
Seat 3: Dorex2007 (button) folded before Flop (didn't bet)
Seat 4: gilespoker08 (small blind) folded before Flop
Seat 5: enixblr (big blind) folded before Flop
Seat 6: Graafje folded before Flop (didn't bet)
Seat 7: AdOO7-123 collected ($0.26)
Seat 8: velll-13 folded before Flop (didn't bet)
Seat 9: Asparrowhawk folded before Flop (didn't bet)



PokerStars Hand #224326430251:  Hold'em No Limit ($0.01/$0.02 USD) - 2021/02/28 13:23:38 PT [2021/02/28 16:23:38 ET]
Table 'Toutatis III' 9-max Seat #4 is the button
Seat 1: Foxation ($1.60 in chips) 
Seat 2: backdoor1 ($1.32 in chips) 
Seat 3: Dorex2007 ($1.83 in chips) 
Seat 4: gilespoker08 ($2 in chips) 
Seat 5: enixblr ($2.35 in chips) 
Seat 6: Graafje ($1.67 in chips) 
Seat 7: AdOO7-123 ($1.19 in chips) 
Seat 8: velll-13 ($4.87 in chips) 
Seat 9: Asparrowhawk ($2.76 in chips) 
enixblr: posts small blind $0.01
Graafje: posts big blind $0.02
*** HOLE CARDS ***
Dealt to Dorex2007 [Qh 6c]
AdOO7-123: folds 
velll-13: raises $0.02 to $0.04
Asparrowhawk: calls $0.04
Foxation: folds 
backdoor1: calls $0.04
Dorex2007: folds 
gilespoker08: folds 
enixblr: folds 
Graafje: calls $0.02
*** FLOP *** [5s 9c 8s]
Graafje: checks 
velll-13: bets $0.02
Asparrowhawk: calls $0.02
backdoor1: raises $0.11 to $0.13
Graafje: folds 
velll-13: calls $0.11
Asparrowhawk: folds 
*** TURN *** [5s 9c 8s] [Td]
velll-13: checks 
backdoor1: checks 
*** RIVER *** [5s 9c 8s Td] [2h]
velll-13: bets $0.43
backdoor1: calls $0.43
*** SHOW DOWN ***
velll-13: shows [Qs Jh] (a straight, Eight to Queen)
backdoor1: mucks hand 
velll-13 collected $1.26 from pot
*** SUMMARY ***
Total pot $1.31 | Rake $0.05 
Board [5s 9c 8s Td 2h]
Seat 1: Foxation folded before Flop (didn't bet)
Seat 2: backdoor1 mucked [7s As]
Seat 3: Dorex2007 folded before Flop (didn't bet)
Seat 4: gilespoker08 (button) folded before Flop (didn't bet)
Seat 5: enixblr (small blind) folded before Flop
Seat 6: Graafje (big blind) folded on the Flop
Seat 7: AdOO7-123 folded before Flop (didn't bet)
Seat 8: velll-13 showed [Qs Jh] and won ($1.26) with a straight, Eight to Queen
Seat 9: Asparrowhawk folded on the Flop



PokerStars Hand #224326478774:  Hold'em No Limit ($0.01/$0.02 USD) - 2021/02/28 13:24:39 PT [2021/02/28 16:24:39 ET]
Table 'Toutatis III' 9-max Seat #5 is the button
Seat 1: Foxation ($1.60 in chips) 
Seat 2: backdoor1 ($0.72 in chips) 
Seat 3: Dorex2007 ($1.83 in chips) 
Seat 4: gilespoker08 ($2 in chips) 
Seat 5: enixblr ($2.34 in chips) 
Seat 6: Graafje ($1.63 in chips) 
Seat 7: AdOO7-123 ($1.19 in chips) 
Seat 8: velll-13 ($5.53 in chips) 
Graafje: posts small blind $0.01
Asparrowhawk leaves the table
AdOO7-123: posts big blind $0.02
*** HOLE CARDS ***
Dealt to Dorex2007 [Th 3c]
velll-13: calls $0.02
Foxation: folds 
backdoor1: calls $0.02
Dorex2007: folds 
gilespoker08: raises $0.04 to $0.06
enixblr: folds 
Graafje: folds 
AdOO7-123: calls $0.04
velll-13: calls $0.04
backdoor1: calls $0.04
*** FLOP *** [5d 7d Jd]
AdOO7-123: checks 
velll-13: bets $0.12
backdoor1: calls $0.12
gilespoker08: folds 
AdOO7-123: folds 
*** TURN *** [5d 7d Jd] [Ts]
velll-13: bets $0.02
backdoor1: calls $0.02
*** RIVER *** [5d 7d Jd Ts] [Tc]
velll-13: checks 
backdoor1: bets $0.26
TRUBACH joins the table at seat #9 
velll-13: folds 
Uncalled bet ($0.26) returned to backdoor1
backdoor1 collected $0.51 from pot
*** SUMMARY ***
Total pot $0.53 | Rake $0.02 
Board [5d 7d Jd Ts Tc]
Seat 1: Foxation folded before Flop (didn't bet)
Seat 2: backdoor1 collected ($0.51)
Seat 3: Dorex2007 folded before Flop (didn't bet)
Seat 4: gilespoker08 folded on the Flop
Seat 5: enixblr (button) folded before Flop (didn't bet)
Seat 6: Graafje (small blind) folded before Flop
Seat 7: AdOO7-123 (big blind) folded on the Flop
Seat 8: velll-13 folded on the River



PokerStars Hand #224326537710:  Hold'em No Limit ($0.01/$0.02 USD) - 2021/02/28 13:25:53 PT [2021/02/28 16:25:53 ET]
Table 'Toutatis III' 9-max Seat #6 is the button
Seat 1: Foxation ($1.60 in chips) 
Seat 2: backdoor1 ($1.03 in chips) 
Seat 3: Dorex2007 ($1.83 in chips) 
Seat 4: gilespoker08 ($2 in chips) 
Seat 5: enixblr ($2.34 in chips) 
Seat 6: Graafje ($1.62 in chips) 
Seat 7: AdOO7-123 ($1.13 in chips) 
Seat 8: velll-13 ($5.33 in chips) 
AdOO7-123: posts small blind $0.01
velll-13: posts big blind $0.02
TRUBACH: sits out 
*** HOLE CARDS ***
Dealt to Dorex2007 [Qh 3c]
Foxation: folds 
backdoor1: folds 
Dorex2007: folds 
gilespoker08 has timed out
gilespoker08: folds 
enixblr: folds 
Graafje: raises $0.04 to $0.06
AdOO7-123: calls $0.05
velll-13: calls $0.04
*** FLOP *** [2d Qs 4d]
AdOO7-123: checks 
velll-13: checks 
Graafje: bets $0.09
AdOO7-123: folds 
velll-13: calls $0.09
*** TURN *** [2d Qs 4d] [As]
velll-13: bets $0.02
Graafje: raises $0.20 to $0.22
velll-13: raises $0.20 to $0.42
Graafje: folds 
Uncalled bet ($0.20) returned to velll-13
velll-13 collected $0.77 from pot
velll-13: doesn't show hand 
*** SUMMARY ***
Total pot $0.80 | Rake $0.03 
Board [2d Qs 4d As]
Seat 1: Foxation folded before Flop (didn't bet)
Seat 2: backdoor1 folded before Flop (didn't bet)
Seat 3: Dorex2007 folded before Flop (didn't bet)
Seat 4: gilespoker08 folded before Flop (didn't bet)
Seat 5: enixblr folded before Flop (didn't bet)
Seat 6: Graafje (button) folded on the Turn
Seat 7: AdOO7-123 (small blind) folded on the Flop
Seat 8: velll-13 (big blind) collected ($0.77)



PokerStars Hand #224326589467:  Hold'em No Limit ($0.01/$0.02 USD) - 2021/02/28 13:26:58 PT [2021/02/28 16:26:58 ET]
Table 'Toutatis III' 9-max Seat #7 is the button
Seat 1: Foxation ($1.60 in chips) 
Seat 2: backdoor1 ($1.03 in chips) 
Seat 3: Dorex2007 ($1.83 in chips) 
Seat 4: gilespoker08 ($2 in chips) 
Seat 5: enixblr ($2.34 in chips) 
Seat 6: Graafje ($1.25 in chips) 
Seat 7: AdOO7-123 ($1.07 in chips) 
Seat 8: velll-13 ($5.73 in chips) 
Seat 9: TRUBACH ($2 in chips) 
velll-13: posts small blind $0.01
TRUBACH: posts big blind $0.02
*** HOLE CARDS ***
Dealt to Dorex2007 [8c 8h]
Foxation: folds 
backdoor1: raises $0.02 to $0.04
Dorex2007: folds 
gilespoker08: folds 
enixblr: folds 
Graafje: folds 
AdOO7-123: folds 
velll-13: calls $0.03
TRUBACH: calls $0.02
*** FLOP *** [9s 3s 8d]
velll-13: checks 
TRUBACH: checks 
backdoor1: bets $0.06
Graafje leaves the table
velll-13: calls $0.06
TRUBACH: calls $0.06
*** TURN *** [9s 3s 8d] [4d]
velll-13: checks 
Sergio Sire. joins the table at seat #6 
TRUBACH: checks 
backdoor1: bets $0.15
velll-13: folds 
TRUBACH: folds 
Uncalled bet ($0.15) returned to backdoor1
backdoor1 collected $0.29 from pot
*** SUMMARY ***
Total pot $0.30 | Rake $0.01 
Board [9s 3s 8d 4d]
Seat 1: Foxation folded before Flop (didn't bet)
Seat 2: backdoor1 collected ($0.29)
Seat 3: Dorex2007 folded before Flop (didn't bet)
Seat 4: gilespoker08 folded before Flop (didn't bet)
Seat 5: enixblr folded before Flop (didn't bet)
Seat 6: Graafje folded before Flop (didn't bet)
Seat 7: AdOO7-123 (button) folded before Flop (didn't bet)
Seat 8: velll-13 (small blind) folded on the Turn
Seat 9: TRUBACH (big blind) folded on the Turn



PokerStars Hand #224326650645:  Hold'em No Limit ($0.01/$0.02 USD) - 2021/02/28 13:28:16 PT [2021/02/28 16:28:16 ET]
Table 'Toutatis III' 9-max Seat #8 is the button
Seat 1: Foxation ($1.60 in chips) 
Seat 2: backdoor1 ($1.22 in chips) 
Seat 3: Dorex2007 ($1.83 in chips) 
Seat 4: gilespoker08 ($2 in chips) 
Seat 5: enixblr ($2.34 in chips) 
Seat 7: AdOO7-123 ($1.07 in chips) 
Seat 8: velll-13 ($5.63 in chips) 
Seat 9: TRUBACH ($1.90 in chips) 
TRUBACH: posts small blind $0.01
Foxation: posts big blind $0.02
Sergio Sire.: sits out 
*** HOLE CARDS ***
Dealt to Dorex2007 [2h Ac]
backdoor1: folds 
Dorex2007: folds 
gilespoker08: calls $0.02
enixblr: folds 
AdOO7-123: calls $0.02
velll-13: raises $0.36 to $0.38
TRUBACH: folds 
Foxation: folds 
gilespoker08: folds 
AdOO7-123: folds 
Uncalled bet ($0.36) returned to velll-13
velll-13 collected $0.09 from pot
velll-13: doesn't show hand 
*** SUMMARY ***
Total pot $0.09 | Rake $0 
Seat 1: Foxation (big blind) folded before Flop
Seat 2: backdoor1 folded before Flop (didn't bet)
Seat 3: Dorex2007 folded before Flop (didn't bet)
Seat 4: gilespoker08 folded before Flop
Seat 5: enixblr folded before Flop (didn't bet)
Seat 7: AdOO7-123 folded before Flop
Seat 8: velll-13 (button) collected ($0.09)
Seat 9: TRUBACH (small blind) folded before Flop



PokerStars Hand #224326678985:  Hold'em No Limit ($0.01/$0.02 USD) - 2021/02/28 13:28:53 PT [2021/02/28 16:28:53 ET]
Table 'Toutatis III' 9-max Seat #9 is the button
Seat 1: Foxation ($1.58 in chips) 
Seat 2: backdoor1 ($1.22 in chips) 
Seat 3: Dorex2007 ($1.83 in chips) 
Seat 4: gilespoker08 ($2 in chips) 
Seat 5: enixblr ($2.34 in chips) 
Seat 7: AdOO7-123 ($1.05 in chips) 
Seat 8: velll-13 ($5.70 in chips) 
Seat 9: TRUBACH ($1.89 in chips) 
Foxation: posts small blind $0.01
backdoor1: posts big blind $0.02
Sergio Sire.: sits out 
*** HOLE CARDS ***
Dealt to Dorex2007 [2s 4c]
Dorex2007: folds 
gilespoker08 has timed out
gilespoker08: folds 
enixblr: raises $0.04 to $0.06
AdOO7-123: folds 
velll-13: calls $0.06
TRUBACH: folds 
Foxation: folds 
backdoor1: calls $0.04
*** FLOP *** [Kd 8c Ts]
backdoor1: checks 
enixblr: checks 
velll-13: bets $0.09
backdoor1: calls $0.09
enixblr: folds 
*** TURN *** [Kd 8c Ts] [Js]
backdoor1: checks 
velll-13: checks 
*** RIVER *** [Kd 8c Ts Js] [8s]
backdoor1: checks 
velll-13: checks 
*** SHOW DOWN ***
backdoor1: shows [Ad Ks] (two pair, Kings and Eights)
velll-13: mucks hand 
backdoor1 collected $0.36 from pot
*** SUMMARY ***
Total pot $0.37 | Rake $0.01 
Board [Kd 8c Ts Js 8s]
Seat 1: Foxation (small blind) folded before Flop
Seat 2: backdoor1 (big blind) showed [Ad Ks] and won ($0.36) with two pair, Kings and Eights
Seat 3: Dorex2007 folded before Flop (didn't bet)
Seat 4: gilespoker08 folded before Flop (didn't bet)
Seat 5: enixblr folded on the Flop
Seat 7: AdOO7-123 folded before Flop (didn't bet)
Seat 8: velll-13 mucked [7s 5d]
Seat 9: TRUBACH (button) folded before Flop (didn't bet)



PokerStars Hand #224326732312:  Hold'em No Limit ($0.01/$0.02 USD) - 2021/02/28 13:30:02 PT [2021/02/28 16:30:02 ET]
Table 'Toutatis III' 9-max Seat #1 is the button
Seat 1: Foxation ($1.57 in chips) 
Seat 2: backdoor1 ($1.43 in chips) 
Seat 3: Dorex2007 ($1.83 in chips) 
Seat 4: gilespoker08 ($2 in chips) 
Seat 5: enixblr ($2.28 in chips) 
Seat 7: AdOO7-123 ($1.05 in chips) 
Seat 8: velll-13 ($5.55 in chips) 
Seat 9: TRUBACH ($1.89 in chips) 
backdoor1: posts small blind $0.01
Dorex2007: posts big blind $0.02
Sergio Sire.: sits out 
*** HOLE CARDS ***
Dealt to Dorex2007 [5d 7c]
gilespoker08: folds 
enixblr: folds 
AdOO7-123: calls $0.02
velll-13: calls $0.02
TRUBACH: folds 
Foxation: folds 
backdoor1: raises $0.04 to $0.06
Dorex2007: folds 
AdOO7-123: calls $0.04
velll-13: calls $0.04
*** FLOP *** [6s Ah Th]
backdoor1: bets $0.10
AdOO7-123: folds 
velll-13: folds 
Uncalled bet ($0.10) returned to backdoor1
backdoor1 collected $0.19 from pot
*** SUMMARY ***
Total pot $0.20 | Rake $0.01 
Board [6s Ah Th]
Seat 1: Foxation (button) folded before Flop (didn't bet)
Seat 2: backdoor1 (small blind) collected ($0.19)
Seat 3: Dorex2007 (big blind) folded before Flop
Seat 4: gilespoker08 folded before Flop (didn't bet)
Seat 5: enixblr folded before Flop (didn't bet)
Seat 7: AdOO7-123 folded on the Flop
Seat 8: velll-13 folded on the Flop
Seat 9: TRUBACH folded before Flop (didn't bet)



PokerStars Hand #224326765607:  Hold'em No Limit ($0.01/$0.02 USD) - 2021/02/28 13:30:44 PT [2021/02/28 16:30:44 ET]
Table 'Toutatis III' 9-max Seat #2 is the button
Seat 1: Foxation ($1.57 in chips) 
Seat 2: backdoor1 ($1.56 in chips) 
Seat 3: Dorex2007 ($1.81 in chips) 
Seat 4: gilespoker08 ($2 in chips) 
Seat 5: enixblr ($2.28 in chips) 
Seat 7: AdOO7-123 ($0.99 in chips) 
Seat 8: velll-13 ($5.49 in chips) 
Seat 9: TRUBACH ($1.89 in chips) 
Dorex2007: posts small blind $0.01
gilespoker08: posts big blind $0.02
Sergio Sire.: sits out 
*** HOLE CARDS ***
Dealt to Dorex2007 [8h 2d]
enixblr: folds 
AdOO7-123: folds 
velll-13: raises $5.47 to $5.49 and is all-in
TRUBACH: folds 
Foxation has timed out
Foxation: folds 
backdoor1: folds 
Dorex2007: folds 
gilespoker08: folds 
Uncalled bet ($5.47) returned to velll-13
velll-13 collected $0.05 from pot
velll-13: doesn't show hand 
*** SUMMARY ***
Total pot $0.05 | Rake $0 
Seat 1: Foxation folded before Flop (didn't bet)
Seat 2: backdoor1 (button) folded before Flop (didn't bet)
Seat 3: Dorex2007 (small blind) folded before Flop
Seat 4: gilespoker08 (big blind) folded before Flop
Seat 5: enixblr folded before Flop (didn't bet)
Seat 7: AdOO7-123 folded before Flop (didn't bet)
Seat 8: velll-13 collected ($0.05)
Seat 9: TRUBACH folded before Flop (didn't bet)



PokerStars Hand #224326791127:  Hold'em No Limit ($0.01/$0.02 USD) - 2021/02/28 13:31:13 PT [2021/02/28 16:31:13 ET]
Table 'Toutatis III' 9-max Seat #3 is the button
Seat 1: Foxation ($1.57 in chips) 
Seat 2: backdoor1 ($1.56 in chips) 
Seat 3: Dorex2007 ($1.80 in chips) 
Seat 4: gilespoker08 ($2 in chips) 
Seat 5: enixblr ($2.28 in chips) 
Seat 7: AdOO7-123 ($0.99 in chips) 
Seat 8: velll-13 ($5.52 in chips) 
Seat 9: TRUBACH ($1.89 in chips) 
gilespoker08: posts small blind $0.01
enixblr: posts big blind $0.02
Sergio Sire.: sits out 
*** HOLE CARDS ***
Dealt to Dorex2007 [Kh 5c]
AdOO7-123: calls $0.02
Dorex2007 said, "super bet !!"
velll-13: raises $0.02 to $0.04
TRUBACH: folds 
Foxation: folds 
backdoor1: calls $0.04
Dorex2007: folds 
gilespoker08: folds 
enixblr: folds 
AdOO7-123: calls $0.02
*** FLOP *** [7d Qs 5h]
AdOO7-123: bets $0.14
velll-13: folds 
backdoor1: calls $0.14
*** TURN *** [7d Qs 5h] [Jd]
AdOO7-123: bets $0.21
backdoor1: raises $1.17 to $1.38 and is all-in
AdOO7-123: calls $0.60 and is all-in
Uncalled bet ($0.57) returned to backdoor1
*** RIVER *** [7d Qs 5h Jd] [4d]
*** SHOW DOWN ***
AdOO7-123: shows [9s Qc] (a pair of Queens)
backdoor1: shows [Jc Qh] (two pair, Queens and Jacks)
backdoor1 collected $1.98 from pot
*** SUMMARY ***
Total pot $2.05 | Rake $0.07 
Board [7d Qs 5h Jd 4d]
Seat 1: Foxation folded before Flop (didn't bet)
Seat 2: backdoor1 showed [Jc Qh] and won ($1.98) with two pair, Queens and Jacks
Seat 3: Dorex2007 (button) folded before Flop (didn't bet)
Seat 4: gilespoker08 (small blind) folded before Flop
Seat 5: enixblr (big blind) folded before Flop
Seat 7: AdOO7-123 showed [9s Qc] and lost with a pair of Queens
Seat 8: velll-13 folded on the Flop
Seat 9: TRUBACH folded before Flop (didn't bet)



PokerStars Hand #224326828068:  Hold'em No Limit ($0.01/$0.02 USD) - 2021/02/28 13:32:00 PT [2021/02/28 16:32:00 ET]
Table 'Toutatis III' 9-max Seat #4 is the button
Seat 1: Foxation ($1.57 in chips) 
Seat 2: backdoor1 ($2.55 in chips) 
Seat 3: Dorex2007 ($1.80 in chips) 
Seat 4: gilespoker08 ($2 in chips) 
Seat 5: enixblr ($2.26 in chips) 
Seat 6: Sergio Sire. ($2 in chips) 
Seat 8: velll-13 ($5.48 in chips) 
Seat 9: TRUBACH ($1.89 in chips) 
enixblr: posts small blind $0.01
Sergio Sire.: posts big blind $0.02
*** HOLE CARDS ***
Dealt to Dorex2007 [3c Td]
velll-13: raises $0.02 to $0.04
TRUBACH: folds 
Foxation: folds 
backdoor1: folds 
Dorex2007: folds 
gilespoker08: folds 
enixblr: folds 
Sergio Sire.: folds 
Uncalled bet ($0.02) returned to velll-13
velll-13 collected $0.05 from pot
velll-13: doesn't show hand 
*** SUMMARY ***
Total pot $0.05 | Rake $0 
Seat 1: Foxation folded before Flop (didn't bet)
Seat 2: backdoor1 folded before Flop (didn't bet)
Seat 3: Dorex2007 folded before Flop (didn't bet)
Seat 4: gilespoker08 (button) folded before Flop (didn't bet)
Seat 5: enixblr (small blind) folded before Flop
Seat 6: Sergio Sire. (big blind) folded before Flop
Seat 8: velll-13 collected ($0.05)
Seat 9: TRUBACH folded before Flop (didn't bet)



PokerStars Hand #224326850624:  Hold'em No Limit ($0.01/$0.02 USD) - 2021/02/28 13:32:29 PT [2021/02/28 16:32:29 ET]
Table 'Toutatis III' 9-max Seat #5 is the button
Seat 1: Foxation ($1.57 in chips) 
Seat 2: backdoor1 ($2.55 in chips) 
Seat 3: Dorex2007 ($1.80 in chips) 
Seat 4: gilespoker08 ($2 in chips) 
Seat 5: enixblr ($2.25 in chips) 
Seat 6: Sergio Sire. ($1.98 in chips) 
Seat 7: AdOO7-123 ($2 in chips) 
Seat 8: velll-13 ($5.51 in chips) 
Seat 9: TRUBACH ($1.89 in chips) 
Sergio Sire.: posts small blind $0.01
AdOO7-123: posts big blind $0.02
*** HOLE CARDS ***
Dealt to Dorex2007 [Ks 8d]
velll-13: calls $0.02
TRUBACH: raises $0.02 to $0.04
Foxation: raises $0.13 to $0.17
backdoor1: folds 
Dorex2007: folds 
gilespoker08: raises $1.83 to $2 and is all-in
enixblr: folds 
Sergio Sire.: folds 
AdOO7-123: folds 
velll-13: folds 
TRUBACH: folds 
Foxation: folds 
Uncalled bet ($1.83) returned to gilespoker08
gilespoker08 collected $0.43 from pot
gilespoker08: doesn't show hand 
*** SUMMARY ***
Total pot $0.43 | Rake $0 
Seat 1: Foxation folded before Flop
Seat 2: backdoor1 folded before Flop (didn't bet)
Seat 3: Dorex2007 folded before Flop (didn't bet)
Seat 4: gilespoker08 collected ($0.43)
Seat 5: enixblr (button) folded before Flop (didn't bet)
Seat 6: Sergio Sire. (small blind) folded before Flop
Seat 7: AdOO7-123 (big blind) folded before Flop
Seat 8: velll-13 folded before Flop
Seat 9: TRUBACH folded before Flop



PokerStars Hand #224326889499:  Hold'em No Limit ($0.01/$0.02 USD) - 2021/02/28 13:33:19 PT [2021/02/28 16:33:19 ET]
Table 'Toutatis III' 9-max Seat #6 is the button
Seat 1: Foxation ($1.40 in chips) 
Seat 2: backdoor1 ($2.55 in chips) 
Seat 3: Dorex2007 ($1.80 in chips) 
Seat 4: gilespoker08 ($2.26 in chips) 
Seat 5: enixblr ($2.25 in chips) 
Seat 6: Sergio Sire. ($1.97 in chips) 
Seat 7: AdOO7-123 ($1.98 in chips) 
Seat 8: velll-13 ($5.49 in chips) 
Seat 9: TRUBACH ($1.85 in chips) 
AdOO7-123: posts small blind $0.01
velll-13: posts big blind $0.02
*** HOLE CARDS ***
Dealt to Dorex2007 [8d 8h]
TRUBACH: raises $0.02 to $0.04
Foxation: folds 
backdoor1: folds 
Dorex2007: raises $0.04 to $0.08
gilespoker08: folds 
enixblr: folds 
Sergio Sire.: folds 
AdOO7-123: folds 
velll-13: raises $2 to $2.08
TRUBACH: folds 
Dorex2007: calls $1.72 and is all-in
Uncalled bet ($0.28) returned to velll-13
*** FLOP *** [6s Kd 5s]
*** TURN *** [6s Kd 5s] [6c]
*** RIVER *** [6s Kd 5s 6c] [6h]
*** SHOW DOWN ***
velll-13: shows [As Jh] (three of a kind, Sixes)
Dorex2007: shows [8d 8h] (a full house, Sixes full of Eights)
Dorex2007 collected $3.52 from pot
*** SUMMARY ***
Total pot $3.65 | Rake $0.13 
Board [6s Kd 5s 6c 6h]
Seat 1: Foxation folded before Flop (didn't bet)
Seat 2: backdoor1 folded before Flop (didn't bet)
Seat 3: Dorex2007 showed [8d 8h] and won ($3.52) with a full house, Sixes full of Eights
Seat 4: gilespoker08 folded before Flop (didn't bet)
Seat 5: enixblr folded before Flop (didn't bet)
Seat 6: Sergio Sire. (button) folded before Flop (didn't bet)
Seat 7: AdOO7-123 (small blind) folded before Flop
Seat 8: velll-13 (big blind) showed [As Jh] and lost with three of a kind, Sixes
Seat 9: TRUBACH folded before Flop



PokerStars Hand #224326934444:  Hold'em No Limit ($0.01/$0.02 USD) - 2021/02/28 13:34:18 PT [2021/02/28 16:34:18 ET]
Table 'Toutatis III' 9-max Seat #7 is the button
Seat 1: Foxation ($1.40 in chips) 
Seat 2: backdoor1 ($2.55 in chips) 
Seat 3: Dorex2007 ($3.52 in chips) 
Seat 4: gilespoker08 ($2.26 in chips) 
Seat 5: enixblr ($2.25 in chips) 
Seat 6: Sergio Sire. ($1.97 in chips) 
Seat 7: AdOO7-123 ($1.97 in chips) 
Seat 8: velll-13 ($3.69 in chips) 
Seat 9: TRUBACH ($1.81 in chips) 
velll-13: posts small blind $0.01
TRUBACH: posts big blind $0.02
*** HOLE CARDS ***
Dealt to Dorex2007 [6s 7d]
Foxation: folds 
backdoor1: folds 
Dorex2007: folds 
gilespoker08: raises $0.06 to $0.08
enixblr: folds 
Sergio Sire.: calls $0.08
AdOO7-123: calls $0.08
velll-13: calls $0.07
backdoor1 leaves the table
TRUBACH: folds 
*** FLOP *** [5s 8c Qc]
velll-13: bets $0.16
gilespoker08: folds 
Sergio Sire.: folds 
AdOO7-123: folds 
Uncalled bet ($0.16) returned to velll-13
velll-13 collected $0.33 from pot
velll-13: doesn't show hand 
*** SUMMARY ***
Total pot $0.34 | Rake $0.01 
Board [5s 8c Qc]
Seat 1: Foxation folded before Flop (didn't bet)
Seat 2: backdoor1 folded before Flop (didn't bet)
Seat 3: Dorex2007 folded before Flop (didn't bet)
Seat 4: gilespoker08 folded on the Flop
Seat 5: enixblr folded before Flop (didn't bet)
Seat 6: Sergio Sire. folded on the Flop
Seat 7: AdOO7-123 (button) folded on the Flop
Seat 8: velll-13 (small blind) collected ($0.33)
Seat 9: TRUBACH (big blind) folded before Flop



PokerStars Hand #224326965130:  Hold'em No Limit ($0.01/$0.02 USD) - 2021/02/28 13:34:58 PT [2021/02/28 16:34:58 ET]
Table 'Toutatis III' 9-max Seat #8 is the button
Seat 1: Foxation ($1.40 in chips) 
Seat 3: Dorex2007 ($3.52 in chips) 
Seat 4: gilespoker08 ($2.18 in chips) 
Seat 5: enixblr ($2.25 in chips) 
Seat 6: Sergio Sire. ($1.89 in chips) 
Seat 7: AdOO7-123 ($1.89 in chips) 
Seat 8: velll-13 ($3.94 in chips) 
Seat 9: TRUBACH ($1.79 in chips) 
TRUBACH: posts small blind $0.01
Foxation: posts big blind $0.02
*** HOLE CARDS ***
Dealt to Dorex2007 [Td 6s]
Dorex2007: folds 
redrun71 joins the table at seat #2 
gilespoker08: folds 
enixblr: folds 
Sergio Sire.: folds 
AdOO7-123: folds 
velll-13: folds 
TRUBACH: folds 
Uncalled bet ($0.01) returned to Foxation
Foxation collected $0.02 from pot
Foxation: doesn't show hand 
*** SUMMARY ***
Total pot $0.02 | Rake $0 
Seat 1: Foxation (big blind) collected ($0.02)
Seat 3: Dorex2007 folded before Flop (didn't bet)
Seat 4: gilespoker08 folded before Flop (didn't bet)
Seat 5: enixblr folded before Flop (didn't bet)
Seat 6: Sergio Sire. folded before Flop (didn't bet)
Seat 7: AdOO7-123 folded before Flop (didn't bet)
Seat 8: velll-13 (button) folded before Flop (didn't bet)
Seat 9: TRUBACH (small blind) folded before Flop



PokerStars Hand #224326980326:  Hold'em No Limit ($0.01/$0.02 USD) - 2021/02/28 13:35:17 PT [2021/02/28 16:35:17 ET]
Table 'Toutatis III' 9-max Seat #9 is the button
Seat 1: Foxation ($1.41 in chips) 
Seat 2: redrun71 ($1.20 in chips) 
Seat 3: Dorex2007 ($3.52 in chips) 
Seat 4: gilespoker08 ($2.18 in chips) 
Seat 5: enixblr ($2.25 in chips) 
Seat 6: Sergio Sire. ($1.89 in chips) 
Seat 7: AdOO7-123 ($1.89 in chips) 
Seat 8: velll-13 ($3.94 in chips) 
Seat 9: TRUBACH ($1.78 in chips) 
Foxation: posts small blind $0.01
redrun71: posts big blind $0.02
*** HOLE CARDS ***
Dealt to Dorex2007 [8d 6c]
Dorex2007: folds 
gilespoker08: folds 
enixblr: folds 
Sergio Sire.: folds 
AdOO7-123: raises $0.10 to $0.12
velll-13: folds 
TRUBACH: folds 
Foxation: folds 
redrun71: folds 
Uncalled bet ($0.10) returned to AdOO7-123
AdOO7-123 collected $0.05 from pot
AdOO7-123: doesn't show hand 
*** SUMMARY ***
Total pot $0.05 | Rake $0 
Seat 1: Foxation (small blind) folded before Flop
Seat 2: redrun71 (big blind) folded before Flop
Seat 3: Dorex2007 folded before Flop (didn't bet)
Seat 4: gilespoker08 folded before Flop (didn't bet)
Seat 5: enixblr folded before Flop (didn't bet)
Seat 6: Sergio Sire. folded before Flop (didn't bet)
Seat 7: AdOO7-123 collected ($0.05)
Seat 8: velll-13 folded before Flop (didn't bet)
Seat 9: TRUBACH (button) folded before Flop (didn't bet)



PokerStars Hand #224327006037:  Hold'em No Limit ($0.01/$0.02 USD) - 2021/02/28 13:35:51 PT [2021/02/28 16:35:51 ET]
Table 'Toutatis III' 9-max Seat #1 is the button
Seat 1: Foxation ($1.40 in chips) 
Seat 2: redrun71 ($1.18 in chips) 
Seat 3: Dorex2007 ($3.52 in chips) 
Seat 4: gilespoker08 ($2.18 in chips) 
Seat 5: enixblr ($2.25 in chips) 
Seat 6: Sergio Sire. ($1.89 in chips) 
Seat 7: AdOO7-123 ($1.92 in chips) 
Seat 8: velll-13 ($3.94 in chips) 
Seat 9: TRUBACH ($1.78 in chips) 
redrun71: posts small blind $0.01
Dorex2007: posts big blind $0.02
*** HOLE CARDS ***
Dealt to Dorex2007 [Kc 6c]
gilespoker08: folds 
enixblr: folds 
Sergio Sire.: raises $0.03 to $0.05
AdOO7-123: folds 
velll-13: calls $0.05
TRUBACH: folds 
Foxation: folds 
redrun71: folds 
Dorex2007: folds 
*** FLOP *** [Qs Ah 3s]
Sergio Sire.: bets $0.13
velll-13: folds 
Uncalled bet ($0.13) returned to Sergio Sire.
Sergio Sire. collected $0.13 from pot
Sergio Sire.: doesn't show hand 
*** SUMMARY ***
Total pot $0.13 | Rake $0 
Board [Qs Ah 3s]
Seat 1: Foxation (button) folded before Flop (didn't bet)
Seat 2: redrun71 (small blind) folded before Flop
Seat 3: Dorex2007 (big blind) folded before Flop
Seat 4: gilespoker08 folded before Flop (didn't bet)
Seat 5: enixblr folded before Flop (didn't bet)
Seat 6: Sergio Sire. collected ($0.13)
Seat 7: AdOO7-123 folded before Flop (didn't bet)
Seat 8: velll-13 folded on the Flop
Seat 9: TRUBACH folded before Flop (didn't bet)



PokerStars Hand #224327038553:  Hold'em No Limit ($0.01/$0.02 USD) - 2021/02/28 13:36:30 PT [2021/02/28 16:36:30 ET]
Table 'Toutatis III' 9-max Seat #2 is the button
Seat 1: Foxation ($1.40 in chips) 
Seat 2: redrun71 ($1.17 in chips) 
Seat 3: Dorex2007 ($3.50 in chips) 
Seat 4: gilespoker08 ($2.18 in chips) 
Seat 5: enixblr ($2.25 in chips) 
Seat 6: Sergio Sire. ($1.97 in chips) 
Seat 7: AdOO7-123 ($1.92 in chips) 
Seat 8: velll-13 ($3.89 in chips) 
Seat 9: TRUBACH ($1.78 in chips) 
Dorex2007: posts small blind $0.01
gilespoker08: posts big blind $0.02
*** HOLE CARDS ***
Dealt to Dorex2007 [4c 9s]
enixblr: folds 
Sergio Sire.: folds 
AdOO7-123: folds 
velll-13: raises $3.87 to $3.89 and is all-in
TRUBACH: folds 
Foxation: folds 
redrun71: folds 
Dorex2007: folds 
gilespoker08: folds 
Uncalled bet ($3.87) returned to velll-13
velll-13 collected $0.05 from pot
velll-13: doesn't show hand 
*** SUMMARY ***
Total pot $0.05 | Rake $0 
Seat 1: Foxation folded before Flop (didn't bet)
Seat 2: redrun71 (button) folded before Flop (didn't bet)
Seat 3: Dorex2007 (small blind) folded before Flop
Seat 4: gilespoker08 (big blind) folded before Flop
Seat 5: enixblr folded before Flop (didn't bet)
Seat 6: Sergio Sire. folded before Flop (didn't bet)
Seat 7: AdOO7-123 folded before Flop (didn't bet)
Seat 8: velll-13 collected ($0.05)
Seat 9: TRUBACH folded before Flop (didn't bet)



PokerStars Hand #224327064967:  Hold'em No Limit ($0.01/$0.02 USD) - 2021/02/28 13:37:05 PT [2021/02/28 16:37:05 ET]
Table 'Toutatis III' 9-max Seat #3 is the button
Seat 1: Foxation ($1.40 in chips) 
Seat 2: redrun71 ($1.17 in chips) 
Seat 3: Dorex2007 ($3.49 in chips) 
Seat 4: gilespoker08 ($2.16 in chips) 
Seat 5: enixblr ($2.25 in chips) 
Seat 6: Sergio Sire. ($1.97 in chips) 
Seat 7: AdOO7-123 ($1.92 in chips) 
Seat 8: velll-13 ($3.92 in chips) 
Seat 9: TRUBACH ($1.78 in chips) 
gilespoker08: posts small blind $0.01
enixblr: posts big blind $0.02
*** HOLE CARDS ***
Dealt to Dorex2007 [8d Td]
Dorex2007 said, "another well thought out bet"
Sergio Sire.: raises $0.03 to $0.05
AdOO7-123: folds 
velll-13: calls $0.05
TRUBACH: folds 
Foxation: folds 
redrun71: folds 
Dorex2007: folds 
gilespoker08: folds 
enixblr: folds 
*** FLOP *** [6h Ks 5c]
Sergio Sire.: checks 
velll-13: bets $0.06
Sergio Sire.: folds 
Uncalled bet ($0.06) returned to velll-13
velll-13 collected $0.13 from pot
velll-13: doesn't show hand 
*** SUMMARY ***
Total pot $0.13 | Rake $0 
Board [6h Ks 5c]
Seat 1: Foxation folded before Flop (didn't bet)
Seat 2: redrun71 folded before Flop (didn't bet)
Seat 3: Dorex2007 (button) folded before Flop (didn't bet)
Seat 4: gilespoker08 (small blind) folded before Flop
Seat 5: enixblr (big blind) folded before Flop
Seat 6: Sergio Sire. folded on the Flop
Seat 7: AdOO7-123 folded before Flop (didn't bet)
Seat 8: velll-13 collected ($0.13)
Seat 9: TRUBACH folded before Flop (didn't bet)



PokerStars Hand #224327119145:  Hold'em No Limit ($0.01/$0.02 USD) - 2021/02/28 13:38:04 PT [2021/02/28 16:38:04 ET]
Table 'Toutatis III' 9-max Seat #4 is the button
Seat 1: Foxation ($1.40 in chips) 
Seat 2: redrun71 ($1.17 in chips) 
Seat 3: Dorex2007 ($3.49 in chips) 
Seat 4: gilespoker08 ($2.15 in chips) 
Seat 5: enixblr ($2.23 in chips) 
Seat 6: Sergio Sire. ($1.92 in chips) 
Seat 7: AdOO7-123 ($1.92 in chips) 
Seat 8: velll-13 ($4 in chips) 
Seat 9: TRUBACH ($1.78 in chips) 
enixblr: posts small blind $0.01
Sergio Sire.: posts big blind $0.02
*** HOLE CARDS ***
Dealt to Dorex2007 [2c Qc]
AdOO7-123: calls $0.02
velll-13: raises $0.02 to $0.04
TRUBACH: folds 
Foxation: folds 
redrun71: folds 
Dorex2007: folds 
gilespoker08: folds 
enixblr: folds 
Sergio Sire.: folds 
AdOO7-123: calls $0.02
*** FLOP *** [Ts Qh 6d]
AdOO7-123: checks 
velll-13: bets $0.02
AdOO7-123: folds 
Uncalled bet ($0.02) returned to velll-13
velll-13 collected $0.11 from pot
velll-13: doesn't show hand 
*** SUMMARY ***
Total pot $0.11 | Rake $0 
Board [Ts Qh 6d]
Seat 1: Foxation folded before Flop (didn't bet)
Seat 2: redrun71 folded before Flop (didn't bet)
Seat 3: Dorex2007 folded before Flop (didn't bet)
Seat 4: gilespoker08 (button) folded before Flop (didn't bet)
Seat 5: enixblr (small blind) folded before Flop
Seat 6: Sergio Sire. (big blind) folded before Flop
Seat 7: AdOO7-123 folded on the Flop
Seat 8: velll-13 collected ($0.11)
Seat 9: TRUBACH folded before Flop (didn't bet)



PokerStars Hand #224327158199:  Hold'em No Limit ($0.01/$0.02 USD) - 2021/02/28 13:38:56 PT [2021/02/28 16:38:56 ET]
Table 'Toutatis III' 9-max Seat #5 is the button
Seat 1: Foxation ($1.40 in chips) 
Seat 2: redrun71 ($1.17 in chips) 
Seat 3: Dorex2007 ($3.49 in chips) 
Seat 4: gilespoker08 ($2.15 in chips) 
Seat 5: enixblr ($2.22 in chips) 
Seat 6: Sergio Sire. ($1.90 in chips) 
Seat 7: AdOO7-123 ($1.88 in chips) 
Seat 8: velll-13 ($4.07 in chips) 
Seat 9: TRUBACH ($1.78 in chips) 
Sergio Sire.: posts small blind $0.01
AdOO7-123: posts big blind $0.02
*** HOLE CARDS ***
Dealt to Dorex2007 [6h 5s]
velll-13: raises $0.02 to $0.04
TRUBACH: folds 
Foxation: folds 
redrun71: folds 
Dorex2007: folds 
gilespoker08: folds 
enixblr: folds 
Sergio Sire.: calls $0.03
AdOO7-123: calls $0.02
*** FLOP *** [7s 4c 9d]
Sergio Sire.: checks 
AdOO7-123: checks 
velll-13: bets $0.12
Sergio Sire.: folds 
AdOO7-123: raises $0.12 to $0.24
velll-13: calls $0.12
*** TURN *** [7s 4c 9d] [Qh]
AdOO7-123: bets $0.29
velll-13: calls $0.29
*** RIVER *** [7s 4c 9d Qh] [Ts]
AdOO7-123: checks 
velll-13: bets $0.57
AdOO7-123: calls $0.57
*** SHOW DOWN ***
velll-13: shows [Jh 9s] (a pair of Nines)
AdOO7-123: shows [9h Ad] (a pair of Nines - Ace kicker)
AdOO7-123 collected $2.24 from pot
*** SUMMARY ***
Total pot $2.32 | Rake $0.08 
Board [7s 4c 9d Qh Ts]
Seat 1: Foxation folded before Flop (didn't bet)
Seat 2: redrun71 folded before Flop (didn't bet)
Seat 3: Dorex2007 folded before Flop (didn't bet)
Seat 4: gilespoker08 folded before Flop (didn't bet)
Seat 5: enixblr (button) folded before Flop (didn't bet)
Seat 6: Sergio Sire. (small blind) folded on the Flop
Seat 7: AdOO7-123 (big blind) showed [9h Ad] and won ($2.24) with a pair of Nines
Seat 8: velll-13 showed [Jh 9s] and lost with a pair of Nines
Seat 9: TRUBACH folded before Flop (didn't bet)



PokerStars Hand #224327236155:  Hold'em No Limit ($0.01/$0.02 USD) - 2021/02/28 13:40:16 PT [2021/02/28 16:40:16 ET]
Table 'Toutatis III' 9-max Seat #6 is the button
Seat 1: Foxation ($1.40 in chips) 
Seat 2: redrun71 ($1.17 in chips) 
Seat 3: Dorex2007 ($3.49 in chips) 
Seat 4: gilespoker08 ($2.15 in chips) 
Seat 5: enixblr ($2.22 in chips) 
Seat 6: Sergio Sire. ($1.86 in chips) 
Seat 7: AdOO7-123 ($2.98 in chips) 
Seat 8: velll-13 ($2.93 in chips) 
Seat 9: TRUBACH ($1.78 in chips) 
AdOO7-123: posts small blind $0.01
velll-13: posts big blind $0.02
*** HOLE CARDS ***
Dealt to Dorex2007 [Qh Kh]
TRUBACH: folds 
Foxation: folds 
redrun71: calls $0.02
Dorex2007: calls $0.02
gilespoker08: folds 
enixblr: folds 
Sergio Sire.: raises $0.10 to $0.12
AdOO7-123: folds 
velll-13: calls $0.10
redrun71: folds 
Dorex2007: calls $0.10
*** FLOP *** [Td Ks 4h]
velll-13: bets $0.02
Dorex2007: calls $0.02
Sergio Sire.: raises $0.44 to $0.46
velll-13: folds 
Dorex2007: folds 
Uncalled bet ($0.44) returned to Sergio Sire.
Sergio Sire. collected $0.43 from pot
Sergio Sire.: doesn't show hand 
*** SUMMARY ***
Total pot $0.45 | Rake $0.02 
Board [Td Ks 4h]
Seat 1: Foxation folded before Flop (didn't bet)
Seat 2: redrun71 folded before Flop
Seat 3: Dorex2007 folded on the Flop
Seat 4: gilespoker08 folded before Flop (didn't bet)
Seat 5: enixblr folded before Flop (didn't bet)
Seat 6: Sergio Sire. (button) collected ($0.43)
Seat 7: AdOO7-123 (small blind) folded before Flop
Seat 8: velll-13 (big blind) folded on the Flop
Seat 9: TRUBACH folded before Flop (didn't bet)



PokerStars Hand #224327280433:  Hold'em No Limit ($0.01/$0.02 USD) - 2021/02/28 13:41:15 PT [2021/02/28 16:41:15 ET]
Table 'Toutatis III' 9-max Seat #7 is the button
Seat 1: Foxation ($1.40 in chips) 
Seat 2: redrun71 ($1.15 in chips) 
Seat 3: Dorex2007 ($3.35 in chips) 
Seat 4: gilespoker08 ($2.15 in chips) 
Seat 5: enixblr ($2.22 in chips) 
Seat 6: Sergio Sire. ($2.15 in chips) 
Seat 7: AdOO7-123 ($2.97 in chips) 
Seat 8: velll-13 ($2.79 in chips) 
Seat 9: TRUBACH ($1.78 in chips) 
velll-13: posts small blind $0.01
TRUBACH: posts big blind $0.02
*** HOLE CARDS ***
Dealt to Dorex2007 [As 7d]
Foxation: folds 
redrun71: calls $0.02
Dorex2007: folds 
gilespoker08: folds 
enixblr: folds 
Sergio Sire.: folds 
AdOO7-123: raises $0.10 to $0.12
velll-13: folds 
TRUBACH: folds 
redrun71: folds 
Uncalled bet ($0.10) returned to AdOO7-123
AdOO7-123 collected $0.07 from pot
*** SUMMARY ***
Total pot $0.07 | Rake $0 
Seat 1: Foxation folded before Flop (didn't bet)
Seat 2: redrun71 folded before Flop
Seat 3: Dorex2007 folded before Flop (didn't bet)
Seat 4: gilespoker08 folded before Flop (didn't bet)
Seat 5: enixblr folded before Flop (didn't bet)
Seat 6: Sergio Sire. folded before Flop (didn't bet)
Seat 7: AdOO7-123 (button) collected ($0.07)
Seat 8: velll-13 (small blind) folded before Flop
Seat 9: TRUBACH (big blind) folded before Flop



PokerStars Hand #224327307649:  Hold'em No Limit ($0.01/$0.02 USD) - 2021/02/28 13:41:51 PT [2021/02/28 16:41:51 ET]
Table 'Toutatis III' 9-max Seat #8 is the button
Seat 1: Foxation ($1.40 in chips) 
Seat 2: redrun71 ($1.13 in chips) 
Seat 3: Dorex2007 ($3.35 in chips) 
Seat 4: gilespoker08 ($2.15 in chips) 
Seat 5: enixblr ($2.22 in chips) 
Seat 6: Sergio Sire. ($2.15 in chips) 
Seat 7: AdOO7-123 ($3.02 in chips) 
Seat 8: velll-13 ($2.78 in chips) 
Seat 9: TRUBACH ($1.76 in chips) 
TRUBACH: posts small blind $0.01
Foxation: posts big blind $0.02
*** HOLE CARDS ***
Dealt to Dorex2007 [5s 6d]
redrun71: folds 
Dorex2007: folds 
gilespoker08: folds 
enixblr: folds 
Sergio Sire.: folds 
AdOO7-123: raises $0.04 to $0.06
velll-13: calls $0.06
TRUBACH: folds 
Foxation: folds 
*** FLOP *** [4h 9h 7c]
AdOO7-123: bets $0.07
velll-13: calls $0.07
*** TURN *** [4h 9h 7c] [Tc]
AdOO7-123: checks 
velll-13: bets $0.02
AdOO7-123: calls $0.02
*** RIVER *** [4h 9h 7c Tc] [2d]
AdOO7-123: checks 
velll-13: bets $0.16
AdOO7-123: calls $0.16
*** SHOW DOWN ***
velll-13: shows [3s 6h] (high card Ten)
AdOO7-123: shows [Ac 2s] (a pair of Deuces)
AdOO7-123 collected $0.63 from pot
*** SUMMARY ***
Total pot $0.65 | Rake $0.02 
Board [4h 9h 7c Tc 2d]
Seat 1: Foxation (big blind) folded before Flop
Seat 2: redrun71 folded before Flop (didn't bet)
Seat 3: Dorex2007 folded before Flop (didn't bet)
Seat 4: gilespoker08 folded before Flop (didn't bet)
Seat 5: enixblr folded before Flop (didn't bet)
Seat 6: Sergio Sire. folded before Flop (didn't bet)
Seat 7: AdOO7-123 showed [Ac 2s] and won ($0.63) with a pair of Deuces
Seat 8: velll-13 (button) showed [3s 6h] and lost with high card Ten
Seat 9: TRUBACH (small blind) folded before Flop



PokerStars Hand #224327350940:  Hold'em No Limit ($0.01/$0.02 USD) - 2021/02/28 13:42:50 PT [2021/02/28 16:42:50 ET]
Table 'Toutatis III' 9-max Seat #9 is the button
Seat 1: Foxation ($1.38 in chips) 
Seat 2: redrun71 ($1.13 in chips) 
Seat 3: Dorex2007 ($3.35 in chips) 
Seat 4: gilespoker08 ($2.15 in chips) 
Seat 5: enixblr ($2.22 in chips) 
Seat 6: Sergio Sire. ($2.15 in chips) 
Seat 7: AdOO7-123 ($3.34 in chips) 
Seat 8: velll-13 ($2.47 in chips) 
Seat 9: TRUBACH ($1.75 in chips) 
Foxation: posts small blind $0.01
redrun71: posts big blind $0.02
*** HOLE CARDS ***
Dealt to Dorex2007 [2h 6s]
Dorex2007: folds 
gilespoker08: calls $0.02
enixblr: folds 
Sergio Sire.: folds 
AdOO7-123: calls $0.02
velll-13: calls $0.02
TRUBACH: calls $0.02
Foxation: folds 
redrun71: checks 
*** FLOP *** [2d Kh 5d]
redrun71: checks 
gilespoker08: checks 
AdOO7-123: bets $0.04
velll-13: folds 
TRUBACH: calls $0.04
redrun71: folds 
gilespoker08: calls $0.04
*** TURN *** [2d Kh 5d] [9s]
gilespoker08: checks 
AdOO7-123: checks 
TRUBACH: checks 
*** RIVER *** [2d Kh 5d 9s] [Qc]
gilespoker08: checks 
AdOO7-123: checks 
TRUBACH: checks 
*** SHOW DOWN ***
gilespoker08: shows [Jc Kc] (a pair of Kings)
AdOO7-123: mucks hand 
TRUBACH: mucks hand 
gilespoker08 collected $0.22 from pot
*** SUMMARY ***
Total pot $0.23 | Rake $0.01 
Board [2d Kh 5d 9s Qc]
Seat 1: Foxation (small blind) folded before Flop
Seat 2: redrun71 (big blind) folded on the Flop
Seat 3: Dorex2007 folded before Flop (didn't bet)
Seat 4: gilespoker08 showed [Jc Kc] and won ($0.22) with a pair of Kings
Seat 5: enixblr folded before Flop (didn't bet)
Seat 6: Sergio Sire. folded before Flop (didn't bet)
Seat 7: AdOO7-123 mucked [5h 7d]
Seat 8: velll-13 folded on the Flop
Seat 9: TRUBACH (button) mucked [3s 4c]



PokerStars Hand #224327401877:  Hold'em No Limit ($0.01/$0.02 USD) - 2021/02/28 13:43:57 PT [2021/02/28 16:43:57 ET]
Table 'Toutatis III' 9-max Seat #1 is the button
Seat 1: Foxation ($1.37 in chips) 
Seat 2: redrun71 ($1.11 in chips) 
Seat 3: Dorex2007 ($3.35 in chips) 
Seat 4: gilespoker08 ($2.31 in chips) 
Seat 5: enixblr ($2.22 in chips) 
Seat 6: Sergio Sire. ($2.15 in chips) 
Seat 7: AdOO7-123 ($3.28 in chips) 
Seat 8: velll-13 ($2.45 in chips) 
Seat 9: TRUBACH ($1.69 in chips) 
redrun71: posts small blind $0.01
Dorex2007: posts big blind $0.02
*** HOLE CARDS ***
Dealt to Dorex2007 [2c 9s]
gilespoker08 has timed out
gilespoker08: folds 
enixblr: folds 
Sergio Sire.: folds 
AdOO7-123: folds 
AdOO7-123 leaves the table
velll-13: calls $0.02
TRUBACH: folds 
Foxation: folds 
redrun71: raises $0.04 to $0.06
Dorex2007: folds 
velll-13: calls $0.04
*** FLOP *** [9c Qs Jd]
redrun71: checks 
velll-13: checks 
*** TURN *** [9c Qs Jd] [Kh]
redrun71: checks 
velll-13: bets $0.02
redrun71: calls $0.02
*** RIVER *** [9c Qs Jd Kh] [3c]
redrun71: checks 
velll-13: checks 
*** SHOW DOWN ***
redrun71: shows [7c 8c] (high card King)
velll-13: shows [6d 8d] (high card King)
redrun71 collected $0.09 from pot
velll-13 collected $0.08 from pot
*** SUMMARY ***
Total pot $0.18 | Rake $0.01 
Board [9c Qs Jd Kh 3c]
Seat 1: Foxation (button) folded before Flop (didn't bet)
Seat 2: redrun71 (small blind) showed [7c 8c] and won ($0.09) with high card King
Seat 3: Dorex2007 (big blind) folded before Flop
Seat 4: gilespoker08 folded before Flop (didn't bet)
Seat 5: enixblr folded before Flop (didn't bet)
Seat 6: Sergio Sire. folded before Flop (didn't bet)
Seat 7: AdOO7-123 folded before Flop (didn't bet)
Seat 8: velll-13 showed [6d 8d] and won ($0.08) with high card King
Seat 9: TRUBACH folded before Flop (didn't bet)



PokerStars Hand #224327432700:  Hold'em No Limit ($0.01/$0.02 USD) - 2021/02/28 13:44:39 PT [2021/02/28 16:44:39 ET]
Table 'Toutatis III' 9-max Seat #2 is the button
Seat 1: Foxation ($1.37 in chips) 
Seat 2: redrun71 ($1.12 in chips) 
Seat 3: Dorex2007 ($3.33 in chips) 
Seat 4: gilespoker08 ($2.31 in chips) 
Seat 5: enixblr ($2.22 in chips) 
Seat 6: Sergio Sire. ($2.15 in chips) 
Seat 8: velll-13 ($2.45 in chips) 
Seat 9: TRUBACH ($1.69 in chips) 
Dorex2007: posts small blind $0.01
gilespoker08: posts big blind $0.02
*** HOLE CARDS ***
Dealt to Dorex2007 [3s 2c]
enixblr: folds 
Sergio Sire.: raises $0.03 to $0.05
velll-13: calls $0.05
TRUBACH: folds 
Foxation: folds 
redrun71: folds 
Dorex2007: folds 
gilespoker08: calls $0.03
*** FLOP *** [9h Qs Tc]
gilespoker08: checks 
Sergio Sire.: checks 
velll-13: checks 
*** TURN *** [9h Qs Tc] [2d]
gilespoker08: checks 
Sergio Sire.: checks 
velll-13: checks 
*** RIVER *** [9h Qs Tc 2d] [As]
gilespoker08: checks 
Sergio Sire.: checks 
velll-13: bets $0.07
gilespoker08: folds 
Sergio Sire.: folds 
Uncalled bet ($0.07) returned to velll-13
velll-13 collected $0.15 from pot
velll-13: doesn't show hand 
*** SUMMARY ***
Total pot $0.16 | Rake $0.01 
Board [9h Qs Tc 2d As]
Seat 1: Foxation folded before Flop (didn't bet)
Seat 2: redrun71 (button) folded before Flop (didn't bet)
Seat 3: Dorex2007 (small blind) folded before Flop
Seat 4: gilespoker08 (big blind) folded on the River
Seat 5: enixblr folded before Flop (didn't bet)
Seat 6: Sergio Sire. folded on the River
Seat 8: velll-13 collected ($0.15)
Seat 9: TRUBACH folded before Flop (didn't bet)



PokerStars Hand #224327486455:  Hold'em No Limit ($0.01/$0.02 USD) - 2021/02/28 13:45:50 PT [2021/02/28 16:45:50 ET]
Table 'Toutatis III' 9-max Seat #3 is the button
Seat 1: Foxation ($1.37 in chips) 
Seat 2: redrun71 ($1.12 in chips) 
Seat 3: Dorex2007 ($3.32 in chips) 
Seat 4: gilespoker08 ($2.26 in chips) 
Seat 5: enixblr ($2.22 in chips) 
Seat 6: Sergio Sire. ($2.10 in chips) 
Seat 8: velll-13 ($2.55 in chips) 
Seat 9: TRUBACH ($1.69 in chips) 
gilespoker08: posts small blind $0.01
enixblr: posts big blind $0.02
*** HOLE CARDS ***
Dealt to Dorex2007 [Qc Td]
Sergio Sire.: folds 
velll-13: raises $0.02 to $0.04
TRUBACH: folds 
Foxation: folds 
redrun71: calls $0.04
Dorex2007: calls $0.04
gilespoker08: folds 
enixblr: folds 
*** FLOP *** [7d 4h 5d]
velll-13: bets $0.07
redrun71: folds 
Dorex2007: folds 
Uncalled bet ($0.07) returned to velll-13
velll-13 collected $0.14 from pot
velll-13: doesn't show hand 
*** SUMMARY ***
Total pot $0.15 | Rake $0.01 
Board [7d 4h 5d]
Seat 1: Foxation folded before Flop (didn't bet)
Seat 2: redrun71 folded on the Flop
Seat 3: Dorex2007 (button) folded on the Flop
Seat 4: gilespoker08 (small blind) folded before Flop
Seat 5: enixblr (big blind) folded before Flop
Seat 6: Sergio Sire. folded before Flop (didn't bet)
Seat 8: velll-13 collected ($0.14)
Seat 9: TRUBACH folded before Flop (didn't bet)



PokerStars Hand #224327518942:  Hold'em No Limit ($0.01/$0.02 USD) - 2021/02/28 13:46:33 PT [2021/02/28 16:46:33 ET]
Table 'Toutatis III' 9-max Seat #4 is the button
Seat 1: Foxation ($1.37 in chips) 
Seat 2: redrun71 ($1.08 in chips) 
Seat 3: Dorex2007 ($3.28 in chips) 
Seat 4: gilespoker08 ($2.25 in chips) 
Seat 5: enixblr ($2.20 in chips) 
Seat 6: Sergio Sire. ($2.10 in chips) 
Seat 8: velll-13 ($2.65 in chips) 
Seat 9: TRUBACH ($1.69 in chips) 
enixblr: posts small blind $0.01
Sergio Sire.: posts big blind $0.02
*** HOLE CARDS ***
Dealt to Dorex2007 [4c 5c]
velll-13: raises $2.63 to $2.65 and is all-in
TRUBACH: folds 
Foxation: folds 
redrun71: folds 
Dorex2007: folds 
gilespoker08: folds 
enixblr: folds 
Sergio Sire.: folds 
Uncalled bet ($2.63) returned to velll-13
velll-13 collected $0.05 from pot
velll-13: doesn't show hand 
*** SUMMARY ***
Total pot $0.05 | Rake $0 
Seat 1: Foxation folded before Flop (didn't bet)
Seat 2: redrun71 folded before Flop (didn't bet)
Seat 3: Dorex2007 folded before Flop (didn't bet)
Seat 4: gilespoker08 (button) folded before Flop (didn't bet)
Seat 5: enixblr (small blind) folded before Flop
Seat 6: Sergio Sire. (big blind) folded before Flop
Seat 8: velll-13 collected ($0.05)
Seat 9: TRUBACH folded before Flop (didn't bet)



PokerStars Hand #224327546192:  Hold'em No Limit ($0.01/$0.02 USD) - 2021/02/28 13:47:09 PT [2021/02/28 16:47:09 ET]
Table 'Toutatis III' 9-max Seat #5 is the button
Seat 1: Foxation ($1.37 in chips) 
Seat 2: redrun71 ($1.08 in chips) 
Seat 3: Dorex2007 ($3.28 in chips) 
Seat 4: gilespoker08 ($2.25 in chips) 
Seat 5: enixblr ($2.19 in chips) 
Seat 6: Sergio Sire. ($2.08 in chips) 
Seat 8: velll-13 ($2.68 in chips) 
Seat 9: TRUBACH ($1.69 in chips) 
Sergio Sire.: posts small blind $0.01
velll-13: posts big blind $0.02
*** HOLE CARDS ***
Dealt to Dorex2007 [3c Jh]
TRUBACH: folds 
Foxation: folds 
redrun71: folds 
Dorex2007: folds 
gilespoker08: folds 
enixblr: raises $0.02 to $0.04
Sergio Sire.: calls $0.03
velll-13: calls $0.02
*** FLOP *** [Jd Qd 7h]
Dorex2007 said, "and as an example of someone who doesn't learn...... LOL"
Sergio Sire.: checks 
velll-13: bets $0.02
enixblr: raises $0.06 to $0.08
Sergio Sire.: folds 
velll-13: calls $0.06
*** TURN *** [Jd Qd 7h] [Qh]
velll-13: bets $0.02
minekanev joins the table at seat #7 
enixblr: raises $0.31 to $0.33
velll-13: folds 
Uncalled bet ($0.31) returned to enixblr
enixblr collected $0.31 from pot
enixblr: doesn't show hand 
*** SUMMARY ***
Total pot $0.32 | Rake $0.01 
Board [Jd Qd 7h Qh]
Seat 1: Foxation folded before Flop (didn't bet)
Seat 2: redrun71 folded before Flop (didn't bet)
Seat 3: Dorex2007 folded before Flop (didn't bet)
Seat 4: gilespoker08 folded before Flop (didn't bet)
Seat 5: enixblr (button) collected ($0.31)
Seat 6: Sergio Sire. (small blind) folded on the Flop
Seat 8: velll-13 (big blind) folded on the Turn
Seat 9: TRUBACH folded before Flop (didn't bet)



PokerStars Hand #224327580124:  Hold'em No Limit ($0.01/$0.02 USD) - 2021/02/28 13:47:54 PT [2021/02/28 16:47:54 ET]
Table 'Toutatis III' 9-max Seat #6 is the button
Seat 1: Foxation ($1.37 in chips) 
Seat 2: redrun71 ($1.08 in chips) 
Seat 3: Dorex2007 ($3.28 in chips) 
Seat 4: gilespoker08 ($2.25 in chips) 
Seat 5: enixblr ($2.36 in chips) 
Seat 6: Sergio Sire. ($2.04 in chips) 
Seat 8: velll-13 ($2.54 in chips) 
Seat 9: TRUBACH ($1.69 in chips) 
velll-13: posts small blind $0.01
TRUBACH: posts big blind $0.02
*** HOLE CARDS ***
Dealt to Dorex2007 [Jd 5s]
Foxation: folds 
redrun71: calls $0.02
Dorex2007: folds 
gilespoker08: folds 
enixblr: raises $0.04 to $0.06
Sergio Sire.: folds 
velll-13: calls $0.05
TRUBACH: folds 
redrun71: calls $0.04
*** FLOP *** [8s Qd 7c]
velll-13: checks 
redrun71: checks 
enixblr: checks 
*** TURN *** [8s Qd 7c] [Tc]
velll-13: bets $0.02
redrun71: calls $0.02
enixblr: folds 
*** RIVER *** [8s Qd 7c Tc] [7h]
velll-13: bets $0.11
redrun71: raises $0.23 to $0.34
velll-13: folds 
Uncalled bet ($0.23) returned to redrun71
redrun71 collected $0.44 from pot
redrun71: doesn't show hand 
*** SUMMARY ***
Total pot $0.46 | Rake $0.02 
Board [8s Qd 7c Tc 7h]
Seat 1: Foxation folded before Flop (didn't bet)
Seat 2: redrun71 collected ($0.44)
Seat 3: Dorex2007 folded before Flop (didn't bet)
Seat 4: gilespoker08 folded before Flop (didn't bet)
Seat 5: enixblr folded on the Turn
Seat 6: Sergio Sire. (button) folded before Flop (didn't bet)
Seat 8: velll-13 (small blind) folded on the River
Seat 9: TRUBACH (big blind) folded before Flop



PokerStars Hand #224327624227:  Hold'em No Limit ($0.01/$0.02 USD) - 2021/02/28 13:48:53 PT [2021/02/28 16:48:53 ET]
Table 'Toutatis III' 9-max Seat #8 is the button
Seat 1: Foxation ($1.37 in chips) 
Seat 2: redrun71 ($1.33 in chips) 
Seat 3: Dorex2007 ($3.28 in chips) 
Seat 4: gilespoker08 ($2.25 in chips) 
Seat 5: enixblr ($2.30 in chips) 
Seat 6: Sergio Sire. ($2.04 in chips) 
Seat 8: velll-13 ($2.35 in chips) 
Seat 9: TRUBACH ($1.67 in chips) 
TRUBACH: posts small blind $0.01
Foxation: posts big blind $0.02
minekanev: sits out 
*** HOLE CARDS ***
Dealt to Dorex2007 [2h 4s]
redrun71: calls $0.02
Dorex2007: folds 
gilespoker08 has timed out
gilespoker08: folds 
enixblr: folds 
Sergio Sire.: folds 
velll-13: calls $0.02
TRUBACH: calls $0.01
Foxation: checks 
*** FLOP *** [Kh 6s Ah]
TRUBACH: checks 
Foxation: checks 
redrun71: bets $0.04
velll-13: raises $0.04 to $0.08
TRUBACH: folds 
Foxation: folds 
redrun71: calls $0.04
*** TURN *** [Kh 6s Ah] [4c]
redrun71: checks 
velll-13: bets $0.02
redrun71: calls $0.02
*** RIVER *** [Kh 6s Ah 4c] [6h]
redrun71: checks 
velll-13: bets $0.13
redrun71: folds 
Uncalled bet ($0.13) returned to velll-13
velll-13 collected $0.27 from pot
velll-13: doesn't show hand 
*** SUMMARY ***
Total pot $0.28 | Rake $0.01 
Board [Kh 6s Ah 4c 6h]
Seat 1: Foxation (big blind) folded on the Flop
Seat 2: redrun71 folded on the River
Seat 3: Dorex2007 folded before Flop (didn't bet)
Seat 4: gilespoker08 folded before Flop (didn't bet)
Seat 5: enixblr folded before Flop (didn't bet)
Seat 6: Sergio Sire. folded before Flop (didn't bet)
Seat 8: velll-13 (button) collected ($0.27)
Seat 9: TRUBACH (small blind) folded on the Flop



PokerStars Hand #224327675103:  Hold'em No Limit ($0.01/$0.02 USD) - 2021/02/28 13:50:01 PT [2021/02/28 16:50:01 ET]
Table 'Toutatis III' 9-max Seat #9 is the button
Seat 1: Foxation ($1.35 in chips) 
Seat 2: redrun71 ($1.21 in chips) 
Seat 3: Dorex2007 ($3.28 in chips) 
Seat 4: gilespoker08 ($2.25 in chips) 
Seat 5: enixblr ($2.30 in chips) 
Seat 6: Sergio Sire. ($2.04 in chips) 
Seat 7: minekanev ($1.60 in chips) 
Seat 8: velll-13 ($2.50 in chips) 
Seat 9: TRUBACH ($1.65 in chips) 
Foxation: posts small blind $0.01
redrun71: posts big blind $0.02
minekanev: posts big blind $0.02
*** HOLE CARDS ***
Dealt to Dorex2007 [2c 4s]
Dorex2007: folds 
gilespoker08: folds 
enixblr: folds 
Sergio Sire.: folds 
minekanev: checks 
velll-13: raises $0.02 to $0.04
TRUBACH: calls $0.04
Foxation: folds 
redrun71: calls $0.02
minekanev: calls $0.02
*** FLOP *** [Qd Th 6c]
redrun71: checks 
minekanev: bets $0.04
velll-13: calls $0.04
TRUBACH: calls $0.04
redrun71: folds 
*** TURN *** [Qd Th 6c] [2d]
minekanev: bets $0.04
velll-13: calls $0.04
TRUBACH: raises $0.20 to $0.24
minekanev: calls $0.20
velll-13: calls $0.20
*** RIVER *** [Qd Th 6c 2d] [4c]
minekanev: checks 
velll-13: checks 
TRUBACH: bets $0.49
minekanev: calls $0.49
velll-13: folds 
*** SHOW DOWN ***
TRUBACH: shows [Qc Kc] (a pair of Queens)
minekanev: mucks hand 
TRUBACH collected $1.92 from pot
*** SUMMARY ***
Total pot $1.99 | Rake $0.07 
Board [Qd Th 6c 2d 4c]
Seat 1: Foxation (small blind) folded before Flop
Seat 2: redrun71 (big blind) folded on the Flop
Seat 3: Dorex2007 folded before Flop (didn't bet)
Seat 4: gilespoker08 folded before Flop (didn't bet)
Seat 5: enixblr folded before Flop (didn't bet)
Seat 6: Sergio Sire. folded before Flop (didn't bet)
Seat 7: minekanev mucked [Qs 9s]
Seat 8: velll-13 folded on the River
Seat 9: TRUBACH (button) showed [Qc Kc] and won ($1.92) with a pair of Queens



PokerStars Hand #224327739005:  Hold'em No Limit ($0.01/$0.02 USD) - 2021/02/28 13:51:28 PT [2021/02/28 16:51:28 ET]
Table 'Toutatis III' 9-max Seat #1 is the button
Seat 1: Foxation ($1.34 in chips) 
Seat 2: redrun71 ($1.17 in chips) 
Seat 3: Dorex2007 ($3.28 in chips) 
Seat 4: gilespoker08 ($2.25 in chips) 
Seat 5: enixblr ($2.30 in chips) 
Seat 6: Sergio Sire. ($2.04 in chips) 
Seat 7: minekanev ($0.79 in chips) 
Seat 8: velll-13 ($2.18 in chips) 
Seat 9: TRUBACH ($2.76 in chips) 
redrun71: posts small blind $0.01
Dorex2007: posts big blind $0.02
*** HOLE CARDS ***
Dealt to Dorex2007 [Ac 3h]
gilespoker08: folds 
enixblr: folds 
Sergio Sire.: folds 
minekanev: calls $0.02
velll-13: calls $0.02
TRUBACH: calls $0.02
Foxation: raises $0.10 to $0.12
redrun71: folds 
Dorex2007: folds 
minekanev: calls $0.10
velll-13: calls $0.10
TRUBACH: calls $0.10
*** FLOP *** [2c 9d 2d]
minekanev: checks 
velll-13: checks 
TRUBACH: checks 
Foxation: checks 
*** TURN *** [2c 9d 2d] [3d]
minekanev: checks 
velll-13: bets $0.02
TRUBACH: calls $0.02
Foxation: calls $0.02
minekanev: calls $0.02
*** RIVER *** [2c 9d 2d 3d] [Qh]
minekanev: checks 
velll-13: bets $0.57
TRUBACH: folds 
Foxation: folds 
minekanev: folds 
Uncalled bet ($0.57) returned to velll-13
velll-13 collected $0.57 from pot
velll-13: doesn't show hand 
*** SUMMARY ***
Total pot $0.59 | Rake $0.02 
Board [2c 9d 2d 3d Qh]
Seat 1: Foxation (button) folded on the River
Seat 2: redrun71 (small blind) folded before Flop
Seat 3: Dorex2007 (big blind) folded before Flop
Seat 4: gilespoker08 folded before Flop (didn't bet)
Seat 5: enixblr folded before Flop (didn't bet)
Seat 6: Sergio Sire. folded before Flop (didn't bet)
Seat 7: minekanev folded on the River
Seat 8: velll-13 collected ($0.57)
Seat 9: TRUBACH folded on the River



PokerStars Hand #224327802386:  Hold'em No Limit ($0.01/$0.02 USD) - 2021/02/28 13:52:53 PT [2021/02/28 16:52:53 ET]
Table 'Toutatis III' 9-max Seat #2 is the button
Seat 1: Foxation ($1.20 in chips) 
Seat 2: redrun71 ($1.16 in chips) 
Seat 3: Dorex2007 ($3.26 in chips) 
Seat 4: gilespoker08 ($2.25 in chips) 
Seat 5: enixblr ($2.30 in chips) 
Seat 6: Sergio Sire. ($2.04 in chips) 
Seat 7: minekanev ($0.65 in chips) 
Seat 8: velll-13 ($2.61 in chips) 
Seat 9: TRUBACH ($2.62 in chips) 
Dorex2007: posts small blind $0.01
gilespoker08: posts big blind $0.02
*** HOLE CARDS ***
Dealt to Dorex2007 [4c Jh]
enixblr: folds 
Sergio Sire.: folds 
minekanev: folds 
velll-13: calls $0.02
TRUBACH: folds 
Foxation: folds 
redrun71: folds 
Dorex2007: folds 
gilespoker08: checks 
*** FLOP *** [6s Th Js]
gilespoker08: bets $0.02
velll-13: calls $0.02
*** TURN *** [6s Th Js] [6c]
gilespoker08: bets $0.02
velll-13: raises $0.02 to $0.04
gilespoker08: calls $0.02
*** RIVER *** [6s Th Js 6c] [Kd]
gilespoker08: checks 
velll-13: bets $0.08
gilespoker08: folds 
Uncalled bet ($0.08) returned to velll-13
velll-13 collected $0.16 from pot
velll-13: doesn't show hand 
*** SUMMARY ***
Total pot $0.17 | Rake $0.01 
Board [6s Th Js 6c Kd]
Seat 1: Foxation folded before Flop (didn't bet)
Seat 2: redrun71 (button) folded before Flop (didn't bet)
Seat 3: Dorex2007 (small blind) folded before Flop
Seat 4: gilespoker08 (big blind) folded on the River
Seat 5: enixblr folded before Flop (didn't bet)
Seat 6: Sergio Sire. folded before Flop (didn't bet)
Seat 7: minekanev folded before Flop (didn't bet)
Seat 8: velll-13 collected ($0.16)
Seat 9: TRUBACH folded before Flop (didn't bet)



PokerStars Hand #224327845381:  Hold'em No Limit ($0.01/$0.02 USD) - 2021/02/28 13:53:51 PT [2021/02/28 16:53:51 ET]
Table 'Toutatis III' 9-max Seat #3 is the button
Seat 1: Foxation ($1.20 in chips) 
Seat 2: redrun71 ($1.16 in chips) 
Seat 3: Dorex2007 ($3.25 in chips) 
Seat 4: gilespoker08 ($2.17 in chips) 
Seat 5: enixblr ($2.30 in chips) 
Seat 6: Sergio Sire. ($2.04 in chips) 
Seat 7: minekanev ($0.65 in chips) 
Seat 8: velll-13 ($2.69 in chips) 
Seat 9: TRUBACH ($2.62 in chips) 
gilespoker08: posts small blind $0.01
enixblr: posts big blind $0.02
*** HOLE CARDS ***
Dealt to Dorex2007 [5c 9s]
Sergio Sire.: folds 
minekanev: folds 
velll-13: calls $0.02
TRUBACH: folds 
Foxation: folds 
redrun71: folds 
Dorex2007: folds 
gilespoker08: folds 
enixblr: checks 
*** FLOP *** [8s 2d Ts]
enixblr: checks 
velll-13: bets $0.02
enixblr: folds 
Uncalled bet ($0.02) returned to velll-13
velll-13 collected $0.05 from pot
velll-13: doesn't show hand 
*** SUMMARY ***
Total pot $0.05 | Rake $0 
Board [8s 2d Ts]
Seat 1: Foxation folded before Flop (didn't bet)
Seat 2: redrun71 folded before Flop (didn't bet)
Seat 3: Dorex2007 (button) folded before Flop (didn't bet)
Seat 4: gilespoker08 (small blind) folded before Flop
Seat 5: enixblr (big blind) folded on the Flop
Seat 6: Sergio Sire. folded before Flop (didn't bet)
Seat 7: minekanev folded before Flop (didn't bet)
Seat 8: velll-13 collected ($0.05)
Seat 9: TRUBACH folded before Flop (didn't bet)



PokerStars Hand #224327880478:  Hold'em No Limit ($0.01/$0.02 USD) - 2021/02/28 13:54:36 PT [2021/02/28 16:54:36 ET]
Table 'Toutatis III' 9-max Seat #4 is the button
Seat 1: Foxation ($1.20 in chips) 
Seat 2: redrun71 ($1.16 in chips) 
Seat 3: Dorex2007 ($3.25 in chips) 
Seat 4: gilespoker08 ($2.16 in chips) 
Seat 5: enixblr ($2.28 in chips) 
Seat 6: Sergio Sire. ($2.04 in chips) 
Seat 7: minekanev ($0.65 in chips) 
Seat 8: velll-13 ($2.72 in chips) 
Seat 9: TRUBACH ($2.62 in chips) 
enixblr: posts small blind $0.01
Sergio Sire.: posts big blind $0.02
*** HOLE CARDS ***
Dealt to Dorex2007 [3h 7s]
minekanev: folds 
velll-13: calls $0.02
TRUBACH: folds 
Foxation: folds 
redrun71: calls $0.02
Dorex2007: folds 
gilespoker08: folds 
enixblr: folds 
Sergio Sire.: checks 
*** FLOP *** [Qc 7h 8c]
Sergio Sire.: checks 
velll-13: checks 
redrun71: checks 
*** TURN *** [Qc 7h 8c] [5d]
Sergio Sire.: checks 
velll-13: checks 
redrun71: checks 
*** RIVER *** [Qc 7h 8c 5d] [5h]
Sergio Sire.: bets $0.07
velll-13: folds 
redrun71: folds 
Uncalled bet ($0.07) returned to Sergio Sire.
Sergio Sire. collected $0.07 from pot
Sergio Sire.: doesn't show hand 
*** SUMMARY ***
Total pot $0.07 | Rake $0 
Board [Qc 7h 8c 5d 5h]
Seat 1: Foxation folded before Flop (didn't bet)
Seat 2: redrun71 folded on the River
Seat 3: Dorex2007 folded before Flop (didn't bet)
Seat 4: gilespoker08 (button) folded before Flop (didn't bet)
Seat 5: enixblr (small blind) folded before Flop
Seat 6: Sergio Sire. (big blind) collected ($0.07)
Seat 7: minekanev folded before Flop (didn't bet)
Seat 8: velll-13 folded on the River
Seat 9: TRUBACH folded before Flop (didn't bet)



PokerStars Hand #224327935173:  Hold'em No Limit ($0.01/$0.02 USD) - 2021/02/28 13:56:08 PT [2021/02/28 16:56:08 ET]
Table 'Toutatis III' 9-max Seat #5 is the button
Seat 1: Foxation ($1.20 in chips) 
Seat 2: redrun71 ($1.14 in chips) 
Seat 3: Dorex2007 ($3.25 in chips) 
Seat 4: gilespoker08 ($2.16 in chips) 
Seat 5: enixblr ($2.27 in chips) 
Seat 6: Sergio Sire. ($2.09 in chips) 
Seat 7: minekanev ($0.65 in chips) 
Seat 8: velll-13 ($2.70 in chips) 
Seat 9: TRUBACH ($2.62 in chips) 
Sergio Sire.: posts small blind $0.01
minekanev: posts big blind $0.02
*** HOLE CARDS ***
Dealt to Dorex2007 [7c Jc]
velll-13: raises $0.04 to $0.06
TRUBACH: folds 
Foxation: folds 
redrun71: calls $0.06
Dorex2007: folds 
gilespoker08: folds 
enixblr: folds 
Sergio Sire.: folds 
minekanev: calls $0.04
*** FLOP *** [Qs Qd 5c]
minekanev: checks 
velll-13: bets $0.09
redrun71: calls $0.09
minekanev: folds 
*** TURN *** [Qs Qd 5c] [Tc]
velll-13: bets $0.02
redrun71: raises $0.16 to $0.18
velll-13: calls $0.16
*** RIVER *** [Qs Qd 5c Tc] [5s]
velll-13: checks 
redrun71: bets $0.26
velll-13: calls $0.26
*** SHOW DOWN ***
redrun71: shows [2h 5h] (a full house, Fives full of Queens)
velll-13: mucks hand 
redrun71 collected $1.21 from pot
*** SUMMARY ***
Total pot $1.25 | Rake $0.04 
Board [Qs Qd 5c Tc 5s]
Seat 1: Foxation folded before Flop (didn't bet)
Seat 2: redrun71 showed [2h 5h] and won ($1.21) with a full house, Fives full of Queens
Seat 3: Dorex2007 folded before Flop (didn't bet)
Seat 4: gilespoker08 folded before Flop (didn't bet)
Seat 5: enixblr (button) folded before Flop (didn't bet)
Seat 6: Sergio Sire. (small blind) folded before Flop
Seat 7: minekanev (big blind) folded on the Flop
Seat 8: velll-13 mucked [Ad Jh]
Seat 9: TRUBACH folded before Flop (didn't bet)



PokerStars Hand #224327959579:  Hold'em No Limit ($0.01/$0.02 USD) - 2021/02/28 13:56:59 PT [2021/02/28 16:56:59 ET]
Table 'Toutatis III' 9-max Seat #6 is the button
Seat 1: Foxation ($1.20 in chips) 
Seat 2: redrun71 ($1.76 in chips) 
Seat 3: Dorex2007 ($3.25 in chips) 
Seat 4: gilespoker08 ($2.16 in chips) 
Seat 5: enixblr ($2.27 in chips) 
Seat 6: Sergio Sire. ($2.08 in chips) 
Seat 7: minekanev ($0.59 in chips) 
Seat 8: velll-13 ($2.11 in chips) 
Seat 9: TRUBACH ($2.62 in chips) 
minekanev: posts small blind $0.01
velll-13: posts big blind $0.02
*** HOLE CARDS ***
Dealt to Dorex2007 [3c 4c]
TRUBACH: calls $0.02
Foxation: folds 
redrun71: calls $0.02
Dorex2007: folds 
gilespoker08: folds 
enixblr: raises $0.06 to $0.08
Sergio Sire.: folds 
minekanev: folds 
velll-13: calls $0.06
TRUBACH: calls $0.06
redrun71: folds 
*** FLOP *** [Tc 5c 3d]
velll-13: checks 
TRUBACH: checks 
redrun71 leaves the table
enixblr: bets $0.17
velll-13: folds 
TRUBACH: folds 
Uncalled bet ($0.17) returned to enixblr
enixblr collected $0.26 from pot
enixblr: doesn't show hand 
*** SUMMARY ***
Total pot $0.27 | Rake $0.01 
Board [Tc 5c 3d]
Seat 1: Foxation folded before Flop (didn't bet)
Seat 2: redrun71 folded before Flop
Seat 3: Dorex2007 folded before Flop (didn't bet)
Seat 4: gilespoker08 folded before Flop (didn't bet)
Seat 5: enixblr collected ($0.26)
Seat 6: Sergio Sire. (button) folded before Flop (didn't bet)
Seat 7: minekanev (small blind) folded before Flop
Seat 8: velll-13 (big blind) folded on the Flop
Seat 9: TRUBACH folded on the Flop



PokerStars Hand #224327990322:  Hold'em No Limit ($0.01/$0.02 USD) - 2021/02/28 13:58:04 PT [2021/02/28 16:58:04 ET]
Table 'Toutatis III' 9-max Seat #7 is the button
Seat 1: Foxation ($1.20 in chips) 
Seat 3: Dorex2007 ($3.25 in chips) 
Seat 4: gilespoker08 ($2.16 in chips) 
Seat 5: enixblr ($2.45 in chips) 
Seat 6: Sergio Sire. ($2.08 in chips) 
Seat 7: minekanev ($0.58 in chips) 
Seat 8: velll-13 ($2.03 in chips) 
Seat 9: TRUBACH ($2.54 in chips) 
velll-13: posts small blind $0.01
TRUBACH: posts big blind $0.02
*** HOLE CARDS ***
Dealt to Dorex2007 [4c Kd]
Foxation: folds 
Dorex2007: folds 
gilespoker08: folds 
rafael-nik joins the table at seat #2 
enixblr: folds 
Sergio Sire.: raises $0.05 to $0.07
minekanev: folds 
velll-13: calls $0.06
TRUBACH: folds 
*** FLOP *** [6d Ad Qd]
velll-13: bets $0.02
Sergio Sire.: folds 
Uncalled bet ($0.02) returned to velll-13
velll-13 collected $0.15 from pot
velll-13: doesn't show hand 
*** SUMMARY ***
Total pot $0.16 | Rake $0.01 
Board [6d Ad Qd]
Seat 1: Foxation folded before Flop (didn't bet)
Seat 3: Dorex2007 folded before Flop (didn't bet)
Seat 4: gilespoker08 folded before Flop (didn't bet)
Seat 5: enixblr folded before Flop (didn't bet)
Seat 6: Sergio Sire. folded on the Flop
Seat 7: minekanev (button) folded before Flop (didn't bet)
Seat 8: velll-13 (small blind) collected ($0.15)
Seat 9: TRUBACH (big blind) folded before Flop



PokerStars Hand #224328009650:  Hold'em No Limit ($0.01/$0.02 USD) - 2021/02/28 13:58:45 PT [2021/02/28 16:58:45 ET]
Table 'Toutatis III' 9-max Seat #8 is the button
Seat 1: Foxation ($1.20 in chips) 
Seat 3: Dorex2007 ($3.25 in chips) 
Seat 4: gilespoker08 ($2.16 in chips) 
Seat 5: enixblr ($2.45 in chips) 
Seat 6: Sergio Sire. ($2.01 in chips) 
Seat 7: minekanev ($0.58 in chips) 
Seat 8: velll-13 ($2.11 in chips) 
Seat 9: TRUBACH ($2.52 in chips) 
TRUBACH: posts small blind $0.01
Foxation: posts big blind $0.02
rafael-nik: sits out 
*** HOLE CARDS ***
Dealt to Dorex2007 [Tc 6s]
Dorex2007: folds 
gilespoker08: folds 
enixblr: folds 
Sergio Sire.: folds 
minekanev: folds 
velll-13: calls $0.02
TRUBACH: folds 
Foxation: checks 
*** FLOP *** [3s Qh 4d]
Foxation: checks 
velll-13: checks 
*** TURN *** [3s Qh 4d] [7h]
Foxation: checks 
velll-13: checks 
*** RIVER *** [3s Qh 4d 7h] [Kd]
Foxation: checks 
velll-13: bets $0.48
Foxation: folds 
Uncalled bet ($0.48) returned to velll-13
velll-13 collected $0.05 from pot
velll-13: doesn't show hand 
*** SUMMARY ***
Total pot $0.05 | Rake $0 
Board [3s Qh 4d 7h Kd]
Seat 1: Foxation (big blind) folded on the River
Seat 3: Dorex2007 folded before Flop (didn't bet)
Seat 4: gilespoker08 folded before Flop (didn't bet)
Seat 5: enixblr folded before Flop (didn't bet)
Seat 6: Sergio Sire. folded before Flop (didn't bet)
Seat 7: minekanev folded before Flop (didn't bet)
Seat 8: velll-13 (button) collected ($0.05)
Seat 9: TRUBACH (small blind) folded before Flop



PokerStars Hand #224328025961:  Hold'em No Limit ($0.01/$0.02 USD) - 2021/02/28 13:59:20 PT [2021/02/28 16:59:20 ET]
Table 'Toutatis III' 9-max Seat #9 is the button
Seat 1: Foxation ($1.18 in chips) 
Seat 2: rafael-nik ($1.60 in chips) 
Seat 3: Dorex2007 ($3.25 in chips) 
Seat 4: gilespoker08 ($2.16 in chips) 
Seat 5: enixblr ($2.45 in chips) 
Seat 6: Sergio Sire. ($2.01 in chips) 
Seat 7: minekanev ($0.58 in chips) 
Seat 8: velll-13 ($2.14 in chips) 
Seat 9: TRUBACH ($2.51 in chips) 
Foxation: posts small blind $0.01
rafael-nik: posts big blind $0.02
*** HOLE CARDS ***
Dealt to Dorex2007 [9s 7s]
Dorex2007: folds 
gilespoker08 has timed out
gilespoker08: folds 
enixblr: folds 
Sergio Sire.: folds 
minekanev: calls $0.02
velll-13: calls $0.02
TRUBACH: folds 
Foxation: folds 
rafael-nik: raises $0.04 to $0.06
minekanev: calls $0.04
velll-13: folds 
*** FLOP *** [Th 7d 4d]
rafael-nik: bets $0.14
minekanev: folds 
Uncalled bet ($0.14) returned to rafael-nik
rafael-nik collected $0.14 from pot
rafael-nik: doesn't show hand 
*** SUMMARY ***
Total pot $0.15 | Rake $0.01 
Board [Th 7d 4d]
Seat 1: Foxation (small blind) folded before Flop
Seat 2: rafael-nik (big blind) collected ($0.14)
Seat 3: Dorex2007 folded before Flop (didn't bet)
Seat 4: gilespoker08 folded before Flop (didn't bet)
Seat 5: enixblr folded before Flop (didn't bet)
Seat 6: Sergio Sire. folded before Flop (didn't bet)
Seat 7: minekanev folded on the Flop
Seat 8: velll-13 folded before Flop
Seat 9: TRUBACH (button) folded before Flop (didn't bet)



PokerStars Hand #224328051332:  Hold'em No Limit ($0.01/$0.02 USD) - 2021/02/28 14:00:12 PT [2021/02/28 17:00:12 ET]
Table 'Toutatis III' 9-max Seat #1 is the button
Seat 1: Foxation ($1.17 in chips) 
Seat 2: rafael-nik ($1.68 in chips) 
Seat 3: Dorex2007 ($3.25 in chips) 
Seat 5: enixblr ($2.45 in chips) 
Seat 6: Sergio Sire. ($2.01 in chips) 
Seat 7: minekanev ($0.52 in chips) 
Seat 8: velll-13 ($2.12 in chips) 
Seat 9: TRUBACH ($2.51 in chips) 
rafael-nik: posts small blind $0.01
Dorex2007: posts big blind $0.02
*** HOLE CARDS ***
Dealt to Dorex2007 [Kh 7d]
enixblr: folds 
Sergio Sire.: folds 
minekanev: calls $0.02
velll-13: raises $0.07 to $0.09
TRUBACH: calls $0.09
Foxation: folds 
rafael-nik: folds 
Dorex2007: folds 
minekanev: calls $0.07
*** FLOP *** [Kc 2d 3c]
minekanev: checks 
velll-13: bets $0.14
TRUBACH: folds 
minekanev: folds 
Uncalled bet ($0.14) returned to velll-13
velll-13 collected $0.29 from pot
velll-13: doesn't show hand 
*** SUMMARY ***
Total pot $0.30 | Rake $0.01 
Board [Kc 2d 3c]
Seat 1: Foxation (button) folded before Flop (didn't bet)
Seat 2: rafael-nik (small blind) folded before Flop
Seat 3: Dorex2007 (big blind) folded before Flop
Seat 5: enixblr folded before Flop (didn't bet)
Seat 6: Sergio Sire. folded before Flop (didn't bet)
Seat 7: minekanev folded on the Flop
Seat 8: velll-13 collected ($0.29)
Seat 9: TRUBACH folded on the Flop



PokerStars Hand #224328075468:  Hold'em No Limit ($0.01/$0.02 USD) - 2021/02/28 14:00:51 PT [2021/02/28 17:00:51 ET]
Table 'Toutatis III' 9-max Seat #2 is the button
Seat 1: Foxation ($1.17 in chips) 
Seat 2: rafael-nik ($1.67 in chips) 
Seat 3: Dorex2007 ($3.23 in chips) 
Seat 5: enixblr ($2.45 in chips) 
Seat 6: Sergio Sire. ($2.01 in chips) 
Seat 7: minekanev ($0.43 in chips) 
Seat 8: velll-13 ($2.32 in chips) 
Seat 9: TRUBACH ($2.42 in chips) 
Dorex2007: posts small blind $0.01
enixblr: posts big blind $0.02
*** HOLE CARDS ***
Dealt to Dorex2007 [Kh 8h]
Sergio Sire.: folds 
minekanev: folds 
velll-13: raises $0.02 to $0.04
TRUBACH: folds 
Foxation: folds 
rafael-nik has timed out
rafael-nik: folds 
Dorex2007: calls $0.03
enixblr: folds 
*** FLOP *** [Qc Td Ad]
Dorex2007: checks 
velll-13: checks 
*** TURN *** [Qc Td Ad] [Tc]
Dorex2007: checks 
velll-13: checks 
*** RIVER *** [Qc Td Ad Tc] [9h]
Dorex2007: checks 
velll-13: bets $0.02
Dorex2007: folds 
Uncalled bet ($0.02) returned to velll-13
velll-13 collected $0.10 from pot
velll-13: doesn't show hand 
*** SUMMARY ***
Total pot $0.10 | Rake $0 
Board [Qc Td Ad Tc 9h]
Seat 1: Foxation folded before Flop (didn't bet)
Seat 2: rafael-nik (button) folded before Flop (didn't bet)
Seat 3: Dorex2007 (small blind) folded on the River
Seat 5: enixblr (big blind) folded before Flop
Seat 6: Sergio Sire. folded before Flop (didn't bet)
Seat 7: minekanev folded before Flop (didn't bet)
Seat 8: velll-13 collected ($0.10)
Seat 9: TRUBACH folded before Flop (didn't bet)



PokerStars Hand #224328108018:  Hold'em No Limit ($0.01/$0.02 USD) - 2021/02/28 14:01:45 PT [2021/02/28 17:01:45 ET]
Table 'Toutatis III' 9-max Seat #3 is the button
Seat 1: Foxation ($1.17 in chips) 
Seat 2: rafael-nik ($1.67 in chips) 
Seat 3: Dorex2007 ($3.19 in chips) 
Seat 5: enixblr ($2.43 in chips) 
Seat 6: Sergio Sire. ($2.01 in chips) 
Seat 7: minekanev ($0.43 in chips) 
Seat 8: velll-13 ($2.38 in chips) 
Seat 9: TRUBACH ($2.42 in chips) 
enixblr: posts small blind $0.01
Sergio Sire.: posts big blind $0.02
*** HOLE CARDS ***
Dealt to Dorex2007 [7d 5c]
minekanev: raises $0.04 to $0.06
velll-13: folds 
TRUBACH: folds 
Foxation: folds 
rafael-nik: folds 
Dorex2007: folds 
enixblr: folds 
Sergio Sire.: folds 
Uncalled bet ($0.04) returned to minekanev
minekanev collected $0.05 from pot
minekanev: doesn't show hand 
*** SUMMARY ***
Total pot $0.05 | Rake $0 
Seat 1: Foxation folded before Flop (didn't bet)
Seat 2: rafael-nik folded before Flop (didn't bet)
Seat 3: Dorex2007 (button) folded before Flop (didn't bet)
Seat 5: enixblr (small blind) folded before Flop
Seat 6: Sergio Sire. (big blind) folded before Flop
Seat 7: minekanev collected ($0.05)
Seat 8: velll-13 folded before Flop (didn't bet)
Seat 9: TRUBACH folded before Flop (didn't bet)



PokerStars Hand #224328128969:  Hold'em No Limit ($0.01/$0.02 USD) - 2021/02/28 14:02:15 PT [2021/02/28 17:02:15 ET]
Table 'Toutatis III' 9-max Seat #5 is the button
Seat 1: Foxation ($1.17 in chips) 
Seat 2: rafael-nik ($1.67 in chips) 
Seat 3: Dorex2007 ($3.19 in chips) 
Seat 5: enixblr ($2.42 in chips) 
Seat 6: Sergio Sire. ($1.99 in chips) 
Seat 7: minekanev ($0.46 in chips) 
Seat 8: velll-13 ($2.38 in chips) 
Seat 9: TRUBACH ($2.42 in chips) 
Sergio Sire.: posts small blind $0.01
minekanev: posts big blind $0.02
*** HOLE CARDS ***
Dealt to Dorex2007 [2d Ah]
velll-13: raises $0.04 to $0.06
TRUBACH: folds 
Foxation: folds 
rafael-nik: calls $0.06
Dorex2007: folds 
enixblr: calls $0.06
Sergio Sire.: raises $1.93 to $1.99 and is all-in
minekanev: folds 
velll-13: raises $0.39 to $2.38 and is all-in
rafael-nik: folds 
enixblr: folds 
Uncalled bet ($0.39) returned to velll-13
*** FLOP *** [4d 5h 4h]
*** TURN *** [4d 5h 4h] [5s]
*** RIVER *** [4d 5h 4h 5s] [Jc]
*** SHOW DOWN ***
Sergio Sire.: shows [9s 7s] (two pair, Fives and Fours)
velll-13: shows [Qc Th] (two pair, Fives and Fours - Queen kicker)
velll-13 collected $3.98 from pot
*** SUMMARY ***
Total pot $4.12 | Rake $0.14 
Board [4d 5h 4h 5s Jc]
Seat 1: Foxation folded before Flop (didn't bet)
Seat 2: rafael-nik folded before Flop
Seat 3: Dorex2007 folded before Flop (didn't bet)
Seat 5: enixblr (button) folded before Flop
Seat 6: Sergio Sire. (small blind) showed [9s 7s] and lost with two pair, Fives and Fours
Seat 7: minekanev (big blind) folded before Flop
Seat 8: velll-13 showed [Qc Th] and won ($3.98) with two pair, Fives and Fours
Seat 9: TRUBACH folded before Flop (didn't bet)



PokerStars Hand #224328178907:  Hold'em No Limit ($0.01/$0.02 USD) - 2021/02/28 14:03:25 PT [2021/02/28 17:03:25 ET]
Table 'Toutatis III' 9-max Seat #7 is the button
Seat 1: Foxation ($1.17 in chips) 
Seat 2: rafael-nik ($1.61 in chips) 
Seat 3: Dorex2007 ($3.19 in chips) 
Seat 5: enixblr ($2.36 in chips) 
Seat 7: minekanev ($0.44 in chips) 
Seat 8: velll-13 ($4.37 in chips) 
Seat 9: TRUBACH ($2.42 in chips) 
velll-13: posts small blind $0.01
TRUBACH: posts big blind $0.02
*** HOLE CARDS ***
Dealt to Dorex2007 [8s 9d]
Foxation: folds 
rafael-nik: folds 
Dorex2007: folds 
enixblr: folds 
minekanev: folds 
velll-13: raises $0.02 to $0.04
TRUBACH: calls $0.02
*** FLOP *** [2s Ad Td]
velll-13: bets $0.02
TRUBACH: calls $0.02
*** TURN *** [2s Ad Td] [Qs]
velll-13: bets $0.12
TRUBACH: folds 
Uncalled bet ($0.12) returned to velll-13
velll-13 collected $0.12 from pot
velll-13: doesn't show hand 
*** SUMMARY ***
Total pot $0.12 | Rake $0 
Board [2s Ad Td Qs]
Seat 1: Foxation folded before Flop (didn't bet)
Seat 2: rafael-nik folded before Flop (didn't bet)
Seat 3: Dorex2007 folded before Flop (didn't bet)
Seat 5: enixblr folded before Flop (didn't bet)
Seat 7: minekanev (button) folded before Flop (didn't bet)
Seat 8: velll-13 (small blind) collected ($0.12)
Seat 9: TRUBACH (big blind) folded on the Turn



PokerStars Hand #224328223850:  Hold'em No Limit ($0.01/$0.02 USD) - 2021/02/28 14:04:24 PT [2021/02/28 17:04:24 ET]
Table 'Toutatis III' 9-max Seat #8 is the button
Seat 1: Foxation ($1.17 in chips) 
Seat 2: rafael-nik ($1.61 in chips) 
Seat 3: Dorex2007 ($3.19 in chips) 
Seat 5: enixblr ($2.36 in chips) 
Seat 6: Sergio Sire. ($2 in chips) 
Seat 7: minekanev ($0.44 in chips) 
Seat 8: velll-13 ($4.43 in chips) 
Seat 9: TRUBACH ($2.36 in chips) 
TRUBACH: posts small blind $0.01
Foxation: posts big blind $0.02
*** HOLE CARDS ***
Dealt to Dorex2007 [6s Qd]
rafael-nik: folds 
Dorex2007: folds 
enixblr: folds 
Sergio Sire.: raises $0.03 to $0.05
minekanev: calls $0.05
velll-13: calls $0.05
TRUBACH: folds 
Foxation: folds 
*** FLOP *** [6c 6h 2s]
Sergio Sire.: checks 
minekanev: bets $0.04
velll-13: folds 
Sergio Sire.: folds 
Uncalled bet ($0.04) returned to minekanev
minekanev collected $0.17 from pot
minekanev: doesn't show hand 
*** SUMMARY ***
Total pot $0.18 | Rake $0.01 
Board [6c 6h 2s]
Seat 1: Foxation (big blind) folded before Flop
Seat 2: rafael-nik folded before Flop (didn't bet)
Seat 3: Dorex2007 folded before Flop (didn't bet)
Seat 5: enixblr folded before Flop (didn't bet)
Seat 6: Sergio Sire. folded on the Flop
Seat 7: minekanev collected ($0.17)
Seat 8: velll-13 (button) folded on the Flop
Seat 9: TRUBACH (small blind) folded before Flop



PokerStars Hand #224328266764:  Hold'em No Limit ($0.01/$0.02 USD) - 2021/02/28 14:05:23 PT [2021/02/28 17:05:23 ET]
Table 'Toutatis III' 9-max Seat #9 is the button
Seat 1: Foxation ($1.15 in chips) 
Seat 2: rafael-nik ($1.61 in chips) 
Seat 3: Dorex2007 ($3.19 in chips) 
Seat 5: enixblr ($2.36 in chips) 
Seat 6: Sergio Sire. ($1.95 in chips) 
Seat 7: minekanev ($0.56 in chips) 
Seat 8: velll-13 ($4.38 in chips) 
Seat 9: TRUBACH ($2.35 in chips) 
Foxation: posts small blind $0.01
rafael-nik: posts big blind $0.02
*** HOLE CARDS ***
Dealt to Dorex2007 [4s 3h]
Dorex2007: folds 
enixblr: raises $0.04 to $0.06
Sergio Sire.: folds 
minekanev: folds 
velll-13: calls $0.06
TRUBACH: folds 
Foxation: folds 
rafael-nik: folds 
*** FLOP *** [6c 4h Jh]
enixblr: checks 
velll-13: bets $0.07
enixblr: folds 
Uncalled bet ($0.07) returned to velll-13
velll-13 collected $0.14 from pot
velll-13: doesn't show hand 
*** SUMMARY ***
Total pot $0.15 | Rake $0.01 
Board [6c 4h Jh]
Seat 1: Foxation (small blind) folded before Flop
Seat 2: rafael-nik (big blind) folded before Flop
Seat 3: Dorex2007 folded before Flop (didn't bet)
Seat 5: enixblr folded on the Flop
Seat 6: Sergio Sire. folded before Flop (didn't bet)
Seat 7: minekanev folded before Flop (didn't bet)
Seat 8: velll-13 collected ($0.14)
Seat 9: TRUBACH (button) folded before Flop (didn't bet)



PokerStars Hand #224328296017:  Hold'em No Limit ($0.01/$0.02 USD) - 2021/02/28 14:06:02 PT [2021/02/28 17:06:02 ET]
Table 'Toutatis III' 9-max Seat #1 is the button
Seat 1: Foxation ($1.14 in chips) 
Seat 2: rafael-nik ($1.59 in chips) 
Seat 3: Dorex2007 ($3.19 in chips) 
Seat 5: enixblr ($2.30 in chips) 
Seat 6: Sergio Sire. ($1.95 in chips) 
Seat 7: minekanev ($0.56 in chips) 
Seat 8: velll-13 ($4.46 in chips) 
Seat 9: TRUBACH ($2.35 in chips) 
rafael-nik: posts small blind $0.01
Dorex2007: posts big blind $0.02
*** HOLE CARDS ***
Dealt to Dorex2007 [Ac 8d]
enixblr: raises $0.03 to $0.05
Sergio Sire.: folds 
minekanev: folds 
velll-13: calls $0.05
TRUBACH: folds 
Foxation: folds 
rafael-nik: calls $0.04
Dorex2007: folds 
*** FLOP *** [2c 6d 8h]
rafael-nik: checks 
enixblr: checks 
velll-13: bets $0.02
rafael-nik: raises $0.08 to $0.10
enixblr: folds 
velll-13: raises $0.86 to $0.96
rafael-nik: raises $0.58 to $1.54 and is all-in
velll-13: calls $0.58
*** TURN *** [2c 6d 8h] [Ts]
*** RIVER *** [2c 6d 8h Ts] [2h]
*** SHOW DOWN ***
rafael-nik: shows [Qd 8c] (two pair, Eights and Deuces)
velll-13: shows [6s Kh] (two pair, Sixes and Deuces)
rafael-nik cashed out the hand for $2.48 | Cash Out Fee $0.03
*** SUMMARY ***
Total pot $3.25 | Rake $0.11 
Board [2c 6d 8h Ts 2h]
Seat 1: Foxation (button) folded before Flop (didn't bet)
Seat 2: rafael-nik (small blind) showed [Qd 8c] and won ($3.14) with two pair, Eights and Deuces (pot not awarded as player cashed out)
Seat 3: Dorex2007 (big blind) folded before Flop
Seat 5: enixblr folded on the Flop
Seat 6: Sergio Sire. folded before Flop (didn't bet)
Seat 7: minekanev folded before Flop (didn't bet)
Seat 8: velll-13 showed [6s Kh] and lost with two pair, Sixes and Deuces
Seat 9: TRUBACH folded before Flop (didn't bet)



PokerStars Hand #224328364099:  Hold'em No Limit ($0.01/$0.02 USD) - 2021/02/28 14:07:20 PT [2021/02/28 17:07:20 ET]
Table 'Toutatis III' 9-max Seat #2 is the button
Seat 1: Foxation ($1.14 in chips) 
Seat 2: rafael-nik ($2.48 in chips) 
Seat 3: Dorex2007 ($3.17 in chips) 
Seat 5: enixblr ($2.25 in chips) 
Seat 6: Sergio Sire. ($1.95 in chips) 
Seat 7: minekanev ($0.56 in chips) 
Seat 8: velll-13 ($2.87 in chips) 
Seat 9: TRUBACH ($2.35 in chips) 
Dorex2007: posts small blind $0.01
enixblr: posts big blind $0.02
*** HOLE CARDS ***
Dealt to Dorex2007 [Jh 5c]
Sergio Sire.: folds 
minekanev: folds 
velll-13: calls $0.02
TRUBACH: folds 
Foxation: folds 
rafael-nik: folds 
Dorex2007: folds 
enixblr: checks 
*** FLOP *** [Qh 3d 2d]
enixblr: checks 
velll-13: bets $2.85 and is all-in
enixblr: folds 
Uncalled bet ($2.85) returned to velll-13
velll-13 collected $0.05 from pot
velll-13: doesn't show hand 
*** SUMMARY ***
Total pot $0.05 | Rake $0 
Board [Qh 3d 2d]
Seat 1: Foxation folded before Flop (didn't bet)
Seat 2: rafael-nik (button) folded before Flop (didn't bet)
Seat 3: Dorex2007 (small blind) folded before Flop
Seat 5: enixblr (big blind) folded on the Flop
Seat 6: Sergio Sire. folded before Flop (didn't bet)
Seat 7: minekanev folded before Flop (didn't bet)
Seat 8: velll-13 collected ($0.05)
Seat 9: TRUBACH folded before Flop (didn't bet)



PokerStars Hand #224328402454:  Hold'em No Limit ($0.01/$0.02 USD) - 2021/02/28 14:08:13 PT [2021/02/28 17:08:13 ET]
Table 'Toutatis III' 9-max Seat #3 is the button
Seat 1: Foxation ($1.14 in chips) 
Seat 2: rafael-nik ($2.48 in chips) 
Seat 3: Dorex2007 ($3.16 in chips) 
Seat 5: enixblr ($2.23 in chips) 
Seat 6: Sergio Sire. ($1.95 in chips) 
Seat 7: minekanev ($0.56 in chips) 
Seat 8: velll-13 ($2.90 in chips) 
Seat 9: TRUBACH ($2.35 in chips) 
enixblr: posts small blind $0.01
Sergio Sire.: posts big blind $0.02
*** HOLE CARDS ***
Dealt to Dorex2007 [2d 3c]
minekanev: folds 
velll-13: calls $0.02
TRUBACH: folds 
Foxation: folds 
rafael-nik: calls $0.02
Dorex2007: folds 
enixblr: folds 
Sergio Sire.: checks 
*** FLOP *** [Tc 6s 3h]
Sergio Sire.: checks 
velll-13: checks 
rafael-nik: checks 
*** TURN *** [Tc 6s 3h] [4c]
Sergio Sire.: checks 
velll-13: bets $0.07
rafael-nik: calls $0.07
Sergio Sire.: folds 
*** RIVER *** [Tc 6s 3h 4c] [Qh]
velll-13: bets $2.81 and is all-in
rafael-nik: folds 
Uncalled bet ($2.81) returned to velll-13
velll-13 collected $0.20 from pot
velll-13: doesn't show hand 
*** SUMMARY ***
Total pot $0.21 | Rake $0.01 
Board [Tc 6s 3h 4c Qh]
Seat 1: Foxation folded before Flop (didn't bet)
Seat 2: rafael-nik folded on the River
Seat 3: Dorex2007 (button) folded before Flop (didn't bet)
Seat 5: enixblr (small blind) folded before Flop
Seat 6: Sergio Sire. (big blind) folded on the Turn
Seat 7: minekanev folded before Flop (didn't bet)
Seat 8: velll-13 collected ($0.20)
Seat 9: TRUBACH folded before Flop (didn't bet)



PokerStars Hand #224328470273:  Hold'em No Limit ($0.01/$0.02 USD) - 2021/02/28 14:09:46 PT [2021/02/28 17:09:46 ET]
Table 'Toutatis III' 9-max Seat #5 is the button
Seat 1: Foxation ($1.14 in chips) 
Seat 2: rafael-nik ($2.39 in chips) 
Seat 3: Dorex2007 ($3.16 in chips) 
Seat 5: enixblr ($2.22 in chips) 
Seat 6: Sergio Sire. ($1.93 in chips) 
Seat 7: minekanev ($0.56 in chips) 
Seat 8: velll-13 ($3.01 in chips) 
Seat 9: TRUBACH ($2.35 in chips) 
Sergio Sire.: posts small blind $0.01
minekanev: posts big blind $0.02
*** HOLE CARDS ***
Dealt to Dorex2007 [7s 6h]
velll-13: calls $0.02
TRUBACH: calls $0.02
Foxation: folds 
rafael-nik: folds 
Dorex2007: folds 
enixblr: folds 
Sergio Sire.: calls $0.01
minekanev: raises $0.04 to $0.06
velll-13: calls $0.04
TRUBACH: calls $0.04
Sergio Sire.: calls $0.04
*** FLOP *** [As 2d Tc]
Sergio Sire.: checks 
minekanev: bets $0.12
velll-13: folds 
TRUBACH: folds 
Sergio Sire.: folds 
Uncalled bet ($0.12) returned to minekanev
minekanev collected $0.23 from pot
minekanev: doesn't show hand 
*** SUMMARY ***
Total pot $0.24 | Rake $0.01 
Board [As 2d Tc]
Seat 1: Foxation folded before Flop (didn't bet)
Seat 2: rafael-nik folded before Flop (didn't bet)
Seat 3: Dorex2007 folded before Flop (didn't bet)
Seat 5: enixblr (button) folded before Flop (didn't bet)
Seat 6: Sergio Sire. (small blind) folded on the Flop
Seat 7: minekanev (big blind) collected ($0.23)
Seat 8: velll-13 folded on the Flop
Seat 9: TRUBACH folded on the Flop



PokerStars Hand #224328509821:  Hold'em No Limit ($0.01/$0.02 USD) - 2021/02/28 14:10:41 PT [2021/02/28 17:10:41 ET]
Table 'Toutatis III' 9-max Seat #6 is the button
Seat 1: Foxation ($1.14 in chips) 
Seat 2: rafael-nik ($2.39 in chips) 
Seat 3: Dorex2007 ($3.16 in chips) 
Seat 5: enixblr ($2.22 in chips) 
Seat 6: Sergio Sire. ($1.87 in chips) 
Seat 7: minekanev ($0.73 in chips) 
Seat 8: velll-13 ($2.95 in chips) 
Seat 9: TRUBACH ($2.29 in chips) 
minekanev: posts small blind $0.01
velll-13: posts big blind $0.02
*** HOLE CARDS ***
Dealt to Dorex2007 [5d Ts]
TRUBACH: raises $0.02 to $0.04
Foxation: folds 
rafael-nik: folds 
Dorex2007: folds 
enixblr: folds 
Sergio Sire.: folds 
minekanev: raises $0.04 to $0.08
velll-13: calls $0.06
TRUBACH: calls $0.04
*** FLOP *** [7c 3h Th]
minekanev: bets $0.12
velll-13: folds 
TRUBACH: calls $0.12
*** TURN *** [7c 3h Th] [3d]
minekanev: bets $0.23
TRUBACH: calls $0.23
*** RIVER *** [7c 3h Th 3d] [2h]
minekanev: bets $0.30 and is all-in
TRUBACH: folds 
Uncalled bet ($0.30) returned to minekanev
minekanev collected $0.91 from pot
minekanev: doesn't show hand 
*** SUMMARY ***
Total pot $0.94 | Rake $0.03 
Board [7c 3h Th 3d 2h]
Seat 1: Foxation folded before Flop (didn't bet)
Seat 2: rafael-nik folded before Flop (didn't bet)
Seat 3: Dorex2007 folded before Flop (didn't bet)
Seat 5: enixblr folded before Flop (didn't bet)
Seat 6: Sergio Sire. (button) folded before Flop (didn't bet)
Seat 7: minekanev (small blind) collected ($0.91)
Seat 8: velll-13 (big blind) folded on the Flop
Seat 9: TRUBACH folded on the River



PokerStars Hand #224328555493:  Hold'em No Limit ($0.01/$0.02 USD) - 2021/02/28 14:11:35 PT [2021/02/28 17:11:35 ET]
Table 'Toutatis III' 9-max Seat #7 is the button
Seat 1: Foxation ($1.14 in chips) 
Seat 2: rafael-nik ($2.39 in chips) 
Seat 3: Dorex2007 ($3.16 in chips) 
Seat 6: Sergio Sire. ($1.87 in chips) 
Seat 7: minekanev ($1.21 in chips) 
Seat 8: velll-13 ($2.87 in chips) 
Seat 9: TRUBACH ($1.86 in chips) 
velll-13: posts small blind $0.01
TRUBACH: posts big blind $0.02
*** HOLE CARDS ***
Dealt to Dorex2007 [6c 9d]
Foxation: folds 
rafael-nik: folds 
Dorex2007: folds 
Sergio Sire.: raises $0.05 to $0.07
minekanev: folds 
velll-13: folds 
TRUBACH: folds 
Uncalled bet ($0.05) returned to Sergio Sire.
Sergio Sire. collected $0.05 from pot
Sergio Sire.: doesn't show hand 
*** SUMMARY ***
Total pot $0.05 | Rake $0 
Seat 1: Foxation folded before Flop (didn't bet)
Seat 2: rafael-nik folded before Flop (didn't bet)
Seat 3: Dorex2007 folded before Flop (didn't bet)
Seat 6: Sergio Sire. collected ($0.05)
Seat 7: minekanev (button) folded before Flop (didn't bet)
Seat 8: velll-13 (small blind) folded before Flop
Seat 9: TRUBACH (big blind) folded before Flop



PokerStars Hand #224328575850:  Hold'em No Limit ($0.01/$0.02 USD) - 2021/02/28 14:12:04 PT [2021/02/28 17:12:04 ET]
Table 'Toutatis III' 9-max Seat #8 is the button
Seat 1: Foxation ($1.14 in chips) 
Seat 2: rafael-nik ($2.39 in chips) 
Seat 3: Dorex2007 ($3.16 in chips) 
Seat 6: Sergio Sire. ($1.90 in chips) 
Seat 7: minekanev ($1.21 in chips) 
Seat 8: velll-13 ($2.86 in chips) 
Seat 9: TRUBACH ($1.84 in chips) 
TRUBACH: posts small blind $0.01
Foxation: posts big blind $0.02
*** HOLE CARDS ***
Dealt to Dorex2007 [8c 7h]
rafael-nik: raises $0.02 to $0.04
Dorex2007: folds 
Sergio Sire.: folds 
minekanev: folds 
velll-13: folds 
TRUBACH: calls $0.03
Foxation: folds 
*** FLOP *** [Jc 2d Ts]
TRUBACH: checks 
rafael-nik: bets $0.04
TRUBACH: calls $0.04
*** TURN *** [Jc 2d Ts] [6d]
TRUBACH: checks 
rafael-nik: bets $0.06
TRUBACH: calls $0.06
*** RIVER *** [Jc 2d Ts 6d] [Ah]
TRUBACH: checks 
rafael-nik: bets $0.15
TRUBACH: folds 
Uncalled bet ($0.15) returned to rafael-nik
rafael-nik collected $0.29 from pot
rafael-nik: doesn't show hand 
*** SUMMARY ***
Total pot $0.30 | Rake $0.01 
Board [Jc 2d Ts 6d Ah]
Seat 1: Foxation (big blind) folded before Flop
Seat 2: rafael-nik collected ($0.29)
Seat 3: Dorex2007 folded before Flop (didn't bet)
Seat 6: Sergio Sire. folded before Flop (didn't bet)
Seat 7: minekanev folded before Flop (didn't bet)
Seat 8: velll-13 (button) folded before Flop (didn't bet)
Seat 9: TRUBACH (small blind) folded on the River



PokerStars Hand #224328617878:  Hold'em No Limit ($0.01/$0.02 USD) - 2021/02/28 14:13:03 PT [2021/02/28 17:13:03 ET]
Table 'Toutatis III' 9-max Seat #9 is the button
Seat 1: Foxation ($1.12 in chips) 
Seat 2: rafael-nik ($2.54 in chips) 
Seat 3: Dorex2007 ($3.16 in chips) 
Seat 6: Sergio Sire. ($1.90 in chips) 
Seat 7: minekanev ($1.21 in chips) 
Seat 8: velll-13 ($2.86 in chips) 
Seat 9: TRUBACH ($1.70 in chips) 
Foxation: posts small blind $0.01
rafael-nik: posts big blind $0.02
gilespoker08: sits out 
*** HOLE CARDS ***
Dealt to Dorex2007 [5d Ad]
Dorex2007: folds 
Sergio Sire.: folds 
minekanev: calls $0.02
velll-13: folds 
TRUBACH: folds 
Foxation: raises $0.06 to $0.08
rafael-nik: folds 
minekanev: calls $0.06
*** FLOP *** [Qh 5h 8h]
Foxation: bets $0.09
minekanev: calls $0.09
*** TURN *** [Qh 5h 8h] [3h]
Foxation: checks 
minekanev: bets $0.18
Foxation: folds 
Uncalled bet ($0.18) returned to minekanev
minekanev collected $0.35 from pot
minekanev: doesn't show hand 
*** SUMMARY ***
Total pot $0.36 | Rake $0.01 
Board [Qh 5h 8h 3h]
Seat 1: Foxation (small blind) folded on the Turn
Seat 2: rafael-nik (big blind) folded before Flop
Seat 3: Dorex2007 folded before Flop (didn't bet)
Seat 6: Sergio Sire. folded before Flop (didn't bet)
Seat 7: minekanev collected ($0.35)
Seat 8: velll-13 folded before Flop (didn't bet)
Seat 9: TRUBACH (button) folded before Flop (didn't bet)



PokerStars Hand #224328667184:  Hold'em No Limit ($0.01/$0.02 USD) - 2021/02/28 14:14:12 PT [2021/02/28 17:14:12 ET]
Table 'Toutatis III' 9-max Seat #1 is the button
Seat 1: Foxation ($0.95 in chips) 
Seat 2: rafael-nik ($2.52 in chips) 
Seat 3: Dorex2007 ($3.16 in chips) 
Seat 6: Sergio Sire. ($1.90 in chips) 
Seat 7: minekanev ($1.39 in chips) 
Seat 8: velll-13 ($2.86 in chips) 
Seat 9: TRUBACH ($1.70 in chips) 
rafael-nik: posts small blind $0.01
Dorex2007: posts big blind $0.02
gilespoker08: sits out 
*** HOLE CARDS ***
Dealt to Dorex2007 [3d 9s]
Sergio Sire.: raises $0.03 to $0.05
minekanev: folds 
velll-13: calls $0.05
TRUBACH: raises $0.18 to $0.23
Foxation: folds 
rafael-nik: folds 
Dorex2007: folds 
Sergio Sire.: folds 
velll-13: calls $0.18
*** FLOP *** [Tc 6s 7s]
velll-13: bets $0.26
TRUBACH: raises $1.21 to $1.47 and is all-in
velll-13: calls $1.21
*** TURN *** [Tc 6s 7s] [Jd]
*** RIVER *** [Tc 6s 7s Jd] [5h]
*** SHOW DOWN ***
velll-13: shows [8d As] (high card Ace)
TRUBACH: shows [Ks Kd] (a pair of Kings)
TRUBACH collected $3.36 from pot
*** SUMMARY ***
Total pot $3.48 | Rake $0.12 
Board [Tc 6s 7s Jd 5h]
Seat 1: Foxation (button) folded before Flop (didn't bet)
Seat 2: rafael-nik (small blind) folded before Flop
Seat 3: Dorex2007 (big blind) folded before Flop
Seat 6: Sergio Sire. folded before Flop
Seat 7: minekanev folded before Flop (didn't bet)
Seat 8: velll-13 showed [8d As] and lost with high card Ace
Seat 9: TRUBACH showed [Ks Kd] and won ($3.36) with a pair of Kings



PokerStars Hand #224328716094:  Hold'em No Limit ($0.01/$0.02 USD) - 2021/02/28 14:15:20 PT [2021/02/28 17:15:20 ET]
Table 'Toutatis III' 9-max Seat #2 is the button
Seat 1: Foxation ($0.95 in chips) 
Seat 2: rafael-nik ($2.51 in chips) 
Seat 3: Dorex2007 ($3.14 in chips) 
Seat 4: gilespoker08 ($2.16 in chips) 
Seat 6: Sergio Sire. ($1.85 in chips) 
Seat 7: minekanev ($1.39 in chips) 
Seat 8: velll-13 ($1.16 in chips) 
Seat 9: TRUBACH ($3.36 in chips) 
Dorex2007: posts small blind $0.01
gilespoker08: posts big blind $0.02
*** HOLE CARDS ***
Dealt to Dorex2007 [Ah 8s]
Sergio Sire.: raises $0.03 to $0.05
minekanev: folds 
velll-13: raises $0.03 to $0.08
TRUBACH: folds 
Foxation: folds 
rafael-nik: calls $0.08
Dorex2007: folds 
gilespoker08: folds 
Sergio Sire.: raises $1.77 to $1.85 and is all-in
velll-13: calls $1.08 and is all-in
rafael-nik: folds 
Uncalled bet ($0.69) returned to Sergio Sire.
*** FLOP *** [9d 6c 2s]
*** TURN *** [9d 6c 2s] [6h]
*** RIVER *** [9d 6c 2s 6h] [Ac]
*** SHOW DOWN ***
Sergio Sire.: shows [7c 7s] (two pair, Sevens and Sixes)
velll-13: shows [Jd 8d] (a pair of Sixes)
Sergio Sire. collected $2.34 from pot
*** SUMMARY ***
Total pot $2.43 | Rake $0.09 
Board [9d 6c 2s 6h Ac]
Seat 1: Foxation folded before Flop (didn't bet)
Seat 2: rafael-nik (button) folded before Flop
Seat 3: Dorex2007 (small blind) folded before Flop
Seat 4: gilespoker08 (big blind) folded before Flop
Seat 6: Sergio Sire. showed [7c 7s] and won ($2.34) with two pair, Sevens and Sixes
Seat 7: minekanev folded before Flop (didn't bet)
Seat 8: velll-13 showed [Jd 8d] and lost with a pair of Sixes
Seat 9: TRUBACH folded before Flop (didn't bet)



PokerStars Hand #224328745212:  Hold'em No Limit ($0.01/$0.02 USD) - 2021/02/28 14:16:01 PT [2021/02/28 17:16:01 ET]
Table 'Toutatis III' 9-max Seat #3 is the button
Seat 1: Foxation ($0.95 in chips) 
Seat 2: rafael-nik ($2.43 in chips) 
Seat 3: Dorex2007 ($3.13 in chips) 
Seat 4: gilespoker08 ($2.14 in chips) 
Seat 7: minekanev ($1.39 in chips) 
Seat 9: TRUBACH ($3.36 in chips) 
gilespoker08: posts small blind $0.01
Sergio Sire.: is sitting out 
minekanev: posts big blind $0.02
*** HOLE CARDS ***
Dealt to Dorex2007 [2c Jc]
TRUBACH: folds 
Sergio Sire. leaves the table
Foxation: folds 
rafael-nik: folds 
Dorex2007: folds 
TRUBACH leaves the table
gilespoker08: folds 
Uncalled bet ($0.01) returned to minekanev
minekanev collected $0.02 from pot
minekanev: doesn't show hand 
*** SUMMARY ***
Total pot $0.02 | Rake $0 
Seat 1: Foxation folded before Flop (didn't bet)
Seat 2: rafael-nik folded before Flop (didn't bet)
Seat 3: Dorex2007 (button) folded before Flop (didn't bet)
Seat 4: gilespoker08 (small blind) folded before Flop
Seat 7: minekanev (big blind) collected ($0.02)
Seat 9: TRUBACH folded before Flop (didn't bet)



PokerStars Hand #224328758296:  Hold'em No Limit ($0.01/$0.02 USD) - 2021/02/28 14:16:20 PT [2021/02/28 17:16:20 ET]
Table 'Toutatis III' 9-max Seat #4 is the button
Seat 1: Foxation ($0.95 in chips) 
Seat 2: rafael-nik ($2.43 in chips) 
Seat 3: Dorex2007 ($3.13 in chips) 
Seat 4: gilespoker08 ($2.13 in chips) 
Seat 7: minekanev ($1.40 in chips) 
minekanev: posts small blind $0.01
Foxation: posts big blind $0.02
*** HOLE CARDS ***
Dealt to Dorex2007 [Ad Qh]
rafael-nik: folds 
Dorex2007: raises $0.04 to $0.06
gilespoker08: calls $0.06
minekanev: folds 
Foxation: folds 
*** FLOP *** [3d 2c 9h]
Dorex2007: checks 
gilespoker08: checks 
*** TURN *** [3d 2c 9h] [8s]
Dorex2007: bets $0.11
gilespoker08: folds 
Uncalled bet ($0.11) returned to Dorex2007
Dorex2007 collected $0.14 from pot
Dorex2007: doesn't show hand 
*** SUMMARY ***
Total pot $0.15 | Rake $0.01 
Board [3d 2c 9h 8s]
Seat 1: Foxation (big blind) folded before Flop
Seat 2: rafael-nik folded before Flop (didn't bet)
Seat 3: Dorex2007 collected ($0.14)
Seat 4: gilespoker08 (button) folded on the Turn
Seat 7: minekanev (small blind) folded before Flop



PokerStars Hand #224328777983:  Hold'em No Limit ($0.01/$0.02 USD) - 2021/02/28 14:16:48 PT [2021/02/28 17:16:48 ET]
Table 'Toutatis III' 9-max Seat #7 is the button
Seat 1: Foxation ($0.93 in chips) 
Seat 2: rafael-nik ($2.43 in chips) 
Seat 3: Dorex2007 ($3.21 in chips) 
Seat 4: gilespoker08 ($2.07 in chips) 
Seat 7: minekanev ($1.39 in chips) 
Foxation: posts small blind $0.01
rafael-nik: posts big blind $0.02
*** HOLE CARDS ***
Dealt to Dorex2007 [Jd 2s]
Dorex2007: folds 
gilespoker08 has timed out
gilespoker08: folds 
minekanev: folds 
Foxation: raises $0.04 to $0.06
rafael-nik: calls $0.04
*** FLOP *** [9s 2d 4d]
Foxation: checks 
rafael-nik: checks 
*** TURN *** [9s 2d 4d] [Ah]
Foxation: bets $0.08
rafael-nik: raises $0.10 to $0.18
Foxation: folds 
Uncalled bet ($0.10) returned to rafael-nik
rafael-nik collected $0.27 from pot
rafael-nik: doesn't show hand 
*** SUMMARY ***
Total pot $0.28 | Rake $0.01 
Board [9s 2d 4d Ah]
Seat 1: Foxation (small blind) folded on the Turn
Seat 2: rafael-nik (big blind) collected ($0.27)
Seat 3: Dorex2007 folded before Flop (didn't bet)
Seat 4: gilespoker08 folded before Flop (didn't bet)
Seat 7: minekanev (button) folded before Flop (didn't bet)



PokerStars Hand #224328820159:  Hold'em No Limit ($0.01/$0.02 USD) - 2021/02/28 14:17:48 PT [2021/02/28 17:17:48 ET]
Table 'Toutatis III' 9-max Seat #1 is the button
Seat 1: Foxation ($0.79 in chips) 
Seat 2: rafael-nik ($2.56 in chips) 
Seat 3: Dorex2007 ($3.21 in chips) 
Seat 4: gilespoker08 ($2.07 in chips) 
Seat 7: minekanev ($1.39 in chips) 
rafael-nik: posts small blind $0.01
Dorex2007: posts big blind $0.02
enixblr: sits out 
*** HOLE CARDS ***
Dealt to Dorex2007 [7c 9h]
gilespoker08: folds 
enixblr leaves the table
minekanev: folds 
Foxation: raises $0.06 to $0.08
rafael-nik: folds 
Dorex2007: folds 
Uncalled bet ($0.06) returned to Foxation
Foxation collected $0.05 from pot
Foxation: doesn't show hand 
*** SUMMARY ***
Total pot $0.05 | Rake $0 
Seat 1: Foxation (button) collected ($0.05)
Seat 2: rafael-nik (small blind) folded before Flop
Seat 3: Dorex2007 (big blind) folded before Flop
Seat 4: gilespoker08 folded before Flop (didn't bet)
Seat 7: minekanev folded before Flop (didn't bet)



PokerStars Hand #224328834257:  Hold'em No Limit ($0.01/$0.02 USD) - 2021/02/28 14:18:08 PT [2021/02/28 17:18:08 ET]
Table 'Toutatis III' 9-max Seat #2 is the button
Seat 1: Foxation ($0.82 in chips) 
Seat 2: rafael-nik ($2.55 in chips) 
Seat 3: Dorex2007 ($3.19 in chips) 
Seat 4: gilespoker08 ($2.07 in chips) 
Seat 7: minekanev ($1.39 in chips) 
Dorex2007: posts small blind $0.01
gilespoker08: posts big blind $0.02
*** HOLE CARDS ***
Dealt to Dorex2007 [Jc Th]
minekanev: folds 
Foxation: raises $0.04 to $0.06
rafael-nik: folds 
Dorex2007: folds 
gilespoker08: folds 
Uncalled bet ($0.04) returned to Foxation
Foxation collected $0.05 from pot
Foxation: doesn't show hand 
*** SUMMARY ***
Total pot $0.05 | Rake $0 
Seat 1: Foxation collected ($0.05)
Seat 2: rafael-nik (button) folded before Flop (didn't bet)
Seat 3: Dorex2007 (small blind) folded before Flop
Seat 4: gilespoker08 (big blind) folded before Flop
Seat 7: minekanev folded before Flop (didn't bet)



PokerStars Hand #224328850149:  Hold'em No Limit ($0.01/$0.02 USD) - 2021/02/28 14:18:31 PT [2021/02/28 17:18:31 ET]
Table 'Toutatis III' 9-max Seat #3 is the button
Seat 1: Foxation ($0.85 in chips) 
Seat 2: rafael-nik ($2.55 in chips) 
Seat 3: Dorex2007 ($3.18 in chips) 
Seat 4: gilespoker08 ($2.05 in chips) 
Seat 7: minekanev ($1.39 in chips) 
gilespoker08: posts small blind $0.01
minekanev: posts big blind $0.02
*** HOLE CARDS ***
Dealt to Dorex2007 [Qc Qh]
Foxation: raises $0.04 to $0.06
rafael-nik: folds 
Dorex2007: raises $0.04 to $0.10
gilespoker08: folds 
minekanev: folds 
Foxation: calls $0.04
*** FLOP *** [6c As Kd]
Foxation: checks 
Dorex2007: checks 
*** TURN *** [6c As Kd] [7h]
Foxation: checks 
Dorex2007: bets $0.02
Foxation: calls $0.02
*** RIVER *** [6c As Kd 7h] [3c]
Foxation: checks 
Dorex2007: checks 
*** SHOW DOWN ***
Foxation: shows [Ac Td] (a pair of Aces)
Dorex2007: mucks hand 
Foxation collected $0.26 from pot
*** SUMMARY ***
Total pot $0.27 | Rake $0.01 
Board [6c As Kd 7h 3c]
Seat 1: Foxation showed [Ac Td] and won ($0.26) with a pair of Aces
Seat 2: rafael-nik folded before Flop (didn't bet)
Seat 3: Dorex2007 (button) mucked [Qc Qh]
Seat 4: gilespoker08 (small blind) folded before Flop
Seat 7: minekanev (big blind) folded before Flop



PokerStars Hand #224328886743:  Hold'em No Limit ($0.01/$0.02 USD) - 2021/02/28 14:19:23 PT [2021/02/28 17:19:23 ET]
Table 'Toutatis III' 9-max Seat #4 is the button
Seat 1: Foxation ($0.99 in chips) 
Seat 2: rafael-nik ($2.55 in chips) 
Seat 3: Dorex2007 ($3.06 in chips) 
Seat 4: gilespoker08 ($2.04 in chips) 
Foxation: posts small blind $0.01
rafael-nik: posts big blind $0.02
*** HOLE CARDS ***
Dealt to Dorex2007 [6c 3s]
Dorex2007: folds 
gilespoker08: folds 
Foxation: folds 
Uncalled bet ($0.01) returned to rafael-nik
rafael-nik collected $0.02 from pot
rafael-nik: doesn't show hand 
*** SUMMARY ***
Total pot $0.02 | Rake $0 
Seat 1: Foxation (small blind) folded before Flop
Seat 2: rafael-nik (big blind) collected ($0.02)
Seat 3: Dorex2007 folded before Flop (didn't bet)
Seat 4: gilespoker08 (button) folded before Flop (didn't bet)



PokerStars Hand #224328896236:  Hold'em No Limit ($0.01/$0.02 USD) - 2021/02/28 14:19:37 PT [2021/02/28 17:19:37 ET]
Table 'Toutatis III' 9-max Seat #1 is the button
Seat 1: Foxation ($0.98 in chips) 
Seat 2: rafael-nik ($2.56 in chips) 
Seat 3: Dorex2007 ($3.06 in chips) 
Seat 4: gilespoker08 ($2.04 in chips) 
rafael-nik: posts small blind $0.01
Dorex2007: posts big blind $0.02
*** HOLE CARDS ***
Dealt to Dorex2007 [8s 9c]
gilespoker08: folds 
Foxation: raises $0.04 to $0.06
rafael-nik: folds 
Dorex2007: folds 
Uncalled bet ($0.04) returned to Foxation
Foxation collected $0.05 from pot
Foxation: doesn't show hand 
*** SUMMARY ***
Total pot $0.05 | Rake $0 
Seat 1: Foxation (button) collected ($0.05)
Seat 2: rafael-nik (small blind) folded before Flop
Seat 3: Dorex2007 (big blind) folded before Flop
Seat 4: gilespoker08 folded before Flop (didn't bet)



PokerStars Hand #224328909510:  Hold'em No Limit ($0.01/$0.02 USD) - 2021/02/28 14:19:55 PT [2021/02/28 17:19:55 ET]
Table 'Toutatis III' 9-max Seat #4 is the button
Seat 3: Dorex2007 ($3.04 in chips) 
Seat 4: gilespoker08 ($2.04 in chips) 
gilespoker08: posts small blind $0.01
Foxation: is sitting out 
Dorex2007: posts big blind $0.02
*** HOLE CARDS ***
Dealt to Dorex2007 [2h Ts]
gilespoker08: raises $0.02 to $0.04
Dorex2007: folds 
Uncalled bet ($0.02) returned to gilespoker08
gilespoker08 collected $0.04 from pot
gilespoker08: doesn't show hand 
rafael-nik leaves the table
*** SUMMARY ***
Total pot $0.04 | Rake $0 
Seat 3: Dorex2007 (big blind) folded before Flop
Seat 4: gilespoker08 (button) (small blind) collected ($0.04)



PokerStars Hand #224328913429:  Hold'em No Limit ($0.01/$0.02 USD) - 2021/02/28 14:20:01 PT [2021/02/28 17:20:01 ET]
Table 'Toutatis III' 9-max Seat #3 is the button
Seat 3: Dorex2007 ($3.02 in chips) 
Seat 4: gilespoker08 ($2.06 in chips) 
Dorex2007: posts small blind $0.01
gilespoker08: posts big blind $0.02
*** HOLE CARDS ***
Dealt to Dorex2007 [6s 5c]
Foxation leaves the table
Dorex2007: folds 
Uncalled bet ($0.01) returned to gilespoker08
gilespoker08 collected $0.02 from pot
gilespoker08: doesn't show hand 
*** SUMMARY ***
Total pot $0.02 | Rake $0 
Seat 3: Dorex2007 (button) (small blind) folded before Flop
Seat 4: gilespoker08 (big blind) collected ($0.02)



