PokerStars Hand #230389987580:  Hold'em No Limit ($0.01/$0.02 USD) - 2021/10/05 22:05:03 PT [2021/10/06 1:05:03 ET]
Table 'Atria III' 9-max Seat #4 is the button
Seat 1: Boomz25 ($1.84 in chips) 
Seat 2: Sr.Benitez448 ($5.58 in chips) 
Seat 3: Dorex2007 ($2 in chips) 
Seat 4: den150581 ($0.99 in chips) 
Seat 5: marcodoctortips ($1.97 in chips) 
Seat 6: kirey1 ($2.02 in chips) 
Seat 7: franpalermo14 ($4.03 in chips) 
Seat 8: yanok13 ($1.21 in chips) 
Seat 9: umka186 ($2 in chips) 
marcodoctortips: posts small blind $0.01
kirey1: posts big blind $0.02
Dorex2007: posts big blind $0.02
*** HOLE CARDS ***
Dealt to Dorex2007 [Tc 3c]
franpalermo14: folds 
yanok13: folds 
umka186: folds 
Boomz25: folds 
Sr.Benitez448: calls $0.02
Dorex2007: checks 
den150581: folds 
marcodoctortips: folds 
kirey1: checks 
*** FLOP *** [8d Qd Js]
kirey1: checks 
Sr.Benitez448: checks 
Dorex2007: checks 
*** TURN *** [8d Qd Js] [7d]
kirey1: bets $0.02
Sr.Benitez448: folds 
Dorex2007: folds 
Uncalled bet ($0.02) returned to kirey1
kirey1 collected $0.07 from pot
*** SUMMARY ***
Total pot $0.07 | Rake $0 
Board [8d Qd Js 7d]
Seat 1: Boomz25 folded before Flop (didn't bet)
Seat 2: Sr.Benitez448 folded on the Turn
Seat 3: Dorex2007 folded on the Turn (didn't bet)
Seat 4: den150581 (button) folded before Flop (didn't bet)
Seat 5: marcodoctortips (small blind) folded before Flop
Seat 6: kirey1 (big blind) collected ($0.07)
Seat 7: franpalermo14 folded before Flop (didn't bet)
Seat 8: yanok13 folded before Flop (didn't bet)
Seat 9: umka186 folded before Flop (didn't bet)



PokerStars Hand #230389992035:  Hold'em No Limit ($0.01/$0.02 USD) - 2021/10/05 22:05:36 PT [2021/10/06 1:05:36 ET]
Table 'Atria III' 9-max Seat #5 is the button
Seat 1: Boomz25 ($1.84 in chips) 
Seat 2: Sr.Benitez448 ($5.56 in chips) 
Seat 3: Dorex2007 ($1.98 in chips) 
Seat 4: den150581 ($0.99 in chips) 
Seat 5: marcodoctortips ($1.96 in chips) 
Seat 6: kirey1 ($2.07 in chips) 
Seat 7: franpalermo14 ($4.03 in chips) 
Seat 8: yanok13 ($1.21 in chips) 
Seat 9: umka186 ($2 in chips) 
kirey1: posts small blind $0.01
franpalermo14: posts big blind $0.02
*** HOLE CARDS ***
Dealt to Dorex2007 [5d 8h]
yanok13: raises $0.04 to $0.06
umka186: folds 
Boomz25: folds 
Sr.Benitez448: calls $0.06
Dorex2007: folds 
den150581: folds 
marcodoctortips: folds 
kirey1: folds 
franpalermo14: folds 
*** FLOP *** [8s Jc 7h]
yanok13: bets $0.14
Sr.Benitez448: folds 
Uncalled bet ($0.14) returned to yanok13
yanok13 collected $0.14 from pot
yanok13: doesn't show hand 
*** SUMMARY ***
Total pot $0.15 | Rake $0.01 
Board [8s Jc 7h]
Seat 1: Boomz25 folded before Flop (didn't bet)
Seat 2: Sr.Benitez448 folded on the Flop
Seat 3: Dorex2007 folded before Flop (didn't bet)
Seat 4: den150581 folded before Flop (didn't bet)
Seat 5: marcodoctortips (button) folded before Flop (didn't bet)
Seat 6: kirey1 (small blind) folded before Flop
Seat 7: franpalermo14 (big blind) folded before Flop
Seat 8: yanok13 collected ($0.14)
Seat 9: umka186 folded before Flop (didn't bet)



PokerStars Hand #230389996532:  Hold'em No Limit ($0.01/$0.02 USD) - 2021/10/05 22:06:09 PT [2021/10/06 1:06:09 ET]
Table 'Atria III' 9-max Seat #6 is the button
Seat 1: Boomz25 ($1.84 in chips) 
Seat 2: Sr.Benitez448 ($5.50 in chips) 
Seat 3: Dorex2007 ($1.98 in chips) 
Seat 4: den150581 ($0.99 in chips) 
Seat 5: marcodoctortips ($1.96 in chips) 
Seat 6: kirey1 ($2.06 in chips) 
Seat 7: franpalermo14 ($4.01 in chips) 
Seat 8: yanok13 ($1.29 in chips) 
Seat 9: umka186 ($2 in chips) 
franpalermo14: posts small blind $0.01
yanok13: posts big blind $0.02
*** HOLE CARDS ***
Dealt to Dorex2007 [Ad 3c]
umka186: folds 
Boomz25: folds 
Sr.Benitez448: raises $0.02 to $0.04
Dorex2007: folds 
den150581: folds 
marcodoctortips: folds 
kirey1: folds 
franpalermo14: folds 
yanok13: folds 
Uncalled bet ($0.02) returned to Sr.Benitez448
Sr.Benitez448 collected $0.05 from pot
Sr.Benitez448: doesn't show hand 
*** SUMMARY ***
Total pot $0.05 | Rake $0 
Seat 1: Boomz25 folded before Flop (didn't bet)
Seat 2: Sr.Benitez448 collected ($0.05)
Seat 3: Dorex2007 folded before Flop (didn't bet)
Seat 4: den150581 folded before Flop (didn't bet)
Seat 5: marcodoctortips folded before Flop (didn't bet)
Seat 6: kirey1 (button) folded before Flop (didn't bet)
Seat 7: franpalermo14 (small blind) folded before Flop
Seat 8: yanok13 (big blind) folded before Flop
Seat 9: umka186 folded before Flop (didn't bet)



PokerStars Hand #230389999003:  Hold'em No Limit ($0.01/$0.02 USD) - 2021/10/05 22:06:28 PT [2021/10/06 1:06:28 ET]
Table 'Atria III' 9-max Seat #7 is the button
Seat 1: Boomz25 ($1.84 in chips) 
Seat 2: Sr.Benitez448 ($5.53 in chips) 
Seat 3: Dorex2007 ($1.98 in chips) 
Seat 4: den150581 ($0.99 in chips) 
Seat 5: marcodoctortips ($1.96 in chips) 
Seat 6: kirey1 ($2.06 in chips) 
Seat 7: franpalermo14 ($4 in chips) 
Seat 8: yanok13 ($1.27 in chips) 
Seat 9: umka186 ($2 in chips) 
yanok13: posts small blind $0.01
umka186: posts big blind $0.02
*** HOLE CARDS ***
Dealt to Dorex2007 [3d 5s]
Boomz25: folds 
Sr.Benitez448: folds 
Dorex2007: folds 
den150581: calls $0.02
marcodoctortips: folds 
kirey1: folds 
franpalermo14: folds 
yanok13: folds 
umka186: checks 
*** FLOP *** [Qc 5d 5c]
umka186: checks 
den150581: bets $0.02
umka186: folds 
Uncalled bet ($0.02) returned to den150581
den150581 collected $0.05 from pot
*** SUMMARY ***
Total pot $0.05 | Rake $0 
Board [Qc 5d 5c]
Seat 1: Boomz25 folded before Flop (didn't bet)
Seat 2: Sr.Benitez448 folded before Flop (didn't bet)
Seat 3: Dorex2007 folded before Flop (didn't bet)
Seat 4: den150581 collected ($0.05)
Seat 5: marcodoctortips folded before Flop (didn't bet)
Seat 6: kirey1 folded before Flop (didn't bet)
Seat 7: franpalermo14 (button) folded before Flop (didn't bet)
Seat 8: yanok13 (small blind) folded before Flop
Seat 9: umka186 (big blind) folded on the Flop



PokerStars Hand #230390003688:  Hold'em No Limit ($0.01/$0.02 USD) - 2021/10/05 22:07:02 PT [2021/10/06 1:07:02 ET]
Table 'Atria III' 9-max Seat #8 is the button
Seat 1: Boomz25 ($1.84 in chips) 
Seat 2: Sr.Benitez448 ($5.53 in chips) 
Seat 3: Dorex2007 ($1.98 in chips) 
Seat 4: den150581 ($1.02 in chips) 
Seat 5: marcodoctortips ($1.96 in chips) 
Seat 6: kirey1 ($2.06 in chips) 
Seat 7: franpalermo14 ($4 in chips) 
Seat 8: yanok13 ($1.26 in chips) 
Seat 9: umka186 ($2 in chips) 
umka186: posts small blind $0.01
Boomz25: posts big blind $0.02
*** HOLE CARDS ***
Dealt to Dorex2007 [9s 4d]
Sr.Benitez448: folds 
Dorex2007: folds 
den150581: raises $0.02 to $0.04
marcodoctortips: folds 
kirey1: folds 
franpalermo14: folds 
yanok13: folds 
Sr.Benitez448 leaves the table
umka186: folds 
Boomz25: folds 
Uncalled bet ($0.02) returned to den150581
den150581 collected $0.05 from pot
*** SUMMARY ***
Total pot $0.05 | Rake $0 
Seat 1: Boomz25 (big blind) folded before Flop
Seat 2: Sr.Benitez448 folded before Flop (didn't bet)
Seat 3: Dorex2007 folded before Flop (didn't bet)
Seat 4: den150581 collected ($0.05)
Seat 5: marcodoctortips folded before Flop (didn't bet)
Seat 6: kirey1 folded before Flop (didn't bet)
Seat 7: franpalermo14 folded before Flop (didn't bet)
Seat 8: yanok13 (button) folded before Flop (didn't bet)
Seat 9: umka186 (small blind) folded before Flop



PokerStars Hand #230390007269:  Hold'em No Limit ($0.01/$0.02 USD) - 2021/10/05 22:07:29 PT [2021/10/06 1:07:29 ET]
Table 'Atria III' 9-max Seat #9 is the button
Seat 1: Boomz25 ($1.82 in chips) 
Seat 3: Dorex2007 ($1.98 in chips) 
Seat 4: den150581 ($1.05 in chips) 
Seat 5: marcodoctortips ($1.96 in chips) 
Seat 6: kirey1 ($2.06 in chips) 
Seat 7: franpalermo14 ($4 in chips) 
Seat 8: yanok13 ($1.26 in chips) 
Seat 9: umka186 ($2 in chips) 
Boomz25: posts small blind $0.01
Dorex2007: posts big blind $0.02
*** HOLE CARDS ***
Dealt to Dorex2007 [Kc 2c]
den150581: calls $0.02
marcodoctortips: raises $0.04 to $0.06
kirey1: folds 
franpalermo14: folds 
yanok13: folds 
umka186: folds 
Boomz25: calls $0.05
Dorex2007: folds 
den150581: folds 
*** FLOP *** [5h Jh 6d]
Boomz25: checks 
marcodoctortips: bets $0.06
Boomz25: folds 
Uncalled bet ($0.06) returned to marcodoctortips
marcodoctortips collected $0.15 from pot
marcodoctortips: doesn't show hand 
*** SUMMARY ***
Total pot $0.16 | Rake $0.01 
Board [5h Jh 6d]
Seat 1: Boomz25 (small blind) folded on the Flop
Seat 3: Dorex2007 (big blind) folded before Flop
Seat 4: den150581 folded before Flop
Seat 5: marcodoctortips collected ($0.15)
Seat 6: kirey1 folded before Flop (didn't bet)
Seat 7: franpalermo14 folded before Flop (didn't bet)
Seat 8: yanok13 folded before Flop (didn't bet)
Seat 9: umka186 (button) folded before Flop (didn't bet)



PokerStars Hand #230390011443:  Hold'em No Limit ($0.01/$0.02 USD) - 2021/10/05 22:08:00 PT [2021/10/06 1:08:00 ET]
Table 'Atria III' 9-max Seat #1 is the button
Seat 1: Boomz25 ($1.76 in chips) 
Seat 3: Dorex2007 ($1.96 in chips) 
Seat 4: den150581 ($1.03 in chips) 
Seat 5: marcodoctortips ($2.05 in chips) 
Seat 6: kirey1 ($2.06 in chips) 
Seat 7: franpalermo14 ($4 in chips) 
Seat 8: yanok13 ($1.26 in chips) 
Seat 9: umka186 ($2 in chips) 
Dorex2007: posts small blind $0.01
den150581: posts big blind $0.02
*** HOLE CARDS ***
Dealt to Dorex2007 [Qh Ks]
marcodoctortips: folds 
kirey1: folds 
franpalermo14: folds 
yanok13: folds 
umka186: folds 
Boomz25: calls $0.02
Dorex2007: raises $0.08 to $0.10
den150581: folds 
Boomz25: calls $0.08
*** FLOP *** [Ac Ts 8h]
Dorex2007: bets $0.14
Boomz25: folds 
Uncalled bet ($0.14) returned to Dorex2007
Dorex2007 collected $0.21 from pot
Dorex2007: doesn't show hand 
*** SUMMARY ***
Total pot $0.22 | Rake $0.01 
Board [Ac Ts 8h]
Seat 1: Boomz25 (button) folded on the Flop
Seat 3: Dorex2007 (small blind) collected ($0.21)
Seat 4: den150581 (big blind) folded before Flop
Seat 5: marcodoctortips folded before Flop (didn't bet)
Seat 6: kirey1 folded before Flop (didn't bet)
Seat 7: franpalermo14 folded before Flop (didn't bet)
Seat 8: yanok13 folded before Flop (didn't bet)
Seat 9: umka186 folded before Flop (didn't bet)



PokerStars Hand #230390016185:  Hold'em No Limit ($0.01/$0.02 USD) - 2021/10/05 22:08:36 PT [2021/10/06 1:08:36 ET]
Table 'Atria III' 9-max Seat #3 is the button
Seat 3: Dorex2007 ($2.07 in chips) 
Seat 4: den150581 ($1.01 in chips) 
Seat 5: marcodoctortips ($2.05 in chips) 
Seat 6: kirey1 ($2.06 in chips) 
Seat 7: franpalermo14 ($4 in chips) 
Seat 8: yanok13 ($1.26 in chips) 
Seat 9: umka186 ($2 in chips) 
den150581: posts small blind $0.01
marcodoctortips: posts big blind $0.02
*** HOLE CARDS ***
Dealt to Dorex2007 [9h 6s]
kirey1: folds 
franpalermo14: folds 
yanok13: folds 
umka186: folds 
Dorex2007: folds 
credesa joins the table at seat #2 
den150581: raises $0.02 to $0.04
marcodoctortips: folds 
Uncalled bet ($0.02) returned to den150581
den150581 collected $0.04 from pot
*** SUMMARY ***
Total pot $0.04 | Rake $0 
Seat 3: Dorex2007 (button) folded before Flop (didn't bet)
Seat 4: den150581 (small blind) collected ($0.04)
Seat 5: marcodoctortips (big blind) folded before Flop
Seat 6: kirey1 folded before Flop (didn't bet)
Seat 7: franpalermo14 folded before Flop (didn't bet)
Seat 8: yanok13 folded before Flop (didn't bet)
Seat 9: umka186 folded before Flop (didn't bet)



PokerStars Hand #230390018170:  Hold'em No Limit ($0.01/$0.02 USD) - 2021/10/05 22:08:50 PT [2021/10/06 1:08:50 ET]
Table 'Atria III' 9-max Seat #4 is the button
Seat 3: Dorex2007 ($2.07 in chips) 
Seat 4: den150581 ($1.03 in chips) 
Seat 5: marcodoctortips ($2.03 in chips) 
Seat 6: kirey1 ($2.06 in chips) 
Seat 7: franpalermo14 ($4 in chips) 
Seat 8: yanok13 ($1.26 in chips) 
Seat 9: umka186 ($2 in chips) 
marcodoctortips: posts small blind $0.01
kirey1: posts big blind $0.02
credesa: sits out 
*** HOLE CARDS ***
Dealt to Dorex2007 [Qh 9c]
Boomz25 leaves the table
franpalermo14: raises $0.04 to $0.06
yanok13: folds 
umka186: calls $0.06
Dorex2007: folds 
den150581: folds 
marcodoctortips: folds 
kirey1: calls $0.04
*** FLOP *** [4d Th 7d]
kirey1: checks 
franpalermo14: bets $0.12
umka186: folds 
kirey1: folds 
Uncalled bet ($0.12) returned to franpalermo14
franpalermo14 collected $0.18 from pot
franpalermo14: doesn't show hand 
*** SUMMARY ***
Total pot $0.19 | Rake $0.01 
Board [4d Th 7d]
Seat 3: Dorex2007 folded before Flop (didn't bet)
Seat 4: den150581 (button) folded before Flop (didn't bet)
Seat 5: marcodoctortips (small blind) folded before Flop
Seat 6: kirey1 (big blind) folded on the Flop
Seat 7: franpalermo14 collected ($0.18)
Seat 8: yanok13 folded before Flop (didn't bet)
Seat 9: umka186 folded on the Flop



PokerStars Hand #230390023125:  Hold'em No Limit ($0.01/$0.02 USD) - 2021/10/05 22:09:28 PT [2021/10/06 1:09:28 ET]
Table 'Atria III' 9-max Seat #5 is the button
Seat 3: Dorex2007 ($2.07 in chips) 
Seat 4: den150581 ($1.03 in chips) 
Seat 5: marcodoctortips ($2.02 in chips) 
Seat 6: kirey1 ($2 in chips) 
Seat 7: franpalermo14 ($4.12 in chips) 
Seat 8: yanok13 ($1.26 in chips) 
Seat 9: umka186 ($2 in chips) 
kirey1: posts small blind $0.01
franpalermo14: posts big blind $0.02
credesa: sits out 
*** HOLE CARDS ***
Dealt to Dorex2007 [5h 4d]
yanok13: folds 
umka186: folds 
Dorex2007: folds 
den150581: folds 
marcodoctortips: raises $0.02 to $0.04
kirey1: calls $0.03
erlis82 joins the table at seat #1 
franpalermo14: folds 
*** FLOP *** [Jc Qd 6s]
kirey1: checks 
marcodoctortips: bets $0.04
yanok13 leaves the table
kirey1: folds 
Uncalled bet ($0.04) returned to marcodoctortips
marcodoctortips collected $0.10 from pot
marcodoctortips: doesn't show hand 
*** SUMMARY ***
Total pot $0.10 | Rake $0 
Board [Jc Qd 6s]
Seat 3: Dorex2007 folded before Flop (didn't bet)
Seat 4: den150581 folded before Flop (didn't bet)
Seat 5: marcodoctortips (button) collected ($0.10)
Seat 6: kirey1 (small blind) folded on the Flop
Seat 7: franpalermo14 (big blind) folded before Flop
Seat 8: yanok13 folded before Flop (didn't bet)
Seat 9: umka186 folded before Flop (didn't bet)



PokerStars Hand #230390028804:  Hold'em No Limit ($0.01/$0.02 USD) - 2021/10/05 22:10:10 PT [2021/10/06 1:10:10 ET]
Table 'Atria III' 9-max Seat #6 is the button
Seat 1: erlis82 ($2 in chips) 
Seat 3: Dorex2007 ($2.07 in chips) 
Seat 4: den150581 ($1.03 in chips) 
Seat 5: marcodoctortips ($2.08 in chips) 
Seat 6: kirey1 ($1.96 in chips) 
Seat 7: franpalermo14 ($4.10 in chips) 
Seat 9: umka186 ($2 in chips) 
franpalermo14: posts small blind $0.01
umka186: posts big blind $0.02
erlis82: posts big blind $0.02
credesa: sits out 
*** HOLE CARDS ***
Dealt to Dorex2007 [Qc 3d]
erlis82: checks 
Dorex2007: folds 
den150581: folds 
marcodoctortips: folds 
MrEntsMan joins the table at seat #8 
kirey1: folds 
franpalermo14: calls $0.01
umka186: checks 
*** FLOP *** [Jh Tc As]
franpalermo14: checks 
umka186: bets $0.03
erlis82: calls $0.03
franpalermo14: folds 
*** TURN *** [Jh Tc As] [Ks]
umka186: checks 
erlis82: bets $0.04
umka186: calls $0.04
*** RIVER *** [Jh Tc As Ks] [Td]
umka186: checks 
erlis82: bets $0.04
umka186: calls $0.04
*** SHOW DOWN ***
erlis82: shows [8h Ah] (two pair, Aces and Tens)
umka186: shows [Qs 9s] (a straight, Ten to Ace)
umka186 collected $0.27 from pot
*** SUMMARY ***
Total pot $0.28 | Rake $0.01 
Board [Jh Tc As Ks Td]
Seat 1: erlis82 showed [8h Ah] and lost with two pair, Aces and Tens
Seat 3: Dorex2007 folded before Flop (didn't bet)
Seat 4: den150581 folded before Flop (didn't bet)
Seat 5: marcodoctortips folded before Flop (didn't bet)
Seat 6: kirey1 (button) folded before Flop (didn't bet)
Seat 7: franpalermo14 (small blind) folded on the Flop
Seat 9: umka186 (big blind) showed [Qs 9s] and won ($0.27) with a straight, Ten to Ace



PokerStars Hand #230390035818:  Hold'em No Limit ($0.01/$0.02 USD) - 2021/10/05 22:11:03 PT [2021/10/06 1:11:03 ET]
Table 'Atria III' 9-max Seat #7 is the button
Seat 1: erlis82 ($1.87 in chips) 
Seat 3: Dorex2007 ($2.07 in chips) 
Seat 4: den150581 ($1.03 in chips) 
Seat 5: marcodoctortips ($2.08 in chips) 
Seat 6: kirey1 ($1.96 in chips) 
Seat 7: franpalermo14 ($4.08 in chips) 
Seat 9: umka186 ($2.14 in chips) 
umka186: posts small blind $0.01
erlis82: posts big blind $0.02
credesa: sits out 
*** HOLE CARDS ***
Dealt to Dorex2007 [Ad 5s]
Dorex2007: folds 
den150581: folds 
marcodoctortips: folds 
kirey1: folds 
franpalermo14: folds 
umka186: folds 
Uncalled bet ($0.01) returned to erlis82
erlis82 collected $0.02 from pot
erlis82: doesn't show hand 
*** SUMMARY ***
Total pot $0.02 | Rake $0 
Seat 1: erlis82 (big blind) collected ($0.02)
Seat 3: Dorex2007 folded before Flop (didn't bet)
Seat 4: den150581 folded before Flop (didn't bet)
Seat 5: marcodoctortips folded before Flop (didn't bet)
Seat 6: kirey1 folded before Flop (didn't bet)
Seat 7: franpalermo14 (button) folded before Flop (didn't bet)
Seat 9: umka186 (small blind) folded before Flop



PokerStars Hand #230390038208:  Hold'em No Limit ($0.01/$0.02 USD) - 2021/10/05 22:11:21 PT [2021/10/06 1:11:21 ET]
Table 'Atria III' 9-max Seat #9 is the button
Seat 1: erlis82 ($1.88 in chips) 
Seat 2: credesa ($0.80 in chips) 
Seat 3: Dorex2007 ($2.07 in chips) 
Seat 4: den150581 ($1.03 in chips) 
Seat 5: marcodoctortips ($2.08 in chips) 
Seat 6: kirey1 ($1.96 in chips) 
Seat 7: franpalermo14 ($4.08 in chips) 
Seat 9: umka186 ($2.13 in chips) 
erlis82: posts small blind $0.01
credesa: posts big blind $0.02
MrEntsMan: sits out 
*** HOLE CARDS ***
Dealt to Dorex2007 [3h Kh]
Dorex2007: folds 
den150581: folds 
marcodoctortips: folds 
kirey1: folds 
franpalermo14: folds 
umka186: folds 
erlis82: calls $0.01
credesa: checks 
*** FLOP *** [6d 5c 9h]
erlis82: bets $0.02
credesa: folds 
Uncalled bet ($0.02) returned to erlis82
erlis82 collected $0.04 from pot
erlis82: doesn't show hand 
*** SUMMARY ***
Total pot $0.04 | Rake $0 
Board [6d 5c 9h]
Seat 1: erlis82 (small blind) collected ($0.04)
Seat 2: credesa (big blind) folded on the Flop
Seat 3: Dorex2007 folded before Flop (didn't bet)
Seat 4: den150581 folded before Flop (didn't bet)
Seat 5: marcodoctortips folded before Flop (didn't bet)
Seat 6: kirey1 folded before Flop (didn't bet)
Seat 7: franpalermo14 folded before Flop (didn't bet)
Seat 9: umka186 (button) folded before Flop (didn't bet)



PokerStars Hand #230390043628:  Hold'em No Limit ($0.01/$0.02 USD) - 2021/10/05 22:12:02 PT [2021/10/06 1:12:02 ET]
Table 'Atria III' 9-max Seat #1 is the button
Seat 1: erlis82 ($1.90 in chips) 
Seat 2: credesa ($0.78 in chips) 
Seat 3: Dorex2007 ($2.07 in chips) 
Seat 4: den150581 ($1.03 in chips) 
Seat 5: marcodoctortips ($2.08 in chips) 
Seat 6: kirey1 ($1.96 in chips) 
Seat 7: franpalermo14 ($4.08 in chips) 
Seat 9: umka186 ($2.13 in chips) 
credesa: posts small blind $0.01
Dorex2007: posts big blind $0.02
MrEntsMan: sits out 
*** HOLE CARDS ***
Dealt to Dorex2007 [4d Jc]
den150581: calls $0.02
marcodoctortips: folds 
kirey1: folds 
franpalermo14: raises $0.02 to $0.04
umka186: folds 
erlis82: folds 
credesa: folds 
Dorex2007: folds 
den150581: calls $0.02
*** FLOP *** [Qh 3s Kd]
den150581: checks 
franpalermo14: checks 
*** TURN *** [Qh 3s Kd] [Td]
den150581: checks 
franpalermo14: checks 
*** RIVER *** [Qh 3s Kd Td] [9d]
den150581: checks 
franpalermo14: checks 
*** SHOW DOWN ***
den150581: shows [Ah 2h] (high card Ace)
franpalermo14: shows [7c 7h] (a pair of Sevens)
franpalermo14 collected $0.11 from pot
*** SUMMARY ***
Total pot $0.11 | Rake $0 
Board [Qh 3s Kd Td 9d]
Seat 1: erlis82 (button) folded before Flop (didn't bet)
Seat 2: credesa (small blind) folded before Flop
Seat 3: Dorex2007 (big blind) folded before Flop
Seat 4: den150581 showed [Ah 2h] and lost with high card Ace
Seat 5: marcodoctortips folded before Flop (didn't bet)
Seat 6: kirey1 folded before Flop (didn't bet)
Seat 7: franpalermo14 showed [7c 7h] and won ($0.11) with a pair of Sevens
Seat 9: umka186 folded before Flop (didn't bet)



PokerStars Hand #230390049318:  Hold'em No Limit ($0.01/$0.02 USD) - 2021/10/05 22:12:45 PT [2021/10/06 1:12:45 ET]
Table 'Atria III' 9-max Seat #2 is the button
Seat 1: erlis82 ($1.90 in chips) 
Seat 2: credesa ($0.77 in chips) 
Seat 3: Dorex2007 ($2.05 in chips) 
Seat 4: den150581 ($0.99 in chips) 
Seat 5: marcodoctortips ($2.08 in chips) 
Seat 6: kirey1 ($1.96 in chips) 
Seat 7: franpalermo14 ($4.15 in chips) 
Seat 9: umka186 ($2.13 in chips) 
Dorex2007: posts small blind $0.01
den150581: posts big blind $0.02
MrEntsMan: sits out 
*** HOLE CARDS ***
Dealt to Dorex2007 [Qd 9d]
marcodoctortips: raises $0.04 to $0.06
kirey1: folds 
franpalermo14: folds 
umka186: raises $0.15 to $0.21
erlis82: folds 
credesa: folds 
Dorex2007: folds 
den150581: folds 
marcodoctortips: folds 
Uncalled bet ($0.15) returned to umka186
umka186 collected $0.15 from pot
*** SUMMARY ***
Total pot $0.15 | Rake $0 
Seat 1: erlis82 folded before Flop (didn't bet)
Seat 2: credesa (button) folded before Flop (didn't bet)
Seat 3: Dorex2007 (small blind) folded before Flop
Seat 4: den150581 (big blind) folded before Flop
Seat 5: marcodoctortips folded before Flop
Seat 6: kirey1 folded before Flop (didn't bet)
Seat 7: franpalermo14 folded before Flop (didn't bet)
Seat 9: umka186 collected ($0.15)



PokerStars Hand #230390076237:  Hold'em No Limit ($0.01/$0.02 USD) - 2021/10/05 22:15:22 PT [2021/10/06 1:15:22 ET]
Table 'Atria III' 9-max Seat #8 is the button
Seat 1: erlis82 ($1.93 in chips) 
Seat 2: credesa ($0.85 in chips) 
Seat 3: Dorex2007 ($2.04 in chips) 
Seat 4: den150581 ($0.93 in chips) 
Seat 6: sorted1963 ($1.96 in chips) 
Seat 7: franpalermo14 ($4.15 in chips) 
Seat 8: MrEntsMan ($1.97 in chips) 
Seat 9: umka186 ($2.20 in chips) 
umka186: posts small blind $0.01
erlis82: posts big blind $0.02
*** HOLE CARDS ***
Dealt to Dorex2007 [9s 6c]
credesa: folds 
Dorex2007: folds 
den150581: calls $0.02
sorted1963: calls $0.02
franpalermo14: folds 
MrEntsMan: folds 
umka186: folds 
erlis82: checks 
*** FLOP *** [Qd 2c 5d]
erlis82: checks 
den150581: checks 
sorted1963: checks 
*** TURN *** [Qd 2c 5d] [9c]
erlis82: checks 
den150581: checks 
sorted1963: bets $0.04
erlis82: folds 
den150581: folds 
Uncalled bet ($0.04) returned to sorted1963
sorted1963 collected $0.07 from pot
sorted1963: doesn't show hand 
*** SUMMARY ***
Total pot $0.07 | Rake $0 
Board [Qd 2c 5d 9c]
Seat 1: erlis82 (big blind) folded on the Turn
Seat 2: credesa folded before Flop (didn't bet)
Seat 3: Dorex2007 folded before Flop (didn't bet)
Seat 4: den150581 folded on the Turn
Seat 6: sorted1963 collected ($0.07)
Seat 7: franpalermo14 folded before Flop (didn't bet)
Seat 8: MrEntsMan (button) folded before Flop (didn't bet)
Seat 9: umka186 (small blind) folded before Flop



PokerStars Hand #230390083302:  Hold'em No Limit ($0.01/$0.02 USD) - 2021/10/05 22:16:15 PT [2021/10/06 1:16:15 ET]
Table 'Atria III' 9-max Seat #9 is the button
Seat 1: erlis82 ($1.91 in chips) 
Seat 2: credesa ($0.85 in chips) 
Seat 3: Dorex2007 ($2.04 in chips) 
Seat 4: den150581 ($0.91 in chips) 
Seat 6: sorted1963 ($2.01 in chips) 
Seat 7: franpalermo14 ($4.15 in chips) 
Seat 8: MrEntsMan ($1.97 in chips) 
Seat 9: umka186 ($2.19 in chips) 
erlis82: posts small blind $0.01
credesa: posts big blind $0.02
*** HOLE CARDS ***
Dealt to Dorex2007 [8h Kd]
Dorex2007: folds 
den150581: folds 
sorted1963: folds 
franpalermo14: folds 
MrEntsMan: folds 
umka186: folds 
erlis82: calls $0.01
credesa: checks 
*** FLOP *** [7s Jd 8d]
erlis82: checks 
credesa: checks 
*** TURN *** [7s Jd 8d] [4d]
erlis82: checks 
credesa: bets $0.04
erlis82: folds 
Uncalled bet ($0.04) returned to credesa
credesa collected $0.04 from pot
credesa: doesn't show hand 
*** SUMMARY ***
Total pot $0.04 | Rake $0 
Board [7s Jd 8d 4d]
Seat 1: erlis82 (small blind) folded on the Turn
Seat 2: credesa (big blind) collected ($0.04)
Seat 3: Dorex2007 folded before Flop (didn't bet)
Seat 4: den150581 folded before Flop (didn't bet)
Seat 6: sorted1963 folded before Flop (didn't bet)
Seat 7: franpalermo14 folded before Flop (didn't bet)
Seat 8: MrEntsMan folded before Flop (didn't bet)
Seat 9: umka186 (button) folded before Flop (didn't bet)



PokerStars Hand #230390089788:  Hold'em No Limit ($0.01/$0.02 USD) - 2021/10/05 22:17:04 PT [2021/10/06 1:17:04 ET]
Table 'Atria III' 9-max Seat #1 is the button
Seat 1: erlis82 ($1.89 in chips) 
Seat 2: credesa ($0.87 in chips) 
Seat 3: Dorex2007 ($2.04 in chips) 
Seat 4: den150581 ($0.91 in chips) 
Seat 6: sorted1963 ($2.01 in chips) 
Seat 7: franpalermo14 ($4.15 in chips) 
Seat 8: MrEntsMan ($1.97 in chips) 
Seat 9: umka186 ($2.19 in chips) 
credesa: posts small blind $0.01
Dorex2007: posts big blind $0.02
*** HOLE CARDS ***
Dealt to Dorex2007 [9d Jc]
den150581: folds 
sorted1963: calls $0.02
franpalermo14: folds 
MrEntsMan: folds 
umka186: folds 
erlis82: calls $0.02
credesa: calls $0.01
Dorex2007: checks 
*** FLOP *** [Ad 8s 4d]
credesa: checks 
Dorex2007: checks 
sorted1963: checks 
erlis82: checks 
*** TURN *** [Ad 8s 4d] [Tc]
credesa: checks 
Dorex2007: checks 
sorted1963: checks 
erlis82: checks 
*** RIVER *** [Ad 8s 4d Tc] [7d]
credesa: checks 
Dorex2007: bets $0.08
sorted1963: folds 
erlis82: folds 
credesa: folds 
Uncalled bet ($0.08) returned to Dorex2007
Dorex2007 collected $0.08 from pot
Dorex2007: doesn't show hand 
*** SUMMARY ***
Total pot $0.08 | Rake $0 
Board [Ad 8s 4d Tc 7d]
Seat 1: erlis82 (button) folded on the River
Seat 2: credesa (small blind) folded on the River
Seat 3: Dorex2007 (big blind) collected ($0.08)
Seat 4: den150581 folded before Flop (didn't bet)
Seat 6: sorted1963 folded on the River
Seat 7: franpalermo14 folded before Flop (didn't bet)
Seat 8: MrEntsMan folded before Flop (didn't bet)
Seat 9: umka186 folded before Flop (didn't bet)



PokerStars Hand #230390099013:  Hold'em No Limit ($0.01/$0.02 USD) - 2021/10/05 22:18:13 PT [2021/10/06 1:18:13 ET]
Table 'Atria III' 9-max Seat #2 is the button
Seat 1: erlis82 ($1.87 in chips) 
Seat 2: credesa ($0.85 in chips) 
Seat 3: Dorex2007 ($2.10 in chips) 
Seat 4: den150581 ($0.91 in chips) 
Seat 6: sorted1963 ($1.99 in chips) 
Seat 7: franpalermo14 ($4.15 in chips) 
Seat 8: MrEntsMan ($1.97 in chips) 
Seat 9: umka186 ($2.19 in chips) 
Dorex2007: posts small blind $0.01
den150581: posts big blind $0.02
*** HOLE CARDS ***
Dealt to Dorex2007 [4d Qd]
sorted1963: folds 
franpalermo14: folds 
MrEntsMan: raises $0.04 to $0.06
umka186: folds 
umka186 leaves the table
erlis82: folds 
credesa: folds 
Dorex2007: folds 
den150581: folds 
Uncalled bet ($0.04) returned to MrEntsMan
MrEntsMan collected $0.05 from pot
MrEntsMan: doesn't show hand 
*** SUMMARY ***
Total pot $0.05 | Rake $0 
Seat 1: erlis82 folded before Flop (didn't bet)
Seat 2: credesa (button) folded before Flop (didn't bet)
Seat 3: Dorex2007 (small blind) folded before Flop
Seat 4: den150581 (big blind) folded before Flop
Seat 6: sorted1963 folded before Flop (didn't bet)
Seat 7: franpalermo14 folded before Flop (didn't bet)
Seat 8: MrEntsMan collected ($0.05)
Seat 9: umka186 folded before Flop (didn't bet)



PokerStars Hand #230390102015:  Hold'em No Limit ($0.01/$0.02 USD) - 2021/10/05 22:18:35 PT [2021/10/06 1:18:35 ET]
Table 'Atria III' 9-max Seat #3 is the button
Seat 1: erlis82 ($1.87 in chips) 
Seat 2: credesa ($0.85 in chips) 
Seat 3: Dorex2007 ($2.09 in chips) 
Seat 4: den150581 ($0.89 in chips) 
Seat 6: sorted1963 ($1.99 in chips) 
Seat 7: franpalermo14 ($4.15 in chips) 
Seat 8: MrEntsMan ($2 in chips) 
den150581: posts small blind $0.01
sorted1963: posts big blind $0.02
*** HOLE CARDS ***
Dealt to Dorex2007 [3s Ah]
franpalermo14: calls $0.02
MrEntsMan: folds 
erlis82: calls $0.02
credesa: folds 
Dorex2007: folds 
den150581: calls $0.01
sorted1963: checks 
*** FLOP *** [Jh 9h 7c]
den150581: checks 
sorted1963: checks 
franpalermo14: checks 
erlis82: bets $0.02
den150581: folds 
sorted1963: calls $0.02
franpalermo14: raises $0.07 to $0.09
erlis82: folds 
sorted1963: calls $0.07
*** TURN *** [Jh 9h 7c] [Ac]
sorted1963: checks 
franpalermo14: checks 
*** RIVER *** [Jh 9h 7c Ac] [3c]
sorted1963: checks 
franpalermo14: checks 
*** SHOW DOWN ***
sorted1963: shows [6h 8d] (high card Ace)
franpalermo14: shows [Qh Js] (a pair of Jacks)
franpalermo14 collected $0.27 from pot
*** SUMMARY ***
Total pot $0.28 | Rake $0.01 
Board [Jh 9h 7c Ac 3c]
Seat 1: erlis82 folded on the Flop
Seat 2: credesa folded before Flop (didn't bet)
Seat 3: Dorex2007 (button) folded before Flop (didn't bet)
Seat 4: den150581 (small blind) folded on the Flop
Seat 6: sorted1963 (big blind) showed [6h 8d] and lost with high card Ace
Seat 7: franpalermo14 showed [Qh Js] and won ($0.27) with a pair of Jacks
Seat 8: MrEntsMan folded before Flop (didn't bet)



PokerStars Hand #230390109911:  Hold'em No Limit ($0.01/$0.02 USD) - 2021/10/05 22:19:34 PT [2021/10/06 1:19:34 ET]
Table 'Atria III' 9-max Seat #4 is the button
Seat 1: erlis82 ($1.83 in chips) 
Seat 2: credesa ($0.85 in chips) 
Seat 3: Dorex2007 ($2.09 in chips) 
Seat 4: den150581 ($0.87 in chips) 
Seat 6: sorted1963 ($1.88 in chips) 
Seat 7: franpalermo14 ($4.31 in chips) 
Seat 8: MrEntsMan ($2 in chips) 
sorted1963: posts small blind $0.01
franpalermo14: posts big blind $0.02
*** HOLE CARDS ***
Dealt to Dorex2007 [Td Kd]
MrEntsMan: folds 
erlis82: folds 
credesa: folds 
Dorex2007: raises $0.04 to $0.06
den150581: folds 
sorted1963: folds 
franpalermo14: folds 
Uncalled bet ($0.04) returned to Dorex2007
Dorex2007 collected $0.05 from pot
Dorex2007: doesn't show hand 
*** SUMMARY ***
Total pot $0.05 | Rake $0 
Seat 1: erlis82 folded before Flop (didn't bet)
Seat 2: credesa folded before Flop (didn't bet)
Seat 3: Dorex2007 collected ($0.05)
Seat 4: den150581 (button) folded before Flop (didn't bet)
Seat 6: sorted1963 (small blind) folded before Flop
Seat 7: franpalermo14 (big blind) folded before Flop
Seat 8: MrEntsMan folded before Flop (didn't bet)



PokerStars Hand #230390112335:  Hold'em No Limit ($0.01/$0.02 USD) - 2021/10/05 22:19:52 PT [2021/10/06 1:19:52 ET]
Table 'Atria III' 9-max Seat #6 is the button
Seat 1: erlis82 ($1.83 in chips) 
Seat 2: credesa ($0.85 in chips) 
Seat 3: Dorex2007 ($2.12 in chips) 
Seat 4: den150581 ($0.87 in chips) 
Seat 6: sorted1963 ($1.87 in chips) 
Seat 7: franpalermo14 ($4.29 in chips) 
Seat 8: MrEntsMan ($2 in chips) 
franpalermo14: posts small blind $0.01
MrEntsMan: posts big blind $0.02
*** HOLE CARDS ***
Dealt to Dorex2007 [7s 2d]
erlis82: calls $0.02
credesa: folds 
Dorex2007: folds 
den150581: folds 
sorted1963: calls $0.02
franpalermo14: folds 
MrEntsMan: checks 
*** FLOP *** [9s 8d 8s]
MrEntsMan: checks 
Eighcehole joins the table at seat #9 
erlis82: checks 
sorted1963: bets $0.04
MrEntsMan: folds 
erlis82: calls $0.04
*** TURN *** [9s 8d 8s] [8h]
erlis82: checks 
sorted1963: bets $0.04
erlis82: raises $0.04 to $0.08
sorted1963: calls $0.04
*** RIVER *** [9s 8d 8s 8h] [6s]
erlis82: bets $0.30
sorted1963: calls $0.30
*** SHOW DOWN ***
erlis82: shows [4c 8c] (four of a kind, Eights)
sorted1963: mucks hand 
erlis82 collected $0.88 from pot
*** SUMMARY ***
Total pot $0.91 | Rake $0.03 
Board [9s 8d 8s 8h 6s]
Seat 1: erlis82 showed [4c 8c] and won ($0.88) with four of a kind, Eights
Seat 2: credesa folded before Flop (didn't bet)
Seat 3: Dorex2007 folded before Flop (didn't bet)
Seat 4: den150581 folded before Flop (didn't bet)
Seat 6: sorted1963 (button) mucked [Qh Qc]
Seat 7: franpalermo14 (small blind) folded before Flop
Seat 8: MrEntsMan (big blind) folded on the Flop



PokerStars Hand #230390121849:  Hold'em No Limit ($0.01/$0.02 USD) - 2021/10/05 22:21:04 PT [2021/10/06 1:21:04 ET]
Table 'Atria III' 9-max Seat #7 is the button
Seat 1: erlis82 ($2.27 in chips) 
Seat 2: credesa ($0.85 in chips) 
Seat 3: Dorex2007 ($2.12 in chips) 
Seat 4: den150581 ($0.87 in chips) 
Seat 6: sorted1963 ($1.43 in chips) 
Seat 7: franpalermo14 ($4.28 in chips) 
Seat 8: MrEntsMan ($1.98 in chips) 
Seat 9: Eighcehole ($2 in chips) 
MrEntsMan: posts small blind $0.01
Eighcehole: posts big blind $0.02
*** HOLE CARDS ***
Dealt to Dorex2007 [7d Qc]
erlis82: calls $0.02
credesa: raises $0.06 to $0.08
Dorex2007: folds 
den150581: folds 
sorted1963: folds 
franpalermo14: folds 
MrEntsMan: folds 
Eighcehole: folds 
erlis82: folds 
Uncalled bet ($0.06) returned to credesa
credesa collected $0.07 from pot
credesa: doesn't show hand 
*** SUMMARY ***
Total pot $0.07 | Rake $0 
Seat 1: erlis82 folded before Flop
Seat 2: credesa collected ($0.07)
Seat 3: Dorex2007 folded before Flop (didn't bet)
Seat 4: den150581 folded before Flop (didn't bet)
Seat 6: sorted1963 folded before Flop (didn't bet)
Seat 7: franpalermo14 (button) folded before Flop (didn't bet)
Seat 8: MrEntsMan (small blind) folded before Flop
Seat 9: Eighcehole (big blind) folded before Flop



PokerStars Hand #230390124919:  Hold'em No Limit ($0.01/$0.02 USD) - 2021/10/05 22:21:27 PT [2021/10/06 1:21:27 ET]
Table 'Atria III' 9-max Seat #8 is the button
Seat 1: erlis82 ($2.25 in chips) 
Seat 2: credesa ($0.90 in chips) 
Seat 3: Dorex2007 ($2.12 in chips) 
Seat 4: den150581 ($0.87 in chips) 
Seat 6: sorted1963 ($1.43 in chips) 
Seat 7: franpalermo14 ($4.28 in chips) 
Seat 8: MrEntsMan ($1.97 in chips) 
Seat 9: Eighcehole ($1.98 in chips) 
Eighcehole: posts small blind $0.01
erlis82: posts big blind $0.02
*** HOLE CARDS ***
Dealt to Dorex2007 [Js 3c]
credesa: folds 
Dorex2007: folds 
den150581: folds 
sorted1963: folds 
sorted1963 leaves the table
franpalermo14: folds 
MrEntsMan: folds 
Eighcehole: folds 
Uncalled bet ($0.01) returned to erlis82
erlis82 collected $0.02 from pot
erlis82: doesn't show hand 
*** SUMMARY ***
Total pot $0.02 | Rake $0 
Seat 1: erlis82 (big blind) collected ($0.02)
Seat 2: credesa folded before Flop (didn't bet)
Seat 3: Dorex2007 folded before Flop (didn't bet)
Seat 4: den150581 folded before Flop (didn't bet)
Seat 6: sorted1963 folded before Flop (didn't bet)
Seat 7: franpalermo14 folded before Flop (didn't bet)
Seat 8: MrEntsMan (button) folded before Flop (didn't bet)
Seat 9: Eighcehole (small blind) folded before Flop



PokerStars Hand #230390127541:  Hold'em No Limit ($0.01/$0.02 USD) - 2021/10/05 22:21:47 PT [2021/10/06 1:21:47 ET]
Table 'Atria III' 9-max Seat #9 is the button
Seat 1: erlis82 ($2.26 in chips) 
Seat 2: credesa ($0.90 in chips) 
Seat 3: Dorex2007 ($2.12 in chips) 
Seat 4: den150581 ($0.87 in chips) 
Seat 7: franpalermo14 ($4.28 in chips) 
Seat 8: MrEntsMan ($1.97 in chips) 
Seat 9: Eighcehole ($1.97 in chips) 
erlis82: posts small blind $0.01
credesa: posts big blind $0.02
*** HOLE CARDS ***
Dealt to Dorex2007 [Ks 7s]
Dorex2007: folds 
den150581: folds 
franpalermo14: folds 
MrEntsMan: folds 
Eighcehole: raises $0.04 to $0.06
erlis82: folds 
credesa: folds 
Uncalled bet ($0.04) returned to Eighcehole
Eighcehole collected $0.05 from pot
Eighcehole: doesn't show hand 
*** SUMMARY ***
Total pot $0.05 | Rake $0 
Seat 1: erlis82 (small blind) folded before Flop
Seat 2: credesa (big blind) folded before Flop
Seat 3: Dorex2007 folded before Flop (didn't bet)
Seat 4: den150581 folded before Flop (didn't bet)
Seat 7: franpalermo14 folded before Flop (didn't bet)
Seat 8: MrEntsMan folded before Flop (didn't bet)
Seat 9: Eighcehole (button) collected ($0.05)



PokerStars Hand #230390130275:  Hold'em No Limit ($0.01/$0.02 USD) - 2021/10/05 22:22:07 PT [2021/10/06 1:22:07 ET]
Table 'Atria III' 9-max Seat #1 is the button
Seat 1: erlis82 ($2.25 in chips) 
Seat 2: credesa ($0.88 in chips) 
Seat 3: Dorex2007 ($2.12 in chips) 
Seat 4: den150581 ($0.87 in chips) 
Seat 7: franpalermo14 ($4.28 in chips) 
Seat 8: MrEntsMan ($1.97 in chips) 
Seat 9: Eighcehole ($2 in chips) 
credesa: posts small blind $0.01
Dorex2007: posts big blind $0.02
*** HOLE CARDS ***
Dealt to Dorex2007 [6h 7s]
den150581: calls $0.02
franpalermo14: folds 
MrEntsMan: folds 
Eighcehole: folds 
erlis82: calls $0.02
credesa: calls $0.01
Dorex2007: checks 
*** FLOP *** [2s Ah Jc]
credesa: checks 
Dorex2007: checks 
den150581: checks 
erlis82: checks 
*** TURN *** [2s Ah Jc] [5d]
credesa: checks 
pvd44443 joins the table at seat #6 
Dorex2007: checks 
den150581: checks 
erlis82: checks 
*** RIVER *** [2s Ah Jc 5d] [Tc]
credesa: checks 
Dorex2007: bets $0.05
den150581: folds 
erlis82: folds 
credesa: folds 
Uncalled bet ($0.05) returned to Dorex2007
Dorex2007 collected $0.08 from pot
Dorex2007: doesn't show hand 
*** SUMMARY ***
Total pot $0.08 | Rake $0 
Board [2s Ah Jc 5d Tc]
Seat 1: erlis82 (button) folded on the River
Seat 2: credesa (small blind) folded on the River
Seat 3: Dorex2007 (big blind) collected ($0.08)
Seat 4: den150581 folded on the River
Seat 7: franpalermo14 folded before Flop (didn't bet)
Seat 8: MrEntsMan folded before Flop (didn't bet)
Seat 9: Eighcehole folded before Flop (didn't bet)



PokerStars Hand #230390138521:  Hold'em No Limit ($0.01/$0.02 USD) - 2021/10/05 22:23:09 PT [2021/10/06 1:23:09 ET]
Table 'Atria III' 9-max Seat #2 is the button
Seat 1: erlis82 ($2.23 in chips) 
Seat 2: credesa ($0.86 in chips) 
Seat 3: Dorex2007 ($2.18 in chips) 
Seat 4: den150581 ($0.85 in chips) 
Seat 7: franpalermo14 ($4.28 in chips) 
Seat 8: MrEntsMan ($1.97 in chips) 
Seat 9: Eighcehole ($2 in chips) 
Dorex2007: posts small blind $0.01
den150581: posts big blind $0.02
pvd44443: sits out 
*** HOLE CARDS ***
Dealt to Dorex2007 [7h 4s]
franpalermo14: folds 
MrEntsMan: folds 
Eighcehole: raises $0.02 to $0.04
erlis82: calls $0.04
credesa: calls $0.04
Dorex2007: folds 
den150581: folds 
*** FLOP *** [Th 7d 9h]
Eighcehole: checks 
erlis82: checks 
credesa: bets $0.07
Eighcehole: folds 
erlis82: folds 
Uncalled bet ($0.07) returned to credesa
credesa collected $0.14 from pot
credesa: doesn't show hand 
*** SUMMARY ***
Total pot $0.15 | Rake $0.01 
Board [Th 7d 9h]
Seat 1: erlis82 folded on the Flop
Seat 2: credesa (button) collected ($0.14)
Seat 3: Dorex2007 (small blind) folded before Flop
Seat 4: den150581 (big blind) folded before Flop
Seat 7: franpalermo14 folded before Flop (didn't bet)
Seat 8: MrEntsMan folded before Flop (didn't bet)
Seat 9: Eighcehole folded on the Flop



PokerStars Hand #230390144844:  Hold'em No Limit ($0.01/$0.02 USD) - 2021/10/05 22:23:56 PT [2021/10/06 1:23:56 ET]
Table 'Atria III' 9-max Seat #3 is the button
Seat 1: erlis82 ($2.19 in chips) 
Seat 2: credesa ($0.96 in chips) 
Seat 3: Dorex2007 ($2.17 in chips) 
Seat 4: den150581 ($0.83 in chips) 
Seat 6: pvd44443 ($2 in chips) 
Seat 7: franpalermo14 ($4.28 in chips) 
Seat 8: MrEntsMan ($1.97 in chips) 
Seat 9: Eighcehole ($1.96 in chips) 
den150581: posts small blind $0.01
pvd44443: posts big blind $0.02
*** HOLE CARDS ***
Dealt to Dorex2007 [8s Ad]
franpalermo14: folds 
MrEntsMan: folds 
Eighcehole: folds 
erlis82: calls $0.02
credesa: raises $0.06 to $0.08
Dorex2007: folds 
den150581: calls $0.07
pvd44443: folds 
erlis82: folds 
*** FLOP *** [3c Jc 5c]
den150581: checks 
credesa: checks 
*** TURN *** [3c Jc 5c] [Tc]
den150581: checks 
credesa: checks 
*** RIVER *** [3c Jc 5c Tc] [Qs]
den150581: checks 
credesa: bets $0.10
den150581: calls $0.10
*** SHOW DOWN ***
credesa: shows [7s Ks] (high card King)
den150581: shows [As Kd] (a straight, Ten to Ace)
den150581 collected $0.39 from pot
*** SUMMARY ***
Total pot $0.40 | Rake $0.01 
Board [3c Jc 5c Tc Qs]
Seat 1: erlis82 folded before Flop
Seat 2: credesa showed [7s Ks] and lost with high card King
Seat 3: Dorex2007 (button) folded before Flop (didn't bet)
Seat 4: den150581 (small blind) showed [As Kd] and won ($0.39) with a straight, Ten to Ace
Seat 6: pvd44443 (big blind) folded before Flop
Seat 7: franpalermo14 folded before Flop (didn't bet)
Seat 8: MrEntsMan folded before Flop (didn't bet)
Seat 9: Eighcehole folded before Flop (didn't bet)



PokerStars Hand #230390151940:  Hold'em No Limit ($0.01/$0.02 USD) - 2021/10/05 22:24:50 PT [2021/10/06 1:24:50 ET]
Table 'Atria III' 9-max Seat #4 is the button
Seat 1: erlis82 ($2.17 in chips) 
Seat 2: credesa ($0.78 in chips) 
Seat 3: Dorex2007 ($2.17 in chips) 
Seat 4: den150581 ($1.04 in chips) 
Seat 6: pvd44443 ($1.98 in chips) 
Seat 7: franpalermo14 ($4.28 in chips) 
Seat 8: MrEntsMan ($1.97 in chips) 
Seat 9: Eighcehole ($1.96 in chips) 
pvd44443: posts small blind $0.01
franpalermo14: posts big blind $0.02
*** HOLE CARDS ***
Dealt to Dorex2007 [Ad 2c]
MrEntsMan: folds 
Eighcehole: folds 
erlis82: folds 
marcodoctortips leaves the table
credesa: folds 
Dorex2007: folds 
den150581: raises $0.02 to $0.04
pvd44443: folds 
VilpPS joins the table at seat #5 
VilpPS leaves the table
franpalermo14: folds 
Uncalled bet ($0.02) returned to den150581
den150581 collected $0.05 from pot
*** SUMMARY ***
Total pot $0.05 | Rake $0 
Seat 1: erlis82 folded before Flop (didn't bet)
Seat 2: credesa folded before Flop (didn't bet)
Seat 3: Dorex2007 folded before Flop (didn't bet)
Seat 4: den150581 (button) collected ($0.05)
Seat 6: pvd44443 (small blind) folded before Flop
Seat 7: franpalermo14 (big blind) folded before Flop
Seat 8: MrEntsMan folded before Flop (didn't bet)
Seat 9: Eighcehole folded before Flop (didn't bet)



PokerStars Hand #230390155605:  Hold'em No Limit ($0.01/$0.02 USD) - 2021/10/05 22:25:17 PT [2021/10/06 1:25:17 ET]
Table 'Atria III' 9-max Seat #6 is the button
Seat 1: erlis82 ($2.17 in chips) 
Seat 2: credesa ($0.78 in chips) 
Seat 3: Dorex2007 ($2.17 in chips) 
Seat 4: den150581 ($1.07 in chips) 
Seat 6: pvd44443 ($1.97 in chips) 
Seat 7: franpalermo14 ($4.26 in chips) 
Seat 8: MrEntsMan ($1.97 in chips) 
Seat 9: Eighcehole ($1.96 in chips) 
franpalermo14: posts small blind $0.01
MrEntsMan: posts big blind $0.02
*** HOLE CARDS ***
Dealt to Dorex2007 [4h 8s]
Eighcehole: folds 
erlis82: folds 
credesa: folds 
Dorex2007: folds 
Shuresku joins the table at seat #5 
den150581: folds 
pvd44443: folds 
franpalermo14: folds 
Uncalled bet ($0.01) returned to MrEntsMan
MrEntsMan collected $0.02 from pot
MrEntsMan: doesn't show hand 
*** SUMMARY ***
Total pot $0.02 | Rake $0 
Seat 1: erlis82 folded before Flop (didn't bet)
Seat 2: credesa folded before Flop (didn't bet)
Seat 3: Dorex2007 folded before Flop (didn't bet)
Seat 4: den150581 folded before Flop (didn't bet)
Seat 6: pvd44443 (button) folded before Flop (didn't bet)
Seat 7: franpalermo14 (small blind) folded before Flop
Seat 8: MrEntsMan (big blind) collected ($0.02)
Seat 9: Eighcehole folded before Flop (didn't bet)



PokerStars Hand #230390158363:  Hold'em No Limit ($0.01/$0.02 USD) - 2021/10/05 22:25:39 PT [2021/10/06 1:25:39 ET]
Table 'Atria III' 9-max Seat #7 is the button
Seat 1: erlis82 ($2.17 in chips) 
Seat 2: credesa ($0.78 in chips) 
Seat 3: Dorex2007 ($2.17 in chips) 
Seat 4: den150581 ($1.07 in chips) 
Seat 6: pvd44443 ($1.97 in chips) 
Seat 7: franpalermo14 ($4.25 in chips) 
Seat 8: MrEntsMan ($1.98 in chips) 
Seat 9: Eighcehole ($1.96 in chips) 
MrEntsMan: posts small blind $0.01
Eighcehole: posts big blind $0.02
Shuresku: sits out 
*** HOLE CARDS ***
Dealt to Dorex2007 [Ts 5c]
erlis82: calls $0.02
credesa: folds 
Dorex2007: folds 
den150581: folds 
pvd44443: folds 
franpalermo14: folds 
MrEntsMan: folds 
Eighcehole: checks 
*** FLOP *** [8h 5h 8s]
Eighcehole: bets $0.02
erlis82: calls $0.02
*** TURN *** [8h 5h 8s] [4d]
Eighcehole: bets $0.02
erlis82: folds 
Uncalled bet ($0.02) returned to Eighcehole
Eighcehole collected $0.09 from pot
Eighcehole: doesn't show hand 
*** SUMMARY ***
Total pot $0.09 | Rake $0 
Board [8h 5h 8s 4d]
Seat 1: erlis82 folded on the Turn
Seat 2: credesa folded before Flop (didn't bet)
Seat 3: Dorex2007 folded before Flop (didn't bet)
Seat 4: den150581 folded before Flop (didn't bet)
Seat 6: pvd44443 folded before Flop (didn't bet)
Seat 7: franpalermo14 (button) folded before Flop (didn't bet)
Seat 8: MrEntsMan (small blind) folded before Flop
Seat 9: Eighcehole (big blind) collected ($0.09)



PokerStars Hand #230390162844:  Hold'em No Limit ($0.01/$0.02 USD) - 2021/10/05 22:26:13 PT [2021/10/06 1:26:13 ET]
Table 'Atria III' 9-max Seat #8 is the button
Seat 1: erlis82 ($2.13 in chips) 
Seat 2: credesa ($0.78 in chips) 
Seat 3: Dorex2007 ($2.17 in chips) 
Seat 4: den150581 ($1.07 in chips) 
Seat 5: Shuresku ($2 in chips) 
Seat 6: pvd44443 ($1.97 in chips) 
Seat 7: franpalermo14 ($4.25 in chips) 
Seat 8: MrEntsMan ($1.97 in chips) 
Seat 9: Eighcehole ($2.01 in chips) 
Eighcehole: posts small blind $0.01
erlis82: posts big blind $0.02
Shuresku: posts big blind $0.02
*** HOLE CARDS ***
Dealt to Dorex2007 [2s 9h]
credesa: folds 
Dorex2007: folds 
den150581: folds 
Shuresku: checks 
pvd44443: folds 
franpalermo14: folds 
MrEntsMan: folds 
Eighcehole: folds 
erlis82: checks 
*** FLOP *** [Qc 8h 5h]
erlis82: bets $0.02
Shuresku: calls $0.02
*** TURN *** [Qc 8h 5h] [Ad]
erlis82: bets $0.04
Shuresku: folds 
Uncalled bet ($0.04) returned to erlis82
erlis82 collected $0.09 from pot
erlis82: doesn't show hand 
*** SUMMARY ***
Total pot $0.09 | Rake $0 
Board [Qc 8h 5h Ad]
Seat 1: erlis82 (big blind) collected ($0.09)
Seat 2: credesa folded before Flop (didn't bet)
Seat 3: Dorex2007 folded before Flop (didn't bet)
Seat 4: den150581 folded before Flop (didn't bet)
Seat 5: Shuresku folded on the Turn
Seat 6: pvd44443 folded before Flop (didn't bet)
Seat 7: franpalermo14 folded before Flop (didn't bet)
Seat 8: MrEntsMan (button) folded before Flop (didn't bet)
Seat 9: Eighcehole (small blind) folded before Flop



PokerStars Hand #230390166349:  Hold'em No Limit ($0.01/$0.02 USD) - 2021/10/05 22:26:40 PT [2021/10/06 1:26:40 ET]
Table 'Atria III' 9-max Seat #9 is the button
Seat 1: erlis82 ($2.18 in chips) 
Seat 2: credesa ($0.78 in chips) 
Seat 3: Dorex2007 ($2.17 in chips) 
Seat 4: den150581 ($1.07 in chips) 
Seat 5: Shuresku ($1.96 in chips) 
Seat 6: pvd44443 ($1.97 in chips) 
Seat 7: franpalermo14 ($4.25 in chips) 
Seat 8: MrEntsMan ($1.97 in chips) 
Seat 9: Eighcehole ($2 in chips) 
erlis82: posts small blind $0.01
credesa: posts big blind $0.02
*** HOLE CARDS ***
Dealt to Dorex2007 [Qs 4h]
Dorex2007: folds 
den150581: folds 
Shuresku: calls $0.02
pvd44443: folds 
franpalermo14: folds 
MrEntsMan: folds 
Eighcehole: raises $0.06 to $0.08
erlis82: calls $0.07
credesa: calls $0.06
Shuresku: calls $0.06
*** FLOP *** [7d 8s 9s]
erlis82: checks 
credesa: checks 
Shuresku: checks 
Eighcehole: checks 
*** TURN *** [7d 8s 9s] [Ks]
erlis82: checks 
credesa: checks 
Shuresku: checks 
Eighcehole: bets $0.16
erlis82: folds 
credesa: folds 
Shuresku: folds 
Uncalled bet ($0.16) returned to Eighcehole
Eighcehole collected $0.31 from pot
Eighcehole: doesn't show hand 
*** SUMMARY ***
Total pot $0.32 | Rake $0.01 
Board [7d 8s 9s Ks]
Seat 1: erlis82 (small blind) folded on the Turn
Seat 2: credesa (big blind) folded on the Turn
Seat 3: Dorex2007 folded before Flop (didn't bet)
Seat 4: den150581 folded before Flop (didn't bet)
Seat 5: Shuresku folded on the Turn
Seat 6: pvd44443 folded before Flop (didn't bet)
Seat 7: franpalermo14 folded before Flop (didn't bet)
Seat 8: MrEntsMan folded before Flop (didn't bet)
Seat 9: Eighcehole (button) collected ($0.31)



PokerStars Hand #230390176889:  Hold'em No Limit ($0.01/$0.02 USD) - 2021/10/05 22:28:00 PT [2021/10/06 1:28:00 ET]
Table 'Atria III' 9-max Seat #1 is the button
Seat 1: erlis82 ($2.10 in chips) 
Seat 2: credesa ($0.70 in chips) 
Seat 3: Dorex2007 ($2.17 in chips) 
Seat 4: den150581 ($1.07 in chips) 
Seat 5: Shuresku ($1.88 in chips) 
Seat 6: pvd44443 ($1.97 in chips) 
Seat 7: franpalermo14 ($4.25 in chips) 
Seat 8: MrEntsMan ($1.97 in chips) 
Seat 9: Eighcehole ($2.23 in chips) 
credesa: posts small blind $0.01
Dorex2007: posts big blind $0.02
*** HOLE CARDS ***
Dealt to Dorex2007 [Th 9d]
den150581: folds 
Shuresku: calls $0.02
pvd44443: folds 
franpalermo14: folds 
MrEntsMan: folds 
Eighcehole: calls $0.02
erlis82: folds 
credesa: folds 
Dorex2007: checks 
*** FLOP *** [8h Ts 5s]
Dorex2007: checks 
Shuresku: checks 
Eighcehole: checks 
*** TURN *** [8h Ts 5s] [7h]
Dorex2007: bets $0.07
Shuresku: folds 
Eighcehole: calls $0.07
*** RIVER *** [8h Ts 5s 7h] [Jh]
Dorex2007: bets $0.10
Eighcehole: raises $0.10 to $0.20
Dorex2007: calls $0.10
*** SHOW DOWN ***
Eighcehole: shows [Kd 9s] (a straight, Seven to Jack)
Dorex2007: shows [Th 9d] (a straight, Seven to Jack)
Dorex2007 collected $0.30 from pot
Eighcehole collected $0.29 from pot
*** SUMMARY ***
Total pot $0.61 | Rake $0.02 
Board [8h Ts 5s 7h Jh]
Seat 1: erlis82 (button) folded before Flop (didn't bet)
Seat 2: credesa (small blind) folded before Flop
Seat 3: Dorex2007 (big blind) showed [Th 9d] and won ($0.30) with a straight, Seven to Jack
Seat 4: den150581 folded before Flop (didn't bet)
Seat 5: Shuresku folded on the Turn
Seat 6: pvd44443 folded before Flop (didn't bet)
Seat 7: franpalermo14 folded before Flop (didn't bet)
Seat 8: MrEntsMan folded before Flop (didn't bet)
Seat 9: Eighcehole showed [Kd 9s] and won ($0.29) with a straight, Seven to Jack



PokerStars Hand #230390184786:  Hold'em No Limit ($0.01/$0.02 USD) - 2021/10/05 22:28:59 PT [2021/10/06 1:28:59 ET]
Table 'Atria III' 9-max Seat #2 is the button
Seat 1: erlis82 ($2.10 in chips) 
Seat 2: credesa ($0.69 in chips) 
Seat 3: Dorex2007 ($2.18 in chips) 
Seat 4: den150581 ($1.07 in chips) 
Seat 5: Shuresku ($1.86 in chips) 
Seat 6: pvd44443 ($1.97 in chips) 
Seat 7: franpalermo14 ($4.25 in chips) 
Seat 8: MrEntsMan ($1.97 in chips) 
Seat 9: Eighcehole ($2.23 in chips) 
Dorex2007: posts small blind $0.01
den150581: posts big blind $0.02
*** HOLE CARDS ***
Dealt to Dorex2007 [8d 2d]
Shuresku: calls $0.02
pvd44443: folds 
franpalermo14: folds 
MrEntsMan: folds 
Eighcehole: folds 
erlis82: folds 
credesa: raises $0.06 to $0.08
Dorex2007: folds 
den150581: folds 
Shuresku: calls $0.06
*** FLOP *** [8c As 2c]
Shuresku: checks 
credesa: bets $0.09
Shuresku: folds 
Uncalled bet ($0.09) returned to credesa
credesa collected $0.18 from pot
credesa: doesn't show hand 
*** SUMMARY ***
Total pot $0.19 | Rake $0.01 
Board [8c As 2c]
Seat 1: erlis82 folded before Flop (didn't bet)
Seat 2: credesa (button) collected ($0.18)
Seat 3: Dorex2007 (small blind) folded before Flop
Seat 4: den150581 (big blind) folded before Flop
Seat 5: Shuresku folded on the Flop
Seat 6: pvd44443 folded before Flop (didn't bet)
Seat 7: franpalermo14 folded before Flop (didn't bet)
Seat 8: MrEntsMan folded before Flop (didn't bet)
Seat 9: Eighcehole folded before Flop (didn't bet)



PokerStars Hand #230390189456:  Hold'em No Limit ($0.01/$0.02 USD) - 2021/10/05 22:29:35 PT [2021/10/06 1:29:35 ET]
Table 'Atria III' 9-max Seat #3 is the button
Seat 1: erlis82 ($2.10 in chips) 
Seat 2: credesa ($0.79 in chips) 
Seat 3: Dorex2007 ($2.17 in chips) 
Seat 4: den150581 ($1.05 in chips) 
Seat 5: Shuresku ($1.78 in chips) 
Seat 6: pvd44443 ($1.97 in chips) 
Seat 7: franpalermo14 ($4.25 in chips) 
Seat 8: MrEntsMan ($1.97 in chips) 
Seat 9: Eighcehole ($2.23 in chips) 
den150581: posts small blind $0.01
Shuresku: posts big blind $0.02
*** HOLE CARDS ***
Dealt to Dorex2007 [Jc Td]
pvd44443: folds 
franpalermo14: raises $0.04 to $0.06
MrEntsMan: folds 
Eighcehole: folds 
erlis82: folds 
credesa: calls $0.06
Dorex2007: folds 
den150581: folds 
Shuresku: calls $0.04
*** FLOP *** [8h 6d Kd]
Shuresku: checks 
franpalermo14: bets $0.09
credesa: raises $0.17 to $0.26
Shuresku: folds 
franpalermo14: calls $0.17
*** TURN *** [8h 6d Kd] [8c]
franpalermo14: checks 
credesa: bets $0.47 and is all-in
franpalermo14: calls $0.47
*** RIVER *** [8h 6d Kd 8c] [Kh]
*** SHOW DOWN ***
franpalermo14: shows [Ah Ad] (two pair, Aces and Kings)
credesa: shows [Ks Ac] (a full house, Kings full of Eights)
credesa collected $1.59 from pot
*** SUMMARY ***
Total pot $1.65 | Rake $0.06 
Board [8h 6d Kd 8c Kh]
Seat 1: erlis82 folded before Flop (didn't bet)
Seat 2: credesa showed [Ks Ac] and won ($1.59) with a full house, Kings full of Eights
Seat 3: Dorex2007 (button) folded before Flop (didn't bet)
Seat 4: den150581 (small blind) folded before Flop
Seat 5: Shuresku (big blind) folded on the Flop
Seat 6: pvd44443 folded before Flop (didn't bet)
Seat 7: franpalermo14 showed [Ah Ad] and lost with two pair, Aces and Kings
Seat 8: MrEntsMan folded before Flop (didn't bet)
Seat 9: Eighcehole folded before Flop (didn't bet)



PokerStars Hand #230390198030:  Hold'em No Limit ($0.01/$0.02 USD) - 2021/10/05 22:30:39 PT [2021/10/06 1:30:39 ET]
Table 'Atria III' 9-max Seat #4 is the button
Seat 1: erlis82 ($2.10 in chips) 
Seat 2: credesa ($1.59 in chips) 
Seat 3: Dorex2007 ($2.17 in chips) 
Seat 4: den150581 ($1.04 in chips) 
Seat 5: Shuresku ($1.72 in chips) 
Seat 6: pvd44443 ($1.97 in chips) 
Seat 7: franpalermo14 ($3.46 in chips) 
Seat 8: MrEntsMan ($1.97 in chips) 
Seat 9: Eighcehole ($2.23 in chips) 
Shuresku: posts small blind $0.01
pvd44443: posts big blind $0.02
*** HOLE CARDS ***
Dealt to Dorex2007 [Ah As]
franpalermo14: folds 
MrEntsMan: folds 
Eighcehole: raises $0.04 to $0.06
erlis82: folds 
credesa: folds 
Dorex2007: raises $0.04 to $0.10
den150581: folds 
Shuresku: calls $0.09
pvd44443: folds 
Eighcehole: calls $0.04
*** FLOP *** [5s 4h Ts]
Shuresku: checks 
Eighcehole: checks 
Dorex2007: bets $0.21
Shuresku: folds 
Eighcehole: calls $0.21
*** TURN *** [5s 4h Ts] [Ad]
Eighcehole: checks 
Dorex2007: bets $0.47
Eighcehole: folds 
Uncalled bet ($0.47) returned to Dorex2007
Dorex2007 collected $0.71 from pot
Dorex2007: doesn't show hand 
*** SUMMARY ***
Total pot $0.74 | Rake $0.03 
Board [5s 4h Ts Ad]
Seat 1: erlis82 folded before Flop (didn't bet)
Seat 2: credesa folded before Flop (didn't bet)
Seat 3: Dorex2007 collected ($0.71)
Seat 4: den150581 (button) folded before Flop (didn't bet)
Seat 5: Shuresku (small blind) folded on the Flop
Seat 6: pvd44443 (big blind) folded before Flop
Seat 7: franpalermo14 folded before Flop (didn't bet)
Seat 8: MrEntsMan folded before Flop (didn't bet)
Seat 9: Eighcehole folded on the Turn



PokerStars Hand #230390207574:  Hold'em No Limit ($0.01/$0.02 USD) - 2021/10/05 22:31:51 PT [2021/10/06 1:31:51 ET]
Table 'Atria III' 9-max Seat #5 is the button
Seat 1: erlis82 ($2.10 in chips) 
Seat 2: credesa ($1.59 in chips) 
Seat 3: Dorex2007 ($2.57 in chips) 
Seat 4: den150581 ($1.04 in chips) 
Seat 5: Shuresku ($1.62 in chips) 
Seat 6: pvd44443 ($1.95 in chips) 
Seat 7: franpalermo14 ($3.46 in chips) 
Seat 8: MrEntsMan ($1.97 in chips) 
Seat 9: Eighcehole ($1.92 in chips) 
pvd44443: posts small blind $0.01
franpalermo14: posts big blind $0.02
*** HOLE CARDS ***
Dealt to Dorex2007 [As 3s]
MrEntsMan: raises $0.04 to $0.06
Eighcehole: folds 
erlis82: calls $0.06
credesa: folds 
Dorex2007: folds 
den150581: folds 
Shuresku: calls $0.06
pvd44443: folds 
franpalermo14: folds 
*** FLOP *** [7c Js Qd]
MrEntsMan: bets $0.10
erlis82: calls $0.10
Shuresku: calls $0.10
*** TURN *** [7c Js Qd] [4d]
MrEntsMan: bets $0.25
erlis82: folds 
Shuresku: folds 
Uncalled bet ($0.25) returned to MrEntsMan
MrEntsMan collected $0.49 from pot
MrEntsMan: doesn't show hand 
*** SUMMARY ***
Total pot $0.51 | Rake $0.02 
Board [7c Js Qd 4d]
Seat 1: erlis82 folded on the Turn
Seat 2: credesa folded before Flop (didn't bet)
Seat 3: Dorex2007 folded before Flop (didn't bet)
Seat 4: den150581 folded before Flop (didn't bet)
Seat 5: Shuresku (button) folded on the Turn
Seat 6: pvd44443 (small blind) folded before Flop
Seat 7: franpalermo14 (big blind) folded before Flop
Seat 8: MrEntsMan collected ($0.49)
Seat 9: Eighcehole folded before Flop (didn't bet)



PokerStars Hand #230390213740:  Hold'em No Limit ($0.01/$0.02 USD) - 2021/10/05 22:32:38 PT [2021/10/06 1:32:38 ET]
Table 'Atria III' 9-max Seat #6 is the button
Seat 1: erlis82 ($1.94 in chips) 
Seat 2: credesa ($1.59 in chips) 
Seat 3: Dorex2007 ($2.57 in chips) 
Seat 4: den150581 ($1.04 in chips) 
Seat 5: Shuresku ($1.46 in chips) 
Seat 6: pvd44443 ($1.94 in chips) 
Seat 7: franpalermo14 ($3.44 in chips) 
Seat 8: MrEntsMan ($2.30 in chips) 
Seat 9: Eighcehole ($1.92 in chips) 
franpalermo14: posts small blind $0.01
MrEntsMan: posts big blind $0.02
*** HOLE CARDS ***
Dealt to Dorex2007 [Kd 8d]
Eighcehole: folds 
erlis82: folds 
credesa: raises $0.04 to $0.06
Dorex2007: folds 
den150581: folds 
Shuresku: calls $0.06
pvd44443: folds 
franpalermo14: folds 
MrEntsMan: raises $0.18 to $0.24
credesa: folds 
Shuresku: calls $0.18
*** FLOP *** [7h Jd 7d]
MrEntsMan: bets $0.27
Shuresku: calls $0.27
*** TURN *** [7h Jd 7d] [3c]
MrEntsMan: bets $0.53
Shuresku: calls $0.53
*** RIVER *** [7h Jd 7d 3c] [9c]
MrEntsMan: bets $1.04
Shuresku: calls $0.42 and is all-in
Uncalled bet ($0.62) returned to MrEntsMan
*** SHOW DOWN ***
MrEntsMan: shows [Kc Kh] (two pair, Kings and Sevens)
Shuresku: shows [Jc 3d] (two pair, Jacks and Sevens)
MrEntsMan collected $2.89 from pot
*** SUMMARY ***
Total pot $2.99 | Rake $0.10 
Board [7h Jd 7d 3c 9c]
Seat 1: erlis82 folded before Flop (didn't bet)
Seat 2: credesa folded before Flop
Seat 3: Dorex2007 folded before Flop (didn't bet)
Seat 4: den150581 folded before Flop (didn't bet)
Seat 5: Shuresku showed [Jc 3d] and lost with two pair, Jacks and Sevens
Seat 6: pvd44443 (button) folded before Flop (didn't bet)
Seat 7: franpalermo14 (small blind) folded before Flop
Seat 8: MrEntsMan (big blind) showed [Kc Kh] and won ($2.89) with two pair, Kings and Sevens
Seat 9: Eighcehole folded before Flop (didn't bet)



PokerStars Hand #230390221247:  Hold'em No Limit ($0.01/$0.02 USD) - 2021/10/05 22:33:35 PT [2021/10/06 1:33:35 ET]
Table 'Atria III' 9-max Seat #7 is the button
Seat 1: erlis82 ($1.94 in chips) 
Seat 2: credesa ($1.53 in chips) 
Seat 3: Dorex2007 ($2.57 in chips) 
Seat 4: den150581 ($1.04 in chips) 
Seat 6: pvd44443 ($1.94 in chips) 
Seat 7: franpalermo14 ($3.43 in chips) 
Seat 8: MrEntsMan ($3.73 in chips) 
Seat 9: Eighcehole ($1.92 in chips) 
MrEntsMan: posts small blind $0.01
Eighcehole: posts big blind $0.02
*** HOLE CARDS ***
Dealt to Dorex2007 [7s Jc]
erlis82: folds 
credesa: folds 
Dorex2007: folds 
den150581: raises $0.02 to $0.04
pvd44443: folds 
franpalermo14: folds 
MrEntsMan: folds 
Eighcehole: calls $0.02
*** FLOP *** [5s 6c Qh]
Eighcehole: checks 
den150581: bets $0.05
Eighcehole: folds 
Uncalled bet ($0.05) returned to den150581
den150581 collected $0.09 from pot
*** SUMMARY ***
Total pot $0.09 | Rake $0 
Board [5s 6c Qh]
Seat 1: erlis82 folded before Flop (didn't bet)
Seat 2: credesa folded before Flop (didn't bet)
Seat 3: Dorex2007 folded before Flop (didn't bet)
Seat 4: den150581 collected ($0.09)
Seat 6: pvd44443 folded before Flop (didn't bet)
Seat 7: franpalermo14 (button) folded before Flop (didn't bet)
Seat 8: MrEntsMan (small blind) folded before Flop
Seat 9: Eighcehole (big blind) folded on the Flop



PokerStars Hand #230390226112:  Hold'em No Limit ($0.01/$0.02 USD) - 2021/10/05 22:34:11 PT [2021/10/06 1:34:11 ET]
Table 'Atria III' 9-max Seat #8 is the button
Seat 1: erlis82 ($1.94 in chips) 
Seat 2: credesa ($1.53 in chips) 
Seat 3: Dorex2007 ($2.57 in chips) 
Seat 4: den150581 ($1.09 in chips) 
Seat 5: Shuresku ($2 in chips) 
Seat 6: pvd44443 ($1.94 in chips) 
Seat 7: franpalermo14 ($3.43 in chips) 
Seat 8: MrEntsMan ($3.72 in chips) 
Seat 9: Eighcehole ($1.88 in chips) 
Eighcehole: posts small blind $0.01
erlis82: posts big blind $0.02
*** HOLE CARDS ***
Dealt to Dorex2007 [9d Qd]
credesa: folds 
Dorex2007: folds 
den150581: calls $0.02
credesa leaves the table
Shuresku: calls $0.02
pvd44443: folds 
franpalermo14: folds 
MrEntsMan: calls $0.02
Eighcehole: calls $0.01
erlis82: checks 
*** FLOP *** [Ks 6c 3d]
Eighcehole: checks 
erlis82: bets $0.04
den150581: folds 
carreguz joins the table at seat #2 
Shuresku: calls $0.04
MrEntsMan: folds 
Eighcehole: folds 
*** TURN *** [Ks 6c 3d] [5d]
erlis82: bets $0.04
Shuresku: raises $0.04 to $0.08
erlis82: calls $0.04
*** RIVER *** [Ks 6c 3d 5d] [5c]
erlis82: checks 
Shuresku: checks 
*** SHOW DOWN ***
erlis82: shows [4d Kh] (two pair, Kings and Fives)
Shuresku: shows [2d Kd] (two pair, Kings and Fives)
erlis82 collected $0.17 from pot
Shuresku collected $0.16 from pot
*** SUMMARY ***
Total pot $0.34 | Rake $0.01 
Board [Ks 6c 3d 5d 5c]
Seat 1: erlis82 (big blind) showed [4d Kh] and won ($0.17) with two pair, Kings and Fives
Seat 2: credesa folded before Flop (didn't bet)
Seat 3: Dorex2007 folded before Flop (didn't bet)
Seat 4: den150581 folded on the Flop
Seat 5: Shuresku showed [2d Kd] and won ($0.16) with two pair, Kings and Fives
Seat 6: pvd44443 folded before Flop (didn't bet)
Seat 7: franpalermo14 folded before Flop (didn't bet)
Seat 8: MrEntsMan (button) folded on the Flop
Seat 9: Eighcehole (small blind) folded on the Flop



PokerStars Hand #230390237136:  Hold'em No Limit ($0.01/$0.02 USD) - 2021/10/05 22:35:34 PT [2021/10/06 1:35:34 ET]
Table 'Atria III' 9-max Seat #9 is the button
Seat 1: erlis82 ($1.97 in chips) 
Seat 2: carreguz ($0.80 in chips) 
Seat 3: Dorex2007 ($2.57 in chips) 
Seat 4: den150581 ($1.07 in chips) 
Seat 5: Shuresku ($2.02 in chips) 
Seat 6: pvd44443 ($1.94 in chips) 
Seat 7: franpalermo14 ($3.43 in chips) 
Seat 8: MrEntsMan ($3.70 in chips) 
Seat 9: Eighcehole ($1.86 in chips) 
erlis82: posts small blind $0.01
carreguz: posts big blind $0.02
*** HOLE CARDS ***
Dealt to Dorex2007 [2c Qc]
Dorex2007: folds 
den150581: folds 
Shuresku: calls $0.02
pvd44443: folds 
franpalermo14: folds 
MrEntsMan: folds 
Eighcehole: folds 
erlis82: calls $0.01
carreguz: checks 
*** FLOP *** [9h 2h 3c]
erlis82: checks 
carreguz: checks 
Shuresku: checks 
*** TURN *** [9h 2h 3c] [7h]
erlis82: bets $0.02
carreguz: folds 
Shuresku: calls $0.02
*** RIVER *** [9h 2h 3c 7h] [5c]
erlis82: checks 
Shuresku: checks 
*** SHOW DOWN ***
erlis82: shows [Ks Th] (high card King)
Shuresku: shows [Tc 3s] (a pair of Threes)
Shuresku collected $0.10 from pot
*** SUMMARY ***
Total pot $0.10 | Rake $0 
Board [9h 2h 3c 7h 5c]
Seat 1: erlis82 (small blind) showed [Ks Th] and lost with high card King
Seat 2: carreguz (big blind) folded on the Turn
Seat 3: Dorex2007 folded before Flop (didn't bet)
Seat 4: den150581 folded before Flop (didn't bet)
Seat 5: Shuresku showed [Tc 3s] and won ($0.10) with a pair of Threes
Seat 6: pvd44443 folded before Flop (didn't bet)
Seat 7: franpalermo14 folded before Flop (didn't bet)
Seat 8: MrEntsMan folded before Flop (didn't bet)
Seat 9: Eighcehole (button) folded before Flop (didn't bet)



PokerStars Hand #230390243694:  Hold'em No Limit ($0.01/$0.02 USD) - 2021/10/05 22:36:24 PT [2021/10/06 1:36:24 ET]
Table 'Atria III' 9-max Seat #1 is the button
Seat 1: erlis82 ($1.93 in chips) 
Seat 2: carreguz ($0.78 in chips) 
Seat 3: Dorex2007 ($2.57 in chips) 
Seat 4: den150581 ($1.07 in chips) 
Seat 5: Shuresku ($2.08 in chips) 
Seat 6: pvd44443 ($1.94 in chips) 
Seat 7: franpalermo14 ($3.43 in chips) 
Seat 8: MrEntsMan ($3.70 in chips) 
Seat 9: Eighcehole ($1.86 in chips) 
carreguz: posts small blind $0.01
Dorex2007: posts big blind $0.02
*** HOLE CARDS ***
Dealt to Dorex2007 [Kd Qh]
den150581: calls $0.02
Shuresku: raises $0.02 to $0.04
pvd44443: folds 
franpalermo14: folds 
MrEntsMan: folds 
Eighcehole: folds 
erlis82: folds 
carreguz: folds 
Dorex2007: calls $0.02
den150581: calls $0.02
*** FLOP *** [4d Jc 2h]
Dorex2007: checks 
den150581: checks 
Shuresku: bets $0.02
Dorex2007: calls $0.02
den150581: calls $0.02
*** TURN *** [4d Jc 2h] [Tc]
Dorex2007: checks 
den150581: checks 
Shuresku: bets $0.02
Dorex2007: calls $0.02
den150581: calls $0.02
*** RIVER *** [4d Jc 2h Tc] [5s]
Dorex2007: checks 
den150581: checks 
Shuresku: checks 
*** SHOW DOWN ***
Dorex2007: shows [Kd Qh] (high card King)
den150581: shows [6s 6h] (a pair of Sixes)
Shuresku: mucks hand 
den150581 collected $0.24 from pot
*** SUMMARY ***
Total pot $0.25 | Rake $0.01 
Board [4d Jc 2h Tc 5s]
Seat 1: erlis82 (button) folded before Flop (didn't bet)
Seat 2: carreguz (small blind) folded before Flop
Seat 3: Dorex2007 (big blind) showed [Kd Qh] and lost with high card King
Seat 4: den150581 showed [6s 6h] and won ($0.24) with a pair of Sixes
Seat 5: Shuresku mucked [Ad 9d]
Seat 6: pvd44443 folded before Flop (didn't bet)
Seat 7: franpalermo14 folded before Flop (didn't bet)
Seat 8: MrEntsMan folded before Flop (didn't bet)
Seat 9: Eighcehole folded before Flop (didn't bet)



PokerStars Hand #230390253798:  Hold'em No Limit ($0.01/$0.02 USD) - 2021/10/05 22:37:41 PT [2021/10/06 1:37:41 ET]
Table 'Atria III' 9-max Seat #2 is the button
Seat 1: erlis82 ($1.93 in chips) 
Seat 2: carreguz ($0.77 in chips) 
Seat 3: Dorex2007 ($2.49 in chips) 
Seat 4: den150581 ($1.23 in chips) 
Seat 5: Shuresku ($2 in chips) 
Seat 6: pvd44443 ($1.94 in chips) 
Seat 7: franpalermo14 ($3.43 in chips) 
Seat 8: MrEntsMan ($3.70 in chips) 
Seat 9: Eighcehole ($1.86 in chips) 
Dorex2007: posts small blind $0.01
den150581: posts big blind $0.02
*** HOLE CARDS ***
Dealt to Dorex2007 [2s Jh]
Shuresku: calls $0.02
pvd44443: folds 
franpalermo14: folds 
MrEntsMan: calls $0.02
Eighcehole: raises $0.06 to $0.08
erlis82: folds 
carreguz: folds 
Dorex2007: folds 
den150581: folds 
Shuresku: calls $0.06
MrEntsMan: folds 
*** FLOP *** [5h 5d 3h]
Shuresku: checks 
Eighcehole: bets $0.10
Shuresku: folds 
Uncalled bet ($0.10) returned to Eighcehole
Eighcehole collected $0.20 from pot
Eighcehole: doesn't show hand 
*** SUMMARY ***
Total pot $0.21 | Rake $0.01 
Board [5h 5d 3h]
Seat 1: erlis82 folded before Flop (didn't bet)
Seat 2: carreguz (button) folded before Flop (didn't bet)
Seat 3: Dorex2007 (small blind) folded before Flop
Seat 4: den150581 (big blind) folded before Flop
Seat 5: Shuresku folded on the Flop
Seat 6: pvd44443 folded before Flop (didn't bet)
Seat 7: franpalermo14 folded before Flop (didn't bet)
Seat 8: MrEntsMan folded before Flop
Seat 9: Eighcehole collected ($0.20)



PokerStars Hand #230390258903:  Hold'em No Limit ($0.01/$0.02 USD) - 2021/10/05 22:38:19 PT [2021/10/06 1:38:19 ET]
Table 'Atria III' 9-max Seat #3 is the button
Seat 1: erlis82 ($1.93 in chips) 
Seat 2: carreguz ($0.77 in chips) 
Seat 3: Dorex2007 ($2.48 in chips) 
Seat 4: den150581 ($1.21 in chips) 
Seat 5: Shuresku ($1.92 in chips) 
Seat 6: pvd44443 ($1.94 in chips) 
Seat 7: franpalermo14 ($3.43 in chips) 
Seat 8: MrEntsMan ($3.68 in chips) 
Seat 9: Eighcehole ($1.98 in chips) 
den150581: posts small blind $0.01
Shuresku: posts big blind $0.02
*** HOLE CARDS ***
Dealt to Dorex2007 [Th 7c]
pvd44443: folds 
franpalermo14: folds 
MrEntsMan: folds 
Eighcehole: raises $0.02 to $0.04
erlis82: calls $0.04
carreguz: folds 
Dorex2007: folds 
den150581: folds 
Shuresku: calls $0.02
*** FLOP *** [3h 2c 9c]
Shuresku: checks 
Eighcehole: checks 
erlis82: bets $0.02
Shuresku: calls $0.02
Eighcehole: calls $0.02
*** TURN *** [3h 2c 9c] [Ad]
Shuresku: checks 
Eighcehole: checks 
erlis82: bets $0.02
Shuresku: folds 
Eighcehole: folds 
Uncalled bet ($0.02) returned to erlis82
erlis82 collected $0.18 from pot
erlis82: doesn't show hand 
*** SUMMARY ***
Total pot $0.19 | Rake $0.01 
Board [3h 2c 9c Ad]
Seat 1: erlis82 collected ($0.18)
Seat 2: carreguz folded before Flop (didn't bet)
Seat 3: Dorex2007 (button) folded before Flop (didn't bet)
Seat 4: den150581 (small blind) folded before Flop
Seat 5: Shuresku (big blind) folded on the Turn
Seat 6: pvd44443 folded before Flop (didn't bet)
Seat 7: franpalermo14 folded before Flop (didn't bet)
Seat 8: MrEntsMan folded before Flop (didn't bet)
Seat 9: Eighcehole folded on the Turn



PokerStars Hand #230390265920:  Hold'em No Limit ($0.01/$0.02 USD) - 2021/10/05 22:39:13 PT [2021/10/06 1:39:13 ET]
Table 'Atria III' 9-max Seat #4 is the button
Seat 1: erlis82 ($2.05 in chips) 
Seat 2: carreguz ($0.77 in chips) 
Seat 3: Dorex2007 ($2.48 in chips) 
Seat 4: den150581 ($1.20 in chips) 
Seat 5: Shuresku ($1.86 in chips) 
Seat 6: pvd44443 ($1.94 in chips) 
Seat 7: franpalermo14 ($3.43 in chips) 
Seat 8: MrEntsMan ($3.68 in chips) 
Seat 9: Eighcehole ($1.92 in chips) 
Shuresku: posts small blind $0.01
pvd44443: posts big blind $0.02
*** HOLE CARDS ***
Dealt to Dorex2007 [Jh 8s]
franpalermo14: folds 
MrEntsMan: folds 
Eighcehole: folds 
erlis82: folds 
carreguz: raises $0.02 to $0.04
Dorex2007: folds 
den150581: folds 
Shuresku: calls $0.03
pvd44443: calls $0.02
*** FLOP *** [Qh Tc 9s]
Shuresku: bets $0.02
pvd44443: folds 
carreguz: raises $0.02 to $0.04
Shuresku: calls $0.02
*** TURN *** [Qh Tc 9s] [Kd]
Shuresku: checks 
carreguz: bets $0.02
Shuresku: calls $0.02
*** RIVER *** [Qh Tc 9s Kd] [4d]
Shuresku: checks 
carreguz: bets $0.23
Shuresku: calls $0.23
*** SHOW DOWN ***
carreguz: shows [Ks Ah] (a pair of Kings)
Shuresku: mucks hand 
carreguz collected $0.68 from pot
*** SUMMARY ***
Total pot $0.70 | Rake $0.02 
Board [Qh Tc 9s Kd 4d]
Seat 1: erlis82 folded before Flop (didn't bet)
Seat 2: carreguz showed [Ks Ah] and won ($0.68) with a pair of Kings
Seat 3: Dorex2007 folded before Flop (didn't bet)
Seat 4: den150581 (button) folded before Flop (didn't bet)
Seat 5: Shuresku (small blind) mucked [8c Qs]
Seat 6: pvd44443 (big blind) folded on the Flop
Seat 7: franpalermo14 folded before Flop (didn't bet)
Seat 8: MrEntsMan folded before Flop (didn't bet)
Seat 9: Eighcehole folded before Flop (didn't bet)



PokerStars Hand #230390274209:  Hold'em No Limit ($0.01/$0.02 USD) - 2021/10/05 22:40:16 PT [2021/10/06 1:40:16 ET]
Table 'Atria III' 9-max Seat #5 is the button
Seat 1: erlis82 ($2.05 in chips) 
Seat 2: carreguz ($1.12 in chips) 
Seat 3: Dorex2007 ($2.48 in chips) 
Seat 4: den150581 ($1.20 in chips) 
Seat 5: Shuresku ($1.53 in chips) 
Seat 6: pvd44443 ($1.90 in chips) 
Seat 7: franpalermo14 ($3.43 in chips) 
Seat 8: MrEntsMan ($3.68 in chips) 
Seat 9: Eighcehole ($1.92 in chips) 
pvd44443: posts small blind $0.01
franpalermo14: posts big blind $0.02
*** HOLE CARDS ***
Dealt to Dorex2007 [Ad 8c]
MrEntsMan: folds 
Eighcehole: folds 
erlis82: folds 
carreguz: folds 
Dorex2007 has timed out
Dorex2007: folds 
den150581: folds 
Shuresku: calls $0.02
pvd44443: folds 
franpalermo14: checks 
*** FLOP *** [Th 5d 6d]
franpalermo14: checks 
Shuresku: checks 
*** TURN *** [Th 5d 6d] [7s]
franpalermo14: checks 
Shuresku: checks 
*** RIVER *** [Th 5d 6d 7s] [2c]
franpalermo14: checks 
Shuresku: checks 
*** SHOW DOWN ***
franpalermo14: shows [9d Qc] (high card Queen)
Shuresku: shows [Qd 5s] (a pair of Fives)
Shuresku collected $0.05 from pot
*** SUMMARY ***
Total pot $0.05 | Rake $0 
Board [Th 5d 6d 7s 2c]
Seat 1: erlis82 folded before Flop (didn't bet)
Seat 2: carreguz folded before Flop (didn't bet)
Seat 3: Dorex2007 folded before Flop (didn't bet)
Seat 4: den150581 folded before Flop (didn't bet)
Seat 5: Shuresku (button) showed [Qd 5s] and won ($0.05) with a pair of Fives
Seat 6: pvd44443 (small blind) folded before Flop
Seat 7: franpalermo14 (big blind) showed [9d Qc] and lost with high card Queen
Seat 8: MrEntsMan folded before Flop (didn't bet)
Seat 9: Eighcehole folded before Flop (didn't bet)



PokerStars Hand #230390280125:  Hold'em No Limit ($0.01/$0.02 USD) - 2021/10/05 22:41:02 PT [2021/10/06 1:41:02 ET]
Table 'Atria III' 9-max Seat #6 is the button
Seat 1: erlis82 ($2.05 in chips) 
Seat 2: carreguz ($1.12 in chips) 
Seat 3: Dorex2007 ($2.48 in chips) 
Seat 4: den150581 ($1.20 in chips) 
Seat 5: Shuresku ($1.56 in chips) 
Seat 6: pvd44443 ($1.89 in chips) 
Seat 7: franpalermo14 ($3.41 in chips) 
Seat 8: MrEntsMan ($3.68 in chips) 
Seat 9: Eighcehole ($1.92 in chips) 
franpalermo14: posts small blind $0.01
MrEntsMan: posts big blind $0.02
*** HOLE CARDS ***
Dealt to Dorex2007 [Jc 2h]
Eighcehole has timed out
Eighcehole: folds 
erlis82: folds 
carreguz: folds 
Dorex2007: folds 
den150581: folds 
Shuresku: raises $0.02 to $0.04
pvd44443: folds 
franpalermo14: folds 
MrEntsMan: folds 
Uncalled bet ($0.02) returned to Shuresku
Shuresku collected $0.05 from pot
Shuresku: doesn't show hand 
*** SUMMARY ***
Total pot $0.05 | Rake $0 
Seat 1: erlis82 folded before Flop (didn't bet)
Seat 2: carreguz folded before Flop (didn't bet)
Seat 3: Dorex2007 folded before Flop (didn't bet)
Seat 4: den150581 folded before Flop (didn't bet)
Seat 5: Shuresku collected ($0.05)
Seat 6: pvd44443 (button) folded before Flop (didn't bet)
Seat 7: franpalermo14 (small blind) folded before Flop
Seat 8: MrEntsMan (big blind) folded before Flop
Seat 9: Eighcehole folded before Flop (didn't bet)



PokerStars Hand #230390283236:  Hold'em No Limit ($0.01/$0.02 USD) - 2021/10/05 22:41:25 PT [2021/10/06 1:41:25 ET]
Table 'Atria III' 9-max Seat #7 is the button
Seat 1: erlis82 ($2.05 in chips) 
Seat 2: carreguz ($1.12 in chips) 
Seat 3: Dorex2007 ($2.48 in chips) 
Seat 4: den150581 ($1.20 in chips) 
Seat 5: Shuresku ($1.59 in chips) 
Seat 6: pvd44443 ($2 in chips) 
Seat 7: franpalermo14 ($3.40 in chips) 
Seat 8: MrEntsMan ($3.66 in chips) 
Seat 9: Eighcehole ($1.92 in chips) 
MrEntsMan: posts small blind $0.01
Eighcehole: posts big blind $0.02
*** HOLE CARDS ***
Dealt to Dorex2007 [3d Qh]
erlis82: folds 
carreguz: folds 
Dorex2007: folds 
den150581: folds 
Shuresku: raises $0.02 to $0.04
pvd44443: folds 
franpalermo14: folds 
MrEntsMan: folds 
Eighcehole: calls $0.02
*** FLOP *** [8d 3c 4c]
Eighcehole: checks 
Shuresku: checks 
*** TURN *** [8d 3c 4c] [Jh]
Eighcehole: bets $0.04
Shuresku: calls $0.04
*** RIVER *** [8d 3c 4c Jh] [Jd]
Eighcehole: bets $0.04
Shuresku: folds 
Uncalled bet ($0.04) returned to Eighcehole
Eighcehole collected $0.16 from pot
Eighcehole: doesn't show hand 
*** SUMMARY ***
Total pot $0.17 | Rake $0.01 
Board [8d 3c 4c Jh Jd]
Seat 1: erlis82 folded before Flop (didn't bet)
Seat 2: carreguz folded before Flop (didn't bet)
Seat 3: Dorex2007 folded before Flop (didn't bet)
Seat 4: den150581 folded before Flop (didn't bet)
Seat 5: Shuresku folded on the River
Seat 6: pvd44443 folded before Flop (didn't bet)
Seat 7: franpalermo14 (button) folded before Flop (didn't bet)
Seat 8: MrEntsMan (small blind) folded before Flop
Seat 9: Eighcehole (big blind) collected ($0.16)



PokerStars Hand #230390288657:  Hold'em No Limit ($0.01/$0.02 USD) - 2021/10/05 22:42:06 PT [2021/10/06 1:42:06 ET]
Table 'Atria III' 9-max Seat #8 is the button
Seat 1: erlis82 ($2.05 in chips) 
Seat 2: carreguz ($1.12 in chips) 
Seat 3: Dorex2007 ($2.48 in chips) 
Seat 4: den150581 ($1.20 in chips) 
Seat 5: Shuresku ($1.51 in chips) 
Seat 6: pvd44443 ($2 in chips) 
Seat 7: franpalermo14 ($3.40 in chips) 
Seat 8: MrEntsMan ($3.65 in chips) 
Seat 9: Eighcehole ($2 in chips) 
Eighcehole: posts small blind $0.01
erlis82: posts big blind $0.02
*** HOLE CARDS ***
Dealt to Dorex2007 [Qs 7d]
carreguz: folds 
Dorex2007: folds 
den150581: folds 
Shuresku: calls $0.02
pvd44443: folds 
franpalermo14: calls $0.02
MrEntsMan: folds 
Eighcehole: folds 
erlis82: checks 
*** FLOP *** [7h Ks 9c]
erlis82: checks 
Shuresku: checks 
franpalermo14: checks 
*** TURN *** [7h Ks 9c] [4d]
erlis82: checks 
Shuresku: bets $0.16
franpalermo14: folds 
erlis82: calls $0.16
*** RIVER *** [7h Ks 9c 4d] [8c]
erlis82: bets $0.19
Shuresku: raises $0.63 to $0.82
erlis82: calls $0.63
*** SHOW DOWN ***
Shuresku: shows [Kd Kh] (three of a kind, Kings)
erlis82: shows [6s 5d] (a straight, Five to Nine)
erlis82 collected $1.96 from pot
*** SUMMARY ***
Total pot $2.03 | Rake $0.07 
Board [7h Ks 9c 4d 8c]
Seat 1: erlis82 (big blind) showed [6s 5d] and won ($1.96) with a straight, Five to Nine
Seat 2: carreguz folded before Flop (didn't bet)
Seat 3: Dorex2007 folded before Flop (didn't bet)
Seat 4: den150581 folded before Flop (didn't bet)
Seat 5: Shuresku showed [Kd Kh] and lost with three of a kind, Kings
Seat 6: pvd44443 folded before Flop (didn't bet)
Seat 7: franpalermo14 folded on the Turn
Seat 8: MrEntsMan (button) folded before Flop (didn't bet)
Seat 9: Eighcehole (small blind) folded before Flop



PokerStars Hand #230390300354:  Hold'em No Limit ($0.01/$0.02 USD) - 2021/10/05 22:43:35 PT [2021/10/06 1:43:35 ET]
Table 'Atria III' 9-max Seat #9 is the button
Seat 1: erlis82 ($3.01 in chips) 
Seat 2: carreguz ($1.12 in chips) 
Seat 3: Dorex2007 ($2.48 in chips) 
Seat 4: den150581 ($1.20 in chips) 
Seat 5: Shuresku ($0.51 in chips) 
Seat 6: pvd44443 ($2 in chips) 
Seat 7: franpalermo14 ($3.38 in chips) 
Seat 8: MrEntsMan ($3.65 in chips) 
Seat 9: Eighcehole ($1.99 in chips) 
erlis82: posts small blind $0.01
carreguz: posts big blind $0.02
*** HOLE CARDS ***
Dealt to Dorex2007 [Jd 7s]
Dorex2007: folds 
den150581: folds 
Shuresku: calls $0.02
pvd44443: folds 
franpalermo14: folds 
MrEntsMan: raises $0.06 to $0.08
Eighcehole: folds 
erlis82: folds 
carreguz: folds 
Shuresku: calls $0.06
*** FLOP *** [8d 8h 9h]
Shuresku: bets $0.02
MrEntsMan: calls $0.02
*** TURN *** [8d 8h 9h] [As]
Shuresku: bets $0.02
MrEntsMan: calls $0.02
*** RIVER *** [8d 8h 9h As] [3s]
Shuresku: bets $0.02
MrEntsMan: calls $0.02
*** SHOW DOWN ***
Shuresku: shows [9c 7h] (two pair, Nines and Eights)
MrEntsMan: shows [Kd Kc] (two pair, Kings and Eights)
MrEntsMan collected $0.30 from pot
*** SUMMARY ***
Total pot $0.31 | Rake $0.01 
Board [8d 8h 9h As 3s]
Seat 1: erlis82 (small blind) folded before Flop
Seat 2: carreguz (big blind) folded before Flop
Seat 3: Dorex2007 folded before Flop (didn't bet)
Seat 4: den150581 folded before Flop (didn't bet)
Seat 5: Shuresku showed [9c 7h] and lost with two pair, Nines and Eights
Seat 6: pvd44443 folded before Flop (didn't bet)
Seat 7: franpalermo14 folded before Flop (didn't bet)
Seat 8: MrEntsMan showed [Kd Kc] and won ($0.30) with two pair, Kings and Eights
Seat 9: Eighcehole (button) folded before Flop (didn't bet)



PokerStars Hand #230390305960:  Hold'em No Limit ($0.01/$0.02 USD) - 2021/10/05 22:44:18 PT [2021/10/06 1:44:18 ET]
Table 'Atria III' 9-max Seat #1 is the button
Seat 1: erlis82 ($3 in chips) 
Seat 2: carreguz ($1.10 in chips) 
Seat 3: Dorex2007 ($2.48 in chips) 
Seat 4: den150581 ($1.20 in chips) 
Seat 5: Shuresku ($0.37 in chips) 
Seat 6: pvd44443 ($2 in chips) 
Seat 7: franpalermo14 ($3.38 in chips) 
Seat 8: MrEntsMan ($3.81 in chips) 
Seat 9: Eighcehole ($1.99 in chips) 
carreguz: posts small blind $0.01
Dorex2007: posts big blind $0.02
*** HOLE CARDS ***
Dealt to Dorex2007 [3h Qd]
den150581: raises $0.02 to $0.04
Shuresku: raises $0.02 to $0.06
pvd44443: folds 
franpalermo14: folds 
MrEntsMan: folds 
Eighcehole: folds 
erlis82: folds 
carreguz: folds 
Dorex2007: folds 
den150581: calls $0.02
*** FLOP *** [Kh 9h 5c]
den150581: checks 
Shuresku: bets $0.02
den150581: folds 
Uncalled bet ($0.02) returned to Shuresku
Shuresku collected $0.14 from pot
Shuresku: doesn't show hand 
*** SUMMARY ***
Total pot $0.15 | Rake $0.01 
Board [Kh 9h 5c]
Seat 1: erlis82 (button) folded before Flop (didn't bet)
Seat 2: carreguz (small blind) folded before Flop
Seat 3: Dorex2007 (big blind) folded before Flop
Seat 4: den150581 folded on the Flop
Seat 5: Shuresku collected ($0.14)
Seat 6: pvd44443 folded before Flop (didn't bet)
Seat 7: franpalermo14 folded before Flop (didn't bet)
Seat 8: MrEntsMan folded before Flop (didn't bet)
Seat 9: Eighcehole folded before Flop (didn't bet)



PokerStars Hand #230390310201:  Hold'em No Limit ($0.01/$0.02 USD) - 2021/10/05 22:44:49 PT [2021/10/06 1:44:49 ET]
Table 'Atria III' 9-max Seat #2 is the button
Seat 1: erlis82 ($3 in chips) 
Seat 2: carreguz ($1.09 in chips) 
Seat 3: Dorex2007 ($2.46 in chips) 
Seat 4: den150581 ($1.14 in chips) 
Seat 5: Shuresku ($0.45 in chips) 
Seat 6: pvd44443 ($2 in chips) 
Seat 7: franpalermo14 ($3.38 in chips) 
Seat 8: MrEntsMan ($3.81 in chips) 
Seat 9: Eighcehole ($1.99 in chips) 
Dorex2007: posts small blind $0.01
den150581: posts big blind $0.02
*** HOLE CARDS ***
Dealt to Dorex2007 [9h Kc]
Shuresku: raises $0.02 to $0.04
pvd44443: folds 
franpalermo14: folds 
MrEntsMan: folds 
Eighcehole: folds 
erlis82: calls $0.04
carreguz: folds 
Dorex2007: folds 
den150581: folds 
*** FLOP *** [2d Kd Js]
Shuresku: checks 
erlis82: checks 
*** TURN *** [2d Kd Js] [8h]
Shuresku: checks 
erlis82: checks 
*** RIVER *** [2d Kd Js 8h] [Td]
Shuresku: checks 
erlis82: bets $0.11
Shuresku: folds 
Uncalled bet ($0.11) returned to erlis82
erlis82 collected $0.11 from pot
erlis82: doesn't show hand 
*** SUMMARY ***
Total pot $0.11 | Rake $0 
Board [2d Kd Js 8h Td]
Seat 1: erlis82 collected ($0.11)
Seat 2: carreguz (button) folded before Flop (didn't bet)
Seat 3: Dorex2007 (small blind) folded before Flop
Seat 4: den150581 (big blind) folded before Flop
Seat 5: Shuresku folded on the River
Seat 6: pvd44443 folded before Flop (didn't bet)
Seat 7: franpalermo14 folded before Flop (didn't bet)
Seat 8: MrEntsMan folded before Flop (didn't bet)
Seat 9: Eighcehole folded before Flop (didn't bet)



PokerStars Hand #230390317030:  Hold'em No Limit ($0.01/$0.02 USD) - 2021/10/05 22:45:40 PT [2021/10/06 1:45:40 ET]
Table 'Atria III' 9-max Seat #3 is the button
Seat 1: erlis82 ($3.07 in chips) 
Seat 2: carreguz ($1.09 in chips) 
Seat 3: Dorex2007 ($2.45 in chips) 
Seat 4: den150581 ($1.12 in chips) 
Seat 5: Shuresku ($0.41 in chips) 
Seat 6: pvd44443 ($2 in chips) 
Seat 7: franpalermo14 ($3.38 in chips) 
Seat 8: MrEntsMan ($3.81 in chips) 
Seat 9: Eighcehole ($1.99 in chips) 
den150581: posts small blind $0.01
Shuresku: posts big blind $0.02
*** HOLE CARDS ***
Dealt to Dorex2007 [6h Jh]
pvd44443: folds 
franpalermo14: folds 
MrEntsMan: folds 
Eighcehole: folds 
erlis82: raises $0.04 to $0.06
carreguz: folds 
Dorex2007: folds 
den150581: folds 
Shuresku: calls $0.04
*** FLOP *** [9s Ac 3d]
Shuresku: checks 
erlis82: bets $0.02
Shuresku: folds 
Uncalled bet ($0.02) returned to erlis82
erlis82 collected $0.13 from pot
erlis82: doesn't show hand 
*** SUMMARY ***
Total pot $0.13 | Rake $0 
Board [9s Ac 3d]
Seat 1: erlis82 collected ($0.13)
Seat 2: carreguz folded before Flop (didn't bet)
Seat 3: Dorex2007 (button) folded before Flop (didn't bet)
Seat 4: den150581 (small blind) folded before Flop
Seat 5: Shuresku (big blind) folded on the Flop
Seat 6: pvd44443 folded before Flop (didn't bet)
Seat 7: franpalermo14 folded before Flop (didn't bet)
Seat 8: MrEntsMan folded before Flop (didn't bet)
Seat 9: Eighcehole folded before Flop (didn't bet)



PokerStars Hand #230390320800:  Hold'em No Limit ($0.01/$0.02 USD) - 2021/10/05 22:46:08 PT [2021/10/06 1:46:08 ET]
Table 'Atria III' 9-max Seat #4 is the button
Seat 1: erlis82 ($3.14 in chips) 
Seat 2: carreguz ($1.09 in chips) 
Seat 3: Dorex2007 ($2.45 in chips) 
Seat 4: den150581 ($1.11 in chips) 
Seat 5: Shuresku ($0.35 in chips) 
Seat 6: pvd44443 ($2 in chips) 
Seat 7: franpalermo14 ($3.38 in chips) 
Seat 8: MrEntsMan ($3.81 in chips) 
Seat 9: Eighcehole ($1.99 in chips) 
Shuresku: posts small blind $0.01
pvd44443: posts big blind $0.02
*** HOLE CARDS ***
Dealt to Dorex2007 [7h Td]
franpalermo14: folds 
MrEntsMan: folds 
Eighcehole: folds 
erlis82: folds 
carreguz: raises $0.05 to $0.07
Dorex2007: folds 
den150581: folds 
Shuresku: folds 
pvd44443: folds 
Uncalled bet ($0.05) returned to carreguz
carreguz collected $0.05 from pot
*** SUMMARY ***
Total pot $0.05 | Rake $0 
Seat 1: erlis82 folded before Flop (didn't bet)
Seat 2: carreguz collected ($0.05)
Seat 3: Dorex2007 folded before Flop (didn't bet)
Seat 4: den150581 (button) folded before Flop (didn't bet)
Seat 5: Shuresku (small blind) folded before Flop
Seat 6: pvd44443 (big blind) folded before Flop
Seat 7: franpalermo14 folded before Flop (didn't bet)
Seat 8: MrEntsMan folded before Flop (didn't bet)
Seat 9: Eighcehole folded before Flop (didn't bet)



PokerStars Hand #230390333064:  Hold'em No Limit ($0.01/$0.02 USD) - 2021/10/05 22:46:37 PT [2021/10/06 1:46:37 ET]
Table 'Atria III' 9-max Seat #5 is the button
Seat 1: erlis82 ($3.14 in chips) 
Seat 2: carreguz ($1.12 in chips) 
Seat 3: Dorex2007 ($2.45 in chips) 
Seat 4: den150581 ($1.11 in chips) 
Seat 5: Shuresku ($0.34 in chips) 
Seat 6: pvd44443 ($1.98 in chips) 
Seat 7: franpalermo14 ($3.38 in chips) 
Seat 8: MrEntsMan ($3.81 in chips) 
Seat 9: Eighcehole ($1.99 in chips) 
pvd44443: posts small blind $0.01
franpalermo14: posts big blind $0.02
*** HOLE CARDS ***
Dealt to Dorex2007 [9d 9h]
MrEntsMan: folds 
Eighcehole: folds 
erlis82: folds 
carreguz: folds 
Dorex2007: raises $0.04 to $0.06
den150581: folds 
Shuresku: folds 
pvd44443: folds 
franpalermo14: folds 
Uncalled bet ($0.04) returned to Dorex2007
Dorex2007 collected $0.05 from pot
Dorex2007: doesn't show hand 
*** SUMMARY ***
Total pot $0.05 | Rake $0 
Seat 1: erlis82 folded before Flop (didn't bet)
Seat 2: carreguz folded before Flop (didn't bet)
Seat 3: Dorex2007 collected ($0.05)
Seat 4: den150581 folded before Flop (didn't bet)
Seat 5: Shuresku (button) folded before Flop (didn't bet)
Seat 6: pvd44443 (small blind) folded before Flop
Seat 7: franpalermo14 (big blind) folded before Flop
Seat 8: MrEntsMan folded before Flop (didn't bet)
Seat 9: Eighcehole folded before Flop (didn't bet)



PokerStars Hand #230390336702:  Hold'em No Limit ($0.01/$0.02 USD) - 2021/10/05 22:47:04 PT [2021/10/06 1:47:04 ET]
Table 'Atria III' 9-max Seat #6 is the button
Seat 1: erlis82 ($3.14 in chips) 
Seat 2: carreguz ($1.12 in chips) 
Seat 3: Dorex2007 ($2.48 in chips) 
Seat 4: den150581 ($1.11 in chips) 
Seat 5: Shuresku ($0.34 in chips) 
Seat 6: pvd44443 ($1.97 in chips) 
Seat 7: franpalermo14 ($3.36 in chips) 
Seat 8: MrEntsMan ($3.81 in chips) 
Seat 9: Eighcehole ($1.99 in chips) 
franpalermo14: posts small blind $0.01
MrEntsMan: posts big blind $0.02
*** HOLE CARDS ***
Dealt to Dorex2007 [2d 5s]
Eighcehole: folds 
erlis82: folds 
carreguz: folds 
Dorex2007: folds 
den150581: folds 
Shuresku: calls $0.02
pvd44443: folds 
franpalermo14: folds 
MrEntsMan: checks 
*** FLOP *** [Kc Kd Jd]
MrEntsMan: bets $0.03
Shuresku: raises $0.03 to $0.06
erlis82 leaves the table
MrEntsMan: folds 
Uncalled bet ($0.03) returned to Shuresku
Shuresku collected $0.11 from pot
Shuresku: doesn't show hand 
*** SUMMARY ***
Total pot $0.11 | Rake $0 
Board [Kc Kd Jd]
Seat 1: erlis82 folded before Flop (didn't bet)
Seat 2: carreguz folded before Flop (didn't bet)
Seat 3: Dorex2007 folded before Flop (didn't bet)
Seat 4: den150581 folded before Flop (didn't bet)
Seat 5: Shuresku collected ($0.11)
Seat 6: pvd44443 (button) folded before Flop (didn't bet)
Seat 7: franpalermo14 (small blind) folded before Flop
Seat 8: MrEntsMan (big blind) folded on the Flop
Seat 9: Eighcehole folded before Flop (didn't bet)



PokerStars Hand #230390342832:  Hold'em No Limit ($0.01/$0.02 USD) - 2021/10/05 22:47:50 PT [2021/10/06 1:47:50 ET]
Table 'Atria III' 9-max Seat #7 is the button
Seat 2: carreguz ($1.12 in chips) 
Seat 3: Dorex2007 ($2.48 in chips) 
Seat 4: den150581 ($1.11 in chips) 
Seat 5: Shuresku ($0.40 in chips) 
Seat 6: pvd44443 ($1.97 in chips) 
Seat 7: franpalermo14 ($3.35 in chips) 
Seat 8: MrEntsMan ($3.76 in chips) 
Seat 9: Eighcehole ($1.99 in chips) 
MrEntsMan: posts small blind $0.01
Eighcehole: posts big blind $0.02
*** HOLE CARDS ***
Dealt to Dorex2007 [Tc 8s]
carreguz: folds 
Dorex2007: folds 
den150581: folds 
Shuresku: calls $0.02
pvd44443: folds 
franpalermo14: folds 
MrEntsMan: folds 
Eighcehole: checks 
*** FLOP *** [7h 9h 4c]
Eighcehole: bets $0.02
Shuresku: calls $0.02
*** TURN *** [7h 9h 4c] [8h]
Eighcehole: checks 
Shuresku: bets $0.02
Eighcehole: calls $0.02
*** RIVER *** [7h 9h 4c 8h] [6c]
Eighcehole: bets $0.13
Shuresku: raises $0.21 to $0.34 and is all-in
Eighcehole: calls $0.21
*** SHOW DOWN ***
Shuresku: shows [6s 4s] (two pair, Sixes and Fours)
Eighcehole: shows [5c 9d] (a straight, Five to Nine)
Eighcehole collected $0.78 from pot
*** SUMMARY ***
Total pot $0.81 | Rake $0.03 
Board [7h 9h 4c 8h 6c]
Seat 2: carreguz folded before Flop (didn't bet)
Seat 3: Dorex2007 folded before Flop (didn't bet)
Seat 4: den150581 folded before Flop (didn't bet)
Seat 5: Shuresku showed [6s 4s] and lost with two pair, Sixes and Fours
Seat 6: pvd44443 folded before Flop (didn't bet)
Seat 7: franpalermo14 (button) folded before Flop (didn't bet)
Seat 8: MrEntsMan (small blind) folded before Flop
Seat 9: Eighcehole (big blind) showed [5c 9d] and won ($0.78) with a straight, Five to Nine



PokerStars Hand #230390350854:  Hold'em No Limit ($0.01/$0.02 USD) - 2021/10/05 22:48:50 PT [2021/10/06 1:48:50 ET]
Table 'Atria III' 9-max Seat #8 is the button
Seat 2: carreguz ($1.12 in chips) 
Seat 3: Dorex2007 ($2.48 in chips) 
Seat 4: den150581 ($1.11 in chips) 
Seat 6: pvd44443 ($1.97 in chips) 
Seat 7: franpalermo14 ($3.35 in chips) 
Seat 8: MrEntsMan ($3.75 in chips) 
Seat 9: Eighcehole ($2.37 in chips) 
Eighcehole: posts small blind $0.01
carreguz: posts big blind $0.02
*** HOLE CARDS ***
Dealt to Dorex2007 [6d 8c]
Seuchenprinz joins the table at seat #1 
Dorex2007: folds 
den150581: folds 
pvd44443: folds 
franpalermo14: folds 
Shuresku is disconnected 
MrEntsMan: raises $0.04 to $0.06
Eighcehole: folds 
carreguz: calls $0.04
*** FLOP *** [2s 2c 3h]
carreguz: checks 
MrEntsMan: bets $0.07
carreguz: folds 
Uncalled bet ($0.07) returned to MrEntsMan
MrEntsMan collected $0.13 from pot
MrEntsMan: doesn't show hand 
*** SUMMARY ***
Total pot $0.13 | Rake $0 
Board [2s 2c 3h]
Seat 2: carreguz (big blind) folded on the Flop
Seat 3: Dorex2007 folded before Flop (didn't bet)
Seat 4: den150581 folded before Flop (didn't bet)
Seat 6: pvd44443 folded before Flop (didn't bet)
Seat 7: franpalermo14 folded before Flop (didn't bet)
Seat 8: MrEntsMan (button) collected ($0.13)
Seat 9: Eighcehole (small blind) folded before Flop



PokerStars Hand #230390357315:  Hold'em No Limit ($0.01/$0.02 USD) - 2021/10/05 22:49:38 PT [2021/10/06 1:49:38 ET]
Table 'Atria III' 9-max Seat #9 is the button
Seat 2: carreguz ($1.06 in chips) 
Seat 3: Dorex2007 ($2.48 in chips) 
Seat 4: den150581 ($1.11 in chips) 
Seat 6: pvd44443 ($1.97 in chips) 
Seat 7: franpalermo14 ($3.35 in chips) 
Seat 8: MrEntsMan ($3.82 in chips) 
Seat 9: Eighcehole ($2.36 in chips) 
carreguz: posts small blind $0.01
Dorex2007: posts big blind $0.02
*** HOLE CARDS ***
Dealt to Dorex2007 [Jh 2h]
den150581: calls $0.02
pvd44443: folds 
franpalermo14: folds 
MrEntsMan: folds 
Eighcehole has timed out
Eighcehole: folds 
carreguz: calls $0.01
Dorex2007: checks 
*** FLOP *** [4h 7s Jc]
carreguz: checks 
Dorex2007: bets $0.06
den150581: folds 
carreguz: folds 
Uncalled bet ($0.06) returned to Dorex2007
Dorex2007 collected $0.06 from pot
Dorex2007: doesn't show hand 
*** SUMMARY ***
Total pot $0.06 | Rake $0 
Board [4h 7s Jc]
Seat 2: carreguz (small blind) folded on the Flop
Seat 3: Dorex2007 (big blind) collected ($0.06)
Seat 4: den150581 folded on the Flop
Seat 6: pvd44443 folded before Flop (didn't bet)
Seat 7: franpalermo14 folded before Flop (didn't bet)
Seat 8: MrEntsMan folded before Flop (didn't bet)
Seat 9: Eighcehole (button) folded before Flop (didn't bet)



PokerStars Hand #230390364861:  Hold'em No Limit ($0.01/$0.02 USD) - 2021/10/05 22:50:34 PT [2021/10/06 1:50:34 ET]
Table 'Atria III' 9-max Seat #2 is the button
Seat 1: Seuchenprinz ($1.60 in chips) 
Seat 2: carreguz ($1.04 in chips) 
Seat 3: Dorex2007 ($2.52 in chips) 
Seat 4: den150581 ($1.09 in chips) 
Seat 6: pvd44443 ($1.97 in chips) 
Seat 7: franpalermo14 ($3.35 in chips) 
Seat 8: MrEntsMan ($3.82 in chips) 
Seat 9: Eighcehole ($2.36 in chips) 
Dorex2007: posts small blind $0.01
den150581: posts big blind $0.02
Seuchenprinz: posts big blind $0.02
*** HOLE CARDS ***
Dealt to Dorex2007 [4s 3d]
pvd44443: folds 
franpalermo14: folds 
MrEntsMan: folds 
Eighcehole: folds 
Seuchenprinz: checks 
carreguz: raises $0.02 to $0.04
Dorex2007: folds 
den150581: folds 
Seuchenprinz: calls $0.02
*** FLOP *** [6s 7d As]
Seuchenprinz: checks 
carreguz: bets $0.06
Seuchenprinz: calls $0.06
*** TURN *** [6s 7d As] [Kh]
Seuchenprinz: checks 
carreguz: checks 
*** RIVER *** [6s 7d As Kh] [Th]
Seuchenprinz: checks 
carreguz: bets $0.48
Seuchenprinz: folds 
Uncalled bet ($0.48) returned to carreguz
carreguz collected $0.22 from pot
*** SUMMARY ***
Total pot $0.23 | Rake $0.01 
Board [6s 7d As Kh Th]
Seat 1: Seuchenprinz folded on the River
Seat 2: carreguz (button) collected ($0.22)
Seat 3: Dorex2007 (small blind) folded before Flop
Seat 4: den150581 (big blind) folded before Flop
Seat 6: pvd44443 folded before Flop (didn't bet)
Seat 7: franpalermo14 folded before Flop (didn't bet)
Seat 8: MrEntsMan folded before Flop (didn't bet)
Seat 9: Eighcehole folded before Flop (didn't bet)



PokerStars Hand #230390375497:  Hold'em No Limit ($0.01/$0.02 USD) - 2021/10/05 22:51:55 PT [2021/10/06 1:51:55 ET]
Table 'Atria III' 9-max Seat #3 is the button
Seat 1: Seuchenprinz ($1.50 in chips) 
Seat 2: carreguz ($1.16 in chips) 
Seat 3: Dorex2007 ($2.51 in chips) 
Seat 4: den150581 ($1.07 in chips) 
Seat 6: pvd44443 ($1.97 in chips) 
Seat 7: franpalermo14 ($3.35 in chips) 
Seat 8: MrEntsMan ($3.82 in chips) 
Seat 9: Eighcehole ($2.36 in chips) 
den150581: posts small blind $0.01
pvd44443: posts big blind $0.02
*** HOLE CARDS ***
Dealt to Dorex2007 [Qd 3c]
franpalermo14: folds 
MrEntsMan: folds 
Eighcehole: raises $0.04 to $0.06
Seuchenprinz: folds 
carreguz: folds 
Dorex2007: folds 
den150581: calls $0.05
pvd44443: folds 
*** FLOP *** [7d 7h 5s]
den150581: checks 
Eighcehole: bets $0.06
den150581: calls $0.06
*** TURN *** [7d 7h 5s] [2s]
den150581: checks 
Eighcehole: bets $0.13
den150581: calls $0.13
*** RIVER *** [7d 7h 5s 2s] [2c]
den150581: checks 
Eighcehole: bets $0.33
den150581: calls $0.33
*** SHOW DOWN ***
Eighcehole: shows [Ks 9s] (two pair, Sevens and Deuces)
den150581: shows [8c 8h] (two pair, Eights and Sevens)
den150581 collected $1.14 from pot
*** SUMMARY ***
Total pot $1.18 | Rake $0.04 
Board [7d 7h 5s 2s 2c]
Seat 1: Seuchenprinz folded before Flop (didn't bet)
Seat 2: carreguz folded before Flop (didn't bet)
Seat 3: Dorex2007 (button) folded before Flop (didn't bet)
Seat 4: den150581 (small blind) showed [8c 8h] and won ($1.14) with two pair, Eights and Sevens
Seat 6: pvd44443 (big blind) folded before Flop
Seat 7: franpalermo14 folded before Flop (didn't bet)
Seat 8: MrEntsMan folded before Flop (didn't bet)
Seat 9: Eighcehole showed [Ks 9s] and lost with two pair, Sevens and Deuces



PokerStars Hand #230390383064:  Hold'em No Limit ($0.01/$0.02 USD) - 2021/10/05 22:52:52 PT [2021/10/06 1:52:52 ET]
Table 'Atria III' 9-max Seat #4 is the button
Seat 1: Seuchenprinz ($1.50 in chips) 
Seat 2: carreguz ($1.16 in chips) 
Seat 3: Dorex2007 ($2.51 in chips) 
Seat 4: den150581 ($1.63 in chips) 
Seat 6: pvd44443 ($1.95 in chips) 
Seat 7: franpalermo14 ($3.35 in chips) 
Seat 8: MrEntsMan ($3.82 in chips) 
Seat 9: Eighcehole ($1.78 in chips) 
pvd44443: posts small blind $0.01
franpalermo14: posts big blind $0.02
*** HOLE CARDS ***
Dealt to Dorex2007 [2c 3s]
MrEntsMan: raises $0.04 to $0.06
Eighcehole: folds 
Seuchenprinz: folds 
carreguz: folds 
Dorex2007: folds 
den150581: folds 
pvd44443: folds 
franpalermo14: folds 
Uncalled bet ($0.04) returned to MrEntsMan
franpalermo14 leaves the table
MrEntsMan collected $0.05 from pot
MrEntsMan: doesn't show hand 
*** SUMMARY ***
Total pot $0.05 | Rake $0 
Seat 1: Seuchenprinz folded before Flop (didn't bet)
Seat 2: carreguz folded before Flop (didn't bet)
Seat 3: Dorex2007 folded before Flop (didn't bet)
Seat 4: den150581 (button) folded before Flop (didn't bet)
Seat 6: pvd44443 (small blind) folded before Flop
Seat 7: franpalermo14 (big blind) folded before Flop
Seat 8: MrEntsMan collected ($0.05)
Seat 9: Eighcehole folded before Flop (didn't bet)



PokerStars Hand #230390387026:  Hold'em No Limit ($0.01/$0.02 USD) - 2021/10/05 22:53:22 PT [2021/10/06 1:53:22 ET]
Table 'Atria III' 9-max Seat #6 is the button
Seat 1: Seuchenprinz ($1.50 in chips) 
Seat 2: carreguz ($1.16 in chips) 
Seat 3: Dorex2007 ($2.51 in chips) 
Seat 4: den150581 ($1.63 in chips) 
Seat 6: pvd44443 ($1.94 in chips) 
Seat 8: MrEntsMan ($3.85 in chips) 
Seat 9: Eighcehole ($1.78 in chips) 
MrEntsMan: posts small blind $0.01
Eighcehole: posts big blind $0.02
*** HOLE CARDS ***
Dealt to Dorex2007 [8s Jc]
Seuchenprinz: folds 
carreguz: folds 
Dorex2007: folds 
den150581: folds 
pvd44443: folds 
MrEntsMan: folds 
Uncalled bet ($0.01) returned to Eighcehole
Eighcehole collected $0.02 from pot
Eighcehole: doesn't show hand 
*** SUMMARY ***
Total pot $0.02 | Rake $0 
Seat 1: Seuchenprinz folded before Flop (didn't bet)
Seat 2: carreguz folded before Flop (didn't bet)
Seat 3: Dorex2007 folded before Flop (didn't bet)
Seat 4: den150581 folded before Flop (didn't bet)
Seat 6: pvd44443 (button) folded before Flop (didn't bet)
Seat 8: MrEntsMan (small blind) folded before Flop
Seat 9: Eighcehole (big blind) collected ($0.02)



PokerStars Hand #230390390003:  Hold'em No Limit ($0.01/$0.02 USD) - 2021/10/05 22:53:45 PT [2021/10/06 1:53:45 ET]
Table 'Atria III' 9-max Seat #8 is the button
Seat 1: Seuchenprinz ($1.50 in chips) 
Seat 2: carreguz ($1.16 in chips) 
Seat 3: Dorex2007 ($2.51 in chips) 
Seat 4: den150581 ($1.63 in chips) 
Seat 6: pvd44443 ($1.94 in chips) 
Seat 8: MrEntsMan ($3.84 in chips) 
Seat 9: Eighcehole ($1.79 in chips) 
Eighcehole: posts small blind $0.01
Seuchenprinz: posts big blind $0.02
*** HOLE CARDS ***
Dealt to Dorex2007 [7d 4d]
carreguz has timed out
carreguz: folds 
Dorex2007: folds 
kolobok895 joins the table at seat #7 
den150581 is connected 
den150581: folds 
pvd44443: folds 
MrEntsMan: folds 
Eighcehole: raises $0.02 to $0.04
Seuchenprinz: folds 
Uncalled bet ($0.02) returned to Eighcehole
Eighcehole collected $0.04 from pot
Eighcehole: doesn't show hand 
*** SUMMARY ***
Total pot $0.04 | Rake $0 
Seat 1: Seuchenprinz (big blind) folded before Flop
Seat 2: carreguz folded before Flop (didn't bet)
Seat 3: Dorex2007 folded before Flop (didn't bet)
Seat 4: den150581 folded before Flop (didn't bet)
Seat 6: pvd44443 folded before Flop (didn't bet)
Seat 8: MrEntsMan (button) folded before Flop (didn't bet)
Seat 9: Eighcehole (small blind) collected ($0.04)



PokerStars Hand #230390394889:  Hold'em No Limit ($0.01/$0.02 USD) - 2021/10/05 22:54:22 PT [2021/10/06 1:54:22 ET]
Table 'Atria III' 9-max Seat #9 is the button
Seat 1: Seuchenprinz ($1.48 in chips) 
Seat 2: carreguz ($1.16 in chips) 
Seat 3: Dorex2007 ($2.51 in chips) 
Seat 4: den150581 ($1.63 in chips) 
Seat 6: pvd44443 ($1.94 in chips) 
Seat 7: kolobok895 ($0.90 in chips) 
Seat 8: MrEntsMan ($3.84 in chips) 
Seat 9: Eighcehole ($1.81 in chips) 
Seuchenprinz: posts small blind $0.01
carreguz: posts big blind $0.02
kolobok895: posts big blind $0.02
*** HOLE CARDS ***
Dealt to Dorex2007 [7h Jc]
Dorex2007: folds 
den150581: calls $0.02
pvd44443: folds 
kolobok895: checks 
MrEntsMan: folds 
Eighcehole: raises $0.08 to $0.10
Seuchenprinz: calls $0.09
carreguz: folds 
den150581: folds 
kolobok895: folds 
*** FLOP *** [2c Ac 4c]
Seuchenprinz: checks 
Eighcehole: bets $0.10
Seuchenprinz: folds 
Uncalled bet ($0.10) returned to Eighcehole
Eighcehole collected $0.25 from pot
Eighcehole: doesn't show hand 
*** SUMMARY ***
Total pot $0.26 | Rake $0.01 
Board [2c Ac 4c]
Seat 1: Seuchenprinz (small blind) folded on the Flop
Seat 2: carreguz (big blind) folded before Flop
Seat 3: Dorex2007 folded before Flop (didn't bet)
Seat 4: den150581 folded before Flop
Seat 6: pvd44443 folded before Flop (didn't bet)
Seat 7: kolobok895 folded before Flop (didn't bet)
Seat 8: MrEntsMan folded before Flop (didn't bet)
Seat 9: Eighcehole (button) collected ($0.25)



PokerStars Hand #230390399501:  Hold'em No Limit ($0.01/$0.02 USD) - 2021/10/05 22:54:57 PT [2021/10/06 1:54:57 ET]
Table 'Atria III' 9-max Seat #1 is the button
Seat 1: Seuchenprinz ($1.38 in chips) 
Seat 2: carreguz ($1.14 in chips) 
Seat 3: Dorex2007 ($2.51 in chips) 
Seat 4: den150581 ($1.61 in chips) 
Seat 6: pvd44443 ($1.94 in chips) 
Seat 7: kolobok895 ($0.88 in chips) 
Seat 8: MrEntsMan ($3.84 in chips) 
Seat 9: Eighcehole ($1.96 in chips) 
carreguz: posts small blind $0.01
Dorex2007: posts big blind $0.02
*** HOLE CARDS ***
Dealt to Dorex2007 [Td 6h]
den150581: folds 
pvd44443: folds 
kolobok895: folds 
MrEntsMan: folds 
Eighcehole: raises $0.02 to $0.04
Seuchenprinz: folds 
carreguz: folds 
Dorex2007: folds 
Uncalled bet ($0.02) returned to Eighcehole
Eighcehole collected $0.05 from pot
Eighcehole: doesn't show hand 
*** SUMMARY ***
Total pot $0.05 | Rake $0 
Seat 1: Seuchenprinz (button) folded before Flop (didn't bet)
Seat 2: carreguz (small blind) folded before Flop
Seat 3: Dorex2007 (big blind) folded before Flop
Seat 4: den150581 folded before Flop (didn't bet)
Seat 6: pvd44443 folded before Flop (didn't bet)
Seat 7: kolobok895 folded before Flop (didn't bet)
Seat 8: MrEntsMan folded before Flop (didn't bet)
Seat 9: Eighcehole collected ($0.05)



PokerStars Hand #230390402346:  Hold'em No Limit ($0.01/$0.02 USD) - 2021/10/05 22:55:20 PT [2021/10/06 1:55:20 ET]
Table 'Atria III' 9-max Seat #2 is the button
Seat 1: Seuchenprinz ($1.38 in chips) 
Seat 2: carreguz ($1.13 in chips) 
Seat 3: Dorex2007 ($2.49 in chips) 
Seat 4: den150581 ($1.61 in chips) 
Seat 6: pvd44443 ($1.94 in chips) 
Seat 7: kolobok895 ($0.88 in chips) 
Seat 8: MrEntsMan ($3.84 in chips) 
Seat 9: Eighcehole ($1.99 in chips) 
Dorex2007: posts small blind $0.01
den150581: posts big blind $0.02
*** HOLE CARDS ***
Dealt to Dorex2007 [Tc 2d]
pvd44443: folds 
kolobok895: folds 
MrEntsMan: folds 
Eighcehole: folds 
Seuchenprinz: folds 
carreguz: folds 
Dorex2007: folds 
Uncalled bet ($0.01) returned to den150581
den150581 collected $0.02 from pot
*** SUMMARY ***
Total pot $0.02 | Rake $0 
Seat 1: Seuchenprinz folded before Flop (didn't bet)
Seat 2: carreguz (button) folded before Flop (didn't bet)
Seat 3: Dorex2007 (small blind) folded before Flop
Seat 4: den150581 (big blind) collected ($0.02)
Seat 6: pvd44443 folded before Flop (didn't bet)
Seat 7: kolobok895 folded before Flop (didn't bet)
Seat 8: MrEntsMan folded before Flop (didn't bet)
Seat 9: Eighcehole folded before Flop (didn't bet)



PokerStars Hand #230390403955:  Hold'em No Limit ($0.01/$0.02 USD) - 2021/10/05 22:55:34 PT [2021/10/06 1:55:34 ET]
Table 'Atria III' 9-max Seat #3 is the button
Seat 1: Seuchenprinz ($1.38 in chips) 
Seat 2: carreguz ($1.13 in chips) 
Seat 3: Dorex2007 ($2.48 in chips) 
Seat 4: den150581 ($1.62 in chips) 
Seat 6: pvd44443 ($1.94 in chips) 
Seat 7: kolobok895 ($0.88 in chips) 
Seat 8: MrEntsMan ($3.84 in chips) 
Seat 9: Eighcehole ($1.99 in chips) 
den150581: posts small blind $0.01
pvd44443: posts big blind $0.02
*** HOLE CARDS ***
Dealt to Dorex2007 [Jc Jh]
kolobok895: folds 
MrEntsMan: folds 
Eighcehole: folds 
Seuchenprinz: calls $0.02
carreguz: folds 
Dorex2007: raises $0.04 to $0.06
den150581: folds 
pvd44443: folds 
Seuchenprinz: calls $0.04
*** FLOP *** [7h Ah 5s]
Seuchenprinz: checks 
Dorex2007: checks 
*** TURN *** [7h Ah 5s] [9c]
Seuchenprinz: bets $0.02
Dorex2007: calls $0.02
*** RIVER *** [7h Ah 5s 9c] [Tc]
Seuchenprinz: bets $0.09
Dorex2007: calls $0.09
*** SHOW DOWN ***
Seuchenprinz: shows [9h Ts] (two pair, Tens and Nines)
Dorex2007: mucks hand 
Seuchenprinz collected $0.36 from pot
*** SUMMARY ***
Total pot $0.37 | Rake $0.01 
Board [7h Ah 5s 9c Tc]
Seat 1: Seuchenprinz showed [9h Ts] and won ($0.36) with two pair, Tens and Nines
Seat 2: carreguz folded before Flop (didn't bet)
Seat 3: Dorex2007 (button) mucked [Jc Jh]
Seat 4: den150581 (small blind) folded before Flop
Seat 6: pvd44443 (big blind) folded before Flop
Seat 7: kolobok895 folded before Flop (didn't bet)
Seat 8: MrEntsMan folded before Flop (didn't bet)
Seat 9: Eighcehole folded before Flop (didn't bet)



PokerStars Hand #230390408731:  Hold'em No Limit ($0.01/$0.02 USD) - 2021/10/05 22:56:15 PT [2021/10/06 1:56:15 ET]
Table 'Atria III' 9-max Seat #4 is the button
Seat 1: Seuchenprinz ($1.57 in chips) 
Seat 2: carreguz ($1.13 in chips) 
Seat 3: Dorex2007 ($2.31 in chips) 
Seat 4: den150581 ($1.61 in chips) 
Seat 6: pvd44443 ($1.92 in chips) 
Seat 7: kolobok895 ($0.88 in chips) 
Seat 8: MrEntsMan ($3.84 in chips) 
Seat 9: Eighcehole ($1.99 in chips) 
pvd44443: posts small blind $0.01
kolobok895: posts big blind $0.02
*** HOLE CARDS ***
Dealt to Dorex2007 [6c Jd]
MrEntsMan: folds 
Eighcehole: folds 
Seuchenprinz: folds 
carreguz: raises $0.02 to $0.04
Dorex2007: folds 
den150581: folds 
pvd44443: folds 
kolobok895: calls $0.02
*** FLOP *** [9h Jh 3h]
kolobok895: checks 
carreguz: checks 
*** TURN *** [9h Jh 3h] [Th]
kolobok895: checks 
carreguz: checks 
*** RIVER *** [9h Jh 3h Th] [7s]
kolobok895: checks 
carreguz: bets $1.09 and is all-in
kolobok895: folds 
Uncalled bet ($1.09) returned to carreguz
carreguz collected $0.09 from pot
*** SUMMARY ***
Total pot $0.09 | Rake $0 
Board [9h Jh 3h Th 7s]
Seat 1: Seuchenprinz folded before Flop (didn't bet)
Seat 2: carreguz collected ($0.09)
Seat 3: Dorex2007 folded before Flop (didn't bet)
Seat 4: den150581 (button) folded before Flop (didn't bet)
Seat 6: pvd44443 (small blind) folded before Flop
Seat 7: kolobok895 (big blind) folded on the River
Seat 8: MrEntsMan folded before Flop (didn't bet)
Seat 9: Eighcehole folded before Flop (didn't bet)



PokerStars Hand #230390413578:  Hold'em No Limit ($0.01/$0.02 USD) - 2021/10/05 22:56:57 PT [2021/10/06 1:56:57 ET]
Table 'Atria III' 9-max Seat #6 is the button
Seat 1: Seuchenprinz ($1.57 in chips) 
Seat 2: carreguz ($1.18 in chips) 
Seat 3: Dorex2007 ($2.31 in chips) 
Seat 4: den150581 ($1.61 in chips) 
Seat 6: pvd44443 ($1.91 in chips) 
Seat 7: kolobok895 ($0.84 in chips) 
Seat 8: MrEntsMan ($3.84 in chips) 
Seat 9: Eighcehole ($1.99 in chips) 
kolobok895: posts small blind $0.01
MrEntsMan: posts big blind $0.02
*** HOLE CARDS ***
Dealt to Dorex2007 [3s 9c]
Eighcehole: folds 
Seuchenprinz: folds 
Eighcehole leaves the table
carreguz: raises $0.02 to $0.04
Dorex2007: folds 
den150581: folds 
pvd44443: folds 
kolobok895: folds 
MrEntsMan: folds 
Uncalled bet ($0.02) returned to carreguz
carreguz collected $0.05 from pot
*** SUMMARY ***
Total pot $0.05 | Rake $0 
Seat 1: Seuchenprinz folded before Flop (didn't bet)
Seat 2: carreguz collected ($0.05)
Seat 3: Dorex2007 folded before Flop (didn't bet)
Seat 4: den150581 folded before Flop (didn't bet)
Seat 6: pvd44443 (button) folded before Flop (didn't bet)
Seat 7: kolobok895 (small blind) folded before Flop
Seat 8: MrEntsMan (big blind) folded before Flop
Seat 9: Eighcehole folded before Flop (didn't bet)



PokerStars Hand #230390416648:  Hold'em No Limit ($0.01/$0.02 USD) - 2021/10/05 22:57:24 PT [2021/10/06 1:57:24 ET]
Table 'Atria III' 9-max Seat #7 is the button
Seat 1: Seuchenprinz ($1.57 in chips) 
Seat 2: carreguz ($1.21 in chips) 
Seat 3: Dorex2007 ($2.31 in chips) 
Seat 4: den150581 ($1.61 in chips) 
Seat 6: pvd44443 ($1.91 in chips) 
Seat 7: kolobok895 ($0.83 in chips) 
Seat 8: MrEntsMan ($3.82 in chips) 
MrEntsMan: posts small blind $0.01
Seuchenprinz: posts big blind $0.02
*** HOLE CARDS ***
Dealt to Dorex2007 [2c 6c]
carreguz: folds 
Dorex2007: folds 
den150581: folds 
pvd44443: folds 
kolobok895: calls $0.02
MrEntsMan: folds 
Seuchenprinz: checks 
*** FLOP *** [Kc Th 5d]
Seuchenprinz: bets $0.02
kolobok895: folds 
Uncalled bet ($0.02) returned to Seuchenprinz
Seuchenprinz collected $0.05 from pot
Seuchenprinz: doesn't show hand 
*** SUMMARY ***
Total pot $0.05 | Rake $0 
Board [Kc Th 5d]
Seat 1: Seuchenprinz (big blind) collected ($0.05)
Seat 2: carreguz folded before Flop (didn't bet)
Seat 3: Dorex2007 folded before Flop (didn't bet)
Seat 4: den150581 folded before Flop (didn't bet)
Seat 6: pvd44443 folded before Flop (didn't bet)
Seat 7: kolobok895 (button) folded on the Flop
Seat 8: MrEntsMan (small blind) folded before Flop



PokerStars Hand #230390419802:  Hold'em No Limit ($0.01/$0.02 USD) - 2021/10/05 22:57:51 PT [2021/10/06 1:57:51 ET]
Table 'Atria III' 9-max Seat #8 is the button
Seat 1: Seuchenprinz ($1.60 in chips) 
Seat 2: carreguz ($1.21 in chips) 
Seat 3: Dorex2007 ($2.31 in chips) 
Seat 4: den150581 ($1.61 in chips) 
Seat 6: pvd44443 ($1.91 in chips) 
Seat 7: kolobok895 ($0.81 in chips) 
Seat 8: MrEntsMan ($3.81 in chips) 
Seuchenprinz: posts small blind $0.01
carreguz: posts big blind $0.02
*** HOLE CARDS ***
Dealt to Dorex2007 [Kd 6s]
Dorex2007: folds 
den150581: folds 
pvd44443: folds 
kolobok895: calls $0.02
MrEntsMan: folds 
Seuchenprinz: folds 
carreguz: checks 
*** FLOP *** [6c 5h 3c]
carreguz: checks 
kolobok895: bets $0.02
carreguz: calls $0.02
*** TURN *** [6c 5h 3c] [7c]
carreguz: checks 
kolobok895: checks 
*** RIVER *** [6c 5h 3c 7c] [5s]
carreguz: bets $0.09
kolobok895: raises $0.27 to $0.36
carreguz: calls $0.27
*** SHOW DOWN ***
kolobok895: shows [3s 3d] (a full house, Threes full of Fives)
carreguz: mucks hand 
kolobok895 collected $0.78 from pot
*** SUMMARY ***
Total pot $0.81 | Rake $0.03 
Board [6c 5h 3c 7c 5s]
Seat 1: Seuchenprinz (small blind) folded before Flop
Seat 2: carreguz (big blind) mucked [Ac 4h]
Seat 3: Dorex2007 folded before Flop (didn't bet)
Seat 4: den150581 folded before Flop (didn't bet)
Seat 6: pvd44443 folded before Flop (didn't bet)
Seat 7: kolobok895 showed [3s 3d] and won ($0.78) with a full house, Threes full of Fives
Seat 8: MrEntsMan (button) folded before Flop (didn't bet)



PokerStars Hand #230390433577:  Hold'em No Limit ($0.01/$0.02 USD) - 2021/10/05 22:58:53 PT [2021/10/06 1:58:53 ET]
Table 'Atria III' 9-max Seat #1 is the button
Seat 1: Seuchenprinz ($1.59 in chips) 
Seat 2: carreguz ($0.81 in chips) 
Seat 3: Dorex2007 ($2.31 in chips) 
Seat 4: den150581 ($1.61 in chips) 
Seat 6: pvd44443 ($1.91 in chips) 
Seat 7: kolobok895 ($1.19 in chips) 
Seat 8: MrEntsMan ($3.81 in chips) 
carreguz: posts small blind $0.01
Dorex2007: posts big blind $0.02
*** HOLE CARDS ***
Dealt to Dorex2007 [5d 7h]
den150581: folds 
pvd44443: folds 
kolobok895: folds 
MrEntsMan: folds 
Shuresku leaves the table
Seuchenprinz: calls $0.02
carreguz: calls $0.01
Dorex2007: checks 
*** FLOP *** [Kc 3c Qh]
carreguz: bets $0.02
Dorex2007: folds 
Seuchenprinz: calls $0.02
*** TURN *** [Kc 3c Qh] [9c]
carreguz: bets $0.02
Seuchenprinz: calls $0.02
*** RIVER *** [Kc 3c Qh 9c] [6s]
carreguz: checks 
Seuchenprinz: checks 
*** SHOW DOWN ***
carreguz: shows [Qd 8s] (a pair of Queens)
Seuchenprinz: mucks hand 
carreguz collected $0.14 from pot
*** SUMMARY ***
Total pot $0.14 | Rake $0 
Board [Kc 3c Qh 9c 6s]
Seat 1: Seuchenprinz (button) mucked [Jd 8d]
Seat 2: carreguz (small blind) showed [Qd 8s] and won ($0.14) with a pair of Queens
Seat 3: Dorex2007 (big blind) folded on the Flop
Seat 4: den150581 folded before Flop (didn't bet)
Seat 6: pvd44443 folded before Flop (didn't bet)
Seat 7: kolobok895 folded before Flop (didn't bet)
Seat 8: MrEntsMan folded before Flop (didn't bet)



PokerStars Hand #230390438823:  Hold'em No Limit ($0.01/$0.02 USD) - 2021/10/05 22:59:40 PT [2021/10/06 1:59:40 ET]
Table 'Atria III' 9-max Seat #2 is the button
Seat 1: Seuchenprinz ($1.53 in chips) 
Seat 2: carreguz ($0.89 in chips) 
Seat 3: Dorex2007 ($2.29 in chips) 
Seat 4: den150581 ($1.61 in chips) 
Seat 6: pvd44443 ($1.91 in chips) 
Seat 7: kolobok895 ($1.19 in chips) 
Seat 8: MrEntsMan ($3.81 in chips) 
Dorex2007: posts small blind $0.01
den150581: posts big blind $0.02
*** HOLE CARDS ***
Dealt to Dorex2007 [7h Td]
pvd44443: folds 
kolobok895: calls $0.02
MrEntsMan: folds 
Seuchenprinz: calls $0.02
carreguz: folds 
Dorex2007: calls $0.01
den150581: checks 
*** FLOP *** [Ts Tc 7c]
Dorex2007: checks 
den150581: checks 
kolobok895: bets $0.02
Seuchenprinz: raises $0.02 to $0.04
Dorex2007: calls $0.04
den150581: folds 
kolobok895: calls $0.02
*** TURN *** [Ts Tc 7c] [8s]
Dorex2007: checks 
kolobok895: checks 
Seuchenprinz: checks 
*** RIVER *** [Ts Tc 7c 8s] [6d]
Dorex2007: checks 
kolobok895: bets $0.04
Seuchenprinz: folds 
LicciardoBR joins the table at seat #5 
Dorex2007: raises $0.16 to $0.20
kolobok895: calls $0.16
*** SHOW DOWN ***
Dorex2007: shows [7h Td] (a full house, Tens full of Sevens)
kolobok895: mucks hand 
Dorex2007 collected $0.58 from pot
*** SUMMARY ***
Total pot $0.60 | Rake $0.02 
Board [Ts Tc 7c 8s 6d]
Seat 1: Seuchenprinz folded on the River
Seat 2: carreguz (button) folded before Flop (didn't bet)
Seat 3: Dorex2007 (small blind) showed [7h Td] and won ($0.58) with a full house, Tens full of Sevens
Seat 4: den150581 (big blind) folded on the Flop
Seat 6: pvd44443 folded before Flop (didn't bet)
Seat 7: kolobok895 mucked [9h 9c]
Seat 8: MrEntsMan folded before Flop (didn't bet)



PokerStars Hand #230390454232:  Hold'em No Limit ($0.01/$0.02 USD) - 2021/10/05 23:01:12 PT [2021/10/06 2:01:12 ET]
Table 'Atria III' 9-max Seat #3 is the button
Seat 1: Seuchenprinz ($1.47 in chips) 
Seat 2: carreguz ($0.89 in chips) 
Seat 3: Dorex2007 ($2.61 in chips) 
Seat 4: den150581 ($1.59 in chips) 
Seat 5: LicciardoBR ($2 in chips) 
Seat 6: pvd44443 ($1.91 in chips) 
Seat 7: kolobok895 ($0.93 in chips) 
Seat 8: MrEntsMan ($3.81 in chips) 
den150581: posts small blind $0.01
LicciardoBR: posts big blind $0.02
*** HOLE CARDS ***
Dealt to Dorex2007 [As 4c]
pvd44443: folds 
kolobok895: calls $0.02
MrEntsMan: raises $0.04 to $0.06
Seuchenprinz: folds 
carreguz: folds 
Dorex2007: folds 
den150581: folds 
LicciardoBR: raises $0.19 to $0.25
kolobok895: folds 
MrEntsMan: folds 
Uncalled bet ($0.19) returned to LicciardoBR
LicciardoBR collected $0.15 from pot
LicciardoBR: doesn't show hand 
*** SUMMARY ***
Total pot $0.15 | Rake $0 
Seat 1: Seuchenprinz folded before Flop (didn't bet)
Seat 2: carreguz folded before Flop (didn't bet)
Seat 3: Dorex2007 (button) folded before Flop (didn't bet)
Seat 4: den150581 (small blind) folded before Flop
Seat 5: LicciardoBR (big blind) collected ($0.15)
Seat 6: pvd44443 folded before Flop (didn't bet)
Seat 7: kolobok895 folded before Flop
Seat 8: MrEntsMan folded before Flop



PokerStars Hand #230390457801:  Hold'em No Limit ($0.01/$0.02 USD) - 2021/10/05 23:01:42 PT [2021/10/06 2:01:42 ET]
Table 'Atria III' 9-max Seat #4 is the button
Seat 1: Seuchenprinz ($1.47 in chips) 
Seat 2: carreguz ($0.89 in chips) 
Seat 3: Dorex2007 ($2.61 in chips) 
Seat 4: den150581 ($1.58 in chips) 
Seat 5: LicciardoBR ($2.09 in chips) 
Seat 6: pvd44443 ($1.91 in chips) 
Seat 7: kolobok895 ($0.91 in chips) 
Seat 8: MrEntsMan ($3.75 in chips) 
LicciardoBR: posts small blind $0.01
pvd44443: posts big blind $0.02
*** HOLE CARDS ***
Dealt to Dorex2007 [Kc 3c]
kolobok895: calls $0.02
MrEntsMan: folds 
TaxedToDeath joins the table at seat #9 
Seuchenprinz: folds 
carreguz: folds 
Dorex2007: folds 
den150581: folds 
LicciardoBR: calls $0.01
pvd44443: checks 
*** FLOP *** [6d Kh 9c]
LicciardoBR: checks 
pvd44443: checks 
carreguz leaves the table
kolobok895: bets $0.02
LicciardoBR: calls $0.02
pvd44443: folds 
*** TURN *** [6d Kh 9c] [Qs]
LicciardoBR: checks 
kolobok895: bets $0.10
LicciardoBR: calls $0.10
*** RIVER *** [6d Kh 9c Qs] [Ad]
LicciardoBR: checks 
kolobok895: bets $0.29
bloody55hawk joins the table at seat #2 
LicciardoBR: folds 
Uncalled bet ($0.29) returned to kolobok895
kolobok895 collected $0.29 from pot
kolobok895: doesn't show hand 
*** SUMMARY ***
Total pot $0.30 | Rake $0.01 
Board [6d Kh 9c Qs Ad]
Seat 1: Seuchenprinz folded before Flop (didn't bet)
Seat 2: carreguz folded before Flop (didn't bet)
Seat 3: Dorex2007 folded before Flop (didn't bet)
Seat 4: den150581 (button) folded before Flop (didn't bet)
Seat 5: LicciardoBR (small blind) folded on the River
Seat 6: pvd44443 (big blind) folded on the Flop
Seat 7: kolobok895 collected ($0.29)
Seat 8: MrEntsMan folded before Flop (didn't bet)



PokerStars Hand #230390464144:  Hold'em No Limit ($0.01/$0.02 USD) - 2021/10/05 23:02:32 PT [2021/10/06 2:02:32 ET]
Table 'Atria III' 9-max Seat #5 is the button
Seat 1: Seuchenprinz ($1.47 in chips) 
Seat 3: Dorex2007 ($2.61 in chips) 
Seat 4: den150581 ($1.58 in chips) 
Seat 5: LicciardoBR ($1.95 in chips) 
Seat 6: pvd44443 ($1.89 in chips) 
Seat 7: kolobok895 ($1.06 in chips) 
Seat 8: MrEntsMan ($3.75 in chips) 
pvd44443: posts small blind $0.01
kolobok895: posts big blind $0.02
TaxedToDeath: sits out 
bloody55hawk: sits out 
*** HOLE CARDS ***
Dealt to Dorex2007 [4s 4d]
MrEntsMan: raises $0.04 to $0.06
Seuchenprinz: folds 
Dorex2007: calls $0.06
den150581: folds 
LicciardoBR: folds 
pvd44443: folds 
kolobok895: folds 
*** FLOP *** [Tc 9d Qh]
MrEntsMan: bets $0.07
Dorex2007: folds 
Uncalled bet ($0.07) returned to MrEntsMan
MrEntsMan collected $0.14 from pot
MrEntsMan: doesn't show hand 
*** SUMMARY ***
Total pot $0.15 | Rake $0.01 
Board [Tc 9d Qh]
Seat 1: Seuchenprinz folded before Flop (didn't bet)
Seat 3: Dorex2007 folded on the Flop
Seat 4: den150581 folded before Flop (didn't bet)
Seat 5: LicciardoBR (button) folded before Flop (didn't bet)
Seat 6: pvd44443 (small blind) folded before Flop
Seat 7: kolobok895 (big blind) folded before Flop
Seat 8: MrEntsMan collected ($0.14)



PokerStars Hand #230390467339:  Hold'em No Limit ($0.01/$0.02 USD) - 2021/10/05 23:02:58 PT [2021/10/06 2:02:58 ET]
Table 'Atria III' 9-max Seat #6 is the button
Seat 1: Seuchenprinz ($1.47 in chips) 
Seat 3: Dorex2007 ($2.55 in chips) 
Seat 4: den150581 ($1.58 in chips) 
Seat 5: LicciardoBR ($1.95 in chips) 
Seat 6: pvd44443 ($1.88 in chips) 
Seat 7: kolobok895 ($1.04 in chips) 
Seat 9: TaxedToDeath ($2 in chips) 
kolobok895: posts small blind $0.01
MrEntsMan: is sitting out 
TaxedToDeath: posts big blind $0.02
bloody55hawk: sits out 
*** HOLE CARDS ***
Dealt to Dorex2007 [6d Jd]
Seuchenprinz: folds 
Dorex2007: folds 
den150581: folds 
MrEntsMan leaves the table
LicciardoBR has timed out
LicciardoBR: folds 
pvd44443: folds 
aggiaggiaggi joins the table at seat #8 
kolobok895: calls $0.01
TaxedToDeath: checks 
*** FLOP *** [2d 9s 8h]
kolobok895: checks 
TaxedToDeath: checks 
*** TURN *** [2d 9s 8h] [3s]
kolobok895: bets $0.02
TaxedToDeath: calls $0.02
*** RIVER *** [2d 9s 8h 3s] [7c]
kolobok895: checks 
TaxedToDeath: bets $0.02
kolobok895: calls $0.02
*** SHOW DOWN ***
TaxedToDeath: shows [3d 2c] (two pair, Threes and Deuces)
kolobok895: mucks hand 
TaxedToDeath collected $0.12 from pot
*** SUMMARY ***
Total pot $0.12 | Rake $0 
Board [2d 9s 8h 3s 7c]
Seat 1: Seuchenprinz folded before Flop (didn't bet)
Seat 3: Dorex2007 folded before Flop (didn't bet)
Seat 4: den150581 folded before Flop (didn't bet)
Seat 5: LicciardoBR folded before Flop (didn't bet)
Seat 6: pvd44443 (button) folded before Flop (didn't bet)
Seat 7: kolobok895 (small blind) mucked [Qs 9h]
Seat 9: TaxedToDeath (big blind) showed [3d 2c] and won ($0.12) with two pair, Threes and Deuces



PokerStars Hand #230390473969:  Hold'em No Limit ($0.01/$0.02 USD) - 2021/10/05 23:03:49 PT [2021/10/06 2:03:49 ET]
Table 'Atria III' 9-max Seat #7 is the button
Seat 1: Seuchenprinz ($1.47 in chips) 
Seat 3: Dorex2007 ($2.55 in chips) 
Seat 4: den150581 ($1.58 in chips) 
Seat 6: pvd44443 ($2 in chips) 
Seat 7: kolobok895 ($0.98 in chips) 
Seat 9: TaxedToDeath ($2.06 in chips) 
TaxedToDeath: posts small blind $0.01
Seuchenprinz: posts big blind $0.02
bloody55hawk: sits out 
*** HOLE CARDS ***
Dealt to Dorex2007 [4d Kh]
Dorex2007 has timed out
Dorex2007: folds 
den150581: folds 
pvd44443: folds 
kolobok895: calls $0.02
TaxedToDeath: calls $0.01
Seuchenprinz: checks 
*** FLOP *** [Qs 3s 8h]
TaxedToDeath: checks 
Seuchenprinz: checks 
kolobok895: checks 
*** TURN *** [Qs 3s 8h] [Jd]
TaxedToDeath: checks 
Seuchenprinz: checks 
kolobok895: bets $0.04
TaxedToDeath: folds 
Seuchenprinz: folds 
Uncalled bet ($0.04) returned to kolobok895
kolobok895 collected $0.06 from pot
kolobok895: doesn't show hand 
*** SUMMARY ***
Total pot $0.06 | Rake $0 
Board [Qs 3s 8h Jd]
Seat 1: Seuchenprinz (big blind) folded on the Turn
Seat 3: Dorex2007 folded before Flop (didn't bet)
Seat 4: den150581 folded before Flop (didn't bet)
Seat 6: pvd44443 folded before Flop (didn't bet)
Seat 7: kolobok895 (button) collected ($0.06)
Seat 9: TaxedToDeath (small blind) folded on the Turn



PokerStars Hand #230390478995:  Hold'em No Limit ($0.01/$0.02 USD) - 2021/10/05 23:04:28 PT [2021/10/06 2:04:28 ET]
Table 'Atria III' 9-max Seat #9 is the button
Seat 1: Seuchenprinz ($1.45 in chips) 
Seat 2: bloody55hawk ($0.80 in chips) 
Seat 3: Dorex2007 ($2.55 in chips) 
Seat 4: den150581 ($1.58 in chips) 
Seat 5: LicciardoBR ($1.95 in chips) 
Seat 6: pvd44443 ($2 in chips) 
Seat 7: kolobok895 ($1.02 in chips) 
Seat 9: TaxedToDeath ($2.04 in chips) 
Seuchenprinz: posts small blind $0.01
bloody55hawk: posts big blind $0.02
aggiaggiaggi: sits out 
*** HOLE CARDS ***
Dealt to Dorex2007 [5h 8c]
Dorex2007: folds 
den150581: folds 
LicciardoBR: folds 
pvd44443: folds 
kolobok895: folds 
kolobok895 leaves the table
TaxedToDeath: folds 
lk-29_13 joins the table at seat #7 
Seuchenprinz: calls $0.01
bloody55hawk: checks 
*** FLOP *** [4c 3h 6s]
Seuchenprinz: checks 
bloody55hawk: checks 
*** TURN *** [4c 3h 6s] [4h]
Seuchenprinz: checks 
bloody55hawk: bets $0.04
Seuchenprinz: calls $0.04
*** RIVER *** [4c 3h 6s 4h] [Ts]
Seuchenprinz: checks 
bloody55hawk: bets $0.06
Seuchenprinz: folds 
Uncalled bet ($0.06) returned to bloody55hawk
bloody55hawk collected $0.12 from pot
bloody55hawk: doesn't show hand 
*** SUMMARY ***
Total pot $0.12 | Rake $0 
Board [4c 3h 6s 4h Ts]
Seat 1: Seuchenprinz (small blind) folded on the River
Seat 2: bloody55hawk (big blind) collected ($0.12)
Seat 3: Dorex2007 folded before Flop (didn't bet)
Seat 4: den150581 folded before Flop (didn't bet)
Seat 5: LicciardoBR folded before Flop (didn't bet)
Seat 6: pvd44443 folded before Flop (didn't bet)
Seat 7: kolobok895 folded before Flop (didn't bet)
Seat 9: TaxedToDeath (button) folded before Flop (didn't bet)



PokerStars Hand #230390486466:  Hold'em No Limit ($0.01/$0.02 USD) - 2021/10/05 23:05:27 PT [2021/10/06 2:05:27 ET]
Table 'Atria III' 9-max Seat #1 is the button
Seat 1: Seuchenprinz ($1.39 in chips) 
Seat 2: bloody55hawk ($0.86 in chips) 
Seat 3: Dorex2007 ($2.55 in chips) 
Seat 4: den150581 ($1.58 in chips) 
Seat 5: LicciardoBR ($1.95 in chips) 
Seat 6: pvd44443 ($2 in chips) 
Seat 7: lk-29_13 ($1.60 in chips) 
Seat 9: TaxedToDeath ($2.04 in chips) 
bloody55hawk: posts small blind $0.01
Dorex2007: posts big blind $0.02
lk-29_13: posts big blind $0.02
aggiaggiaggi: sits out 
*** HOLE CARDS ***
Dealt to Dorex2007 [8c 3c]
den150581: folds 
LicciardoBR: folds 
pvd44443: folds 
lk-29_13: raises $0.04 to $0.06
TaxedToDeath: folds 
Seuchenprinz: folds 
bloody55hawk: folds 
Dorex2007: folds 
Uncalled bet ($0.04) returned to lk-29_13
lk-29_13 collected $0.05 from pot
lk-29_13: doesn't show hand 
*** SUMMARY ***
Total pot $0.05 | Rake $0 
Seat 1: Seuchenprinz (button) folded before Flop (didn't bet)
Seat 2: bloody55hawk (small blind) folded before Flop
Seat 3: Dorex2007 (big blind) folded before Flop
Seat 4: den150581 folded before Flop (didn't bet)
Seat 5: LicciardoBR folded before Flop (didn't bet)
Seat 6: pvd44443 folded before Flop (didn't bet)
Seat 7: lk-29_13 collected ($0.05)
Seat 9: TaxedToDeath folded before Flop (didn't bet)



PokerStars Hand #230390489410:  Hold'em No Limit ($0.01/$0.02 USD) - 2021/10/05 23:05:50 PT [2021/10/06 2:05:50 ET]
Table 'Atria III' 9-max Seat #2 is the button
Seat 1: Seuchenprinz ($1.39 in chips) 
Seat 2: bloody55hawk ($0.85 in chips) 
Seat 3: Dorex2007 ($2.53 in chips) 
Seat 4: den150581 ($1.58 in chips) 
Seat 5: LicciardoBR ($1.95 in chips) 
Seat 6: pvd44443 ($2 in chips) 
Seat 7: lk-29_13 ($1.63 in chips) 
Seat 9: TaxedToDeath ($2.04 in chips) 
Dorex2007: posts small blind $0.01
den150581: posts big blind $0.02
aggiaggiaggi: sits out 
*** HOLE CARDS ***
Dealt to Dorex2007 [2d Qd]
LicciardoBR: folds 
pvd44443: folds 
lk-29_13: folds 
TaxedToDeath: folds 
Seuchenprinz has timed out
Seuchenprinz: folds 
bloody55hawk: folds 
Dorex2007: folds 
Uncalled bet ($0.01) returned to den150581
den150581 collected $0.02 from pot
*** SUMMARY ***
Total pot $0.02 | Rake $0 
Seat 1: Seuchenprinz folded before Flop (didn't bet)
Seat 2: bloody55hawk (button) folded before Flop (didn't bet)
Seat 3: Dorex2007 (small blind) folded before Flop
Seat 4: den150581 (big blind) collected ($0.02)
Seat 5: LicciardoBR folded before Flop (didn't bet)
Seat 6: pvd44443 folded before Flop (didn't bet)
Seat 7: lk-29_13 folded before Flop (didn't bet)
Seat 9: TaxedToDeath folded before Flop (didn't bet)



PokerStars Hand #230390492048:  Hold'em No Limit ($0.01/$0.02 USD) - 2021/10/05 23:06:11 PT [2021/10/06 2:06:11 ET]
Table 'Atria III' 9-max Seat #3 is the button
Seat 1: Seuchenprinz ($1.39 in chips) 
Seat 2: bloody55hawk ($0.85 in chips) 
Seat 3: Dorex2007 ($2.52 in chips) 
Seat 4: den150581 ($1.59 in chips) 
Seat 5: LicciardoBR ($2 in chips) 
Seat 6: pvd44443 ($2 in chips) 
Seat 7: lk-29_13 ($1.63 in chips) 
Seat 9: TaxedToDeath ($2.04 in chips) 
den150581: posts small blind $0.01
LicciardoBR: posts big blind $0.02
aggiaggiaggi: sits out 
*** HOLE CARDS ***
Dealt to Dorex2007 [7c 8s]
pvd44443 has timed out
pvd44443: folds 
lk-29_13: raises $0.06 to $0.08
TaxedToDeath: folds 
Seuchenprinz: folds 
bloody55hawk: calls $0.08
Dorex2007: folds 
den150581: folds 
LicciardoBR: folds 
*** FLOP *** [8h Th 3h]
lk-29_13: bets $0.15
bloody55hawk: folds 
Uncalled bet ($0.15) returned to lk-29_13
lk-29_13 collected $0.18 from pot
lk-29_13: doesn't show hand 
*** SUMMARY ***
Total pot $0.19 | Rake $0.01 
Board [8h Th 3h]
Seat 1: Seuchenprinz folded before Flop (didn't bet)
Seat 2: bloody55hawk folded on the Flop
Seat 3: Dorex2007 (button) folded before Flop (didn't bet)
Seat 4: den150581 (small blind) folded before Flop
Seat 5: LicciardoBR (big blind) folded before Flop
Seat 6: pvd44443 folded before Flop (didn't bet)
Seat 7: lk-29_13 collected ($0.18)
Seat 9: TaxedToDeath folded before Flop (didn't bet)



PokerStars Hand #230390497336:  Hold'em No Limit ($0.01/$0.02 USD) - 2021/10/05 23:06:51 PT [2021/10/06 2:06:51 ET]
Table 'Atria III' 9-max Seat #4 is the button
Seat 1: Seuchenprinz ($1.39 in chips) 
Seat 2: bloody55hawk ($0.80 in chips) 
Seat 3: Dorex2007 ($2.52 in chips) 
Seat 4: den150581 ($1.58 in chips) 
Seat 5: LicciardoBR ($1.98 in chips) 
Seat 6: pvd44443 ($2 in chips) 
Seat 7: lk-29_13 ($1.73 in chips) 
Seat 9: TaxedToDeath ($2.04 in chips) 
LicciardoBR: posts small blind $0.01
pvd44443: posts big blind $0.02
aggiaggiaggi: sits out 
*** HOLE CARDS ***
Dealt to Dorex2007 [Td 2h]
lk-29_13: folds 
TaxedToDeath: folds 
Seuchenprinz: folds 
bloody55hawk: folds 
Dorex2007: folds 
den150581: raises $0.02 to $0.04
LicciardoBR: raises $0.12 to $0.16
pvd44443: folds 
den150581: folds 
Uncalled bet ($0.12) returned to LicciardoBR
LicciardoBR collected $0.10 from pot
LicciardoBR: doesn't show hand 
*** SUMMARY ***
Total pot $0.10 | Rake $0 
Seat 1: Seuchenprinz folded before Flop (didn't bet)
Seat 2: bloody55hawk folded before Flop (didn't bet)
Seat 3: Dorex2007 folded before Flop (didn't bet)
Seat 4: den150581 (button) folded before Flop
Seat 5: LicciardoBR (small blind) collected ($0.10)
Seat 6: pvd44443 (big blind) folded before Flop
Seat 7: lk-29_13 folded before Flop (didn't bet)
Seat 9: TaxedToDeath folded before Flop (didn't bet)



PokerStars Hand #230390501018:  Hold'em No Limit ($0.01/$0.02 USD) - 2021/10/05 23:07:20 PT [2021/10/06 2:07:20 ET]
Table 'Atria III' 9-max Seat #5 is the button
Seat 1: Seuchenprinz ($1.39 in chips) 
Seat 2: bloody55hawk ($0.80 in chips) 
Seat 3: Dorex2007 ($2.52 in chips) 
Seat 4: den150581 ($1.54 in chips) 
Seat 5: LicciardoBR ($2.04 in chips) 
Seat 6: pvd44443 ($1.98 in chips) 
Seat 7: lk-29_13 ($1.73 in chips) 
Seat 9: TaxedToDeath ($2.04 in chips) 
pvd44443: posts small blind $0.01
lk-29_13: posts big blind $0.02
aggiaggiaggi: sits out 
*** HOLE CARDS ***
Dealt to Dorex2007 [Jd Ad]
TaxedToDeath: folds 
Seuchenprinz: folds 
bloody55hawk: folds 
Dorex2007: raises $0.04 to $0.06
den150581: folds 
LicciardoBR: folds 
pvd44443: folds 
lk-29_13: calls $0.04
*** FLOP *** [8d 3s 8s]
lk-29_13: checks 
Dorex2007: checks 
*** TURN *** [8d 3s 8s] [6h]
lk-29_13: checks 
Dorex2007: bets $0.09
lk-29_13: folds 
Uncalled bet ($0.09) returned to Dorex2007
Dorex2007 collected $0.13 from pot
Dorex2007: doesn't show hand 
*** SUMMARY ***
Total pot $0.13 | Rake $0 
Board [8d 3s 8s 6h]
Seat 1: Seuchenprinz folded before Flop (didn't bet)
Seat 2: bloody55hawk folded before Flop (didn't bet)
Seat 3: Dorex2007 collected ($0.13)
Seat 4: den150581 folded before Flop (didn't bet)
Seat 5: LicciardoBR (button) folded before Flop (didn't bet)
Seat 6: pvd44443 (small blind) folded before Flop
Seat 7: lk-29_13 (big blind) folded on the Turn
Seat 9: TaxedToDeath folded before Flop (didn't bet)



PokerStars Hand #230390505323:  Hold'em No Limit ($0.01/$0.02 USD) - 2021/10/05 23:07:53 PT [2021/10/06 2:07:53 ET]
Table 'Atria III' 9-max Seat #6 is the button
Seat 1: Seuchenprinz ($1.39 in chips) 
Seat 2: bloody55hawk ($0.80 in chips) 
Seat 3: Dorex2007 ($2.59 in chips) 
Seat 4: den150581 ($1.54 in chips) 
Seat 5: LicciardoBR ($2.04 in chips) 
Seat 6: pvd44443 ($1.97 in chips) 
Seat 7: lk-29_13 ($1.67 in chips) 
Seat 8: aggiaggiaggi ($2 in chips) 
Seat 9: TaxedToDeath ($2.04 in chips) 
lk-29_13: posts small blind $0.01
aggiaggiaggi: posts big blind $0.02
*** HOLE CARDS ***
Dealt to Dorex2007 [2c Js]
TaxedToDeath: folds 
Seuchenprinz: folds 
bloody55hawk: folds 
Dorex2007: folds 
den150581: raises $0.02 to $0.04
LicciardoBR: folds 
pvd44443: folds 
lk-29_13: calls $0.03
aggiaggiaggi: calls $0.02
*** FLOP *** [7c Qs 4h]
lk-29_13: bets $0.06
aggiaggiaggi: folds 
den150581: folds 
Uncalled bet ($0.06) returned to lk-29_13
lk-29_13 collected $0.12 from pot
lk-29_13: doesn't show hand 
*** SUMMARY ***
Total pot $0.12 | Rake $0 
Board [7c Qs 4h]
Seat 1: Seuchenprinz folded before Flop (didn't bet)
Seat 2: bloody55hawk folded before Flop (didn't bet)
Seat 3: Dorex2007 folded before Flop (didn't bet)
Seat 4: den150581 folded on the Flop
Seat 5: LicciardoBR folded before Flop (didn't bet)
Seat 6: pvd44443 (button) folded before Flop (didn't bet)
Seat 7: lk-29_13 (small blind) collected ($0.12)
Seat 8: aggiaggiaggi (big blind) folded on the Flop
Seat 9: TaxedToDeath folded before Flop (didn't bet)



PokerStars Hand #230390511322:  Hold'em No Limit ($0.01/$0.02 USD) - 2021/10/05 23:08:39 PT [2021/10/06 2:08:39 ET]
Table 'Atria III' 9-max Seat #7 is the button
Seat 1: Seuchenprinz ($1.39 in chips) 
Seat 2: bloody55hawk ($0.80 in chips) 
Seat 3: Dorex2007 ($2.59 in chips) 
Seat 4: den150581 ($1.50 in chips) 
Seat 5: LicciardoBR ($2.04 in chips) 
Seat 6: pvd44443 ($1.97 in chips) 
Seat 7: lk-29_13 ($1.75 in chips) 
Seat 8: aggiaggiaggi ($1.96 in chips) 
Seat 9: TaxedToDeath ($2.04 in chips) 
aggiaggiaggi: posts small blind $0.01
TaxedToDeath: posts big blind $0.02
*** HOLE CARDS ***
Dealt to Dorex2007 [Qc Td]
Seuchenprinz: folds 
bloody55hawk: raises $0.04 to $0.06
Dorex2007: folds 
den150581: folds 
LicciardoBR: folds 
pvd44443: folds 
lk-29_13: calls $0.06
aggiaggiaggi: raises $0.12 to $0.18
TaxedToDeath: folds 
bloody55hawk: folds 
lk-29_13: folds 
Uncalled bet ($0.12) returned to aggiaggiaggi
aggiaggiaggi collected $0.20 from pot
aggiaggiaggi: doesn't show hand 
*** SUMMARY ***
Total pot $0.20 | Rake $0 
Seat 1: Seuchenprinz folded before Flop (didn't bet)
Seat 2: bloody55hawk folded before Flop
Seat 3: Dorex2007 folded before Flop (didn't bet)
Seat 4: den150581 folded before Flop (didn't bet)
Seat 5: LicciardoBR folded before Flop (didn't bet)
Seat 6: pvd44443 folded before Flop (didn't bet)
Seat 7: lk-29_13 (button) folded before Flop
Seat 8: aggiaggiaggi (small blind) collected ($0.20)
Seat 9: TaxedToDeath (big blind) folded before Flop



PokerStars Hand #230390515223:  Hold'em No Limit ($0.01/$0.02 USD) - 2021/10/05 23:09:09 PT [2021/10/06 2:09:09 ET]
Table 'Atria III' 9-max Seat #8 is the button
Seat 1: Seuchenprinz ($1.39 in chips) 
Seat 2: bloody55hawk ($0.80 in chips) 
Seat 3: Dorex2007 ($2.59 in chips) 
Seat 4: den150581 ($1.50 in chips) 
Seat 5: LicciardoBR ($2.04 in chips) 
Seat 6: pvd44443 ($1.97 in chips) 
Seat 7: lk-29_13 ($1.69 in chips) 
Seat 8: aggiaggiaggi ($2.10 in chips) 
Seat 9: TaxedToDeath ($2.02 in chips) 
TaxedToDeath: posts small blind $0.01
Seuchenprinz: posts big blind $0.02
*** HOLE CARDS ***
Dealt to Dorex2007 [4d 7d]
bloody55hawk: folds 
Dorex2007: folds 
den150581: raises $0.02 to $0.04
LicciardoBR: folds 
pvd44443: folds 
lk-29_13: calls $0.04
aggiaggiaggi: folds 
TaxedToDeath: calls $0.03
Seuchenprinz: calls $0.02
*** FLOP *** [5c As 7s]
TaxedToDeath: checks 
Seuchenprinz: checks 
den150581: checks 
lk-29_13: checks 
*** TURN *** [5c As 7s] [Js]
TaxedToDeath: checks 
Seuchenprinz: checks 
den150581: bets $0.08
lk-29_13: calls $0.08
TaxedToDeath: calls $0.08
Seuchenprinz: folds 
*** RIVER *** [5c As 7s Js] [Tc]
TaxedToDeath: checks 
den150581: checks 
lk-29_13: bets $0.25
TaxedToDeath: calls $0.25
den150581: calls $0.25
*** SHOW DOWN ***
lk-29_13: shows [4h Ad] (a pair of Aces)
TaxedToDeath: shows [Ah Kd] (a pair of Aces - King kicker)
den150581: shows [Jh Jd] (three of a kind, Jacks)
den150581 collected $1.11 from pot
*** SUMMARY ***
Total pot $1.15 | Rake $0.04 
Board [5c As 7s Js Tc]
Seat 1: Seuchenprinz (big blind) folded on the Turn
Seat 2: bloody55hawk folded before Flop (didn't bet)
Seat 3: Dorex2007 folded before Flop (didn't bet)
Seat 4: den150581 showed [Jh Jd] and won ($1.11) with three of a kind, Jacks
Seat 5: LicciardoBR folded before Flop (didn't bet)
Seat 6: pvd44443 folded before Flop (didn't bet)
Seat 7: lk-29_13 showed [4h Ad] and lost with a pair of Aces
Seat 8: aggiaggiaggi (button) folded before Flop (didn't bet)
Seat 9: TaxedToDeath (small blind) showed [Ah Kd] and lost with a pair of Aces



PokerStars Hand #230390525486:  Hold'em No Limit ($0.01/$0.02 USD) - 2021/10/05 23:10:28 PT [2021/10/06 2:10:28 ET]
Table 'Atria III' 9-max Seat #9 is the button
Seat 1: Seuchenprinz ($1.35 in chips) 
Seat 2: bloody55hawk ($0.80 in chips) 
Seat 3: Dorex2007 ($2.59 in chips) 
Seat 4: den150581 ($2.24 in chips) 
Seat 5: LicciardoBR ($2.04 in chips) 
Seat 6: pvd44443 ($1.97 in chips) 
Seat 7: lk-29_13 ($1.32 in chips) 
Seat 8: aggiaggiaggi ($2.10 in chips) 
Seat 9: TaxedToDeath ($1.65 in chips) 
Seuchenprinz: posts small blind $0.01
bloody55hawk: posts big blind $0.02
*** HOLE CARDS ***
Dealt to Dorex2007 [6c Qh]
Dorex2007: folds 
den150581: folds 
LicciardoBR: folds 
pvd44443: folds 
lk-29_13: folds 
aggiaggiaggi: raises $0.04 to $0.06
TaxedToDeath: calls $0.06
Seuchenprinz: folds 
bloody55hawk has timed out
bloody55hawk: folds 
*** FLOP *** [Ah Qs Jc]
aggiaggiaggi: bets $0.08
TaxedToDeath: calls $0.08
*** TURN *** [Ah Qs Jc] [5h]
aggiaggiaggi: checks 
TaxedToDeath: checks 
*** RIVER *** [Ah Qs Jc 5h] [Ts]
aggiaggiaggi: checks 
TaxedToDeath: bets $0.10
aggiaggiaggi: calls $0.10
*** SHOW DOWN ***
TaxedToDeath: shows [Kd 8d] (a straight, Ten to Ace)
aggiaggiaggi: mucks hand 
TaxedToDeath collected $0.49 from pot
*** SUMMARY ***
Total pot $0.51 | Rake $0.02 
Board [Ah Qs Jc 5h Ts]
Seat 1: Seuchenprinz (small blind) folded before Flop
Seat 2: bloody55hawk (big blind) folded before Flop
Seat 3: Dorex2007 folded before Flop (didn't bet)
Seat 4: den150581 folded before Flop (didn't bet)
Seat 5: LicciardoBR folded before Flop (didn't bet)
Seat 6: pvd44443 folded before Flop (didn't bet)
Seat 7: lk-29_13 folded before Flop (didn't bet)
Seat 8: aggiaggiaggi mucked [Qd Tc]
Seat 9: TaxedToDeath (button) showed [Kd 8d] and won ($0.49) with a straight, Ten to Ace



PokerStars Hand #230390537079:  Hold'em No Limit ($0.01/$0.02 USD) - 2021/10/05 23:11:58 PT [2021/10/06 2:11:58 ET]
Table 'Atria III' 9-max Seat #1 is the button
Seat 1: Seuchenprinz ($1.34 in chips) 
Seat 2: bloody55hawk ($0.80 in chips) 
Seat 3: Dorex2007 ($2.59 in chips) 
Seat 4: den150581 ($2.24 in chips) 
Seat 5: LicciardoBR ($2.04 in chips) 
Seat 6: pvd44443 ($1.97 in chips) 
Seat 7: lk-29_13 ($1.32 in chips) 
Seat 8: aggiaggiaggi ($1.86 in chips) 
Seat 9: TaxedToDeath ($1.90 in chips) 
bloody55hawk: posts small blind $0.01
Dorex2007: posts big blind $0.02
*** HOLE CARDS ***
Dealt to Dorex2007 [Kc 8d]
den150581: folds 
LicciardoBR: folds 
pvd44443: folds 
lk-29_13: raises $0.08 to $0.10
aggiaggiaggi: folds 
TaxedToDeath: folds 
Seuchenprinz: folds 
bloody55hawk: folds 
Dorex2007: folds 
Uncalled bet ($0.08) returned to lk-29_13
lk-29_13 collected $0.05 from pot
lk-29_13: doesn't show hand 
*** SUMMARY ***
Total pot $0.05 | Rake $0 
Seat 1: Seuchenprinz (button) folded before Flop (didn't bet)
Seat 2: bloody55hawk (small blind) folded before Flop
Seat 3: Dorex2007 (big blind) folded before Flop
Seat 4: den150581 folded before Flop (didn't bet)
Seat 5: LicciardoBR folded before Flop (didn't bet)
Seat 6: pvd44443 folded before Flop (didn't bet)
Seat 7: lk-29_13 collected ($0.05)
Seat 8: aggiaggiaggi folded before Flop (didn't bet)
Seat 9: TaxedToDeath folded before Flop (didn't bet)



PokerStars Hand #230390540053:  Hold'em No Limit ($0.01/$0.02 USD) - 2021/10/05 23:12:20 PT [2021/10/06 2:12:20 ET]
Table 'Atria III' 9-max Seat #2 is the button
Seat 1: Seuchenprinz ($1.34 in chips) 
Seat 2: bloody55hawk ($0.80 in chips) 
Seat 3: Dorex2007 ($2.57 in chips) 
Seat 4: den150581 ($2.24 in chips) 
Seat 5: LicciardoBR ($2.04 in chips) 
Seat 6: pvd44443 ($1.97 in chips) 
Seat 7: lk-29_13 ($1.35 in chips) 
Seat 8: aggiaggiaggi ($1.86 in chips) 
Seat 9: TaxedToDeath ($1.90 in chips) 
Dorex2007: posts small blind $0.01
den150581: posts big blind $0.02
*** HOLE CARDS ***
Dealt to Dorex2007 [Th 4c]
LicciardoBR: folds 
pvd44443: folds 
lk-29_13: folds 
aggiaggiaggi: raises $0.04 to $0.06
TaxedToDeath: folds 
Seuchenprinz: folds 
bloody55hawk: raises $0.74 to $0.80 and is all-in
Dorex2007: folds 
den150581: folds 
aggiaggiaggi: folds 
Uncalled bet ($0.74) returned to bloody55hawk
bloody55hawk collected $0.15 from pot
bloody55hawk: doesn't show hand 
*** SUMMARY ***
Total pot $0.15 | Rake $0 
Seat 1: Seuchenprinz folded before Flop (didn't bet)
Seat 2: bloody55hawk (button) collected ($0.15)
Seat 3: Dorex2007 (small blind) folded before Flop
Seat 4: den150581 (big blind) folded before Flop
Seat 5: LicciardoBR folded before Flop (didn't bet)
Seat 6: pvd44443 folded before Flop (didn't bet)
Seat 7: lk-29_13 folded before Flop (didn't bet)
Seat 8: aggiaggiaggi folded before Flop
Seat 9: TaxedToDeath folded before Flop (didn't bet)



PokerStars Hand #230390542992:  Hold'em No Limit ($0.01/$0.02 USD) - 2021/10/05 23:12:43 PT [2021/10/06 2:12:43 ET]
Table 'Atria III' 9-max Seat #3 is the button
Seat 1: Seuchenprinz ($1.34 in chips) 
Seat 2: bloody55hawk ($0.89 in chips) 
Seat 3: Dorex2007 ($2.56 in chips) 
Seat 4: den150581 ($2.22 in chips) 
Seat 5: LicciardoBR ($2.04 in chips) 
Seat 6: pvd44443 ($1.97 in chips) 
Seat 7: lk-29_13 ($1.35 in chips) 
Seat 8: aggiaggiaggi ($1.80 in chips) 
Seat 9: TaxedToDeath ($1.90 in chips) 
den150581: posts small blind $0.01
LicciardoBR: posts big blind $0.02
*** HOLE CARDS ***
Dealt to Dorex2007 [Ad 3s]
pvd44443: folds 
lk-29_13: raises $0.04 to $0.06
aggiaggiaggi: folds 
TaxedToDeath: folds 
Seuchenprinz: calls $0.06
bloody55hawk: folds 
Dorex2007: folds 
den150581: raises $0.48 to $0.54
LicciardoBR: folds 
lk-29_13: folds 
Seuchenprinz: folds 
Uncalled bet ($0.48) returned to den150581
den150581 collected $0.20 from pot
*** SUMMARY ***
Total pot $0.20 | Rake $0 
Seat 1: Seuchenprinz folded before Flop
Seat 2: bloody55hawk folded before Flop (didn't bet)
Seat 3: Dorex2007 (button) folded before Flop (didn't bet)
Seat 4: den150581 (small blind) collected ($0.20)
Seat 5: LicciardoBR (big blind) folded before Flop
Seat 6: pvd44443 folded before Flop (didn't bet)
Seat 7: lk-29_13 folded before Flop
Seat 8: aggiaggiaggi folded before Flop (didn't bet)
Seat 9: TaxedToDeath folded before Flop (didn't bet)



PokerStars Hand #230390547561:  Hold'em No Limit ($0.01/$0.02 USD) - 2021/10/05 23:13:19 PT [2021/10/06 2:13:19 ET]
Table 'Atria III' 9-max Seat #4 is the button
Seat 1: Seuchenprinz ($1.28 in chips) 
Seat 2: bloody55hawk ($0.89 in chips) 
Seat 3: Dorex2007 ($2.56 in chips) 
Seat 4: den150581 ($2.36 in chips) 
Seat 5: LicciardoBR ($2.02 in chips) 
Seat 6: pvd44443 ($1.97 in chips) 
Seat 7: lk-29_13 ($1.29 in chips) 
Seat 8: aggiaggiaggi ($1.80 in chips) 
Seat 9: TaxedToDeath ($2 in chips) 
LicciardoBR: posts small blind $0.01
pvd44443: posts big blind $0.02
*** HOLE CARDS ***
Dealt to Dorex2007 [Kd 3c]
lk-29_13: raises $0.04 to $0.06
aggiaggiaggi: folds 
TaxedToDeath: folds 
Seuchenprinz: folds 
bloody55hawk: folds 
Dorex2007: folds 
den150581: folds 
LicciardoBR: folds 
pvd44443: folds 
Uncalled bet ($0.04) returned to lk-29_13
lk-29_13 collected $0.05 from pot
lk-29_13: doesn't show hand 
*** SUMMARY ***
Total pot $0.05 | Rake $0 
Seat 1: Seuchenprinz folded before Flop (didn't bet)
Seat 2: bloody55hawk folded before Flop (didn't bet)
Seat 3: Dorex2007 folded before Flop (didn't bet)
Seat 4: den150581 (button) folded before Flop (didn't bet)
Seat 5: LicciardoBR (small blind) folded before Flop
Seat 6: pvd44443 (big blind) folded before Flop
Seat 7: lk-29_13 collected ($0.05)
Seat 8: aggiaggiaggi folded before Flop (didn't bet)
Seat 9: TaxedToDeath folded before Flop (didn't bet)



PokerStars Hand #230390549461:  Hold'em No Limit ($0.01/$0.02 USD) - 2021/10/05 23:13:33 PT [2021/10/06 2:13:33 ET]
Table 'Atria III' 9-max Seat #5 is the button
Seat 1: Seuchenprinz ($1.28 in chips) 
Seat 2: bloody55hawk ($0.89 in chips) 
Seat 3: Dorex2007 ($2.56 in chips) 
Seat 4: den150581 ($2.36 in chips) 
Seat 5: LicciardoBR ($2.01 in chips) 
Seat 6: pvd44443 ($1.95 in chips) 
Seat 7: lk-29_13 ($1.32 in chips) 
Seat 8: aggiaggiaggi ($1.80 in chips) 
Seat 9: TaxedToDeath ($2 in chips) 
pvd44443: posts small blind $0.01
lk-29_13: posts big blind $0.02
*** HOLE CARDS ***
Dealt to Dorex2007 [Th 5c]
aggiaggiaggi: raises $0.04 to $0.06
TaxedToDeath: folds 
Seuchenprinz: folds 
bloody55hawk: folds 
Dorex2007: folds 
den150581: folds 
LicciardoBR: calls $0.06
pvd44443: folds 
lk-29_13: calls $0.04
*** FLOP *** [9h As Kc]
lk-29_13: checks 
aggiaggiaggi: bets $0.10
LicciardoBR: calls $0.10
lk-29_13: folds 
*** TURN *** [9h As Kc] [Qd]
aggiaggiaggi: bets $0.18
LicciardoBR: calls $0.18
*** RIVER *** [9h As Kc Qd] [8s]
aggiaggiaggi: checks 
LicciardoBR: checks 
*** SHOW DOWN ***
aggiaggiaggi: shows [Ac 9d] (two pair, Aces and Nines)
LicciardoBR: mucks hand 
aggiaggiaggi collected $0.72 from pot
*** SUMMARY ***
Total pot $0.75 | Rake $0.03 
Board [9h As Kc Qd 8s]
Seat 1: Seuchenprinz folded before Flop (didn't bet)
Seat 2: bloody55hawk folded before Flop (didn't bet)
Seat 3: Dorex2007 folded before Flop (didn't bet)
Seat 4: den150581 folded before Flop (didn't bet)
Seat 5: LicciardoBR (button) mucked [Js Ks]
Seat 6: pvd44443 (small blind) folded before Flop
Seat 7: lk-29_13 (big blind) folded on the Flop
Seat 8: aggiaggiaggi showed [Ac 9d] and won ($0.72) with two pair, Aces and Nines
Seat 9: TaxedToDeath folded before Flop (didn't bet)



PokerStars Hand #230390559388:  Hold'em No Limit ($0.01/$0.02 USD) - 2021/10/05 23:14:48 PT [2021/10/06 2:14:48 ET]
Table 'Atria III' 9-max Seat #6 is the button
Seat 1: Seuchenprinz ($1.28 in chips) 
Seat 2: bloody55hawk ($0.89 in chips) 
Seat 3: Dorex2007 ($2.56 in chips) 
Seat 4: den150581 ($2.36 in chips) 
Seat 5: LicciardoBR ($1.67 in chips) 
Seat 6: pvd44443 ($1.94 in chips) 
Seat 7: lk-29_13 ($1.26 in chips) 
Seat 9: TaxedToDeath ($2 in chips) 
lk-29_13: posts small blind $0.01
aggiaggiaggi: is sitting out 
TaxedToDeath: posts big blind $0.02
*** HOLE CARDS ***
Dealt to Dorex2007 [3d Ad]
Seuchenprinz: calls $0.02
bloody55hawk: folds 
Dorex2007: folds 
den150581: folds 
LicciardoBR: folds 
pvd44443: folds 
lk-29_13: calls $0.01
TaxedToDeath: checks 
*** FLOP *** [2d 6h 2s]
lk-29_13: checks 
TaxedToDeath: checks 
Seuchenprinz: checks 
*** TURN *** [2d 6h 2s] [9d]
lk-29_13: bets $0.06
TaxedToDeath: folds 
Seuchenprinz: calls $0.06
*** RIVER *** [2d 6h 2s 9d] [Td]
lk-29_13: checks 
Seuchenprinz: bets $0.23
lk-29_13: calls $0.23
*** SHOW DOWN ***
Seuchenprinz: shows [Qh 7h] (a pair of Deuces)
lk-29_13: shows [9s 8d] (two pair, Nines and Deuces)
lk-29_13 collected $0.62 from pot
*** SUMMARY ***
Total pot $0.64 | Rake $0.02 
Board [2d 6h 2s 9d Td]
Seat 1: Seuchenprinz showed [Qh 7h] and lost with a pair of Deuces
Seat 2: bloody55hawk folded before Flop (didn't bet)
Seat 3: Dorex2007 folded before Flop (didn't bet)
Seat 4: den150581 folded before Flop (didn't bet)
Seat 5: LicciardoBR folded before Flop (didn't bet)
Seat 6: pvd44443 (button) folded before Flop (didn't bet)
Seat 7: lk-29_13 (small blind) showed [9s 8d] and won ($0.62) with two pair, Nines and Deuces
Seat 9: TaxedToDeath (big blind) folded on the Turn



PokerStars Hand #230390567067:  Hold'em No Limit ($0.01/$0.02 USD) - 2021/10/05 23:15:46 PT [2021/10/06 2:15:46 ET]
Table 'Atria III' 9-max Seat #7 is the button
Seat 2: bloody55hawk ($0.89 in chips) 
Seat 3: Dorex2007 ($2.56 in chips) 
Seat 4: den150581 ($2.36 in chips) 
Seat 5: LicciardoBR ($2 in chips) 
Seat 6: pvd44443 ($1.94 in chips) 
Seat 7: lk-29_13 ($1.57 in chips) 
Seat 9: TaxedToDeath ($1.98 in chips) 
TaxedToDeath: posts small blind $0.01
Seuchenprinz: is sitting out 
bloody55hawk: posts big blind $0.02
*** HOLE CARDS ***
Dealt to Dorex2007 [Kd 2h]
Dorex2007: folds 
den150581: calls $0.02
LicciardoBR: folds 
pvd44443: folds 
lk-29_13: folds 
Seuchenprinz leaves the table
TaxedToDeath: folds 
bloody55hawk: checks 
*** FLOP *** [2s Qh 8d]
bloody55hawk: checks 
den150581: bets $0.02
bloody55hawk: folds 
Uncalled bet ($0.02) returned to den150581
den150581 collected $0.05 from pot
*** SUMMARY ***
Total pot $0.05 | Rake $0 
Board [2s Qh 8d]
Seat 2: bloody55hawk (big blind) folded on the Flop
Seat 3: Dorex2007 folded before Flop (didn't bet)
Seat 4: den150581 collected ($0.05)
Seat 5: LicciardoBR folded before Flop (didn't bet)
Seat 6: pvd44443 folded before Flop (didn't bet)
Seat 7: lk-29_13 (button) folded before Flop (didn't bet)
Seat 9: TaxedToDeath (small blind) folded before Flop



PokerStars Hand #230390570003:  Hold'em No Limit ($0.01/$0.02 USD) - 2021/10/05 23:16:08 PT [2021/10/06 2:16:08 ET]
Table 'Atria III' 9-max Seat #9 is the button
Seat 2: bloody55hawk ($0.87 in chips) 
Seat 3: Dorex2007 ($2.56 in chips) 
Seat 4: den150581 ($2.39 in chips) 
Seat 5: LicciardoBR ($2 in chips) 
Seat 6: pvd44443 ($1.94 in chips) 
Seat 7: lk-29_13 ($1.57 in chips) 
Seat 8: aggiaggiaggi ($2.18 in chips) 
Seat 9: TaxedToDeath ($1.97 in chips) 
bloody55hawk: posts small blind $0.01
Dorex2007: posts big blind $0.02
aggiaggiaggi: posts small & big blinds $0.03
*** HOLE CARDS ***
Dealt to Dorex2007 [Jd 7h]
BuBaZz442 joins the table at seat #1 
den150581: folds 
LicciardoBR: folds 
pvd44443: folds 
lk-29_13: raises $0.02 to $0.04
aggiaggiaggi: raises $0.12 to $0.16
TaxedToDeath: folds 
bloody55hawk: folds 
Dorex2007: folds 
lk-29_13: folds 
Uncalled bet ($0.12) returned to aggiaggiaggi
aggiaggiaggi collected $0.12 from pot
aggiaggiaggi: doesn't show hand 
*** SUMMARY ***
Total pot $0.12 | Rake $0 
Seat 2: bloody55hawk (small blind) folded before Flop
Seat 3: Dorex2007 (big blind) folded before Flop
Seat 4: den150581 folded before Flop (didn't bet)
Seat 5: LicciardoBR folded before Flop (didn't bet)
Seat 6: pvd44443 folded before Flop (didn't bet)
Seat 7: lk-29_13 folded before Flop
Seat 8: aggiaggiaggi collected ($0.12)
Seat 9: TaxedToDeath (button) folded before Flop (didn't bet)



PokerStars Hand #230390574663:  Hold'em No Limit ($0.01/$0.02 USD) - 2021/10/05 23:16:43 PT [2021/10/06 2:16:43 ET]
Table 'Atria III' 9-max Seat #2 is the button
Seat 1: BuBaZz442 ($1.70 in chips) 
Seat 2: bloody55hawk ($0.86 in chips) 
Seat 3: Dorex2007 ($2.54 in chips) 
Seat 4: den150581 ($2.39 in chips) 
Seat 5: LicciardoBR ($2 in chips) 
Seat 6: pvd44443 ($1.94 in chips) 
Seat 7: lk-29_13 ($1.53 in chips) 
Seat 8: aggiaggiaggi ($2.25 in chips) 
Seat 9: TaxedToDeath ($1.97 in chips) 
Dorex2007: posts small blind $0.01
den150581: posts big blind $0.02
BuBaZz442: posts big blind $0.02
*** HOLE CARDS ***
Dealt to Dorex2007 [2d Qc]
LicciardoBR: raises $0.07 to $0.09
pvd44443: folds 
lk-29_13: folds 
aggiaggiaggi: folds 
TaxedToDeath: folds 
BuBaZz442: folds 
bloody55hawk: folds 
Dorex2007: folds 
den150581: folds 
Uncalled bet ($0.07) returned to LicciardoBR
LicciardoBR collected $0.07 from pot
LicciardoBR: doesn't show hand 
*** SUMMARY ***
Total pot $0.07 | Rake $0 
Seat 1: BuBaZz442 folded before Flop (didn't bet)
Seat 2: bloody55hawk (button) folded before Flop (didn't bet)
Seat 3: Dorex2007 (small blind) folded before Flop
Seat 4: den150581 (big blind) folded before Flop
Seat 5: LicciardoBR collected ($0.07)
Seat 6: pvd44443 folded before Flop (didn't bet)
Seat 7: lk-29_13 folded before Flop (didn't bet)
Seat 8: aggiaggiaggi folded before Flop (didn't bet)
Seat 9: TaxedToDeath folded before Flop (didn't bet)



PokerStars Hand #230390577560:  Hold'em No Limit ($0.01/$0.02 USD) - 2021/10/05 23:17:04 PT [2021/10/06 2:17:04 ET]
Table 'Atria III' 9-max Seat #3 is the button
Seat 1: BuBaZz442 ($1.68 in chips) 
Seat 2: bloody55hawk ($0.86 in chips) 
Seat 3: Dorex2007 ($2.53 in chips) 
Seat 4: den150581 ($2.37 in chips) 
Seat 5: LicciardoBR ($2.05 in chips) 
Seat 6: pvd44443 ($1.94 in chips) 
Seat 7: lk-29_13 ($1.53 in chips) 
Seat 8: aggiaggiaggi ($2.25 in chips) 
Seat 9: TaxedToDeath ($1.97 in chips) 
den150581: posts small blind $0.01
LicciardoBR: posts big blind $0.02
*** HOLE CARDS ***
Dealt to Dorex2007 [Qc Th]
pvd44443: folds 
lk-29_13: folds 
aggiaggiaggi: folds 
TaxedToDeath: calls $0.02
BuBaZz442: calls $0.02
bloody55hawk: raises $0.84 to $0.86 and is all-in
Dorex2007: folds 
den150581: folds 
LicciardoBR: folds 
TaxedToDeath: calls $0.84
BuBaZz442: folds 
*** FLOP *** [7h 7d Td]
*** TURN *** [7h 7d Td] [Ad]
*** RIVER *** [7h 7d Td Ad] [3d]
*** SHOW DOWN ***
TaxedToDeath: shows [Js Jc] (two pair, Jacks and Sevens)
bloody55hawk: shows [Ac Kc] (two pair, Aces and Sevens)
bloody55hawk cashed out the hand for $0.77 | Cash Out Fee $0.01
TaxedToDeath cashed out the hand for $0.92 | Cash Out Fee $0.01
*** SUMMARY ***
Total pot $1.77 | Rake $0.06 
Board [7h 7d Td Ad 3d]
Seat 1: BuBaZz442 folded before Flop
Seat 2: bloody55hawk showed [Ac Kc] and won ($1.71) with two pair, Aces and Sevens (pot not awarded as player cashed out)
Seat 3: Dorex2007 (button) folded before Flop (didn't bet)
Seat 4: den150581 (small blind) folded before Flop
Seat 5: LicciardoBR (big blind) folded before Flop
Seat 6: pvd44443 folded before Flop (didn't bet)
Seat 7: lk-29_13 folded before Flop (didn't bet)
Seat 8: aggiaggiaggi folded before Flop (didn't bet)
Seat 9: TaxedToDeath showed [Js Jc] and lost with two pair, Jacks and Sevens (cashed out).



PokerStars Hand #230390582591:  Hold'em No Limit ($0.01/$0.02 USD) - 2021/10/05 23:17:43 PT [2021/10/06 2:17:43 ET]
Table 'Atria III' 9-max Seat #4 is the button
Seat 1: BuBaZz442 ($1.66 in chips) 
Seat 2: bloody55hawk ($0.80 in chips) 
Seat 3: Dorex2007 ($2.53 in chips) 
Seat 4: den150581 ($2.36 in chips) 
Seat 5: LicciardoBR ($2.03 in chips) 
Seat 6: pvd44443 ($1.94 in chips) 
Seat 7: lk-29_13 ($1.53 in chips) 
Seat 8: aggiaggiaggi ($2.25 in chips) 
Seat 9: TaxedToDeath ($2.03 in chips) 
LicciardoBR: posts small blind $0.01
pvd44443: posts big blind $0.02
*** HOLE CARDS ***
Dealt to Dorex2007 [9h 5c]
lk-29_13: raises $0.06 to $0.08
aggiaggiaggi: folds 
TaxedToDeath: folds 
BuBaZz442: folds 
bloody55hawk: folds 
Dorex2007: folds 
den150581: folds 
LicciardoBR: calls $0.07
pvd44443: folds 
*** FLOP *** [9c 4h As]
LicciardoBR: checks 
lk-29_13: bets $0.10
LicciardoBR: folds 
Uncalled bet ($0.10) returned to lk-29_13
lk-29_13 collected $0.17 from pot
lk-29_13: doesn't show hand 
*** SUMMARY ***
Total pot $0.18 | Rake $0.01 
Board [9c 4h As]
Seat 1: BuBaZz442 folded before Flop (didn't bet)
Seat 2: bloody55hawk folded before Flop (didn't bet)
Seat 3: Dorex2007 folded before Flop (didn't bet)
Seat 4: den150581 (button) folded before Flop (didn't bet)
Seat 5: LicciardoBR (small blind) folded on the Flop
Seat 6: pvd44443 (big blind) folded before Flop
Seat 7: lk-29_13 collected ($0.17)
Seat 8: aggiaggiaggi folded before Flop (didn't bet)
Seat 9: TaxedToDeath folded before Flop (didn't bet)



PokerStars Hand #230390586279:  Hold'em No Limit ($0.01/$0.02 USD) - 2021/10/05 23:18:11 PT [2021/10/06 2:18:11 ET]
Table 'Atria III' 9-max Seat #5 is the button
Seat 1: BuBaZz442 ($1.66 in chips) 
Seat 2: bloody55hawk ($0.80 in chips) 
Seat 3: Dorex2007 ($2.53 in chips) 
Seat 4: den150581 ($2.36 in chips) 
Seat 5: LicciardoBR ($1.95 in chips) 
Seat 6: pvd44443 ($1.92 in chips) 
Seat 7: lk-29_13 ($1.62 in chips) 
Seat 8: aggiaggiaggi ($2.25 in chips) 
Seat 9: TaxedToDeath ($2.03 in chips) 
pvd44443: posts small blind $0.01
lk-29_13: posts big blind $0.02
*** HOLE CARDS ***
Dealt to Dorex2007 [Ah 3s]
aggiaggiaggi has timed out
aggiaggiaggi: folds 
TaxedToDeath: calls $0.02
BuBaZz442: folds 
bloody55hawk: calls $0.02
Dorex2007: folds 
den150581: folds 
LicciardoBR: raises $0.14 to $0.16
pvd44443: folds 
lk-29_13: folds 
TaxedToDeath: folds 
bloody55hawk: folds 
Uncalled bet ($0.14) returned to LicciardoBR
LicciardoBR collected $0.09 from pot
LicciardoBR: doesn't show hand 
*** SUMMARY ***
Total pot $0.09 | Rake $0 
Seat 1: BuBaZz442 folded before Flop (didn't bet)
Seat 2: bloody55hawk folded before Flop
Seat 3: Dorex2007 folded before Flop (didn't bet)
Seat 4: den150581 folded before Flop (didn't bet)
Seat 5: LicciardoBR (button) collected ($0.09)
Seat 6: pvd44443 (small blind) folded before Flop
Seat 7: lk-29_13 (big blind) folded before Flop
Seat 8: aggiaggiaggi folded before Flop (didn't bet)
Seat 9: TaxedToDeath folded before Flop



PokerStars Hand #230390591044:  Hold'em No Limit ($0.01/$0.02 USD) - 2021/10/05 23:18:46 PT [2021/10/06 2:18:46 ET]
Table 'Atria III' 9-max Seat #6 is the button
Seat 1: BuBaZz442 ($1.66 in chips) 
Seat 2: bloody55hawk ($0.80 in chips) 
Seat 3: Dorex2007 ($2.53 in chips) 
Seat 4: den150581 ($2.36 in chips) 
Seat 5: LicciardoBR ($2.02 in chips) 
Seat 6: pvd44443 ($1.91 in chips) 
Seat 7: lk-29_13 ($1.60 in chips) 
Seat 8: aggiaggiaggi ($2.25 in chips) 
Seat 9: TaxedToDeath ($2.01 in chips) 
lk-29_13: posts small blind $0.01
aggiaggiaggi: posts big blind $0.02
*** HOLE CARDS ***
Dealt to Dorex2007 [As Qc]
TaxedToDeath: calls $0.02
BuBaZz442: folds 
bloody55hawk: folds 
Dorex2007: raises $0.04 to $0.06
den150581: folds 
LicciardoBR: folds 
pvd44443: folds 
lk-29_13: folds 
aggiaggiaggi: folds 
TaxedToDeath: calls $0.04
*** FLOP *** [2c Jd Ks]
TaxedToDeath: checks 
Dorex2007: bets $0.07
TaxedToDeath: folds 
Uncalled bet ($0.07) returned to Dorex2007
Dorex2007 collected $0.14 from pot
Dorex2007: doesn't show hand 
*** SUMMARY ***
Total pot $0.15 | Rake $0.01 
Board [2c Jd Ks]
Seat 1: BuBaZz442 folded before Flop (didn't bet)
Seat 2: bloody55hawk folded before Flop (didn't bet)
Seat 3: Dorex2007 collected ($0.14)
Seat 4: den150581 folded before Flop (didn't bet)
Seat 5: LicciardoBR folded before Flop (didn't bet)
Seat 6: pvd44443 (button) folded before Flop (didn't bet)
Seat 7: lk-29_13 (small blind) folded before Flop
Seat 8: aggiaggiaggi (big blind) folded before Flop
Seat 9: TaxedToDeath folded on the Flop



PokerStars Hand #230390595230:  Hold'em No Limit ($0.01/$0.02 USD) - 2021/10/05 23:19:18 PT [2021/10/06 2:19:18 ET]
Table 'Atria III' 9-max Seat #7 is the button
Seat 1: BuBaZz442 ($1.66 in chips) 
Seat 2: bloody55hawk ($0.80 in chips) 
Seat 3: Dorex2007 ($2.61 in chips) 
Seat 4: den150581 ($2.36 in chips) 
Seat 5: LicciardoBR ($2.02 in chips) 
Seat 6: pvd44443 ($1.91 in chips) 
Seat 7: lk-29_13 ($1.59 in chips) 
Seat 8: aggiaggiaggi ($2.23 in chips) 
Seat 9: TaxedToDeath ($1.95 in chips) 
aggiaggiaggi: posts small blind $0.01
TaxedToDeath: posts big blind $0.02
*** HOLE CARDS ***
Dealt to Dorex2007 [7s 3c]
BuBaZz442: raises $0.02 to $0.04
bloody55hawk: folds 
Dorex2007: folds 
den150581: folds 
LicciardoBR: folds 
pvd44443: folds 
lk-29_13: folds 
aggiaggiaggi: folds 
TaxedToDeath: calls $0.02
*** FLOP *** [6d Ks 8c]
TaxedToDeath: checks 
BuBaZz442: checks 
*** TURN *** [6d Ks 8c] [Qh]
TaxedToDeath: checks 
BuBaZz442: bets $0.02
TaxedToDeath: folds 
Uncalled bet ($0.02) returned to BuBaZz442
BuBaZz442 collected $0.09 from pot
*** SUMMARY ***
Total pot $0.09 | Rake $0 
Board [6d Ks 8c Qh]
Seat 1: BuBaZz442 collected ($0.09)
Seat 2: bloody55hawk folded before Flop (didn't bet)
Seat 3: Dorex2007 folded before Flop (didn't bet)
Seat 4: den150581 folded before Flop (didn't bet)
Seat 5: LicciardoBR folded before Flop (didn't bet)
Seat 6: pvd44443 folded before Flop (didn't bet)
Seat 7: lk-29_13 (button) folded before Flop (didn't bet)
Seat 8: aggiaggiaggi (small blind) folded before Flop
Seat 9: TaxedToDeath (big blind) folded on the Turn



PokerStars Hand #230390600514:  Hold'em No Limit ($0.01/$0.02 USD) - 2021/10/05 23:19:58 PT [2021/10/06 2:19:58 ET]
Table 'Atria III' 9-max Seat #8 is the button
Seat 1: BuBaZz442 ($1.71 in chips) 
Seat 2: bloody55hawk ($0.80 in chips) 
Seat 3: Dorex2007 ($2.61 in chips) 
Seat 4: den150581 ($2.36 in chips) 
Seat 5: LicciardoBR ($2.02 in chips) 
Seat 6: pvd44443 ($1.91 in chips) 
Seat 7: lk-29_13 ($1.59 in chips) 
Seat 8: aggiaggiaggi ($2.22 in chips) 
Seat 9: TaxedToDeath ($1.91 in chips) 
TaxedToDeath: posts small blind $0.01
BuBaZz442: posts big blind $0.02
*** HOLE CARDS ***
Dealt to Dorex2007 [Tc 9c]
bloody55hawk: folds 
Dorex2007: raises $0.02 to $0.04
den150581: calls $0.04
LicciardoBR: folds 
pvd44443: folds 
lk-29_13: raises $0.04 to $0.08
aggiaggiaggi: folds 
TaxedToDeath: folds 
BuBaZz442: folds 
Dorex2007: calls $0.04
den150581: calls $0.04
*** FLOP *** [8s 5d Ad]
Dorex2007: checks 
den150581: checks 
lk-29_13: bets $0.10
Dorex2007: folds 
den150581: folds 
Uncalled bet ($0.10) returned to lk-29_13
lk-29_13 collected $0.26 from pot
lk-29_13: doesn't show hand 
*** SUMMARY ***
Total pot $0.27 | Rake $0.01 
Board [8s 5d Ad]
Seat 1: BuBaZz442 (big blind) folded before Flop
Seat 2: bloody55hawk folded before Flop (didn't bet)
Seat 3: Dorex2007 folded on the Flop
Seat 4: den150581 folded on the Flop
Seat 5: LicciardoBR folded before Flop (didn't bet)
Seat 6: pvd44443 folded before Flop (didn't bet)
Seat 7: lk-29_13 collected ($0.26)
Seat 8: aggiaggiaggi (button) folded before Flop (didn't bet)
Seat 9: TaxedToDeath (small blind) folded before Flop



PokerStars Hand #230390608934:  Hold'em No Limit ($0.01/$0.02 USD) - 2021/10/05 23:21:02 PT [2021/10/06 2:21:02 ET]
Table 'Atria III' 9-max Seat #9 is the button
Seat 1: BuBaZz442 ($1.69 in chips) 
Seat 2: bloody55hawk ($0.80 in chips) 
Seat 3: Dorex2007 ($2.53 in chips) 
Seat 4: den150581 ($2.28 in chips) 
Seat 5: LicciardoBR ($2.02 in chips) 
Seat 6: pvd44443 ($1.91 in chips) 
Seat 7: lk-29_13 ($1.77 in chips) 
Seat 8: aggiaggiaggi ($2.22 in chips) 
Seat 9: TaxedToDeath ($2 in chips) 
BuBaZz442: posts small blind $0.01
bloody55hawk: posts big blind $0.02
*** HOLE CARDS ***
Dealt to Dorex2007 [3h Qh]
Dorex2007: folds 
den150581: folds 
LicciardoBR: folds 
pvd44443: folds 
lk-29_13: folds 
aggiaggiaggi: folds 
TaxedToDeath: calls $0.02
BuBaZz442: folds 
bloody55hawk: checks 
*** FLOP *** [Ac Qc 5s]
bloody55hawk: checks 
TaxedToDeath: bets $0.02
bloody55hawk: folds 
Uncalled bet ($0.02) returned to TaxedToDeath
TaxedToDeath collected $0.05 from pot
TaxedToDeath: doesn't show hand 
*** SUMMARY ***
Total pot $0.05 | Rake $0 
Board [Ac Qc 5s]
Seat 1: BuBaZz442 (small blind) folded before Flop
Seat 2: bloody55hawk (big blind) folded on the Flop
Seat 3: Dorex2007 folded before Flop (didn't bet)
Seat 4: den150581 folded before Flop (didn't bet)
Seat 5: LicciardoBR folded before Flop (didn't bet)
Seat 6: pvd44443 folded before Flop (didn't bet)
Seat 7: lk-29_13 folded before Flop (didn't bet)
Seat 8: aggiaggiaggi folded before Flop (didn't bet)
Seat 9: TaxedToDeath (button) collected ($0.05)



PokerStars Hand #230390612307:  Hold'em No Limit ($0.01/$0.02 USD) - 2021/10/05 23:21:27 PT [2021/10/06 2:21:27 ET]
Table 'Atria III' 9-max Seat #1 is the button
Seat 1: BuBaZz442 ($1.68 in chips) 
Seat 2: bloody55hawk ($0.80 in chips) 
Seat 3: Dorex2007 ($2.53 in chips) 
Seat 4: den150581 ($2.28 in chips) 
Seat 5: LicciardoBR ($2.02 in chips) 
Seat 6: pvd44443 ($1.91 in chips) 
Seat 7: lk-29_13 ($1.77 in chips) 
Seat 8: aggiaggiaggi ($2.22 in chips) 
Seat 9: TaxedToDeath ($2.03 in chips) 
bloody55hawk: posts small blind $0.01
Dorex2007: posts big blind $0.02
*** HOLE CARDS ***
Dealt to Dorex2007 [7h Tc]
den150581: calls $0.02
LicciardoBR: folds 
pvd44443: folds 
lk-29_13: raises $0.02 to $0.04
aggiaggiaggi: folds 
TaxedToDeath: folds 
BuBaZz442: folds 
bloody55hawk: folds 
Dorex2007: folds 
den150581: calls $0.02
*** FLOP *** [6s 4h Qd]
den150581: checks 
lk-29_13: checks 
*** TURN *** [6s 4h Qd] [5c]
den150581: checks 
lk-29_13: checks 
*** RIVER *** [6s 4h Qd 5c] [Kc]
den150581: checks 
lk-29_13: bets $0.09
den150581: folds 
Uncalled bet ($0.09) returned to lk-29_13
lk-29_13 collected $0.11 from pot
lk-29_13: doesn't show hand 
*** SUMMARY ***
Total pot $0.11 | Rake $0 
Board [6s 4h Qd 5c Kc]
Seat 1: BuBaZz442 (button) folded before Flop (didn't bet)
Seat 2: bloody55hawk (small blind) folded before Flop
Seat 3: Dorex2007 (big blind) folded before Flop
Seat 4: den150581 folded on the River
Seat 5: LicciardoBR folded before Flop (didn't bet)
Seat 6: pvd44443 folded before Flop (didn't bet)
Seat 7: lk-29_13 collected ($0.11)
Seat 8: aggiaggiaggi folded before Flop (didn't bet)
Seat 9: TaxedToDeath folded before Flop (didn't bet)



PokerStars Hand #230390618598:  Hold'em No Limit ($0.01/$0.02 USD) - 2021/10/05 23:22:15 PT [2021/10/06 2:22:15 ET]
Table 'Atria III' 9-max Seat #2 is the button
Seat 1: BuBaZz442 ($1.68 in chips) 
Seat 2: bloody55hawk ($0.80 in chips) 
Seat 3: Dorex2007 ($2.51 in chips) 
Seat 4: den150581 ($2.24 in chips) 
Seat 5: LicciardoBR ($2.02 in chips) 
Seat 6: pvd44443 ($1.91 in chips) 
Seat 7: lk-29_13 ($1.84 in chips) 
Seat 8: aggiaggiaggi ($2.22 in chips) 
Seat 9: TaxedToDeath ($2.03 in chips) 
Dorex2007: posts small blind $0.01
den150581: posts big blind $0.02
*** HOLE CARDS ***
Dealt to Dorex2007 [2d Js]
LicciardoBR: raises $0.04 to $0.06
pvd44443: folds 
lk-29_13: calls $0.06
aggiaggiaggi: folds 
TaxedToDeath: folds 
BuBaZz442: folds 
bloody55hawk: folds 
Dorex2007: folds 
den150581: folds 
*** FLOP *** [Jh 8s Ks]
LicciardoBR: checks 
lk-29_13: bets $0.11
LicciardoBR: calls $0.11
*** TURN *** [Jh 8s Ks] [Td]
LicciardoBR: checks 
lk-29_13: bets $0.24
LicciardoBR: calls $0.24
*** RIVER *** [Jh 8s Ks Td] [7h]
LicciardoBR: checks 
lk-29_13: checks 
*** SHOW DOWN ***
LicciardoBR: shows [Qh Qc] (a pair of Queens)
lk-29_13: shows [Tc Kd] (two pair, Kings and Tens)
lk-29_13 collected $0.81 from pot
*** SUMMARY ***
Total pot $0.85 | Rake $0.04 
Board [Jh 8s Ks Td 7h]
Seat 1: BuBaZz442 folded before Flop (didn't bet)
Seat 2: bloody55hawk (button) folded before Flop (didn't bet)
Seat 3: Dorex2007 (small blind) folded before Flop
Seat 4: den150581 (big blind) folded before Flop
Seat 5: LicciardoBR showed [Qh Qc] and lost with a pair of Queens
Seat 6: pvd44443 folded before Flop (didn't bet)
Seat 7: lk-29_13 showed [Tc Kd] and won ($0.81) with two pair, Kings and Tens
Seat 8: aggiaggiaggi folded before Flop (didn't bet)
Seat 9: TaxedToDeath folded before Flop (didn't bet)



PokerStars Hand #230390626854:  Hold'em No Limit ($0.01/$0.02 USD) - 2021/10/05 23:23:17 PT [2021/10/06 2:23:17 ET]
Table 'Atria III' 9-max Seat #3 is the button
Seat 1: BuBaZz442 ($1.68 in chips) 
Seat 2: bloody55hawk ($0.80 in chips) 
Seat 3: Dorex2007 ($2.50 in chips) 
Seat 4: den150581 ($2.22 in chips) 
Seat 5: LicciardoBR ($1.61 in chips) 
Seat 6: pvd44443 ($1.91 in chips) 
Seat 7: lk-29_13 ($2.24 in chips) 
Seat 8: aggiaggiaggi ($2.22 in chips) 
Seat 9: TaxedToDeath ($2.03 in chips) 
den150581: posts small blind $0.01
LicciardoBR: posts big blind $0.02
*** HOLE CARDS ***
Dealt to Dorex2007 [Qd 4c]
pvd44443: folds 
lk-29_13: folds 
aggiaggiaggi: folds 
TaxedToDeath: folds 
BuBaZz442: folds 
bloody55hawk: folds 
Dorex2007: folds 
den150581: folds 
Uncalled bet ($0.01) returned to LicciardoBR
LicciardoBR collected $0.02 from pot
LicciardoBR: doesn't show hand 
*** SUMMARY ***
Total pot $0.02 | Rake $0 
Seat 1: BuBaZz442 folded before Flop (didn't bet)
Seat 2: bloody55hawk folded before Flop (didn't bet)
Seat 3: Dorex2007 (button) folded before Flop (didn't bet)
Seat 4: den150581 (small blind) folded before Flop
Seat 5: LicciardoBR (big blind) collected ($0.02)
Seat 6: pvd44443 folded before Flop (didn't bet)
Seat 7: lk-29_13 folded before Flop (didn't bet)
Seat 8: aggiaggiaggi folded before Flop (didn't bet)
Seat 9: TaxedToDeath folded before Flop (didn't bet)



PokerStars Hand #230390629288:  Hold'em No Limit ($0.01/$0.02 USD) - 2021/10/05 23:23:36 PT [2021/10/06 2:23:36 ET]
Table 'Atria III' 9-max Seat #4 is the button
Seat 1: BuBaZz442 ($1.68 in chips) 
Seat 2: bloody55hawk ($0.80 in chips) 
Seat 3: Dorex2007 ($2.50 in chips) 
Seat 4: den150581 ($2.21 in chips) 
Seat 5: LicciardoBR ($1.62 in chips) 
Seat 6: pvd44443 ($1.91 in chips) 
Seat 7: lk-29_13 ($2.24 in chips) 
Seat 8: aggiaggiaggi ($2.22 in chips) 
Seat 9: TaxedToDeath ($2.03 in chips) 
LicciardoBR: posts small blind $0.01
pvd44443: posts big blind $0.02
*** HOLE CARDS ***
Dealt to Dorex2007 [Kh Th]
lk-29_13: folds 
aggiaggiaggi: raises $0.04 to $0.06
TaxedToDeath: folds 
BuBaZz442: raises $0.04 to $0.10
bloody55hawk: folds 
Dorex2007: folds 
den150581: folds 
LicciardoBR: folds 
pvd44443: folds 
aggiaggiaggi: calls $0.04
*** FLOP *** [9s 9d 4d]
aggiaggiaggi: bets $0.12
BuBaZz442: raises $0.12 to $0.24
aggiaggiaggi: folds 
Uncalled bet ($0.12) returned to BuBaZz442
BuBaZz442 collected $0.45 from pot
*** SUMMARY ***
Total pot $0.47 | Rake $0.02 
Board [9s 9d 4d]
Seat 1: BuBaZz442 collected ($0.45)
Seat 2: bloody55hawk folded before Flop (didn't bet)
Seat 3: Dorex2007 folded before Flop (didn't bet)
Seat 4: den150581 (button) folded before Flop (didn't bet)
Seat 5: LicciardoBR (small blind) folded before Flop
Seat 6: pvd44443 (big blind) folded before Flop
Seat 7: lk-29_13 folded before Flop (didn't bet)
Seat 8: aggiaggiaggi folded on the Flop
Seat 9: TaxedToDeath folded before Flop (didn't bet)



PokerStars Hand #230390635639:  Hold'em No Limit ($0.01/$0.02 USD) - 2021/10/05 23:24:23 PT [2021/10/06 2:24:23 ET]
Table 'Atria III' 9-max Seat #5 is the button
Seat 1: BuBaZz442 ($1.91 in chips) 
Seat 2: bloody55hawk ($0.80 in chips) 
Seat 3: Dorex2007 ($2.50 in chips) 
Seat 4: den150581 ($2.21 in chips) 
Seat 5: LicciardoBR ($1.61 in chips) 
Seat 6: pvd44443 ($1.89 in chips) 
Seat 7: lk-29_13 ($2.24 in chips) 
Seat 8: aggiaggiaggi ($2 in chips) 
Seat 9: TaxedToDeath ($2.03 in chips) 
pvd44443: posts small blind $0.01
lk-29_13: posts big blind $0.02
*** HOLE CARDS ***
Dealt to Dorex2007 [3d 7d]
aggiaggiaggi: folds 
TaxedToDeath: folds 
BuBaZz442: folds 
bloody55hawk: raises $0.04 to $0.06
Dorex2007: folds 
den150581: folds 
LicciardoBR: folds 
pvd44443: folds 
lk-29_13: folds 
Uncalled bet ($0.04) returned to bloody55hawk
bloody55hawk collected $0.05 from pot
bloody55hawk: doesn't show hand 
*** SUMMARY ***
Total pot $0.05 | Rake $0 
Seat 1: BuBaZz442 folded before Flop (didn't bet)
Seat 2: bloody55hawk collected ($0.05)
Seat 3: Dorex2007 folded before Flop (didn't bet)
Seat 4: den150581 folded before Flop (didn't bet)
Seat 5: LicciardoBR (button) folded before Flop (didn't bet)
Seat 6: pvd44443 (small blind) folded before Flop
Seat 7: lk-29_13 (big blind) folded before Flop
Seat 8: aggiaggiaggi folded before Flop (didn't bet)
Seat 9: TaxedToDeath folded before Flop (didn't bet)



PokerStars Hand #230390638088:  Hold'em No Limit ($0.01/$0.02 USD) - 2021/10/05 23:24:42 PT [2021/10/06 2:24:42 ET]
Table 'Atria III' 9-max Seat #6 is the button
Seat 1: BuBaZz442 ($1.91 in chips) 
Seat 2: bloody55hawk ($0.83 in chips) 
Seat 3: Dorex2007 ($2.50 in chips) 
Seat 4: den150581 ($2.21 in chips) 
Seat 5: LicciardoBR ($2 in chips) 
Seat 6: pvd44443 ($1.88 in chips) 
Seat 7: lk-29_13 ($2.22 in chips) 
Seat 8: aggiaggiaggi ($2 in chips) 
Seat 9: TaxedToDeath ($2.03 in chips) 
lk-29_13: posts small blind $0.01
aggiaggiaggi: posts big blind $0.02
*** HOLE CARDS ***
Dealt to Dorex2007 [3h Td]
TaxedToDeath: folds 
BuBaZz442: calls $0.02
bloody55hawk: folds 
Dorex2007: folds 
den150581: calls $0.02
LicciardoBR: raises $0.14 to $0.16
pvd44443: folds 
lk-29_13: folds 
aggiaggiaggi: calls $0.14
BuBaZz442: folds 
den150581: calls $0.14
*** FLOP *** [As 5s Ac]
aggiaggiaggi: bets $0.24
den150581: folds 
LicciardoBR: calls $0.24
*** TURN *** [As 5s Ac] [Kd]
aggiaggiaggi: bets $1
LicciardoBR: raises $0.60 to $1.60 and is all-in
aggiaggiaggi: folds 
Uncalled bet ($0.60) returned to LicciardoBR
LicciardoBR collected $2.89 from pot
LicciardoBR: doesn't show hand 
*** SUMMARY ***
Total pot $2.99 | Rake $0.10 
Board [As 5s Ac Kd]
Seat 1: BuBaZz442 folded before Flop
Seat 2: bloody55hawk folded before Flop (didn't bet)
Seat 3: Dorex2007 folded before Flop (didn't bet)
Seat 4: den150581 folded on the Flop
Seat 5: LicciardoBR collected ($2.89)
Seat 6: pvd44443 (button) folded before Flop (didn't bet)
Seat 7: lk-29_13 (small blind) folded before Flop
Seat 8: aggiaggiaggi (big blind) folded on the Turn
Seat 9: TaxedToDeath folded before Flop (didn't bet)



PokerStars Hand #230390648582:  Hold'em No Limit ($0.01/$0.02 USD) - 2021/10/05 23:26:01 PT [2021/10/06 2:26:01 ET]
Table 'Atria III' 9-max Seat #7 is the button
Seat 1: BuBaZz442 ($1.89 in chips) 
Seat 2: bloody55hawk ($0.83 in chips) 
Seat 3: Dorex2007 ($2.50 in chips) 
Seat 4: den150581 ($2.05 in chips) 
Seat 5: LicciardoBR ($3.49 in chips) 
Seat 6: pvd44443 ($2 in chips) 
Seat 7: lk-29_13 ($2.21 in chips) 
Seat 8: aggiaggiaggi ($0.60 in chips) 
Seat 9: TaxedToDeath ($2.03 in chips) 
aggiaggiaggi: posts small blind $0.01
TaxedToDeath: posts big blind $0.02
*** HOLE CARDS ***
Dealt to Dorex2007 [2c Ts]
BuBaZz442: folds 
bloody55hawk: folds 
Dorex2007: folds 
den150581: raises $0.02 to $0.04
LicciardoBR: folds 
pvd44443: folds 
lk-29_13: folds 
aggiaggiaggi: folds 
TaxedToDeath: folds 
Uncalled bet ($0.02) returned to den150581
aggiaggiaggi leaves the table
den150581 collected $0.05 from pot
*** SUMMARY ***
Total pot $0.05 | Rake $0 
Seat 1: BuBaZz442 folded before Flop (didn't bet)
Seat 2: bloody55hawk folded before Flop (didn't bet)
Seat 3: Dorex2007 folded before Flop (didn't bet)
Seat 4: den150581 collected ($0.05)
Seat 5: LicciardoBR folded before Flop (didn't bet)
Seat 6: pvd44443 folded before Flop (didn't bet)
Seat 7: lk-29_13 (button) folded before Flop (didn't bet)
Seat 8: aggiaggiaggi (small blind) folded before Flop
Seat 9: TaxedToDeath (big blind) folded before Flop



PokerStars Hand #230390652646:  Hold'em No Limit ($0.01/$0.02 USD) - 2021/10/05 23:26:32 PT [2021/10/06 2:26:32 ET]
Table 'Atria III' 9-max Seat #9 is the button
Seat 1: BuBaZz442 ($1.89 in chips) 
Seat 2: bloody55hawk ($0.83 in chips) 
Seat 3: Dorex2007 ($2.50 in chips) 
Seat 4: den150581 ($2.08 in chips) 
Seat 5: LicciardoBR ($3.49 in chips) 
Seat 6: pvd44443 ($2 in chips) 
Seat 7: lk-29_13 ($2.21 in chips) 
Seat 9: TaxedToDeath ($2.01 in chips) 
BuBaZz442: posts small blind $0.01
bloody55hawk: posts big blind $0.02
*** HOLE CARDS ***
Dealt to Dorex2007 [2c Kc]
Dorex2007: folds 
den150581: folds 
LicciardoBR: folds 
pvd44443: folds 
lk-29_13: folds 
TaxedToDeath: raises $0.04 to $0.06
BuBaZz442: folds 
bloody55hawk: folds 
Uncalled bet ($0.04) returned to TaxedToDeath
TaxedToDeath collected $0.05 from pot
TaxedToDeath: doesn't show hand 
*** SUMMARY ***
Total pot $0.05 | Rake $0 
Seat 1: BuBaZz442 (small blind) folded before Flop
Seat 2: bloody55hawk (big blind) folded before Flop
Seat 3: Dorex2007 folded before Flop (didn't bet)
Seat 4: den150581 folded before Flop (didn't bet)
Seat 5: LicciardoBR folded before Flop (didn't bet)
Seat 6: pvd44443 folded before Flop (didn't bet)
Seat 7: lk-29_13 folded before Flop (didn't bet)
Seat 9: TaxedToDeath (button) collected ($0.05)



PokerStars Hand #230390654801:  Hold'em No Limit ($0.01/$0.02 USD) - 2021/10/05 23:26:48 PT [2021/10/06 2:26:48 ET]
Table 'Atria III' 9-max Seat #1 is the button
Seat 1: BuBaZz442 ($1.88 in chips) 
Seat 2: bloody55hawk ($0.81 in chips) 
Seat 3: Dorex2007 ($2.50 in chips) 
Seat 4: den150581 ($2.08 in chips) 
Seat 5: LicciardoBR ($3.49 in chips) 
Seat 6: pvd44443 ($2 in chips) 
Seat 7: lk-29_13 ($2.21 in chips) 
Seat 9: TaxedToDeath ($2.04 in chips) 
bloody55hawk: posts small blind $0.01
Dorex2007: posts big blind $0.02
*** HOLE CARDS ***
Dealt to Dorex2007 [9d Kh]
den150581: folds 
LicciardoBR: folds 
pvd44443: folds 
lk-29_13: folds 
TaxedToDeath: folds 
BuBaZz442: folds 
bloody55hawk: raises $0.04 to $0.06
Dorex2007: folds 
Uncalled bet ($0.04) returned to bloody55hawk
bloody55hawk collected $0.04 from pot
bloody55hawk: doesn't show hand 
*** SUMMARY ***
Total pot $0.04 | Rake $0 
Seat 1: BuBaZz442 (button) folded before Flop (didn't bet)
Seat 2: bloody55hawk (small blind) collected ($0.04)
Seat 3: Dorex2007 (big blind) folded before Flop
Seat 4: den150581 folded before Flop (didn't bet)
Seat 5: LicciardoBR folded before Flop (didn't bet)
Seat 6: pvd44443 folded before Flop (didn't bet)
Seat 7: lk-29_13 folded before Flop (didn't bet)
Seat 9: TaxedToDeath folded before Flop (didn't bet)



PokerStars Hand #230390656717:  Hold'em No Limit ($0.01/$0.02 USD) - 2021/10/05 23:27:02 PT [2021/10/06 2:27:02 ET]
Table 'Atria III' 9-max Seat #2 is the button
Seat 1: BuBaZz442 ($1.88 in chips) 
Seat 2: bloody55hawk ($0.83 in chips) 
Seat 3: Dorex2007 ($2.48 in chips) 
Seat 4: den150581 ($2.08 in chips) 
Seat 5: LicciardoBR ($3.49 in chips) 
Seat 6: pvd44443 ($2 in chips) 
Seat 7: lk-29_13 ($2.21 in chips) 
Seat 9: TaxedToDeath ($2.04 in chips) 
Dorex2007: posts small blind $0.01
den150581: posts big blind $0.02
*** HOLE CARDS ***
Dealt to Dorex2007 [7h 6d]
LicciardoBR: folds 
pvd44443: raises $0.02 to $0.04
lk-29_13: folds 
gdCrimson joins the table at seat #8 
TaxedToDeath: folds 
BuBaZz442: folds 
bloody55hawk: folds 
Dorex2007: folds 
den150581: folds 
Uncalled bet ($0.02) returned to pvd44443
pvd44443 collected $0.05 from pot
*** SUMMARY ***
Total pot $0.05 | Rake $0 
Seat 1: BuBaZz442 folded before Flop (didn't bet)
Seat 2: bloody55hawk (button) folded before Flop (didn't bet)
Seat 3: Dorex2007 (small blind) folded before Flop
Seat 4: den150581 (big blind) folded before Flop
Seat 5: LicciardoBR folded before Flop (didn't bet)
Seat 6: pvd44443 collected ($0.05)
Seat 7: lk-29_13 folded before Flop (didn't bet)
Seat 9: TaxedToDeath folded before Flop (didn't bet)



PokerStars Hand #230390658329:  Hold'em No Limit ($0.01/$0.02 USD) - 2021/10/05 23:27:14 PT [2021/10/06 2:27:14 ET]
Table 'Atria III' 9-max Seat #3 is the button
Seat 1: BuBaZz442 ($1.88 in chips) 
Seat 2: bloody55hawk ($0.83 in chips) 
Seat 3: Dorex2007 ($2.47 in chips) 
Seat 4: den150581 ($2.06 in chips) 
Seat 5: LicciardoBR ($3.49 in chips) 
Seat 6: pvd44443 ($2.03 in chips) 
Seat 7: lk-29_13 ($2.21 in chips) 
Seat 9: TaxedToDeath ($2.04 in chips) 
den150581: posts small blind $0.01
LicciardoBR: posts big blind $0.02
gdCrimson: sits out 
*** HOLE CARDS ***
Dealt to Dorex2007 [Qc Jc]
pvd44443: folds 
lk-29_13: raises $0.04 to $0.06
TaxedToDeath: folds 
BuBaZz442: folds 
bloody55hawk: folds 
Dorex2007: calls $0.06
den150581: folds 
LicciardoBR: calls $0.04
*** FLOP *** [Kh 7c Ks]
LicciardoBR: checks 
lk-29_13: bets $0.06
Dorex2007: calls $0.06
LicciardoBR: raises $0.10 to $0.16
lk-29_13: folds 
Dorex2007: folds 
Uncalled bet ($0.10) returned to LicciardoBR
LicciardoBR collected $0.36 from pot
LicciardoBR: doesn't show hand 
*** SUMMARY ***
Total pot $0.37 | Rake $0.01 
Board [Kh 7c Ks]
Seat 1: BuBaZz442 folded before Flop (didn't bet)
Seat 2: bloody55hawk folded before Flop (didn't bet)
Seat 3: Dorex2007 (button) folded on the Flop
Seat 4: den150581 (small blind) folded before Flop
Seat 5: LicciardoBR (big blind) collected ($0.36)
Seat 6: pvd44443 folded before Flop (didn't bet)
Seat 7: lk-29_13 folded on the Flop
Seat 9: TaxedToDeath folded before Flop (didn't bet)



PokerStars Hand #230390666895:  Hold'em No Limit ($0.01/$0.02 USD) - 2021/10/05 23:28:19 PT [2021/10/06 2:28:19 ET]
Table 'Atria III' 9-max Seat #4 is the button
Seat 1: BuBaZz442 ($1.88 in chips) 
Seat 2: bloody55hawk ($0.83 in chips) 
Seat 3: Dorex2007 ($2.35 in chips) 
Seat 4: den150581 ($2.05 in chips) 
Seat 5: LicciardoBR ($3.73 in chips) 
Seat 6: pvd44443 ($2.03 in chips) 
Seat 7: lk-29_13 ($2.09 in chips) 
Seat 9: TaxedToDeath ($2.04 in chips) 
LicciardoBR: posts small blind $0.01
pvd44443: posts big blind $0.02
gdCrimson: sits out 
*** HOLE CARDS ***
Dealt to Dorex2007 [2d 7h]
lk-29_13: folds 
TaxedToDeath: folds 
BuBaZz442: folds 
bloody55hawk: folds 
Dorex2007: folds 
den150581: raises $0.02 to $0.04
LicciardoBR: folds 
pvd44443: folds 
Uncalled bet ($0.02) returned to den150581
den150581 collected $0.05 from pot
*** SUMMARY ***
Total pot $0.05 | Rake $0 
Seat 1: BuBaZz442 folded before Flop (didn't bet)
Seat 2: bloody55hawk folded before Flop (didn't bet)
Seat 3: Dorex2007 folded before Flop (didn't bet)
Seat 4: den150581 (button) collected ($0.05)
Seat 5: LicciardoBR (small blind) folded before Flop
Seat 6: pvd44443 (big blind) folded before Flop
Seat 7: lk-29_13 folded before Flop (didn't bet)
Seat 9: TaxedToDeath folded before Flop (didn't bet)



PokerStars Hand #230390669988:  Hold'em No Limit ($0.01/$0.02 USD) - 2021/10/05 23:28:41 PT [2021/10/06 2:28:41 ET]
Table 'Atria III' 9-max Seat #5 is the button
Seat 1: BuBaZz442 ($1.88 in chips) 
Seat 2: bloody55hawk ($0.83 in chips) 
Seat 3: Dorex2007 ($2.35 in chips) 
Seat 4: den150581 ($2.08 in chips) 
Seat 5: LicciardoBR ($3.72 in chips) 
Seat 6: pvd44443 ($2.01 in chips) 
Seat 7: lk-29_13 ($2.09 in chips) 
Seat 9: TaxedToDeath ($2.04 in chips) 
pvd44443: posts small blind $0.01
lk-29_13: posts big blind $0.02
gdCrimson: sits out 
*** HOLE CARDS ***
Dealt to Dorex2007 [3d Tc]
TaxedToDeath: folds 
BuBaZz442: folds 
bloody55hawk: raises $0.02 to $0.04
Dorex2007: folds 
den150581: folds 
LicciardoBR: folds 
pvd44443: folds 
lk-29_13: calls $0.02
*** FLOP *** [7c 8d 4h]
lk-29_13: bets $0.06
bloody55hawk: folds 
Uncalled bet ($0.06) returned to lk-29_13
lk-29_13 collected $0.09 from pot
lk-29_13: doesn't show hand 
*** SUMMARY ***
Total pot $0.09 | Rake $0 
Board [7c 8d 4h]
Seat 1: BuBaZz442 folded before Flop (didn't bet)
Seat 2: bloody55hawk folded on the Flop
Seat 3: Dorex2007 folded before Flop (didn't bet)
Seat 4: den150581 folded before Flop (didn't bet)
Seat 5: LicciardoBR (button) folded before Flop (didn't bet)
Seat 6: pvd44443 (small blind) folded before Flop
Seat 7: lk-29_13 (big blind) collected ($0.09)
Seat 9: TaxedToDeath folded before Flop (didn't bet)



PokerStars Hand #230390672627:  Hold'em No Limit ($0.01/$0.02 USD) - 2021/10/05 23:29:01 PT [2021/10/06 2:29:01 ET]
Table 'Atria III' 9-max Seat #6 is the button
Seat 1: BuBaZz442 ($1.88 in chips) 
Seat 2: bloody55hawk ($0.80 in chips) 
Seat 3: Dorex2007 ($2.35 in chips) 
Seat 4: den150581 ($2.08 in chips) 
Seat 5: LicciardoBR ($3.72 in chips) 
Seat 6: pvd44443 ($2 in chips) 
Seat 7: lk-29_13 ($2.14 in chips) 
Seat 8: gdCrimson ($2 in chips) 
Seat 9: TaxedToDeath ($2.04 in chips) 
lk-29_13: posts small blind $0.01
gdCrimson: posts big blind $0.02
*** HOLE CARDS ***
Dealt to Dorex2007 [Ac 6c]
TaxedToDeath: folds 
BuBaZz442: folds 
bloody55hawk: folds 
Dorex2007: raises $0.04 to $0.06
den150581: calls $0.06
LicciardoBR: folds 
pvd44443: raises $0.26 to $0.32
lk-29_13: folds 
gdCrimson: folds 
Dorex2007: folds 
den150581: folds 
Uncalled bet ($0.26) returned to pvd44443
pvd44443 collected $0.21 from pot
*** SUMMARY ***
Total pot $0.21 | Rake $0 
Seat 1: BuBaZz442 folded before Flop (didn't bet)
Seat 2: bloody55hawk folded before Flop (didn't bet)
Seat 3: Dorex2007 folded before Flop
Seat 4: den150581 folded before Flop
Seat 5: LicciardoBR folded before Flop (didn't bet)
Seat 6: pvd44443 (button) collected ($0.21)
Seat 7: lk-29_13 (small blind) folded before Flop
Seat 8: gdCrimson (big blind) folded before Flop
Seat 9: TaxedToDeath folded before Flop (didn't bet)



PokerStars Hand #230390677958:  Hold'em No Limit ($0.01/$0.02 USD) - 2021/10/05 23:29:41 PT [2021/10/06 2:29:41 ET]
Table 'Atria III' 9-max Seat #7 is the button
Seat 1: BuBaZz442 ($1.88 in chips) 
Seat 2: bloody55hawk ($0.80 in chips) 
Seat 3: Dorex2007 ($2.29 in chips) 
Seat 4: den150581 ($2.02 in chips) 
Seat 5: LicciardoBR ($3.72 in chips) 
Seat 6: pvd44443 ($2.15 in chips) 
Seat 7: lk-29_13 ($2.13 in chips) 
Seat 8: gdCrimson ($1.98 in chips) 
Seat 9: TaxedToDeath ($2.04 in chips) 
gdCrimson: posts small blind $0.01
TaxedToDeath: posts big blind $0.02
*** HOLE CARDS ***
Dealt to Dorex2007 [5d Qc]
BuBaZz442: folds 
bloody55hawk: folds 
Dorex2007: folds 
den150581: raises $0.02 to $0.04
LicciardoBR: folds 
pvd44443: folds 
lk-29_13: folds 
gdCrimson: calls $0.03
TaxedToDeath: folds 
*** FLOP *** [9h 3s Qs]
gdCrimson: checks 
den150581: bets $0.05
gdCrimson: folds 
Uncalled bet ($0.05) returned to den150581
den150581 collected $0.10 from pot
*** SUMMARY ***
Total pot $0.10 | Rake $0 
Board [9h 3s Qs]
Seat 1: BuBaZz442 folded before Flop (didn't bet)
Seat 2: bloody55hawk folded before Flop (didn't bet)
Seat 3: Dorex2007 folded before Flop (didn't bet)
Seat 4: den150581 collected ($0.10)
Seat 5: LicciardoBR folded before Flop (didn't bet)
Seat 6: pvd44443 folded before Flop (didn't bet)
Seat 7: lk-29_13 (button) folded before Flop (didn't bet)
Seat 8: gdCrimson (small blind) folded on the Flop
Seat 9: TaxedToDeath (big blind) folded before Flop



PokerStars Hand #230390683460:  Hold'em No Limit ($0.01/$0.02 USD) - 2021/10/05 23:30:23 PT [2021/10/06 2:30:23 ET]
Table 'Atria III' 9-max Seat #8 is the button
Seat 1: BuBaZz442 ($1.88 in chips) 
Seat 2: bloody55hawk ($0.80 in chips) 
Seat 3: Dorex2007 ($2.29 in chips) 
Seat 4: den150581 ($2.08 in chips) 
Seat 5: LicciardoBR ($3.72 in chips) 
Seat 6: pvd44443 ($2.15 in chips) 
Seat 7: lk-29_13 ($2.13 in chips) 
Seat 8: gdCrimson ($1.94 in chips) 
Seat 9: TaxedToDeath ($2.02 in chips) 
TaxedToDeath: posts small blind $0.01
BuBaZz442: posts big blind $0.02
*** HOLE CARDS ***
Dealt to Dorex2007 [7d 2d]
bloody55hawk: folds 
Dorex2007: folds 
den150581: folds 
LicciardoBR: raises $0.03 to $0.05
pvd44443: folds 
lk-29_13: folds 
gdCrimson: folds 
TaxedToDeath: folds 
BuBaZz442: folds 
Uncalled bet ($0.03) returned to LicciardoBR
LicciardoBR collected $0.05 from pot
LicciardoBR: doesn't show hand 
*** SUMMARY ***
Total pot $0.05 | Rake $0 
Seat 1: BuBaZz442 (big blind) folded before Flop
Seat 2: bloody55hawk folded before Flop (didn't bet)
Seat 3: Dorex2007 folded before Flop (didn't bet)
Seat 4: den150581 folded before Flop (didn't bet)
Seat 5: LicciardoBR collected ($0.05)
Seat 6: pvd44443 folded before Flop (didn't bet)
Seat 7: lk-29_13 folded before Flop (didn't bet)
Seat 8: gdCrimson (button) folded before Flop (didn't bet)
Seat 9: TaxedToDeath (small blind) folded before Flop



PokerStars Hand #230390687583:  Hold'em No Limit ($0.01/$0.02 USD) - 2021/10/05 23:30:54 PT [2021/10/06 2:30:54 ET]
Table 'Atria III' 9-max Seat #9 is the button
Seat 1: BuBaZz442 ($1.86 in chips) 
Seat 2: bloody55hawk ($0.80 in chips) 
Seat 3: Dorex2007 ($2.29 in chips) 
Seat 4: den150581 ($2.08 in chips) 
Seat 5: LicciardoBR ($3.75 in chips) 
Seat 6: pvd44443 ($2.15 in chips) 
Seat 7: lk-29_13 ($2.13 in chips) 
Seat 8: gdCrimson ($1.94 in chips) 
Seat 9: TaxedToDeath ($2.01 in chips) 
BuBaZz442: posts small blind $0.01
bloody55hawk: posts big blind $0.02
*** HOLE CARDS ***
Dealt to Dorex2007 [8h As]
Dorex2007: folds 
den150581: folds 
LicciardoBR: folds 
pvd44443: folds 
lk-29_13: folds 
gdCrimson: folds 
TaxedToDeath: calls $0.02
BuBaZz442: folds 
bloody55hawk: checks 
*** FLOP *** [Kc Jd Qs]
bloody55hawk: checks 
TaxedToDeath: checks 
*** TURN *** [Kc Jd Qs] [Jc]
bloody55hawk: checks 
TaxedToDeath: bets $0.02
bloody55hawk: folds 
Uncalled bet ($0.02) returned to TaxedToDeath
TaxedToDeath collected $0.05 from pot
TaxedToDeath: doesn't show hand 
*** SUMMARY ***
Total pot $0.05 | Rake $0 
Board [Kc Jd Qs Jc]
Seat 1: BuBaZz442 (small blind) folded before Flop
Seat 2: bloody55hawk (big blind) folded on the Turn
Seat 3: Dorex2007 folded before Flop (didn't bet)
Seat 4: den150581 folded before Flop (didn't bet)
Seat 5: LicciardoBR folded before Flop (didn't bet)
Seat 6: pvd44443 folded before Flop (didn't bet)
Seat 7: lk-29_13 folded before Flop (didn't bet)
Seat 8: gdCrimson folded before Flop (didn't bet)
Seat 9: TaxedToDeath (button) collected ($0.05)



PokerStars Hand #230390692350:  Hold'em No Limit ($0.01/$0.02 USD) - 2021/10/05 23:31:29 PT [2021/10/06 2:31:29 ET]
Table 'Atria III' 9-max Seat #1 is the button
Seat 1: BuBaZz442 ($1.85 in chips) 
Seat 2: bloody55hawk ($0.80 in chips) 
Seat 3: Dorex2007 ($2.29 in chips) 
Seat 4: den150581 ($2.08 in chips) 
Seat 5: LicciardoBR ($3.75 in chips) 
Seat 6: pvd44443 ($2.15 in chips) 
Seat 7: lk-29_13 ($2.13 in chips) 
Seat 8: gdCrimson ($1.94 in chips) 
Seat 9: TaxedToDeath ($2.04 in chips) 
bloody55hawk: posts small blind $0.01
Dorex2007: posts big blind $0.02
*** HOLE CARDS ***
Dealt to Dorex2007 [Ah 9d]
den150581: folds 
LicciardoBR has timed out
LicciardoBR: folds 
pvd44443: raises $0.04 to $0.06
lk-29_13: folds 
gdCrimson: folds 
TaxedToDeath: folds 
BuBaZz442: folds 
bloody55hawk: folds 
Dorex2007: folds 
Uncalled bet ($0.04) returned to pvd44443
pvd44443 collected $0.05 from pot
*** SUMMARY ***
Total pot $0.05 | Rake $0 
Seat 1: BuBaZz442 (button) folded before Flop (didn't bet)
Seat 2: bloody55hawk (small blind) folded before Flop
Seat 3: Dorex2007 (big blind) folded before Flop
Seat 4: den150581 folded before Flop (didn't bet)
Seat 5: LicciardoBR folded before Flop (didn't bet)
Seat 6: pvd44443 collected ($0.05)
Seat 7: lk-29_13 folded before Flop (didn't bet)
Seat 8: gdCrimson folded before Flop (didn't bet)
Seat 9: TaxedToDeath folded before Flop (didn't bet)



PokerStars Hand #230390697354:  Hold'em No Limit ($0.01/$0.02 USD) - 2021/10/05 23:32:07 PT [2021/10/06 2:32:07 ET]
Table 'Atria III' 9-max Seat #2 is the button
Seat 1: BuBaZz442 ($1.85 in chips) 
Seat 2: bloody55hawk ($0.80 in chips) 
Seat 3: Dorex2007 ($2.27 in chips) 
Seat 4: den150581 ($2.08 in chips) 
Seat 5: LicciardoBR ($3.75 in chips) 
Seat 6: pvd44443 ($2.18 in chips) 
Seat 7: lk-29_13 ($2.13 in chips) 
Seat 8: gdCrimson ($1.94 in chips) 
Seat 9: TaxedToDeath ($2.04 in chips) 
Dorex2007: posts small blind $0.01
den150581: posts big blind $0.02
*** HOLE CARDS ***
Dealt to Dorex2007 [6h 8s]
LicciardoBR: folds 
pvd44443: folds 
lk-29_13: folds 
gdCrimson: raises $0.03 to $0.05
TaxedToDeath: folds 
BuBaZz442: calls $0.05
bloody55hawk: calls $0.05
Dorex2007: folds 
den150581: folds 
*** FLOP *** [As 5h 8h]
gdCrimson: bets $0.06
BuBaZz442: folds 
bloody55hawk: folds 
Uncalled bet ($0.06) returned to gdCrimson
gdCrimson collected $0.17 from pot
gdCrimson: doesn't show hand 
*** SUMMARY ***
Total pot $0.18 | Rake $0.01 
Board [As 5h 8h]
Seat 1: BuBaZz442 folded on the Flop
Seat 2: bloody55hawk (button) folded on the Flop
Seat 3: Dorex2007 (small blind) folded before Flop
Seat 4: den150581 (big blind) folded before Flop
Seat 5: LicciardoBR folded before Flop (didn't bet)
Seat 6: pvd44443 folded before Flop (didn't bet)
Seat 7: lk-29_13 folded before Flop (didn't bet)
Seat 8: gdCrimson collected ($0.17)
Seat 9: TaxedToDeath folded before Flop (didn't bet)



PokerStars Hand #230390702445:  Hold'em No Limit ($0.01/$0.02 USD) - 2021/10/05 23:32:44 PT [2021/10/06 2:32:44 ET]
Table 'Atria III' 9-max Seat #3 is the button
Seat 1: BuBaZz442 ($1.80 in chips) 
Seat 2: bloody55hawk ($0.80 in chips) 
Seat 3: Dorex2007 ($2.26 in chips) 
Seat 4: den150581 ($2.06 in chips) 
Seat 5: LicciardoBR ($3.75 in chips) 
Seat 6: pvd44443 ($2.18 in chips) 
Seat 7: lk-29_13 ($2.13 in chips) 
Seat 8: gdCrimson ($2.06 in chips) 
Seat 9: TaxedToDeath ($2.04 in chips) 
den150581: posts small blind $0.01
LicciardoBR: posts big blind $0.02
*** HOLE CARDS ***
Dealt to Dorex2007 [7c Qs]
pvd44443: folds 
lk-29_13: raises $0.04 to $0.06
gdCrimson: folds 
TaxedToDeath: folds 
BuBaZz442: calls $0.06
bloody55hawk: folds 
Dorex2007: folds 
den150581: folds 
LicciardoBR: calls $0.04
*** FLOP *** [Jc 7s 2c]
LicciardoBR: checks 
lk-29_13: checks 
BuBaZz442: checks 
*** TURN *** [Jc 7s 2c] [4d]
LicciardoBR: bets $0.12
lk-29_13: calls $0.12
BuBaZz442: calls $0.12
*** RIVER *** [Jc 7s 2c 4d] [7h]
LicciardoBR: bets $0.32
lk-29_13: folds 
BuBaZz442: folds 
Uncalled bet ($0.32) returned to LicciardoBR
LicciardoBR collected $0.53 from pot
LicciardoBR: doesn't show hand 
*** SUMMARY ***
Total pot $0.55 | Rake $0.02 
Board [Jc 7s 2c 4d 7h]
Seat 1: BuBaZz442 folded on the River
Seat 2: bloody55hawk folded before Flop (didn't bet)
Seat 3: Dorex2007 (button) folded before Flop (didn't bet)
Seat 4: den150581 (small blind) folded before Flop
Seat 5: LicciardoBR (big blind) collected ($0.53)
Seat 6: pvd44443 folded before Flop (didn't bet)
Seat 7: lk-29_13 folded on the River
Seat 8: gdCrimson folded before Flop (didn't bet)
Seat 9: TaxedToDeath folded before Flop (didn't bet)



PokerStars Hand #230390709928:  Hold'em No Limit ($0.01/$0.02 USD) - 2021/10/05 23:33:41 PT [2021/10/06 2:33:41 ET]
Table 'Atria III' 9-max Seat #4 is the button
Seat 1: BuBaZz442 ($1.62 in chips) 
Seat 2: bloody55hawk ($0.80 in chips) 
Seat 3: Dorex2007 ($2.26 in chips) 
Seat 4: den150581 ($2.05 in chips) 
Seat 5: LicciardoBR ($4.10 in chips) 
Seat 6: pvd44443 ($2.18 in chips) 
Seat 7: lk-29_13 ($1.95 in chips) 
Seat 8: gdCrimson ($2.06 in chips) 
Seat 9: TaxedToDeath ($2.04 in chips) 
LicciardoBR: posts small blind $0.01
pvd44443: posts big blind $0.02
*** HOLE CARDS ***
Dealt to Dorex2007 [Js 9h]
lk-29_13: folds 
gdCrimson: folds 
TaxedToDeath: folds 
BuBaZz442: calls $0.02
bloody55hawk: folds 
Dorex2007: folds 
den150581: calls $0.02
LicciardoBR: calls $0.01
pvd44443: checks 
*** FLOP *** [Kh 5h 4s]
LicciardoBR: checks 
pvd44443: checks 
BuBaZz442: checks 
den150581: checks 
*** TURN *** [Kh 5h 4s] [8h]
LicciardoBR: checks 
pvd44443: checks 
BuBaZz442: bets $0.02
den150581: folds 
LicciardoBR: calls $0.02
pvd44443: folds 
*** RIVER *** [Kh 5h 4s 8h] [Ts]
LicciardoBR: checks 
BuBaZz442: checks 
*** SHOW DOWN ***
LicciardoBR: shows [8c 6c] (a pair of Eights)
BuBaZz442: shows [7d 8d] (a pair of Eights - King+Ten+Seven kicker)
BuBaZz442 collected $0.12 from pot
*** SUMMARY ***
Total pot $0.12 | Rake $0 
Board [Kh 5h 4s 8h Ts]
Seat 1: BuBaZz442 showed [7d 8d] and won ($0.12) with a pair of Eights
Seat 2: bloody55hawk folded before Flop (didn't bet)
Seat 3: Dorex2007 folded before Flop (didn't bet)
Seat 4: den150581 (button) folded on the Turn
Seat 5: LicciardoBR (small blind) showed [8c 6c] and lost with a pair of Eights
Seat 6: pvd44443 (big blind) folded on the Turn
Seat 7: lk-29_13 folded before Flop (didn't bet)
Seat 8: gdCrimson folded before Flop (didn't bet)
Seat 9: TaxedToDeath folded before Flop (didn't bet)



PokerStars Hand #230390716262:  Hold'em No Limit ($0.01/$0.02 USD) - 2021/10/05 23:34:28 PT [2021/10/06 2:34:28 ET]
Table 'Atria III' 9-max Seat #5 is the button
Seat 1: BuBaZz442 ($1.70 in chips) 
Seat 2: bloody55hawk ($0.80 in chips) 
Seat 3: Dorex2007 ($2.26 in chips) 
Seat 4: den150581 ($2.03 in chips) 
Seat 5: LicciardoBR ($4.06 in chips) 
Seat 6: pvd44443 ($2.16 in chips) 
Seat 7: lk-29_13 ($1.95 in chips) 
Seat 8: gdCrimson ($2.06 in chips) 
Seat 9: TaxedToDeath ($2.04 in chips) 
pvd44443: posts small blind $0.01
lk-29_13: posts big blind $0.02
*** HOLE CARDS ***
Dealt to Dorex2007 [2c Qh]
gdCrimson: folds 
TaxedToDeath: folds 
BuBaZz442: calls $0.02
bloody55hawk: raises $0.78 to $0.80 and is all-in
Dorex2007: folds 
den150581: folds 
LicciardoBR: folds 
pvd44443: folds 
lk-29_13: folds 
BuBaZz442: folds 
Uncalled bet ($0.78) returned to bloody55hawk
bloody55hawk collected $0.07 from pot
bloody55hawk: doesn't show hand 
*** SUMMARY ***
Total pot $0.07 | Rake $0 
Seat 1: BuBaZz442 folded before Flop
Seat 2: bloody55hawk collected ($0.07)
Seat 3: Dorex2007 folded before Flop (didn't bet)
Seat 4: den150581 folded before Flop (didn't bet)
Seat 5: LicciardoBR (button) folded before Flop (didn't bet)
Seat 6: pvd44443 (small blind) folded before Flop
Seat 7: lk-29_13 (big blind) folded before Flop
Seat 8: gdCrimson folded before Flop (didn't bet)
Seat 9: TaxedToDeath folded before Flop (didn't bet)



PokerStars Hand #230390720606:  Hold'em No Limit ($0.01/$0.02 USD) - 2021/10/05 23:35:00 PT [2021/10/06 2:35:00 ET]
Table 'Atria III' 9-max Seat #6 is the button
Seat 1: BuBaZz442 ($1.68 in chips) 
Seat 2: bloody55hawk ($0.85 in chips) 
Seat 3: Dorex2007 ($2.26 in chips) 
Seat 4: den150581 ($2.03 in chips) 
Seat 5: LicciardoBR ($4.06 in chips) 
Seat 6: pvd44443 ($2.15 in chips) 
Seat 7: lk-29_13 ($1.93 in chips) 
Seat 8: gdCrimson ($2.06 in chips) 
Seat 9: TaxedToDeath ($2.04 in chips) 
lk-29_13: posts small blind $0.01
gdCrimson: posts big blind $0.02
*** HOLE CARDS ***
Dealt to Dorex2007 [4c Ts]
TaxedToDeath: folds 
BuBaZz442: folds 
bloody55hawk: folds 
Dorex2007: folds 
den150581: folds 
LicciardoBR: folds 
pvd44443: folds 
lk-29_13: calls $0.01
gdCrimson: raises $0.06 to $0.08
lk-29_13: calls $0.06
*** FLOP *** [9d 8s Ah]
lk-29_13: checks 
gdCrimson: bets $0.05
lk-29_13: calls $0.05
*** TURN *** [9d 8s Ah] [Tc]
lk-29_13: checks 
gdCrimson: bets $0.14
lk-29_13: calls $0.14
*** RIVER *** [9d 8s Ah Tc] [7h]
lk-29_13: bets $0.34
gdCrimson: calls $0.34
*** SHOW DOWN ***
lk-29_13: shows [Js 9s] (a straight, Seven to Jack)
gdCrimson: mucks hand 
lk-29_13 collected $1.17 from pot
*** SUMMARY ***
Total pot $1.22 | Rake $0.05 
Board [9d 8s Ah Tc 7h]
Seat 1: BuBaZz442 folded before Flop (didn't bet)
Seat 2: bloody55hawk folded before Flop (didn't bet)
Seat 3: Dorex2007 folded before Flop (didn't bet)
Seat 4: den150581 folded before Flop (didn't bet)
Seat 5: LicciardoBR folded before Flop (didn't bet)
Seat 6: pvd44443 (button) folded before Flop (didn't bet)
Seat 7: lk-29_13 (small blind) showed [Js 9s] and won ($1.17) with a straight, Seven to Jack
Seat 8: gdCrimson (big blind) mucked [5c As]
Seat 9: TaxedToDeath folded before Flop (didn't bet)



PokerStars Hand #230390732979:  Hold'em No Limit ($0.01/$0.02 USD) - 2021/10/05 23:36:31 PT [2021/10/06 2:36:31 ET]
Table 'Atria III' 9-max Seat #7 is the button
Seat 1: BuBaZz442 ($1.68 in chips) 
Seat 2: bloody55hawk ($0.85 in chips) 
Seat 3: Dorex2007 ($2.26 in chips) 
Seat 4: den150581 ($2.03 in chips) 
Seat 5: LicciardoBR ($4.06 in chips) 
Seat 6: pvd44443 ($2.15 in chips) 
Seat 7: lk-29_13 ($2.49 in chips) 
Seat 8: gdCrimson ($1.45 in chips) 
Seat 9: TaxedToDeath ($2.04 in chips) 
gdCrimson: posts small blind $0.01
TaxedToDeath: posts big blind $0.02
*** HOLE CARDS ***
Dealt to Dorex2007 [8d Th]
BuBaZz442: raises $0.02 to $0.04
bloody55hawk: folds 
Dorex2007: folds 
den150581: folds 
LicciardoBR: folds 
pvd44443: folds 
lk-29_13: folds 
gdCrimson: folds 
TaxedToDeath: folds 
Uncalled bet ($0.02) returned to BuBaZz442
BuBaZz442 collected $0.05 from pot
*** SUMMARY ***
Total pot $0.05 | Rake $0 
Seat 1: BuBaZz442 collected ($0.05)
Seat 2: bloody55hawk folded before Flop (didn't bet)
Seat 3: Dorex2007 folded before Flop (didn't bet)
Seat 4: den150581 folded before Flop (didn't bet)
Seat 5: LicciardoBR folded before Flop (didn't bet)
Seat 6: pvd44443 folded before Flop (didn't bet)
Seat 7: lk-29_13 (button) folded before Flop (didn't bet)
Seat 8: gdCrimson (small blind) folded before Flop
Seat 9: TaxedToDeath (big blind) folded before Flop



PokerStars Hand #230390735376:  Hold'em No Limit ($0.01/$0.02 USD) - 2021/10/05 23:36:49 PT [2021/10/06 2:36:49 ET]
Table 'Atria III' 9-max Seat #8 is the button
Seat 1: BuBaZz442 ($1.71 in chips) 
Seat 2: bloody55hawk ($0.85 in chips) 
Seat 3: Dorex2007 ($2.26 in chips) 
Seat 4: den150581 ($2.03 in chips) 
Seat 5: LicciardoBR ($4.06 in chips) 
Seat 6: pvd44443 ($2.15 in chips) 
Seat 7: lk-29_13 ($2.49 in chips) 
Seat 8: gdCrimson ($1.44 in chips) 
Seat 9: TaxedToDeath ($2.02 in chips) 
TaxedToDeath: posts small blind $0.01
BuBaZz442: posts big blind $0.02
*** HOLE CARDS ***
Dealt to Dorex2007 [Qc Jd]
bloody55hawk: folds 
Dorex2007: folds 
den150581: raises $0.02 to $0.04
LicciardoBR: folds 
pvd44443: folds 
lk-29_13: calls $0.04
gdCrimson: folds 
TaxedToDeath: calls $0.03
BuBaZz442: calls $0.02
*** FLOP *** [3d Tc 7h]
TaxedToDeath: checks 
BuBaZz442: checks 
den150581: bets $0.08
lk-29_13: folds 
TaxedToDeath: folds 
BuBaZz442: folds 
Uncalled bet ($0.08) returned to den150581
den150581 collected $0.15 from pot
*** SUMMARY ***
Total pot $0.16 | Rake $0.01 
Board [3d Tc 7h]
Seat 1: BuBaZz442 (big blind) folded on the Flop
Seat 2: bloody55hawk folded before Flop (didn't bet)
Seat 3: Dorex2007 folded before Flop (didn't bet)
Seat 4: den150581 collected ($0.15)
Seat 5: LicciardoBR folded before Flop (didn't bet)
Seat 6: pvd44443 folded before Flop (didn't bet)
Seat 7: lk-29_13 folded on the Flop
Seat 8: gdCrimson (button) folded before Flop (didn't bet)
Seat 9: TaxedToDeath (small blind) folded on the Flop



PokerStars Hand #230390740972:  Hold'em No Limit ($0.01/$0.02 USD) - 2021/10/05 23:37:31 PT [2021/10/06 2:37:31 ET]
Table 'Atria III' 9-max Seat #9 is the button
Seat 1: BuBaZz442 ($1.67 in chips) 
Seat 2: bloody55hawk ($0.85 in chips) 
Seat 3: Dorex2007 ($2.26 in chips) 
Seat 4: den150581 ($2.14 in chips) 
Seat 5: LicciardoBR ($4.06 in chips) 
Seat 6: pvd44443 ($2.15 in chips) 
Seat 7: lk-29_13 ($2.45 in chips) 
Seat 8: gdCrimson ($1.44 in chips) 
Seat 9: TaxedToDeath ($1.98 in chips) 
BuBaZz442: posts small blind $0.01
bloody55hawk: posts big blind $0.02
*** HOLE CARDS ***
Dealt to Dorex2007 [3s Ad]
Dorex2007: folds 
den150581: folds 
LicciardoBR: folds 
pvd44443: folds 
lk-29_13: raises $0.04 to $0.06
gdCrimson: calls $0.06
TaxedToDeath: folds 
BuBaZz442: folds 
bloody55hawk: folds 
*** FLOP *** [2c Qh 4h]
lk-29_13: checks 
gdCrimson: checks 
*** TURN *** [2c Qh 4h] [2s]
lk-29_13: bets $0.08
gdCrimson: calls $0.08
*** RIVER *** [2c Qh 4h 2s] [Qc]
lk-29_13: checks 
gdCrimson: bets $0.14
lk-29_13: folds 
Uncalled bet ($0.14) returned to gdCrimson
gdCrimson collected $0.30 from pot
gdCrimson: doesn't show hand 
*** SUMMARY ***
Total pot $0.31 | Rake $0.01 
Board [2c Qh 4h 2s Qc]
Seat 1: BuBaZz442 (small blind) folded before Flop
Seat 2: bloody55hawk (big blind) folded before Flop
Seat 3: Dorex2007 folded before Flop (didn't bet)
Seat 4: den150581 folded before Flop (didn't bet)
Seat 5: LicciardoBR folded before Flop (didn't bet)
Seat 6: pvd44443 folded before Flop (didn't bet)
Seat 7: lk-29_13 folded on the River
Seat 8: gdCrimson collected ($0.30)
Seat 9: TaxedToDeath (button) folded before Flop (didn't bet)



