PokerStars Hand #237815242468:  Hold'em No Limit ($0.02/$0.05 USD) - 2022/08/05 18:32:55 PT [2022/08/05 21:32:55 ET]
Table 'Altaj II' 9-max Seat #4 is the button
Seat 1: Almanza63 ($21.05 in chips) 
Seat 2: AGVsmarT ($5.68 in chips) 
Seat 3: Dorex2007 ($5 in chips) 
Seat 4: simsak ($4.15 in chips) 
Seat 5: qzmp123 ($5.10 in chips) 
Seat 6: kai_sl99 ($4.59 in chips) 
Seat 7: Someone117 ($8.42 in chips) 
Seat 8: Bismarke ($3.86 in chips) 
Seat 9: avocong ($3.68 in chips) 
qzmp123: posts small blind $0.02
kai_sl99: posts big blind $0.05
Dorex2007: posts big blind $0.05
*** HOLE CARDS ***
Dealt to Dorex2007 [Td Qd]
Someone117: folds 
Bismarke: folds 
avocong: calls $0.05
Almanza63: folds 
AGVsmarT: calls $0.05
Dorex2007: checks 
simsak: calls $0.05
qzmp123: raises $0.25 to $0.30
kai_sl99: folds 
avocong: folds 
AGVsmarT: folds 
Dorex2007: folds 
simsak: folds 
Uncalled bet ($0.25) returned to qzmp123
qzmp123 collected $0.30 from pot
qzmp123: doesn't show hand 
*** SUMMARY ***
Total pot $0.30 | Rake $0 
Seat 1: Almanza63 folded before Flop (didn't bet)
Seat 2: AGVsmarT folded before Flop
Seat 3: Dorex2007 folded before Flop (didn't bet)
Seat 4: simsak (button) folded before Flop
Seat 5: qzmp123 (small blind) collected ($0.30)
Seat 6: kai_sl99 (big blind) folded before Flop
Seat 7: Someone117 folded before Flop (didn't bet)
Seat 8: Bismarke folded before Flop (didn't bet)
Seat 9: avocong folded before Flop



PokerStars Hand #237815257590:  Hold'em No Limit ($0.02/$0.05 USD) - 2022/08/05 18:33:49 PT [2022/08/05 21:33:49 ET]
Table 'Altaj II' 9-max Seat #5 is the button
Seat 1: Almanza63 ($21.05 in chips) 
Seat 2: AGVsmarT ($5.63 in chips) 
Seat 3: Dorex2007 ($5 in chips) 
Seat 4: simsak ($4.10 in chips) 
Seat 5: qzmp123 ($5.35 in chips) 
Seat 6: kai_sl99 ($4.54 in chips) 
Seat 7: Someone117 ($8.42 in chips) 
Seat 8: Bismarke ($3.86 in chips) 
Seat 9: avocong ($3.63 in chips) 
kai_sl99: posts small blind $0.02
Someone117: posts big blind $0.05
*** HOLE CARDS ***
Dealt to Dorex2007 [9s 7h]
Bismarke: calls $0.05
avocong: raises $0.05 to $0.10
Almanza63: raises $0.20 to $0.30
AGVsmarT: raises $0.20 to $0.50
Dorex2007: folds 
simsak: folds 
qzmp123: folds 
kai_sl99: folds 
Someone117: folds 
Bismarke: folds 
avocong: calls $0.40
Almanza63: calls $0.20
*** FLOP *** [2d 6c Qc]
Bismarke leaves the table
avocong: checks 
Almanza63: checks 
AGVsmarT: bets $0.77
avocong: calls $0.77
Almanza63: folds 
*** TURN *** [2d 6c Qc] [3h]
avocong: checks 
AGVsmarT: bets $1.51
avocong: raises $0.85 to $2.36 and is all-in
AGVsmarT: calls $0.85
*** RIVER *** [2d 6c Qc 3h] [7d]
*** SHOW DOWN ***
avocong: shows [Qs Jd] (a pair of Queens)
AGVsmarT: shows [2h 2s] (three of a kind, Deuces)
AGVsmarT collected $7.55 from pot
Stoffemberg joins the table at seat #8 
*** SUMMARY ***
Total pot $7.88 | Rake $0.33 
Board [2d 6c Qc 3h 7d]
Seat 1: Almanza63 folded on the Flop
Seat 2: AGVsmarT showed [2h 2s] and won ($7.55) with three of a kind, Deuces
Seat 3: Dorex2007 folded before Flop (didn't bet)
Seat 4: simsak folded before Flop (didn't bet)
Seat 5: qzmp123 (button) folded before Flop (didn't bet)
Seat 6: kai_sl99 (small blind) folded before Flop
Seat 7: Someone117 (big blind) folded before Flop
Seat 8: Bismarke folded before Flop
Seat 9: avocong showed [Qs Jd] and lost with a pair of Queens



PokerStars Hand #237815275395:  Hold'em No Limit ($0.02/$0.05 USD) - 2022/08/05 18:35:14 PT [2022/08/05 21:35:14 ET]
Table 'Altaj II' 9-max Seat #6 is the button
Seat 1: Almanza63 ($20.55 in chips) 
Seat 2: AGVsmarT ($9.55 in chips) 
Seat 3: Dorex2007 ($5 in chips) 
Seat 4: simsak ($4.10 in chips) 
Seat 5: qzmp123 ($5.35 in chips) 
Seat 6: kai_sl99 ($4.52 in chips) 
Seat 7: Someone117 ($8.37 in chips) 
Seat 8: Stoffemberg ($4 in chips) 
Someone117: posts small blind $0.02
Stoffemberg is connected 
Stoffemberg: posts big blind $0.05
*** HOLE CARDS ***
Dealt to Dorex2007 [4d Th]
Almanza63: folds 
AGVsmarT: folds 
Dorex2007: folds 
simsak: folds 
qzmp123: folds 
kai_sl99: folds 
Someone117: raises $0.10 to $0.15
Stoffemberg: folds 
Uncalled bet ($0.10) returned to Someone117
Someone117 collected $0.10 from pot
*** SUMMARY ***
Total pot $0.10 | Rake $0 
Seat 1: Almanza63 folded before Flop (didn't bet)
Seat 2: AGVsmarT folded before Flop (didn't bet)
Seat 3: Dorex2007 folded before Flop (didn't bet)
Seat 4: simsak folded before Flop (didn't bet)
Seat 5: qzmp123 folded before Flop (didn't bet)
Seat 6: kai_sl99 (button) folded before Flop (didn't bet)
Seat 7: Someone117 (small blind) collected ($0.10)
Seat 8: Stoffemberg (big blind) folded before Flop



PokerStars Hand #237815281176:  Hold'em No Limit ($0.02/$0.05 USD) - 2022/08/05 18:35:40 PT [2022/08/05 21:35:40 ET]
Table 'Altaj II' 9-max Seat #7 is the button
Seat 1: Almanza63 ($20.55 in chips) 
Seat 2: AGVsmarT ($9.55 in chips) 
Seat 3: Dorex2007 ($5 in chips) 
Seat 4: simsak ($4.10 in chips) 
Seat 5: qzmp123 ($5.35 in chips) 
Seat 6: kai_sl99 ($4.52 in chips) 
Seat 7: Someone117 ($8.42 in chips) 
Seat 8: Stoffemberg ($3.95 in chips) 
Stoffemberg: posts small blind $0.02
Almanza63: posts big blind $0.05
*** HOLE CARDS ***
Dealt to Dorex2007 [4h 3s]
AGVsmarT: calls $0.05
Dorex2007: folds 
simsak: folds 
qzmp123: folds 
kai_sl99: raises $0.05 to $0.10
Someone117: folds 
Stoffemberg: calls $0.08
Almanza63: calls $0.05
AGVsmarT: folds 
*** FLOP *** [Jh 2h 5h]
Stoffemberg: checks 
Almanza63: bets $0.17
kai_sl99: folds 
Stoffemberg: calls $0.17
*** TURN *** [Jh 2h 5h] [9s]
Stoffemberg: checks 
Almanza63: bets $0.53
Stoffemberg: folds 
Uncalled bet ($0.53) returned to Almanza63
Almanza63 collected $0.66 from pot
Almanza63: doesn't show hand 
*** SUMMARY ***
Total pot $0.69 | Rake $0.03 
Board [Jh 2h 5h 9s]
Seat 1: Almanza63 (big blind) collected ($0.66)
Seat 2: AGVsmarT folded before Flop
Seat 3: Dorex2007 folded before Flop (didn't bet)
Seat 4: simsak folded before Flop (didn't bet)
Seat 5: qzmp123 folded before Flop (didn't bet)
Seat 6: kai_sl99 folded on the Flop
Seat 7: Someone117 (button) folded before Flop (didn't bet)
Seat 8: Stoffemberg (small blind) folded on the Turn



PokerStars Hand #237815298901:  Hold'em No Limit ($0.02/$0.05 USD) - 2022/08/05 18:37:02 PT [2022/08/05 21:37:02 ET]
Table 'Altaj II' 9-max Seat #8 is the button
Seat 1: Almanza63 ($20.94 in chips) 
Seat 2: AGVsmarT ($9.50 in chips) 
Seat 3: Dorex2007 ($5 in chips) 
Seat 4: simsak ($4.10 in chips) 
Seat 5: qzmp123 ($5.35 in chips) 
Seat 6: kai_sl99 ($4.42 in chips) 
Seat 7: Someone117 ($8.42 in chips) 
Seat 8: Stoffemberg ($3.68 in chips) 
Almanza63: posts small blind $0.02
AGVsmarT: posts big blind $0.05
*** HOLE CARDS ***
Dealt to Dorex2007 [8d 9h]
Dorex2007: folds 
simsak: folds 
qzmp123: raises $0.07 to $0.12
kai_sl99: folds 
Someone117: calls $0.12
Stoffemberg: folds 
Almanza63: calls $0.10
AGVsmarT: folds 
*** FLOP *** [3h 3s 9s]
Almanza63: checks 
qzmp123: checks 
Someone117: bets $0.30
Almanza63: calls $0.30
qzmp123: folds 
*** TURN *** [3h 3s 9s] [4d]
Almanza63: checks 
avocong is disconnected 
Someone117: checks 
*** RIVER *** [3h 3s 9s 4d] [Ac]
Almanza63: checks 
Someone117: checks 
*** SHOW DOWN ***
Almanza63: shows [Ks Qs] (a pair of Threes)
Someone117: mucks hand 
Almanza63 collected $0.97 from pot
*** SUMMARY ***
Total pot $1.01 | Rake $0.04 
Board [3h 3s 9s 4d Ac]
Seat 1: Almanza63 (small blind) showed [Ks Qs] and won ($0.97) with a pair of Threes
Seat 2: AGVsmarT (big blind) folded before Flop
Seat 3: Dorex2007 folded before Flop (didn't bet)
Seat 4: simsak folded before Flop (didn't bet)
Seat 5: qzmp123 folded on the Flop
Seat 6: kai_sl99 folded before Flop (didn't bet)
Seat 7: Someone117 mucked [7s 5s]
Seat 8: Stoffemberg (button) folded before Flop (didn't bet)



PokerStars Hand #237815317288:  Hold'em No Limit ($0.02/$0.05 USD) - 2022/08/05 18:38:28 PT [2022/08/05 21:38:28 ET]
Table 'Altaj II' 9-max Seat #1 is the button
Seat 1: Almanza63 ($21.49 in chips) 
Seat 2: AGVsmarT ($9.45 in chips) 
Seat 3: Dorex2007 ($5 in chips) 
Seat 4: simsak ($4.10 in chips) 
Seat 5: qzmp123 ($5.23 in chips) 
Seat 6: kai_sl99 ($4.42 in chips) 
Seat 7: Someone117 ($8 in chips) 
Seat 8: Stoffemberg ($3.68 in chips) 
AGVsmarT: posts small blind $0.02
Dorex2007: posts big blind $0.05
*** HOLE CARDS ***
Dealt to Dorex2007 [Qh Ah]
simsak: calls $0.05
qzmp123: raises $0.15 to $0.20
kai_sl99: folds 
Someone117: folds 
Stoffemberg: folds 
Almanza63: calls $0.20
AGVsmarT: folds 
Dorex2007: raises $0.40 to $0.60
simsak: folds 
qzmp123: folds 
Almanza63: folds 
Uncalled bet ($0.40) returned to Dorex2007
Dorex2007 collected $0.67 from pot
Dorex2007: doesn't show hand 
*** SUMMARY ***
Total pot $0.67 | Rake $0 
Seat 1: Almanza63 (button) folded before Flop
Seat 2: AGVsmarT (small blind) folded before Flop
Seat 3: Dorex2007 (big blind) collected ($0.67)
Seat 4: simsak folded before Flop
Seat 5: qzmp123 folded before Flop
Seat 6: kai_sl99 folded before Flop (didn't bet)
Seat 7: Someone117 folded before Flop (didn't bet)
Seat 8: Stoffemberg folded before Flop (didn't bet)



PokerStars Hand #237815326046:  Hold'em No Limit ($0.02/$0.05 USD) - 2022/08/05 18:39:09 PT [2022/08/05 21:39:09 ET]
Table 'Altaj II' 9-max Seat #2 is the button
Seat 1: Almanza63 ($21.29 in chips) 
Seat 2: AGVsmarT ($9.43 in chips) 
Seat 3: Dorex2007 ($5.47 in chips) 
Seat 4: simsak ($4.05 in chips) 
Seat 5: qzmp123 ($5.03 in chips) 
Seat 6: kai_sl99 ($4.42 in chips) 
Seat 7: Someone117 ($8 in chips) 
Seat 8: Stoffemberg ($3.68 in chips) 
Dorex2007: posts small blind $0.02
simsak: posts big blind $0.05
*** HOLE CARDS ***
Dealt to Dorex2007 [Qc 7s]
qzmp123: folds 
kai_sl99: raises $0.05 to $0.10
Someone117: raises $0.40 to $0.50
Stoffemberg: folds 
Almanza63: folds 
AGVsmarT: raises $1.17 to $1.67
Dorex2007: folds 
simsak: folds 
kai_sl99: folds 
Someone117: calls $1.17
*** FLOP *** [6h 4c 6s]
Someone117: checks 
AGVsmarT: bets $3.36
Someone117: folds 
Uncalled bet ($3.36) returned to AGVsmarT
AGVsmarT collected $3.36 from pot
*** SUMMARY ***
Total pot $3.51 | Rake $0.15 
Board [6h 4c 6s]
Seat 1: Almanza63 folded before Flop (didn't bet)
Seat 2: AGVsmarT (button) collected ($3.36)
Seat 3: Dorex2007 (small blind) folded before Flop
Seat 4: simsak (big blind) folded before Flop
Seat 5: qzmp123 folded before Flop (didn't bet)
Seat 6: kai_sl99 folded before Flop
Seat 7: Someone117 folded on the Flop
Seat 8: Stoffemberg folded before Flop (didn't bet)



PokerStars Hand #237815334623:  Hold'em No Limit ($0.02/$0.05 USD) - 2022/08/05 18:39:50 PT [2022/08/05 21:39:50 ET]
Table 'Altaj II' 9-max Seat #3 is the button
Seat 1: Almanza63 ($21.29 in chips) 
Seat 2: AGVsmarT ($11.12 in chips) 
Seat 3: Dorex2007 ($5.45 in chips) 
Seat 4: simsak ($4 in chips) 
Seat 6: kai_sl99 ($4.32 in chips) 
Seat 7: Someone117 ($6.33 in chips) 
Seat 8: Stoffemberg ($3.68 in chips) 
simsak: posts small blind $0.02
qzmp123: is sitting out 
kai_sl99: posts big blind $0.05
*** HOLE CARDS ***
Dealt to Dorex2007 [7c 2s]
qzmp123 leaves the table
Someone117: raises $0.10 to $0.15
Stoffemberg: calls $0.15
Almanza63: folds 
AGVsmarT: folds 
Dorex2007: folds 
simsak: folds 
kai_sl99: folds 
*** FLOP *** [Qc 2d 7d]
Someone117: checks 
Stoffemberg: bets $0.17
Someone117: calls $0.17
*** TURN *** [Qc 2d 7d] [9d]
Someone117: checks 
Stoffemberg: bets $3.36 and is all-in
Someone117: folds 
Uncalled bet ($3.36) returned to Stoffemberg
Stoffemberg collected $0.68 from pot
*** SUMMARY ***
Total pot $0.71 | Rake $0.03 
Board [Qc 2d 7d 9d]
Seat 1: Almanza63 folded before Flop (didn't bet)
Seat 2: AGVsmarT folded before Flop (didn't bet)
Seat 3: Dorex2007 (button) folded before Flop (didn't bet)
Seat 4: simsak (small blind) folded before Flop
Seat 6: kai_sl99 (big blind) folded before Flop
Seat 7: Someone117 folded on the Turn
Seat 8: Stoffemberg collected ($0.68)



PokerStars Hand #237815340728:  Hold'em No Limit ($0.02/$0.05 USD) - 2022/08/05 18:40:18 PT [2022/08/05 21:40:18 ET]
Table 'Altaj II' 9-max Seat #4 is the button
Seat 1: Almanza63 ($21.29 in chips) 
Seat 2: AGVsmarT ($11.12 in chips) 
Seat 3: Dorex2007 ($5.45 in chips) 
Seat 4: simsak ($3.98 in chips) 
Seat 6: kai_sl99 ($4.27 in chips) 
Seat 7: Someone117 ($6.01 in chips) 
Seat 8: Stoffemberg ($4.04 in chips) 
kai_sl99: posts small blind $0.02
Someone117: posts big blind $0.05
*** HOLE CARDS ***
Dealt to Dorex2007 [8h 7d]
Stoffemberg: calls $0.05
Almanza63: folds 
AGVsmarT: folds 
Dorex2007: folds 
simsak: calls $0.05
kai_sl99: calls $0.03
Someone117: checks 
*** FLOP *** [Ad 4c 6s]
kai_sl99: checks 
Someone117: checks 
Stoffemberg: bets $0.05
seandg1991 joins the table at seat #5 
simsak: calls $0.05
kai_sl99: folds 
Someone117: folds 
*** TURN *** [Ad 4c 6s] [4h]
Stoffemberg: bets $0.05
simsak: folds 
Uncalled bet ($0.05) returned to Stoffemberg
Stoffemberg collected $0.29 from pot
*** SUMMARY ***
Total pot $0.30 | Rake $0.01 
Board [Ad 4c 6s 4h]
Seat 1: Almanza63 folded before Flop (didn't bet)
Seat 2: AGVsmarT folded before Flop (didn't bet)
Seat 3: Dorex2007 folded before Flop (didn't bet)
Seat 4: simsak (button) folded on the Turn
Seat 6: kai_sl99 (small blind) folded on the Flop
Seat 7: Someone117 (big blind) folded on the Flop
Seat 8: Stoffemberg collected ($0.29)



PokerStars Hand #237815350735:  Hold'em No Limit ($0.02/$0.05 USD) - 2022/08/05 18:41:04 PT [2022/08/05 21:41:04 ET]
Table 'Altaj II' 9-max Seat #6 is the button
Seat 1: Almanza63 ($21.29 in chips) 
Seat 2: AGVsmarT ($11.12 in chips) 
Seat 3: Dorex2007 ($5.45 in chips) 
Seat 4: simsak ($3.88 in chips) 
Seat 5: seandg1991 ($2 in chips) 
Seat 6: kai_sl99 ($4.22 in chips) 
Seat 7: Someone117 ($5.96 in chips) 
Seat 8: Stoffemberg ($4.23 in chips) 
Someone117: posts small blind $0.02
Stoffemberg: posts big blind $0.05
seandg1991: posts big blind $0.05
*** HOLE CARDS ***
Dealt to Dorex2007 [Td Qc]
Almanza63: folds 
AGVsmarT: folds 
Dorex2007: folds 
simsak: folds 
seandg1991: checks 
kai_sl99: raises $0.05 to $0.10
Someone117: folds 
Stoffemberg: calls $0.05
seandg1991: calls $0.05
*** FLOP *** [Ts 2s 4d]
Stoffemberg: bets $0.05
seandg1991: folds 
kai_sl99: calls $0.05
*** TURN *** [Ts 2s 4d] [5d]
Stoffemberg: bets $0.05
kai_sl99: calls $0.05
*** RIVER *** [Ts 2s 4d 5d] [4s]
Stoffemberg: checks 
kai_sl99: checks 
*** SHOW DOWN ***
Stoffemberg: shows [9s As] (a flush, Ace high)
kai_sl99: mucks hand 
Stoffemberg collected $0.50 from pot
*** SUMMARY ***
Total pot $0.52 | Rake $0.02 
Board [Ts 2s 4d 5d 4s]
Seat 1: Almanza63 folded before Flop (didn't bet)
Seat 2: AGVsmarT folded before Flop (didn't bet)
Seat 3: Dorex2007 folded before Flop (didn't bet)
Seat 4: simsak folded before Flop (didn't bet)
Seat 5: seandg1991 folded on the Flop
Seat 6: kai_sl99 (button) mucked [Jc Ks]
Seat 7: Someone117 (small blind) folded before Flop
Seat 8: Stoffemberg (big blind) showed [9s As] and won ($0.50) with a flush, Ace high



PokerStars Hand #237815362886:  Hold'em No Limit ($0.02/$0.05 USD) - 2022/08/05 18:42:00 PT [2022/08/05 21:42:00 ET]
Table 'Altaj II' 9-max Seat #7 is the button
Seat 1: Almanza63 ($21.29 in chips) 
Seat 2: AGVsmarT ($11.12 in chips) 
Seat 3: Dorex2007 ($5.45 in chips) 
Seat 4: simsak ($3.88 in chips) 
Seat 5: seandg1991 ($1.90 in chips) 
Seat 6: kai_sl99 ($4.02 in chips) 
Seat 7: Someone117 ($5.94 in chips) 
Seat 8: Stoffemberg ($4.53 in chips) 
Stoffemberg: posts small blind $0.02
Almanza63: posts big blind $0.05
*** HOLE CARDS ***
Dealt to Dorex2007 [7c 7s]
AGVsmarT: folds 
Dorex2007: calls $0.05
simsak: calls $0.05
seandg1991: folds 
kai_sl99: calls $0.05
Someone117: raises $0.45 to $0.50
Stoffemberg: folds 
Almanza63: folds 
Dorex2007: folds 
simsak: folds 
kai_sl99: folds 
Uncalled bet ($0.45) returned to Someone117
Someone117 collected $0.27 from pot
*** SUMMARY ***
Total pot $0.27 | Rake $0 
Seat 1: Almanza63 (big blind) folded before Flop
Seat 2: AGVsmarT folded before Flop (didn't bet)
Seat 3: Dorex2007 folded before Flop
Seat 4: simsak folded before Flop
Seat 5: seandg1991 folded before Flop (didn't bet)
Seat 6: kai_sl99 folded before Flop
Seat 7: Someone117 (button) collected ($0.27)
Seat 8: Stoffemberg (small blind) folded before Flop



PokerStars Hand #237815371686:  Hold'em No Limit ($0.02/$0.05 USD) - 2022/08/05 18:42:41 PT [2022/08/05 21:42:41 ET]
Table 'Altaj II' 9-max Seat #8 is the button
Seat 1: Almanza63 ($21.24 in chips) 
Seat 2: AGVsmarT ($11.12 in chips) 
Seat 3: Dorex2007 ($5.40 in chips) 
Seat 4: simsak ($3.83 in chips) 
Seat 5: seandg1991 ($1.90 in chips) 
Seat 6: kai_sl99 ($3.97 in chips) 
Seat 7: Someone117 ($6.16 in chips) 
Seat 8: Stoffemberg ($4.51 in chips) 
Almanza63: posts small blind $0.02
AGVsmarT: posts big blind $0.05
*** HOLE CARDS ***
Dealt to Dorex2007 [Kd Qd]
Dorex2007: raises $0.15 to $0.20
simsak: calls $0.20
seandg1991: folds 
kai_sl99: folds 
Someone117: folds 
Stoffemberg has timed out
Stoffemberg: folds 
Almanza63: folds 
AGVsmarT: folds 
*** FLOP *** [2h As 6s]
Dorex2007: bets $0.22
simsak: folds 
Uncalled bet ($0.22) returned to Dorex2007
Dorex2007 collected $0.45 from pot
Dorex2007: doesn't show hand 
*** SUMMARY ***
Total pot $0.47 | Rake $0.02 
Board [2h As 6s]
Seat 1: Almanza63 (small blind) folded before Flop
Seat 2: AGVsmarT (big blind) folded before Flop
Seat 3: Dorex2007 collected ($0.45)
Seat 4: simsak folded on the Flop
Seat 5: seandg1991 folded before Flop (didn't bet)
Seat 6: kai_sl99 folded before Flop (didn't bet)
Seat 7: Someone117 folded before Flop (didn't bet)
Seat 8: Stoffemberg (button) folded before Flop (didn't bet)



PokerStars Hand #237815381471:  Hold'em No Limit ($0.02/$0.05 USD) - 2022/08/05 18:43:27 PT [2022/08/05 21:43:27 ET]
Table 'Altaj II' 9-max Seat #1 is the button
Seat 1: Almanza63 ($21.22 in chips) 
Seat 2: AGVsmarT ($11.07 in chips) 
Seat 3: Dorex2007 ($5.65 in chips) 
Seat 4: simsak ($3.63 in chips) 
Seat 5: seandg1991 ($1.90 in chips) 
Seat 6: kai_sl99 ($3.97 in chips) 
Seat 7: Someone117 ($6.16 in chips) 
AGVsmarT: posts small blind $0.02
Dorex2007: posts big blind $0.05
*** HOLE CARDS ***
Dealt to Dorex2007 [4s 3s]
simsak: folds 
seandg1991: raises $0.10 to $0.15
kai_sl99: calls $0.15
Someone117: calls $0.15
Almanza63: folds 
AGVsmarT: folds 
Dorex2007: folds 
*** FLOP *** [3h 4d As]
seandg1991: bets $0.25
kai_sl99: calls $0.25
Someone117: folds 
*** TURN *** [3h 4d As] [8d]
seandg1991: checks 
kai_sl99: bets $0.25
seandg1991: calls $0.25
*** RIVER *** [3h 4d As 8d] [7s]
seandg1991: checks 
kai_sl99: bets $0.60
seandg1991: calls $0.60
*** SHOW DOWN ***
kai_sl99: shows [Qc Ac] (a pair of Aces)
seandg1991: mucks hand 
kai_sl99 collected $2.58 from pot
*** SUMMARY ***
Total pot $2.72 | Rake $0.14 
Board [3h 4d As 8d 7s]
Seat 1: Almanza63 (button) folded before Flop (didn't bet)
Seat 2: AGVsmarT (small blind) folded before Flop
Seat 3: Dorex2007 (big blind) folded before Flop
Seat 4: simsak folded before Flop (didn't bet)
Seat 5: seandg1991 mucked [8c 6d]
Seat 6: kai_sl99 showed [Qc Ac] and won ($2.58) with a pair of Aces
Seat 7: Someone117 folded on the Flop



PokerStars Hand #237815394539:  Hold'em No Limit ($0.02/$0.05 USD) - 2022/08/05 18:44:28 PT [2022/08/05 21:44:28 ET]
Table 'Altaj II' 9-max Seat #2 is the button
Seat 1: Almanza63 ($21.22 in chips) 
Seat 2: AGVsmarT ($11.05 in chips) 
Seat 3: Dorex2007 ($5.60 in chips) 
Seat 4: simsak ($3.63 in chips) 
Seat 5: seandg1991 ($0.65 in chips) 
Seat 6: kai_sl99 ($5.30 in chips) 
Seat 7: Someone117 ($6.01 in chips) 
Seat 8: Stoffemberg ($4.51 in chips) 
Dorex2007: posts small blind $0.02
simsak: posts big blind $0.05
*** HOLE CARDS ***
Dealt to Dorex2007 [Jd 5h]
seandg1991: folds 
kai_sl99 has timed out
kai_sl99: folds 
Someone117: folds 
Stoffemberg: folds 
Almanza63: folds 
AGVsmarT: folds 
Dorex2007: folds 
Uncalled bet ($0.03) returned to simsak
simsak collected $0.04 from pot
*** SUMMARY ***
Total pot $0.04 | Rake $0 
Seat 1: Almanza63 folded before Flop (didn't bet)
Seat 2: AGVsmarT (button) folded before Flop (didn't bet)
Seat 3: Dorex2007 (small blind) folded before Flop
Seat 4: simsak (big blind) collected ($0.04)
Seat 5: seandg1991 folded before Flop (didn't bet)
Seat 6: kai_sl99 folded before Flop (didn't bet)
Seat 7: Someone117 folded before Flop (didn't bet)
Seat 8: Stoffemberg folded before Flop (didn't bet)



PokerStars Hand #237815399264:  Hold'em No Limit ($0.02/$0.05 USD) - 2022/08/05 18:44:50 PT [2022/08/05 21:44:50 ET]
Table 'Altaj II' 9-max Seat #3 is the button
Seat 1: Almanza63 ($21.22 in chips) 
Seat 2: AGVsmarT ($11.05 in chips) 
Seat 3: Dorex2007 ($5.58 in chips) 
Seat 4: simsak ($3.65 in chips) 
Seat 5: seandg1991 ($2 in chips) 
Seat 6: kai_sl99 ($5.30 in chips) 
Seat 7: Someone117 ($6.01 in chips) 
Seat 8: Stoffemberg ($4.51 in chips) 
simsak: posts small blind $0.02
seandg1991: posts big blind $0.05
*** HOLE CARDS ***
Dealt to Dorex2007 [Kd 6d]
kai_sl99: raises $0.05 to $0.10
Someone117: folds 
Stoffemberg: folds 
Almanza63: folds 
AGVsmarT: calls $0.10
Dorex2007: calls $0.10
simsak: folds 
seandg1991: calls $0.05
*** FLOP *** [Kc 4h 7c]
seandg1991: checks 
kai_sl99: checks 
AGVsmarT: checks 
Dorex2007: bets $0.27
seandg1991: calls $0.27
kai_sl99: folds 
AGVsmarT: folds 
*** TURN *** [Kc 4h 7c] [8d]
seandg1991: checks 
Dorex2007: bets $0.46
seandg1991: folds 
Uncalled bet ($0.46) returned to Dorex2007
Dorex2007 collected $0.92 from pot
Dorex2007: doesn't show hand 
*** SUMMARY ***
Total pot $0.96 | Rake $0.04 
Board [Kc 4h 7c 8d]
Seat 1: Almanza63 folded before Flop (didn't bet)
Seat 2: AGVsmarT folded on the Flop
Seat 3: Dorex2007 (button) collected ($0.92)
Seat 4: simsak (small blind) folded before Flop
Seat 5: seandg1991 (big blind) folded on the Turn
Seat 6: kai_sl99 folded on the Flop
Seat 7: Someone117 folded before Flop (didn't bet)
Seat 8: Stoffemberg folded before Flop (didn't bet)



PokerStars Hand #237815421978:  Hold'em No Limit ($0.02/$0.05 USD) - 2022/08/05 18:45:49 PT [2022/08/05 21:45:49 ET]
Table 'Altaj II' 9-max Seat #4 is the button
Seat 1: Almanza63 ($21.22 in chips) 
Seat 2: AGVsmarT ($10.95 in chips) 
Seat 3: Dorex2007 ($6.13 in chips) 
Seat 4: simsak ($3.63 in chips) 
Seat 5: seandg1991 ($1.63 in chips) 
Seat 6: kai_sl99 ($5.20 in chips) 
Seat 7: Someone117 ($6.01 in chips) 
Seat 8: Stoffemberg ($4.51 in chips) 
seandg1991: posts small blind $0.02
kai_sl99: posts big blind $0.05
*** HOLE CARDS ***
Dealt to Dorex2007 [Kh Jc]
Someone117 has timed out
Someone117: folds 
Stoffemberg: calls $0.05
Almanza63: folds 
AGVsmarT: folds 
Dorex2007: raises $0.05 to $0.10
simsak: folds 
seandg1991: calls $0.08
kai_sl99: raises $0.45 to $0.55
Stoffemberg: folds 
Dorex2007: folds 
seandg1991: calls $0.45
*** FLOP *** [4c 5c 5h]
seandg1991: bets $1.08 and is all-in
kai_sl99: calls $1.08
*** TURN *** [4c 5c 5h] [Qs]
*** RIVER *** [4c 5c 5h Qs] [4s]
*** SHOW DOWN ***
seandg1991: shows [Jd Qd] (two pair, Queens and Fives)
kai_sl99: shows [Th Td] (two pair, Tens and Fives)
seandg1991 collected $3.27 from pot
*** SUMMARY ***
Total pot $3.41 | Rake $0.14 
Board [4c 5c 5h Qs 4s]
Seat 1: Almanza63 folded before Flop (didn't bet)
Seat 2: AGVsmarT folded before Flop (didn't bet)
Seat 3: Dorex2007 folded before Flop
Seat 4: simsak (button) folded before Flop (didn't bet)
Seat 5: seandg1991 (small blind) showed [Jd Qd] and won ($3.27) with two pair, Queens and Fives
Seat 6: kai_sl99 (big blind) showed [Th Td] and lost with two pair, Tens and Fives
Seat 7: Someone117 folded before Flop (didn't bet)
Seat 8: Stoffemberg folded before Flop



PokerStars Hand #237815446379:  Hold'em No Limit ($0.02/$0.05 USD) - 2022/08/05 18:47:03 PT [2022/08/05 21:47:03 ET]
Table 'Altaj II' 9-max Seat #5 is the button
Seat 1: Almanza63 ($21.22 in chips) 
Seat 2: AGVsmarT ($10.95 in chips) 
Seat 3: Dorex2007 ($6.03 in chips) 
Seat 4: simsak ($3.63 in chips) 
Seat 5: seandg1991 ($3.27 in chips) 
Seat 6: kai_sl99 ($3.57 in chips) 
Seat 7: Someone117 ($6.01 in chips) 
Seat 8: Stoffemberg ($4.46 in chips) 
kai_sl99: posts small blind $0.02
Someone117: posts big blind $0.05
*** HOLE CARDS ***
Dealt to Dorex2007 [5s 4d]
Stoffemberg: folds 
Almanza63: folds 
AGVsmarT: calls $0.05
Dorex2007: folds 
simsak: calls $0.05
seandg1991: raises $0.10 to $0.15
kai_sl99: folds 
Someone117: folds 
AGVsmarT: folds 
simsak: calls $0.10
*** FLOP *** [5d 6c Jd]
simsak: checks 
seandg1991: bets $0.20
simsak: folds 
Uncalled bet ($0.20) returned to seandg1991
seandg1991 collected $0.40 from pot
*** SUMMARY ***
Total pot $0.42 | Rake $0.02 
Board [5d 6c Jd]
Seat 1: Almanza63 folded before Flop (didn't bet)
Seat 2: AGVsmarT folded before Flop
Seat 3: Dorex2007 folded before Flop (didn't bet)
Seat 4: simsak folded on the Flop
Seat 5: seandg1991 (button) collected ($0.40)
Seat 6: kai_sl99 (small blind) folded before Flop
Seat 7: Someone117 (big blind) folded before Flop
Seat 8: Stoffemberg folded before Flop (didn't bet)



PokerStars Hand #237815457050:  Hold'em No Limit ($0.02/$0.05 USD) - 2022/08/05 18:47:53 PT [2022/08/05 21:47:53 ET]
Table 'Altaj II' 9-max Seat #6 is the button
Seat 1: Almanza63 ($21.22 in chips) 
Seat 2: AGVsmarT ($10.90 in chips) 
Seat 3: Dorex2007 ($6.03 in chips) 
Seat 4: simsak ($3.48 in chips) 
Seat 5: seandg1991 ($3.52 in chips) 
Seat 6: kai_sl99 ($3.55 in chips) 
Seat 7: Someone117 ($5.96 in chips) 
Seat 8: Stoffemberg ($4.46 in chips) 
Someone117: posts small blind $0.02
Stoffemberg: posts big blind $0.05
*** HOLE CARDS ***
Dealt to Dorex2007 [Kc Js]
avocong leaves the table
Almanza63: folds 
AGVsmarT: calls $0.05
ASpiror joins the table at seat #9 
Dorex2007: raises $0.15 to $0.20
simsak: calls $0.20
seandg1991: calls $0.20
kai_sl99: folds 
Someone117: folds 
Stoffemberg: calls $0.15
AGVsmarT: folds 
*** FLOP *** [3s 2c 6h]
Stoffemberg: checks 
Dorex2007: checks 
simsak: checks 
seandg1991: checks 
*** TURN *** [3s 2c 6h] [Kd]
Stoffemberg: bets $0.05
Dorex2007: raises $0.57 to $0.62
simsak: folds 
seandg1991: folds 
Stoffemberg: folds 
Uncalled bet ($0.57) returned to Dorex2007
Dorex2007 collected $0.93 from pot
Dorex2007: doesn't show hand 
*** SUMMARY ***
Total pot $0.97 | Rake $0.04 
Board [3s 2c 6h Kd]
Seat 1: Almanza63 folded before Flop (didn't bet)
Seat 2: AGVsmarT folded before Flop
Seat 3: Dorex2007 collected ($0.93)
Seat 4: simsak folded on the Turn
Seat 5: seandg1991 folded on the Turn
Seat 6: kai_sl99 (button) folded before Flop (didn't bet)
Seat 7: Someone117 (small blind) folded before Flop
Seat 8: Stoffemberg (big blind) folded on the Turn



PokerStars Hand #237815471628:  Hold'em No Limit ($0.02/$0.05 USD) - 2022/08/05 18:49:03 PT [2022/08/05 21:49:03 ET]
Table 'Altaj II' 9-max Seat #7 is the button
Seat 1: Almanza63 ($21.22 in chips) 
Seat 2: AGVsmarT ($10.85 in chips) 
Seat 3: Dorex2007 ($6.71 in chips) 
Seat 4: simsak ($3.28 in chips) 
Seat 5: seandg1991 ($3.32 in chips) 
Seat 6: kai_sl99 ($3.55 in chips) 
Seat 7: Someone117 ($5.94 in chips) 
Seat 8: Stoffemberg ($4.21 in chips) 
Seat 9: ASpiror ($5 in chips) 
Stoffemberg: posts small blind $0.02
ASpiror: posts big blind $0.05
*** HOLE CARDS ***
Dealt to Dorex2007 [4c 5h]
Almanza63: folds 
AGVsmarT: calls $0.05
Dorex2007: folds 
simsak: calls $0.05
seandg1991: calls $0.05
kai_sl99: folds 
Someone117: folds 
Stoffemberg: calls $0.03
ASpiror: checks 
*** FLOP *** [3d Kh Ad]
Stoffemberg: checks 
ASpiror: checks 
AGVsmarT: bets $0.24
simsak: calls $0.24
seandg1991: folds 
Stoffemberg: calls $0.24
ASpiror: folds 
*** TURN *** [3d Kh Ad] [8h]
Stoffemberg: checks 
AGVsmarT: bets $0.20
simsak: folds 
Stoffemberg: calls $0.20
*** RIVER *** [3d Kh Ad 8h] [7s]
Stoffemberg: checks 
AGVsmarT: checks 
*** SHOW DOWN ***
Stoffemberg: shows [Ac Td] (a pair of Aces)
AGVsmarT: mucks hand 
Stoffemberg collected $1.31 from pot
*** SUMMARY ***
Total pot $1.37 | Rake $0.06 
Board [3d Kh Ad 8h 7s]
Seat 1: Almanza63 folded before Flop (didn't bet)
Seat 2: AGVsmarT mucked [2h Ah]
Seat 3: Dorex2007 folded before Flop (didn't bet)
Seat 4: simsak folded on the Turn
Seat 5: seandg1991 folded on the Flop
Seat 6: kai_sl99 folded before Flop (didn't bet)
Seat 7: Someone117 (button) folded before Flop (didn't bet)
Seat 8: Stoffemberg (small blind) showed [Ac Td] and won ($1.31) with a pair of Aces
Seat 9: ASpiror (big blind) folded on the Flop



PokerStars Hand #237815486736:  Hold'em No Limit ($0.02/$0.05 USD) - 2022/08/05 18:50:14 PT [2022/08/05 21:50:14 ET]
Table 'Altaj II' 9-max Seat #8 is the button
Seat 1: Almanza63 ($21.22 in chips) 
Seat 2: AGVsmarT ($10.36 in chips) 
Seat 3: Dorex2007 ($6.71 in chips) 
Seat 4: simsak ($2.99 in chips) 
Seat 5: seandg1991 ($3.27 in chips) 
Seat 6: kai_sl99 ($3.55 in chips) 
Seat 7: Someone117 ($5.94 in chips) 
Seat 8: Stoffemberg ($5.03 in chips) 
Seat 9: ASpiror ($4.95 in chips) 
ASpiror: posts small blind $0.02
Almanza63: posts big blind $0.05
*** HOLE CARDS ***
Dealt to Dorex2007 [6h 9c]
AGVsmarT: calls $0.05
Dorex2007: folds 
simsak: raises $0.05 to $0.10
seandg1991: folds 
kai_sl99: calls $0.10
Someone117: folds 
Stoffemberg: folds 
ASpiror: folds 
Almanza63: raises $0.05 to $0.15
AGVsmarT: folds 
simsak: calls $0.05
kai_sl99: calls $0.05
*** FLOP *** [Qs As Qd]
Almanza63: bets $0.15
simsak: calls $0.15
kai_sl99: calls $0.15
*** TURN *** [Qs As Qd] [Kd]
Almanza63: checks 
simsak: checks 
kai_sl99: checks 
*** RIVER *** [Qs As Qd Kd] [6s]
Almanza63: checks 
simsak: checks 
kai_sl99: checks 
*** SHOW DOWN ***
Almanza63: shows [Ac Tc] (two pair, Aces and Queens)
simsak: mucks hand 
kai_sl99: mucks hand 
Almanza63 collected $0.93 from pot
*** SUMMARY ***
Total pot $0.97 | Rake $0.04 
Board [Qs As Qd Kd 6s]
Seat 1: Almanza63 (big blind) showed [Ac Tc] and won ($0.93) with two pair, Aces and Queens
Seat 2: AGVsmarT folded before Flop
Seat 3: Dorex2007 folded before Flop (didn't bet)
Seat 4: simsak mucked [Js Kh]
Seat 5: seandg1991 folded before Flop (didn't bet)
Seat 6: kai_sl99 mucked [5c 5h]
Seat 7: Someone117 folded before Flop (didn't bet)
Seat 8: Stoffemberg (button) folded before Flop (didn't bet)
Seat 9: ASpiror (small blind) folded before Flop



PokerStars Hand #237815504358:  Hold'em No Limit ($0.02/$0.05 USD) - 2022/08/05 18:51:39 PT [2022/08/05 21:51:39 ET]
Table 'Altaj II' 9-max Seat #9 is the button
Seat 1: Almanza63 ($21.85 in chips) 
Seat 2: AGVsmarT ($10.31 in chips) 
Seat 3: Dorex2007 ($6.71 in chips) 
Seat 4: simsak ($2.69 in chips) 
Seat 5: seandg1991 ($3.27 in chips) 
Seat 6: kai_sl99 ($3.25 in chips) 
Seat 7: Someone117 ($5.94 in chips) 
Seat 8: Stoffemberg ($5.03 in chips) 
Seat 9: ASpiror ($4.93 in chips) 
Almanza63: posts small blind $0.02
AGVsmarT: posts big blind $0.05
*** HOLE CARDS ***
Dealt to Dorex2007 [5h 8s]
Dorex2007: folds 
simsak: folds 
seandg1991: folds 
kai_sl99: raises $0.05 to $0.10
Someone117: calls $0.10
Stoffemberg: calls $0.10
ASpiror: calls $0.10
Almanza63: calls $0.08
AGVsmarT: folds 
*** FLOP *** [Jd 6c 3s]
Almanza63: checks 
kai_sl99: checks 
Someone117: checks 
Stoffemberg: checks 
ASpiror: checks 
*** TURN *** [Jd 6c 3s] [9s]
Almanza63: checks 
kai_sl99: checks 
Someone117: bets $0.22
Stoffemberg: folds 
ASpiror: folds 
Almanza63: folds 
kai_sl99: calls $0.22
*** RIVER *** [Jd 6c 3s 9s] [2d]
kai_sl99: checks 
Someone117: bets $0.45
kai_sl99: folds 
Uncalled bet ($0.45) returned to Someone117
Someone117 collected $0.95 from pot
*** SUMMARY ***
Total pot $0.99 | Rake $0.04 
Board [Jd 6c 3s 9s 2d]
Seat 1: Almanza63 (small blind) folded on the Turn
Seat 2: AGVsmarT (big blind) folded before Flop
Seat 3: Dorex2007 folded before Flop (didn't bet)
Seat 4: simsak folded before Flop (didn't bet)
Seat 5: seandg1991 folded before Flop (didn't bet)
Seat 6: kai_sl99 folded on the River
Seat 7: Someone117 collected ($0.95)
Seat 8: Stoffemberg folded on the Turn
Seat 9: ASpiror (button) folded on the Turn



PokerStars Hand #237815538104:  Hold'em No Limit ($0.02/$0.05 USD) - 2022/08/05 18:53:49 PT [2022/08/05 21:53:49 ET]
Table 'Altaj II' 9-max Seat #1 is the button
Seat 1: Almanza63 ($21.75 in chips) 
Seat 2: AGVsmarT ($10.26 in chips) 
Seat 3: Dorex2007 ($6.71 in chips) 
Seat 4: simsak ($2.69 in chips) 
Seat 5: seandg1991 ($3.27 in chips) 
Seat 6: kai_sl99 ($2.93 in chips) 
Seat 7: Someone117 ($6.57 in chips) 
Seat 8: Stoffemberg ($4.93 in chips) 
Seat 9: ASpiror ($4.83 in chips) 
AGVsmarT: posts small blind $0.02
Dorex2007: posts big blind $0.05
*** HOLE CARDS ***
Dealt to Dorex2007 [Td 5s]
simsak: folds 
seandg1991: raises $0.10 to $0.15
kai_sl99: folds 
Someone117: folds 
Stoffemberg: folds 
Stoffemberg leaves the table
ASpiror: raises $0.20 to $0.35
Almanza63: folds 
AGVsmarT: calls $0.33
Dorex2007: folds 
seandg1991: calls $0.20
*** FLOP *** [4h 3s 2h]
barbolicious joins the table at seat #8 
AGVsmarT: bets $0.20
seandg1991: raises $0.53 to $0.73
ASpiror: calls $0.73
AGVsmarT: folds 
*** TURN *** [4h 3s 2h] [3d]
seandg1991: checks 
ASpiror: bets $1.32
seandg1991: raises $0.87 to $2.19 and is all-in
ASpiror: calls $0.87
*** RIVER *** [4h 3s 2h 3d] [Jd]
*** SHOW DOWN ***
seandg1991: shows [8c 8d] (two pair, Eights and Threes)
ASpiror: shows [As Ah] (two pair, Aces and Threes)
ASpiror collected $6.84 from pot
*** SUMMARY ***
Total pot $7.14 | Rake $0.30 
Board [4h 3s 2h 3d Jd]
Seat 1: Almanza63 (button) folded before Flop (didn't bet)
Seat 2: AGVsmarT (small blind) folded on the Flop
Seat 3: Dorex2007 (big blind) folded before Flop
Seat 4: simsak folded before Flop (didn't bet)
Seat 5: seandg1991 showed [8c 8d] and lost with two pair, Eights and Threes
Seat 6: kai_sl99 folded before Flop (didn't bet)
Seat 7: Someone117 folded before Flop (didn't bet)
Seat 8: Stoffemberg folded before Flop (didn't bet)
Seat 9: ASpiror showed [As Ah] and won ($6.84) with two pair, Aces and Threes



PokerStars Hand #237815551745:  Hold'em No Limit ($0.02/$0.05 USD) - 2022/08/05 18:54:54 PT [2022/08/05 21:54:54 ET]
Table 'Altaj II' 9-max Seat #2 is the button
Seat 1: Almanza63 ($21.75 in chips) 
Seat 2: AGVsmarT ($9.71 in chips) 
Seat 3: Dorex2007 ($6.66 in chips) 
Seat 4: simsak ($2.69 in chips) 
Seat 6: kai_sl99 ($4.03 in chips) 
Seat 7: Someone117 ($6.57 in chips) 
Seat 9: ASpiror ($8.40 in chips) 
Dorex2007: posts small blind $0.02
simsak: posts big blind $0.05
barbolicious: sits out 
*** HOLE CARDS ***
Dealt to Dorex2007 [Jh 6d]
kai_sl99: raises $0.05 to $0.10
Someone117: calls $0.10
ASpiror: folds 
Almanza63: folds 
AGVsmarT: calls $0.10
Dorex2007: folds 
simsak: raises $0.05 to $0.15
kai_sl99: calls $0.05
Someone117: calls $0.05
AGVsmarT: calls $0.05
*** FLOP *** [7c 5s 4c]
simsak: bets $0.20
kai_sl99: calls $0.20
Someone117: raises $0.80 to $1
AGVsmarT: folds 
simsak: folds 
kai_sl99: folds 
Uncalled bet ($0.80) returned to Someone117
Someone117 collected $1.17 from pot
*** SUMMARY ***
Total pot $1.22 | Rake $0.05 
Board [7c 5s 4c]
Seat 1: Almanza63 folded before Flop (didn't bet)
Seat 2: AGVsmarT (button) folded on the Flop
Seat 3: Dorex2007 (small blind) folded before Flop
Seat 4: simsak (big blind) folded on the Flop
Seat 6: kai_sl99 folded on the Flop
Seat 7: Someone117 collected ($1.17)
Seat 9: ASpiror folded before Flop (didn't bet)



PokerStars Hand #237815564484:  Hold'em No Limit ($0.02/$0.05 USD) - 2022/08/05 18:56:06 PT [2022/08/05 21:56:06 ET]
Table 'Altaj II' 9-max Seat #3 is the button
Seat 1: Almanza63 ($21.75 in chips) 
Seat 2: AGVsmarT ($9.56 in chips) 
Seat 3: Dorex2007 ($6.64 in chips) 
Seat 4: simsak ($2.34 in chips) 
Seat 5: seandg1991 ($5 in chips) 
Seat 6: kai_sl99 ($3.68 in chips) 
Seat 7: Someone117 ($7.39 in chips) 
Seat 9: ASpiror ($8.40 in chips) 
simsak: posts small blind $0.02
seandg1991: posts big blind $0.05
barbolicious: sits out 
*** HOLE CARDS ***
Dealt to Dorex2007 [6s 7h]
kai_sl99: raises $0.05 to $0.10
Someone117: folds 
ASpiror: calls $0.10
Almanza63: calls $0.10
AGVsmarT: calls $0.10
Dorex2007: folds 
simsak: folds 
seandg1991: calls $0.05
*** FLOP *** [8s Ks 7d]
seandg1991: checks 
kai_sl99: checks 
ASpiror: checks 
Almanza63: checks 
AGVsmarT: checks 
*** TURN *** [8s Ks 7d] [6h]
seandg1991: checks 
kai_sl99: checks 
ASpiror: checks 
Almanza63: bets $0.39
AGVsmarT: folds 
seandg1991: calls $0.39
kai_sl99: folds 
ASpiror: folds 
*** RIVER *** [8s Ks 7d 6h] [3d]
seandg1991: checks 
Almanza63: bets $0.82
seandg1991: folds 
Uncalled bet ($0.82) returned to Almanza63
Almanza63 collected $1.25 from pot
Almanza63: doesn't show hand 
*** SUMMARY ***
Total pot $1.30 | Rake $0.05 
Board [8s Ks 7d 6h 3d]
Seat 1: Almanza63 collected ($1.25)
Seat 2: AGVsmarT folded on the Turn
Seat 3: Dorex2007 (button) folded before Flop (didn't bet)
Seat 4: simsak (small blind) folded before Flop
Seat 5: seandg1991 (big blind) folded on the River
Seat 6: kai_sl99 folded on the Turn
Seat 7: Someone117 folded before Flop (didn't bet)
Seat 9: ASpiror folded on the Turn



PokerStars Hand #237815583008:  Hold'em No Limit ($0.02/$0.05 USD) - 2022/08/05 18:57:56 PT [2022/08/05 21:57:56 ET]
Table 'Altaj II' 9-max Seat #4 is the button
Seat 1: Almanza63 ($22.51 in chips) 
Seat 2: AGVsmarT ($9.46 in chips) 
Seat 3: Dorex2007 ($6.64 in chips) 
Seat 4: simsak ($2.32 in chips) 
Seat 5: seandg1991 ($4.51 in chips) 
Seat 6: kai_sl99 ($3.58 in chips) 
Seat 7: Someone117 ($7.39 in chips) 
Seat 9: ASpiror ($8.30 in chips) 
seandg1991: posts small blind $0.02
kai_sl99: posts big blind $0.05
barbolicious: sits out 
*** HOLE CARDS ***
Dealt to Dorex2007 [8h 9h]
Someone117: folds 
ASpiror: folds 
Almanza63: folds 
AGVsmarT: calls $0.05
Dorex2007: folds 
simsak: folds 
seandg1991: calls $0.03
kai_sl99: checks 
*** FLOP *** [7c Ad 6h]
seandg1991: checks 
kai_sl99: checks 
AGVsmarT: bets $0.14
seandg1991: folds 
kai_sl99: folds 
Uncalled bet ($0.14) returned to AGVsmarT
AGVsmarT collected $0.14 from pot
*** SUMMARY ***
Total pot $0.15 | Rake $0.01 
Board [7c Ad 6h]
Seat 1: Almanza63 folded before Flop (didn't bet)
Seat 2: AGVsmarT collected ($0.14)
Seat 3: Dorex2007 folded before Flop (didn't bet)
Seat 4: simsak (button) folded before Flop (didn't bet)
Seat 5: seandg1991 (small blind) folded on the Flop
Seat 6: kai_sl99 (big blind) folded on the Flop
Seat 7: Someone117 folded before Flop (didn't bet)
Seat 9: ASpiror folded before Flop (didn't bet)



PokerStars Hand #237815588847:  Hold'em No Limit ($0.02/$0.05 USD) - 2022/08/05 18:58:30 PT [2022/08/05 21:58:30 ET]
Table 'Altaj II' 9-max Seat #5 is the button
Seat 1: Almanza63 ($22.51 in chips) 
Seat 2: AGVsmarT ($9.55 in chips) 
Seat 3: Dorex2007 ($6.64 in chips) 
Seat 4: simsak ($2.32 in chips) 
Seat 5: seandg1991 ($4.46 in chips) 
Seat 6: kai_sl99 ($3.53 in chips) 
Seat 7: Someone117 ($7.39 in chips) 
Seat 9: ASpiror ($8.30 in chips) 
kai_sl99: posts small blind $0.02
Someone117: posts big blind $0.05
barbolicious: sits out 
*** HOLE CARDS ***
Dealt to Dorex2007 [Qs Ad]
ASpiror: folds 
Almanza63: folds 
AGVsmarT has timed out
AGVsmarT: folds 
Dorex2007: raises $0.10 to $0.15
simsak: calls $0.15
seandg1991: folds 
kai_sl99: folds 
Someone117: folds 
*** FLOP *** [Ac 2s 2h]
Dorex2007: checks 
simsak: bets $0.20
Dorex2007: calls $0.20
*** TURN *** [Ac 2s 2h] [Ks]
Dorex2007: checks 
simsak: bets $0.45
Dorex2007: calls $0.45
*** RIVER *** [Ac 2s 2h Ks] [Qh]
Dorex2007: bets $1.60
simsak: folds 
Uncalled bet ($1.60) returned to Dorex2007
Dorex2007 collected $1.60 from pot
Dorex2007: doesn't show hand 
*** SUMMARY ***
Total pot $1.67 | Rake $0.07 
Board [Ac 2s 2h Ks Qh]
Seat 1: Almanza63 folded before Flop (didn't bet)
Seat 2: AGVsmarT folded before Flop (didn't bet)
Seat 3: Dorex2007 collected ($1.60)
Seat 4: simsak folded on the River
Seat 5: seandg1991 (button) folded before Flop (didn't bet)
Seat 6: kai_sl99 (small blind) folded before Flop
Seat 7: Someone117 (big blind) folded before Flop
Seat 9: ASpiror folded before Flop (didn't bet)



PokerStars Hand #237815600222:  Hold'em No Limit ($0.02/$0.05 USD) - 2022/08/05 18:59:37 PT [2022/08/05 21:59:37 ET]
Table 'Altaj II' 9-max Seat #6 is the button
Seat 1: Almanza63 ($22.51 in chips) 
Seat 3: Dorex2007 ($7.44 in chips) 
Seat 4: simsak ($1.52 in chips) 
Seat 5: seandg1991 ($4.46 in chips) 
Seat 6: kai_sl99 ($3.51 in chips) 
Seat 7: Someone117 ($7.34 in chips) 
Seat 8: barbolicious ($5 in chips) 
Seat 9: ASpiror ($8.30 in chips) 
Someone117: posts small blind $0.02
barbolicious: posts big blind $0.05
*** HOLE CARDS ***
Dealt to Dorex2007 [As Jc]
ASpiror: folds 
Almanza63: folds 
Dorex2007: raises $0.05 to $0.10
simsak: folds 
seandg1991: folds 
kai_sl99: folds 
Someone117: raises $0.40 to $0.50
barbolicious: folds 
Dorex2007: folds 
Uncalled bet ($0.40) returned to Someone117
Someone117 collected $0.25 from pot
*** SUMMARY ***
Total pot $0.25 | Rake $0 
Seat 1: Almanza63 folded before Flop (didn't bet)
Seat 3: Dorex2007 folded before Flop
Seat 4: simsak folded before Flop (didn't bet)
Seat 5: seandg1991 folded before Flop (didn't bet)
Seat 6: kai_sl99 (button) folded before Flop (didn't bet)
Seat 7: Someone117 (small blind) collected ($0.25)
Seat 8: barbolicious (big blind) folded before Flop
Seat 9: ASpiror folded before Flop (didn't bet)



PokerStars Hand #237815604050:  Hold'em No Limit ($0.02/$0.05 USD) - 2022/08/05 19:00:00 PT [2022/08/05 22:00:00 ET]
Table 'Altaj II' 9-max Seat #7 is the button
Seat 1: Almanza63 ($22.51 in chips) 
Seat 3: Dorex2007 ($7.34 in chips) 
Seat 4: simsak ($1.52 in chips) 
Seat 5: seandg1991 ($4.46 in chips) 
Seat 6: kai_sl99 ($3.51 in chips) 
Seat 7: Someone117 ($7.49 in chips) 
Seat 8: barbolicious ($5 in chips) 
Seat 9: ASpiror ($8.30 in chips) 
barbolicious: posts small blind $0.02
ASpiror: posts big blind $0.05
*** HOLE CARDS ***
Dealt to Dorex2007 [4d As]
Almanza63: folds 
Dorex2007: folds 
simsak: folds 
seandg1991: raises $0.05 to $0.10
kai_sl99: folds 
Someone117: calls $0.10
barbolicious: folds 
ASpiror: folds 
*** FLOP *** [9c Td 2s]
seandg1991: checks 
Someone117: checks 
*** TURN *** [9c Td 2s] [5h]
seandg1991: checks 
Someone117: checks 
*** RIVER *** [9c Td 2s 5h] [Ac]
seandg1991: checks 
Someone117: checks 
*** SHOW DOWN ***
seandg1991: shows [8s 8c] (a pair of Eights)
Someone117: mucks hand 
seandg1991 collected $0.26 from pot
*** SUMMARY ***
Total pot $0.27 | Rake $0.01 
Board [9c Td 2s 5h Ac]
Seat 1: Almanza63 folded before Flop (didn't bet)
Seat 3: Dorex2007 folded before Flop (didn't bet)
Seat 4: simsak folded before Flop (didn't bet)
Seat 5: seandg1991 showed [8s 8c] and won ($0.26) with a pair of Eights
Seat 6: kai_sl99 folded before Flop (didn't bet)
Seat 7: Someone117 (button) mucked [5c 4c]
Seat 8: barbolicious (small blind) folded before Flop
Seat 9: ASpiror (big blind) folded before Flop



PokerStars Hand #237815613017:  Hold'em No Limit ($0.02/$0.05 USD) - 2022/08/05 19:00:50 PT [2022/08/05 22:00:50 ET]
Table 'Altaj II' 9-max Seat #8 is the button
Seat 1: Almanza63 ($22.51 in chips) 
Seat 3: Dorex2007 ($7.34 in chips) 
Seat 4: simsak ($1.52 in chips) 
Seat 5: seandg1991 ($4.62 in chips) 
Seat 6: kai_sl99 ($3.51 in chips) 
Seat 7: Someone117 ($7.39 in chips) 
Seat 8: barbolicious ($5 in chips) 
Seat 9: ASpiror ($8.25 in chips) 
ASpiror: posts small blind $0.02
Almanza63: posts big blind $0.05
*** HOLE CARDS ***
Dealt to Dorex2007 [5s Qh]
Dorex2007: folds 
simsak: folds 
seandg1991: raises $0.10 to $0.15
kai_sl99: folds 
Someone117: folds 
barbolicious: folds 
ASpiror: raises $0.10 to $0.25
Almanza63: calls $0.20
seandg1991: calls $0.10
*** FLOP *** [3d 6s 5h]
ASpiror: checks 
Almanza63: checks 
seandg1991: bets $0.36
ASpiror: folds 
Almanza63: folds 
Uncalled bet ($0.36) returned to seandg1991
seandg1991 collected $0.72 from pot
*** SUMMARY ***
Total pot $0.75 | Rake $0.03 
Board [3d 6s 5h]
Seat 1: Almanza63 (big blind) folded on the Flop
Seat 3: Dorex2007 folded before Flop (didn't bet)
Seat 4: simsak folded before Flop (didn't bet)
Seat 5: seandg1991 collected ($0.72)
Seat 6: kai_sl99 folded before Flop (didn't bet)
Seat 7: Someone117 folded before Flop (didn't bet)
Seat 8: barbolicious (button) folded before Flop (didn't bet)
Seat 9: ASpiror (small blind) folded on the Flop



PokerStars Hand #237815629460:  Hold'em No Limit ($0.02/$0.05 USD) - 2022/08/05 19:02:10 PT [2022/08/05 22:02:10 ET]
Table 'Altaj II' 9-max Seat #9 is the button
Seat 1: Almanza63 ($22.26 in chips) 
Seat 3: Dorex2007 ($7.34 in chips) 
Seat 4: simsak ($1.52 in chips) 
Seat 5: seandg1991 ($5.09 in chips) 
Seat 6: kai_sl99 ($3.51 in chips) 
Seat 7: Someone117 ($7.39 in chips) 
Seat 8: barbolicious ($5 in chips) 
Seat 9: ASpiror ($8 in chips) 
Almanza63: posts small blind $0.02
Dorex2007: posts big blind $0.05
*** HOLE CARDS ***
Dealt to Dorex2007 [4s Jd]
simsak: folds 
seandg1991: folds 
kai_sl99: folds 
Someone117: raises $0.10 to $0.15
barbolicious: folds 
ASpiror: folds 
Almanza63: folds 
Dorex2007: folds 
Uncalled bet ($0.10) returned to Someone117
Someone117 collected $0.12 from pot
*** SUMMARY ***
Total pot $0.12 | Rake $0 
Seat 1: Almanza63 (small blind) folded before Flop
Seat 3: Dorex2007 (big blind) folded before Flop
Seat 4: simsak folded before Flop (didn't bet)
Seat 5: seandg1991 folded before Flop (didn't bet)
Seat 6: kai_sl99 folded before Flop (didn't bet)
Seat 7: Someone117 collected ($0.12)
Seat 8: barbolicious folded before Flop (didn't bet)
Seat 9: ASpiror (button) folded before Flop (didn't bet)



PokerStars Hand #237815634465:  Hold'em No Limit ($0.02/$0.05 USD) - 2022/08/05 19:02:34 PT [2022/08/05 22:02:34 ET]
Table 'Altaj II' 9-max Seat #1 is the button
Seat 1: Almanza63 ($22.24 in chips) 
Seat 3: Dorex2007 ($7.29 in chips) 
Seat 4: simsak ($1.52 in chips) 
Seat 5: seandg1991 ($5.09 in chips) 
Seat 6: kai_sl99 ($3.51 in chips) 
Seat 7: Someone117 ($7.46 in chips) 
Seat 8: barbolicious ($5 in chips) 
Seat 9: ASpiror ($8 in chips) 
Dorex2007: posts small blind $0.02
simsak: posts big blind $0.05
*** HOLE CARDS ***
Dealt to Dorex2007 [3d Ah]
seandg1991: folds 
kai_sl99 has timed out
kai_sl99: folds 
Someone117: raises $0.10 to $0.15
barbolicious: folds 
ASpiror: folds 
Almanza63: calls $0.15
Dorex2007: folds 
simsak: folds 
*** FLOP *** [9h 4h Th]
Someone117: checks 
Almanza63: bets $0.17
Someone117: folds 
Uncalled bet ($0.17) returned to Almanza63
Almanza63 collected $0.35 from pot
Almanza63: doesn't show hand 
*** SUMMARY ***
Total pot $0.37 | Rake $0.02 
Board [9h 4h Th]
Seat 1: Almanza63 (button) collected ($0.35)
Seat 3: Dorex2007 (small blind) folded before Flop
Seat 4: simsak (big blind) folded before Flop
Seat 5: seandg1991 folded before Flop (didn't bet)
Seat 6: kai_sl99 folded before Flop (didn't bet)
Seat 7: Someone117 folded on the Flop
Seat 8: barbolicious folded before Flop (didn't bet)
Seat 9: ASpiror folded before Flop (didn't bet)



PokerStars Hand #237815647463:  Hold'em No Limit ($0.02/$0.05 USD) - 2022/08/05 19:03:36 PT [2022/08/05 22:03:36 ET]
Table 'Altaj II' 9-max Seat #3 is the button
Seat 1: Almanza63 ($22.44 in chips) 
Seat 3: Dorex2007 ($7.27 in chips) 
Seat 4: simsak ($1.47 in chips) 
Seat 5: seandg1991 ($5.09 in chips) 
Seat 6: kai_sl99 ($3.51 in chips) 
Seat 7: Someone117 ($7.31 in chips) 
Seat 8: barbolicious ($5 in chips) 
Seat 9: ASpiror ($8 in chips) 
simsak: posts small blind $0.02
seandg1991: posts big blind $0.05
AGVsmarT: sits out 
*** HOLE CARDS ***
Dealt to Dorex2007 [4c 8d]
kai_sl99: raises $0.05 to $0.10
Someone117: folds 
barbolicious: folds 
ASpiror: folds 
Almanza63: folds 
Dorex2007: folds 
simsak: raises $0.10 to $0.20
seandg1991: folds 
kai_sl99: calls $0.10
*** FLOP *** [Jh Th Ks]
simsak: checks 
kai_sl99: checks 
*** TURN *** [Jh Th Ks] [Jc]
simsak: bets $1.27 and is all-in
kai_sl99: folds 
Uncalled bet ($1.27) returned to simsak
simsak collected $0.43 from pot
*** SUMMARY ***
Total pot $0.45 | Rake $0.02 
Board [Jh Th Ks Jc]
Seat 1: Almanza63 folded before Flop (didn't bet)
Seat 3: Dorex2007 (button) folded before Flop (didn't bet)
Seat 4: simsak (small blind) collected ($0.43)
Seat 5: seandg1991 (big blind) folded before Flop
Seat 6: kai_sl99 folded on the Turn
Seat 7: Someone117 folded before Flop (didn't bet)
Seat 8: barbolicious folded before Flop (didn't bet)
Seat 9: ASpiror folded before Flop (didn't bet)



PokerStars Hand #237815660481:  Hold'em No Limit ($0.02/$0.05 USD) - 2022/08/05 19:04:21 PT [2022/08/05 22:04:21 ET]
Table 'Altaj II' 9-max Seat #4 is the button
Seat 1: Almanza63 ($22.44 in chips) 
Seat 3: Dorex2007 ($7.27 in chips) 
Seat 4: simsak ($1.70 in chips) 
Seat 5: seandg1991 ($5.04 in chips) 
Seat 6: kai_sl99 ($3.31 in chips) 
Seat 7: Someone117 ($7.31 in chips) 
Seat 8: barbolicious ($5 in chips) 
Seat 9: ASpiror ($8 in chips) 
seandg1991: posts small blind $0.02
kai_sl99: posts big blind $0.05
AGVsmarT: sits out 
*** HOLE CARDS ***
Dealt to Dorex2007 [Qs Ac]
Someone117 has timed out
Someone117: folds 
barbolicious: folds 
ASpiror has timed out
ASpiror: folds 
Almanza63: folds 
Dorex2007: raises $0.15 to $0.20
simsak: folds 
seandg1991: folds 
kai_sl99: folds 
Uncalled bet ($0.15) returned to Dorex2007
Dorex2007 collected $0.12 from pot
Dorex2007: doesn't show hand 
*** SUMMARY ***
Total pot $0.12 | Rake $0 
Seat 1: Almanza63 folded before Flop (didn't bet)
Seat 3: Dorex2007 collected ($0.12)
Seat 4: simsak (button) folded before Flop (didn't bet)
Seat 5: seandg1991 (small blind) folded before Flop
Seat 6: kai_sl99 (big blind) folded before Flop
Seat 7: Someone117 folded before Flop (didn't bet)
Seat 8: barbolicious folded before Flop (didn't bet)
Seat 9: ASpiror folded before Flop (didn't bet)



PokerStars Hand #237815669971:  Hold'em No Limit ($0.02/$0.05 USD) - 2022/08/05 19:05:06 PT [2022/08/05 22:05:06 ET]
Table 'Altaj II' 9-max Seat #5 is the button
Seat 1: Almanza63 ($22.44 in chips) 
Seat 3: Dorex2007 ($7.34 in chips) 
Seat 4: simsak ($1.70 in chips) 
Seat 5: seandg1991 ($5.02 in chips) 
Seat 6: kai_sl99 ($3.26 in chips) 
Seat 7: Someone117 ($7.31 in chips) 
Seat 8: barbolicious ($5 in chips) 
kai_sl99: posts small blind $0.02
Someone117: posts big blind $0.05
AGVsmarT: sits out 
*** HOLE CARDS ***
Dealt to Dorex2007 [Js 6h]
barbolicious: folds 
Almanza63: folds 
Dorex2007: folds 
simsak: folds 
seandg1991: raises $0.05 to $0.10
kai_sl99: raises $0.05 to $0.15
Someone117: folds 
seandg1991: calls $0.05
*** FLOP *** [5d Jd 8c]
kai_sl99: bets $0.15
seandg1991: calls $0.15
*** TURN *** [5d Jd 8c] [2d]
kai_sl99: bets $0.40
seandg1991: calls $0.40
*** RIVER *** [5d Jd 8c 2d] [2s]
kai_sl99: bets $0.70
seandg1991: folds 
Uncalled bet ($0.70) returned to kai_sl99
kai_sl99 collected $1.37 from pot
kai_sl99: doesn't show hand 
*** SUMMARY ***
Total pot $1.45 | Rake $0.08 
Board [5d Jd 8c 2d 2s]
Seat 1: Almanza63 folded before Flop (didn't bet)
Seat 3: Dorex2007 folded before Flop (didn't bet)
Seat 4: simsak folded before Flop (didn't bet)
Seat 5: seandg1991 (button) folded on the River
Seat 6: kai_sl99 (small blind) collected ($1.37)
Seat 7: Someone117 (big blind) folded before Flop
Seat 8: barbolicious folded before Flop (didn't bet)



PokerStars Hand #237815682925:  Hold'em No Limit ($0.02/$0.05 USD) - 2022/08/05 19:06:10 PT [2022/08/05 22:06:10 ET]
Table 'Altaj II' 9-max Seat #6 is the button
Seat 1: Almanza63 ($22.44 in chips) 
Seat 3: Dorex2007 ($7.34 in chips) 
Seat 4: simsak ($1.70 in chips) 
Seat 5: seandg1991 ($4.32 in chips) 
Seat 6: kai_sl99 ($3.93 in chips) 
Seat 7: Someone117 ($7.26 in chips) 
Seat 8: barbolicious ($5 in chips) 
Seat 9: ASpiror ($8 in chips) 
Someone117: posts small blind $0.02
barbolicious: posts big blind $0.05
AGVsmarT: sits out 
*** HOLE CARDS ***
Dealt to Dorex2007 [Jh 4s]
ASpiror: folds 
Almanza63: folds 
Dorex2007: folds 
simsak: raises $0.10 to $0.15
seandg1991: folds 
kai_sl99: calls $0.15
Someone117: folds 
barbolicious: folds 
*** FLOP *** [2c Kc Qc]
simsak: bets $0.15
kai_sl99: folds 
Uncalled bet ($0.15) returned to simsak
simsak collected $0.35 from pot
*** SUMMARY ***
Total pot $0.37 | Rake $0.02 
Board [2c Kc Qc]
Seat 1: Almanza63 folded before Flop (didn't bet)
Seat 3: Dorex2007 folded before Flop (didn't bet)
Seat 4: simsak collected ($0.35)
Seat 5: seandg1991 folded before Flop (didn't bet)
Seat 6: kai_sl99 (button) folded on the Flop
Seat 7: Someone117 (small blind) folded before Flop
Seat 8: barbolicious (big blind) folded before Flop
Seat 9: ASpiror folded before Flop (didn't bet)



PokerStars Hand #237815691021:  Hold'em No Limit ($0.02/$0.05 USD) - 2022/08/05 19:06:49 PT [2022/08/05 22:06:49 ET]
Table 'Altaj II' 9-max Seat #7 is the button
Seat 1: Almanza63 ($22.44 in chips) 
Seat 3: Dorex2007 ($7.34 in chips) 
Seat 4: simsak ($1.90 in chips) 
Seat 5: seandg1991 ($4.32 in chips) 
Seat 6: kai_sl99 ($3.78 in chips) 
Seat 7: Someone117 ($7.24 in chips) 
Seat 8: barbolicious ($5 in chips) 
Seat 9: ASpiror ($8 in chips) 
barbolicious: posts small blind $0.02
ASpiror: posts big blind $0.05
AGVsmarT: sits out 
*** HOLE CARDS ***
Dealt to Dorex2007 [Js Ks]
Almanza63: folds 
Dorex2007: raises $0.05 to $0.10
simsak: calls $0.10
seandg1991: calls $0.10
kai_sl99: folds 
Someone117: calls $0.10
barbolicious: folds 
ASpiror: folds 
*** FLOP *** [7c 8h 8s]
Dorex2007: checks 
simsak: checks 
seandg1991: checks 
Someone117: checks 
*** TURN *** [7c 8h 8s] [Ah]
Dorex2007: checks 
simsak: checks 
seandg1991: checks 
Someone117: checks 
*** RIVER *** [7c 8h 8s Ah] [4s]
Dorex2007: checks 
simsak: checks 
seandg1991: checks 
Someone117: checks 
*** SHOW DOWN ***
Dorex2007: shows [Js Ks] (a pair of Eights)
simsak: mucks hand 
seandg1991: shows [6d 6s] (two pair, Eights and Sixes)
Someone117: mucks hand 
seandg1991 collected $0.45 from pot
*** SUMMARY ***
Total pot $0.47 | Rake $0.02 
Board [7c 8h 8s Ah 4s]
Seat 1: Almanza63 folded before Flop (didn't bet)
Seat 3: Dorex2007 showed [Js Ks] and lost with a pair of Eights
Seat 4: simsak mucked [Qd 3d]
Seat 5: seandg1991 showed [6d 6s] and won ($0.45) with two pair, Eights and Sixes
Seat 6: kai_sl99 folded before Flop (didn't bet)
Seat 7: Someone117 (button) mucked [5c 3c]
Seat 8: barbolicious (small blind) folded before Flop
Seat 9: ASpiror (big blind) folded before Flop



PokerStars Hand #237815702107:  Hold'em No Limit ($0.02/$0.05 USD) - 2022/08/05 19:07:43 PT [2022/08/05 22:07:43 ET]
Table 'Altaj II' 9-max Seat #8 is the button
Seat 1: Almanza63 ($22.44 in chips) 
Seat 2: AGVsmarT ($9.55 in chips) 
Seat 3: Dorex2007 ($7.24 in chips) 
Seat 4: simsak ($1.80 in chips) 
Seat 5: seandg1991 ($4.67 in chips) 
Seat 6: kai_sl99 ($3.78 in chips) 
Seat 7: Someone117 ($7.14 in chips) 
Seat 8: barbolicious ($5 in chips) 
Almanza63: posts small blind $0.02
AGVsmarT: posts big blind $0.05
*** HOLE CARDS ***
Dealt to Dorex2007 [Jc Td]
Dorex2007: folds 
simsak: calls $0.05
seandg1991: folds 
ASpiror is disconnected 
kai_sl99: raises $0.05 to $0.10
Someone117: folds 
barbolicious: folds 
Almanza63: calls $0.08
AGVsmarT: calls $0.05
simsak: calls $0.05
*** FLOP *** [2d 3c 7c]
Almanza63: checks 
AGVsmarT: checks 
simsak: bets $0.15
kai_sl99: calls $0.15
Almanza63: folds 
AGVsmarT: folds 
*** TURN *** [2d 3c 7c] [Tc]
simsak: bets $0.35
kai_sl99: folds 
Uncalled bet ($0.35) returned to simsak
simsak collected $0.67 from pot
*** SUMMARY ***
Total pot $0.70 | Rake $0.03 
Board [2d 3c 7c Tc]
Seat 1: Almanza63 (small blind) folded on the Flop
Seat 2: AGVsmarT (big blind) folded on the Flop
Seat 3: Dorex2007 folded before Flop (didn't bet)
Seat 4: simsak collected ($0.67)
Seat 5: seandg1991 folded before Flop (didn't bet)
Seat 6: kai_sl99 folded on the Turn
Seat 7: Someone117 folded before Flop (didn't bet)
Seat 8: barbolicious (button) folded before Flop (didn't bet)



PokerStars Hand #237815713594:  Hold'em No Limit ($0.02/$0.05 USD) - 2022/08/05 19:08:40 PT [2022/08/05 22:08:40 ET]
Table 'Altaj II' 9-max Seat #1 is the button
Seat 1: Almanza63 ($22.34 in chips) 
Seat 2: AGVsmarT ($9.45 in chips) 
Seat 3: Dorex2007 ($7.24 in chips) 
Seat 4: simsak ($2.22 in chips) 
Seat 5: seandg1991 ($4.67 in chips) 
Seat 6: kai_sl99 ($3.53 in chips) 
Seat 7: Someone117 ($7.14 in chips) 
Seat 8: barbolicious ($5 in chips) 
AGVsmarT: posts small blind $0.02
Dorex2007: posts big blind $0.05
*** HOLE CARDS ***
Dealt to Dorex2007 [3s 4c]
simsak: folds 
seandg1991: folds 
kai_sl99: folds 
Someone117: folds 
barbolicious: folds 
Almanza63: folds 
AGVsmarT: calls $0.03
Dorex2007: checks 
*** FLOP *** [Th Ks As]
AGVsmarT: bets $0.05
Dorex2007: folds 
Uncalled bet ($0.05) returned to AGVsmarT
AGVsmarT collected $0.10 from pot
*** SUMMARY ***
Total pot $0.10 | Rake $0 
Board [Th Ks As]
Seat 1: Almanza63 (button) folded before Flop (didn't bet)
Seat 2: AGVsmarT (small blind) collected ($0.10)
Seat 3: Dorex2007 (big blind) folded on the Flop
Seat 4: simsak folded before Flop (didn't bet)
Seat 5: seandg1991 folded before Flop (didn't bet)
Seat 6: kai_sl99 folded before Flop (didn't bet)
Seat 7: Someone117 folded before Flop (didn't bet)
Seat 8: barbolicious folded before Flop (didn't bet)



PokerStars Hand #237815718042:  Hold'em No Limit ($0.02/$0.05 USD) - 2022/08/05 19:09:02 PT [2022/08/05 22:09:02 ET]
Table 'Altaj II' 9-max Seat #2 is the button
Seat 1: Almanza63 ($22.34 in chips) 
Seat 2: AGVsmarT ($9.50 in chips) 
Seat 3: Dorex2007 ($7.19 in chips) 
Seat 4: simsak ($2.22 in chips) 
Seat 5: seandg1991 ($4.67 in chips) 
Seat 6: kai_sl99 ($3.53 in chips) 
Seat 7: Someone117 ($7.14 in chips) 
Seat 8: barbolicious ($5 in chips) 
Dorex2007: posts small blind $0.02
simsak: posts big blind $0.05
*** HOLE CARDS ***
Dealt to Dorex2007 [9s 6s]
seandg1991: folds 
kai_sl99 has timed out
kai_sl99: folds 
Someone117: folds 
barbolicious: folds 
Almanza63: folds 
AGVsmarT: folds 
Dorex2007: folds 
Uncalled bet ($0.03) returned to simsak
simsak collected $0.04 from pot
simsak: doesn't show hand 
*** SUMMARY ***
Total pot $0.04 | Rake $0 
Seat 1: Almanza63 folded before Flop (didn't bet)
Seat 2: AGVsmarT (button) folded before Flop (didn't bet)
Seat 3: Dorex2007 (small blind) folded before Flop
Seat 4: simsak (big blind) collected ($0.04)
Seat 5: seandg1991 folded before Flop (didn't bet)
Seat 6: kai_sl99 folded before Flop (didn't bet)
Seat 7: Someone117 folded before Flop (didn't bet)
Seat 8: barbolicious folded before Flop (didn't bet)



PokerStars Hand #237815722808:  Hold'em No Limit ($0.02/$0.05 USD) - 2022/08/05 19:09:25 PT [2022/08/05 22:09:25 ET]
Table 'Altaj II' 9-max Seat #3 is the button
Seat 1: Almanza63 ($22.34 in chips) 
Seat 2: AGVsmarT ($9.50 in chips) 
Seat 3: Dorex2007 ($7.17 in chips) 
Seat 5: seandg1991 ($4.67 in chips) 
Seat 6: kai_sl99 ($3.53 in chips) 
Seat 7: Someone117 ($7.14 in chips) 
Seat 8: barbolicious ($5 in chips) 
seandg1991: posts small blind $0.02
kai_sl99: posts big blind $0.05
*** HOLE CARDS ***
Dealt to Dorex2007 [4s 4d]
Someone117: folds 
barbolicious: folds 
Almanza63: folds 
AGVsmarT: folds 
Lomex001 joins the table at seat #4 
Dorex2007: raises $0.10 to $0.15
seandg1991: folds 
kai_sl99: calls $0.10
*** FLOP *** [4h Qs 5h]
kai_sl99: checks 
Dorex2007: bets $0.15
kai_sl99: calls $0.15
*** TURN *** [4h Qs 5h] [8d]
kai_sl99: checks 
Dorex2007: bets $0.39
kai_sl99: calls $0.39
*** RIVER *** [4h Qs 5h 8d] [8s]
kai_sl99: checks 
Dorex2007: bets $0.67
kai_sl99: folds 
Uncalled bet ($0.67) returned to Dorex2007
Dorex2007 collected $1.34 from pot
Dorex2007: doesn't show hand 
*** SUMMARY ***
Total pot $1.40 | Rake $0.06 
Board [4h Qs 5h 8d 8s]
Seat 1: Almanza63 folded before Flop (didn't bet)
Seat 2: AGVsmarT folded before Flop (didn't bet)
Seat 3: Dorex2007 (button) collected ($1.34)
Seat 5: seandg1991 (small blind) folded before Flop
Seat 6: kai_sl99 (big blind) folded on the River
Seat 7: Someone117 folded before Flop (didn't bet)
Seat 8: barbolicious folded before Flop (didn't bet)



PokerStars Hand #237815733798:  Hold'em No Limit ($0.02/$0.05 USD) - 2022/08/05 19:10:19 PT [2022/08/05 22:10:19 ET]
Table 'Altaj II' 9-max Seat #5 is the button
Seat 1: Almanza63 ($22.34 in chips) 
Seat 2: AGVsmarT ($9.50 in chips) 
Seat 3: Dorex2007 ($7.82 in chips) 
Seat 4: Lomex001 ($5 in chips) 
Seat 5: seandg1991 ($4.65 in chips) 
Seat 6: kai_sl99 ($2.84 in chips) 
Seat 7: Someone117 ($7.14 in chips) 
Seat 8: barbolicious ($5 in chips) 
kai_sl99: posts small blind $0.02
Someone117: posts big blind $0.05
Lomex001: posts big blind $0.05
*** HOLE CARDS ***
Dealt to Dorex2007 [5c Ac]
barbolicious: folds 
Almanza63: folds 
AGVsmarT: folds 
Dorex2007: raises $0.05 to $0.10
Lomex001: calls $0.05
seandg1991: calls $0.10
kai_sl99: folds 
Someone117: folds 
*** FLOP *** [8s Qc 3c]
Dorex2007: checks 
Lomex001: bets $0.20
seandg1991: folds 
Dorex2007: calls $0.20
*** TURN *** [8s Qc 3c] [9s]
Dorex2007: checks 
Lomex001: bets $0.37
Dorex2007: calls $0.37
*** RIVER *** [8s Qc 3c 9s] [Tc]
Dorex2007: checks 
Lomex001: bets $1.45
Dorex2007: raises $1.45 to $2.90
Lomex001: calls $1.45
*** SHOW DOWN ***
Dorex2007: shows [5c Ac] (a flush, Ace high)
Lomex001: mucks hand 
Dorex2007 collected $7.01 from pot
*** SUMMARY ***
Total pot $7.31 | Rake $0.30 
Board [8s Qc 3c 9s Tc]
Seat 1: Almanza63 folded before Flop (didn't bet)
Seat 2: AGVsmarT folded before Flop (didn't bet)
Seat 3: Dorex2007 showed [5c Ac] and won ($7.01) with a flush, Ace high
Seat 4: Lomex001 mucked [Ts Td]
Seat 5: seandg1991 (button) folded on the Flop
Seat 6: kai_sl99 (small blind) folded before Flop
Seat 7: Someone117 (big blind) folded before Flop
Seat 8: barbolicious folded before Flop (didn't bet)



PokerStars Hand #237815745759:  Hold'em No Limit ($0.02/$0.05 USD) - 2022/08/05 19:11:18 PT [2022/08/05 22:11:18 ET]
Table 'Altaj II' 9-max Seat #6 is the button
Seat 1: Almanza63 ($22.34 in chips) 
Seat 2: AGVsmarT ($9.50 in chips) 
Seat 3: Dorex2007 ($11.26 in chips) 
Seat 4: Lomex001 ($1.43 in chips) 
Seat 5: seandg1991 ($4.55 in chips) 
Seat 6: kai_sl99 ($3.62 in chips) 
Seat 7: Someone117 ($7.09 in chips) 
Seat 8: barbolicious ($5 in chips) 
Someone117: posts small blind $0.02
barbolicious: posts big blind $0.05
*** HOLE CARDS ***
Dealt to Dorex2007 [Qd 5s]
Almanza63: folds 
AGVsmarT: raises $0.12 to $0.17
Dorex2007: folds 
Lomex001: calls $0.17
seandg1991: folds 
kai_sl99: folds 
Someone117: folds 
barbolicious: folds 
*** FLOP *** [2c 4s Kc]
AGVsmarT: bets $0.39
Lomex001: calls $0.39
*** TURN *** [2c 4s Kc] [3c]
AGVsmarT: bets $1.14
Lomex001: calls $0.87 and is all-in
Uncalled bet ($0.27) returned to AGVsmarT
*** RIVER *** [2c 4s Kc 3c] [8c]
*** SHOW DOWN ***
AGVsmarT: shows [Qs Kd] (a pair of Kings)
Lomex001: shows [5d 3d] (a pair of Threes)
AGVsmarT collected $2.81 from pot
*** SUMMARY ***
Total pot $2.93 | Rake $0.12 
Board [2c 4s Kc 3c 8c]
Seat 1: Almanza63 folded before Flop (didn't bet)
Seat 2: AGVsmarT showed [Qs Kd] and won ($2.81) with a pair of Kings
Seat 3: Dorex2007 folded before Flop (didn't bet)
Seat 4: Lomex001 showed [5d 3d] and lost with a pair of Threes
Seat 5: seandg1991 folded before Flop (didn't bet)
Seat 6: kai_sl99 (button) folded before Flop (didn't bet)
Seat 7: Someone117 (small blind) folded before Flop
Seat 8: barbolicious (big blind) folded before Flop



PokerStars Hand #237815767478:  Hold'em No Limit ($0.02/$0.05 USD) - 2022/08/05 19:12:21 PT [2022/08/05 22:12:21 ET]
Table 'Altaj II' 9-max Seat #7 is the button
Seat 1: Almanza63 ($22.34 in chips) 
Seat 2: AGVsmarT ($10.88 in chips) 
Seat 3: Dorex2007 ($11.26 in chips) 
Seat 5: seandg1991 ($4.55 in chips) 
Seat 6: kai_sl99 ($3.62 in chips) 
Seat 7: Someone117 ($7.07 in chips) 
Seat 8: barbolicious ($5 in chips) 
barbolicious: posts small blind $0.02
Almanza63: posts big blind $0.05
*** HOLE CARDS ***
Dealt to Dorex2007 [4h 7c]
AGVsmarT: folds 
Dorex2007: folds 
seandg1991: raises $0.05 to $0.10
kai_sl99: raises $0.05 to $0.15
Someone117: calls $0.15
barbolicious: folds 
Almanza63: folds 
seandg1991: calls $0.05
*** FLOP *** [Qs Th 4d]
seandg1991: checks 
kai_sl99: bets $0.35
Someone117: folds 
seandg1991: calls $0.35
*** TURN *** [Qs Th 4d] [9s]
seandg1991: checks 
kai_sl99: bets $0.85
seandg1991: calls $0.85
*** RIVER *** [Qs Th 4d 9s] [2h]
seandg1991: checks 
kai_sl99: bets $1.45
seandg1991: calls $1.45
*** SHOW DOWN ***
kai_sl99: shows [Ks Kh] (a pair of Kings)
seandg1991: mucks hand 
kai_sl99 collected $5.52 from pot
*** SUMMARY ***
Total pot $5.82 | Rake $0.30 
Board [Qs Th 4d 9s 2h]
Seat 1: Almanza63 (big blind) folded before Flop
Seat 2: AGVsmarT folded before Flop (didn't bet)
Seat 3: Dorex2007 folded before Flop (didn't bet)
Seat 5: seandg1991 mucked [Js 4s]
Seat 6: kai_sl99 showed [Ks Kh] and won ($5.52) with a pair of Kings
Seat 7: Someone117 (button) folded on the Flop
Seat 8: barbolicious (small blind) folded before Flop



PokerStars Hand #237815786176:  Hold'em No Limit ($0.02/$0.05 USD) - 2022/08/05 19:13:54 PT [2022/08/05 22:13:54 ET]
Table 'Altaj II' 9-max Seat #8 is the button
Seat 1: Almanza63 ($22.29 in chips) 
Seat 2: AGVsmarT ($10.88 in chips) 
Seat 3: Dorex2007 ($11.26 in chips) 
Seat 4: Lomex001 ($5 in chips) 
Seat 5: seandg1991 ($1.75 in chips) 
Seat 6: kai_sl99 ($6.34 in chips) 
Seat 7: Someone117 ($6.92 in chips) 
Seat 8: barbolicious ($5 in chips) 
Almanza63: posts small blind $0.02
AGVsmarT: posts big blind $0.05
*** HOLE CARDS ***
Dealt to Dorex2007 [2d Ad]
Dorex2007 has timed out
Dorex2007: folds 
Lomex001: folds 
seandg1991: folds 
kai_sl99: folds 
Someone117: raises $0.10 to $0.15
barbolicious: folds 
Almanza63: calls $0.13
AGVsmarT: folds 
*** FLOP *** [6c 2h 3h]
Almanza63: checks 
Someone117: bets $0.25
Almanza63: folds 
Uncalled bet ($0.25) returned to Someone117
Someone117 collected $0.34 from pot
*** SUMMARY ***
Total pot $0.35 | Rake $0.01 
Board [6c 2h 3h]
Seat 1: Almanza63 (small blind) folded on the Flop
Seat 2: AGVsmarT (big blind) folded before Flop
Seat 3: Dorex2007 folded before Flop (didn't bet)
Seat 4: Lomex001 folded before Flop (didn't bet)
Seat 5: seandg1991 folded before Flop (didn't bet)
Seat 6: kai_sl99 folded before Flop (didn't bet)
Seat 7: Someone117 collected ($0.34)
Seat 8: barbolicious (button) folded before Flop (didn't bet)



PokerStars Hand #237815796517:  Hold'em No Limit ($0.02/$0.05 USD) - 2022/08/05 19:14:46 PT [2022/08/05 22:14:46 ET]
Table 'Altaj II' 9-max Seat #1 is the button
Seat 1: Almanza63 ($22.14 in chips) 
Seat 2: AGVsmarT ($10.83 in chips) 
Seat 3: Dorex2007 ($11.26 in chips) 
Seat 4: Lomex001 ($5 in chips) 
Seat 5: seandg1991 ($1.75 in chips) 
Seat 6: kai_sl99 ($6.34 in chips) 
Seat 7: Someone117 ($7.11 in chips) 
Seat 8: barbolicious ($5 in chips) 
AGVsmarT: posts small blind $0.02
Dorex2007: posts big blind $0.05
*** HOLE CARDS ***
Dealt to Dorex2007 [Js 2h]
Lomex001: folds 
seandg1991: calls $0.05
kai_sl99: raises $0.25 to $0.30
Someone117: folds 
barbolicious: folds 
Almanza63: folds 
AGVsmarT: folds 
Dorex2007: folds 
seandg1991: folds 
Uncalled bet ($0.25) returned to kai_sl99
kai_sl99 collected $0.17 from pot
kai_sl99: doesn't show hand 
*** SUMMARY ***
Total pot $0.17 | Rake $0 
Seat 1: Almanza63 (button) folded before Flop (didn't bet)
Seat 2: AGVsmarT (small blind) folded before Flop
Seat 3: Dorex2007 (big blind) folded before Flop
Seat 4: Lomex001 folded before Flop (didn't bet)
Seat 5: seandg1991 folded before Flop
Seat 6: kai_sl99 collected ($0.17)
Seat 7: Someone117 folded before Flop (didn't bet)
Seat 8: barbolicious folded before Flop (didn't bet)



PokerStars Hand #237815802518:  Hold'em No Limit ($0.02/$0.05 USD) - 2022/08/05 19:15:16 PT [2022/08/05 22:15:16 ET]
Table 'Altaj II' 9-max Seat #2 is the button
Seat 1: Almanza63 ($22.14 in chips) 
Seat 2: AGVsmarT ($10.81 in chips) 
Seat 3: Dorex2007 ($11.21 in chips) 
Seat 4: Lomex001 ($5 in chips) 
Seat 5: seandg1991 ($1.70 in chips) 
Seat 6: kai_sl99 ($6.46 in chips) 
Seat 7: Someone117 ($7.11 in chips) 
Seat 8: barbolicious ($5 in chips) 
Dorex2007: posts small blind $0.02
Lomex001: posts big blind $0.05
*** HOLE CARDS ***
Dealt to Dorex2007 [Kc Ks]
seandg1991: folds 
kai_sl99: folds 
Someone117: folds 
barbolicious: raises $0.10 to $0.15
Almanza63: folds 
AGVsmarT: folds 
Dorex2007: raises $0.20 to $0.35
Lomex001: folds 
barbolicious: folds 
Uncalled bet ($0.20) returned to Dorex2007
Dorex2007 collected $0.35 from pot
Dorex2007: doesn't show hand 
*** SUMMARY ***
Total pot $0.35 | Rake $0 
Seat 1: Almanza63 folded before Flop (didn't bet)
Seat 2: AGVsmarT (button) folded before Flop (didn't bet)
Seat 3: Dorex2007 (small blind) collected ($0.35)
Seat 4: Lomex001 (big blind) folded before Flop
Seat 5: seandg1991 folded before Flop (didn't bet)
Seat 6: kai_sl99 folded before Flop (didn't bet)
Seat 7: Someone117 folded before Flop (didn't bet)
Seat 8: barbolicious folded before Flop



PokerStars Hand #237815806832:  Hold'em No Limit ($0.02/$0.05 USD) - 2022/08/05 19:15:37 PT [2022/08/05 22:15:37 ET]
Table 'Altaj II' 9-max Seat #3 is the button
Seat 1: Almanza63 ($22.14 in chips) 
Seat 2: AGVsmarT ($10.81 in chips) 
Seat 3: Dorex2007 ($11.41 in chips) 
Seat 4: Lomex001 ($4.95 in chips) 
Seat 5: seandg1991 ($1.70 in chips) 
Seat 6: kai_sl99 ($6.46 in chips) 
Seat 7: Someone117 ($7.11 in chips) 
Seat 8: barbolicious ($5 in chips) 
Lomex001: posts small blind $0.02
seandg1991: posts big blind $0.05
*** HOLE CARDS ***
Dealt to Dorex2007 [9d 4d]
kai_sl99: folds 
Someone117: folds 
barbolicious: folds 
Almanza63: folds 
AGVsmarT: calls $0.05
Dorex2007: folds 
Lomex001: calls $0.03
seandg1991: checks 
*** FLOP *** [6s Kd 5h]
Lomex001: checks 
seandg1991: checks 
AGVsmarT: checks 
*** TURN *** [6s Kd 5h] [4c]
Lomex001: checks 
seandg1991: bets $0.05
AGVsmarT: calls $0.05
Lomex001: calls $0.05
*** RIVER *** [6s Kd 5h 4c] [8h]
Lomex001: checks 
seandg1991: bets $0.44
AGVsmarT: raises $1.17 to $1.61
Lomex001: raises $3.24 to $4.85 and is all-in
seandg1991: calls $1.16 and is all-in
AGVsmarT: folds 
Uncalled bet ($3.24) returned to Lomex001
*** SHOW DOWN ***
Lomex001: shows [Ts 7c] (a straight, Four to Eight)
Lomex001 collected $0.02 from side pot
seandg1991: shows [7d Js] (a straight, Four to Eight)
Lomex001 collected $2.42 from main pot
seandg1991 collected $2.44 from main pot
*** SUMMARY ***
Total pot $5.12 Main pot $4.86. Side pot $0.02. | Rake $0.24 
Board [6s Kd 5h 4c 8h]
Seat 1: Almanza63 folded before Flop (didn't bet)
Seat 2: AGVsmarT folded on the River
Seat 3: Dorex2007 (button) folded before Flop (didn't bet)
Seat 4: Lomex001 (small blind) showed [Ts 7c] and won ($2.44) with a straight, Four to Eight
Seat 5: seandg1991 (big blind) showed [7d Js] and won ($2.44) with a straight, Four to Eight
Seat 6: kai_sl99 folded before Flop (didn't bet)
Seat 7: Someone117 folded before Flop (didn't bet)
Seat 8: barbolicious folded before Flop (didn't bet)



PokerStars Hand #237815819883:  Hold'em No Limit ($0.02/$0.05 USD) - 2022/08/05 19:16:41 PT [2022/08/05 22:16:41 ET]
Table 'Altaj II' 9-max Seat #4 is the button
Seat 1: Almanza63 ($22.14 in chips) 
Seat 2: AGVsmarT ($9.10 in chips) 
Seat 3: Dorex2007 ($11.41 in chips) 
Seat 4: Lomex001 ($5.68 in chips) 
Seat 5: seandg1991 ($2.44 in chips) 
Seat 6: kai_sl99 ($6.46 in chips) 
Seat 7: Someone117 ($7.11 in chips) 
Seat 8: barbolicious ($5 in chips) 
seandg1991: posts small blind $0.02
kai_sl99: posts big blind $0.05
*** HOLE CARDS ***
Dealt to Dorex2007 [Td Kc]
Someone117: raises $0.10 to $0.15
barbolicious: folds 
Almanza63: folds 
AGVsmarT: calls $0.15
Dorex2007: folds 
Lomex001: calls $0.15
seandg1991: folds 
kai_sl99: folds 
*** FLOP *** [5d 6h 7c]
Someone117: bets $0.25
AGVsmarT: folds 
Lomex001: calls $0.25
*** TURN *** [5d 6h 7c] [5s]
Someone117: bets $0.49
Lomex001: folds 
Uncalled bet ($0.49) returned to Someone117
Someone117 collected $0.98 from pot
*** SUMMARY ***
Total pot $1.02 | Rake $0.04 
Board [5d 6h 7c 5s]
Seat 1: Almanza63 folded before Flop (didn't bet)
Seat 2: AGVsmarT folded on the Flop
Seat 3: Dorex2007 folded before Flop (didn't bet)
Seat 4: Lomex001 (button) folded on the Turn
Seat 5: seandg1991 (small blind) folded before Flop
Seat 6: kai_sl99 (big blind) folded before Flop
Seat 7: Someone117 collected ($0.98)
Seat 8: barbolicious folded before Flop (didn't bet)



PokerStars Hand #237815831286:  Hold'em No Limit ($0.02/$0.05 USD) - 2022/08/05 19:17:38 PT [2022/08/05 22:17:38 ET]
Table 'Altaj II' 9-max Seat #5 is the button
Seat 1: Almanza63 ($22.14 in chips) 
Seat 2: AGVsmarT ($8.95 in chips) 
Seat 3: Dorex2007 ($11.41 in chips) 
Seat 4: Lomex001 ($5.28 in chips) 
Seat 5: seandg1991 ($2.42 in chips) 
Seat 6: kai_sl99 ($6.41 in chips) 
Seat 7: Someone117 ($7.69 in chips) 
Seat 8: barbolicious ($5 in chips) 
kai_sl99: posts small blind $0.02
Someone117: posts big blind $0.05
*** HOLE CARDS ***
Dealt to Dorex2007 [8h 9s]
barbolicious: folds 
Almanza63: folds 
AGVsmarT: calls $0.05
Dorex2007: folds 
Lomex001: raises $0.10 to $0.15
seandg1991: calls $0.15
ASpiror leaves the table
kai_sl99: raises $0.20 to $0.35
Someone117: folds 
AGVsmarT: folds 
Lomex001: calls $0.20
seandg1991: calls $0.20
*** FLOP *** [6c Qc 7s]
kai_sl99: bets $0.35
Lomex001: calls $0.35
seandg1991: folds 
*** TURN *** [6c Qc 7s] [4d]
kai_sl99: bets $0.95
Lomex001: calls $0.95
*** RIVER *** [6c Qc 7s 4d] [7c]
gabriel.mb20 joins the table at seat #9 
kai_sl99: bets $1.65
Lomex001: calls $1.65
*** SHOW DOWN ***
kai_sl99: shows [Ks Kc] (two pair, Kings and Sevens)
Lomex001: shows [Tc 8c] (a flush, Queen high)
Lomex001 collected $6.69 from pot
*** SUMMARY ***
Total pot $7.05 | Rake $0.36 
Board [6c Qc 7s 4d 7c]
Seat 1: Almanza63 folded before Flop (didn't bet)
Seat 2: AGVsmarT folded before Flop
Seat 3: Dorex2007 folded before Flop (didn't bet)
Seat 4: Lomex001 showed [Tc 8c] and won ($6.69) with a flush, Queen high
Seat 5: seandg1991 (button) folded on the Flop
Seat 6: kai_sl99 (small blind) showed [Ks Kc] and lost with two pair, Kings and Sevens
Seat 7: Someone117 (big blind) folded before Flop
Seat 8: barbolicious folded before Flop (didn't bet)



PokerStars Hand #237815853043:  Hold'em No Limit ($0.02/$0.05 USD) - 2022/08/05 19:18:48 PT [2022/08/05 22:18:48 ET]
Table 'Altaj II' 9-max Seat #6 is the button
Seat 1: Almanza63 ($22.14 in chips) 
Seat 2: AGVsmarT ($8.90 in chips) 
Seat 3: Dorex2007 ($11.41 in chips) 
Seat 4: Lomex001 ($8.67 in chips) 
Seat 5: seandg1991 ($2.07 in chips) 
Seat 6: kai_sl99 ($3.11 in chips) 
Seat 7: Someone117 ($7.64 in chips) 
Seat 8: barbolicious ($5 in chips) 
Seat 9: gabriel.mb20 ($4 in chips) 
Someone117: posts small blind $0.02
barbolicious: posts big blind $0.05
gabriel.mb20: posts big blind $0.05
*** HOLE CARDS ***
Dealt to Dorex2007 [4s 5s]
gabriel.mb20: checks 
Almanza63: folds 
AGVsmarT: folds 
Dorex2007: folds 
Lomex001: folds 
seandg1991: raises $0.10 to $0.15
kai_sl99: folds 
Someone117: folds 
barbolicious: folds 
gabriel.mb20: folds 
Uncalled bet ($0.10) returned to seandg1991
seandg1991 collected $0.17 from pot
*** SUMMARY ***
Total pot $0.17 | Rake $0 
Seat 1: Almanza63 folded before Flop (didn't bet)
Seat 2: AGVsmarT folded before Flop (didn't bet)
Seat 3: Dorex2007 folded before Flop (didn't bet)
Seat 4: Lomex001 folded before Flop (didn't bet)
Seat 5: seandg1991 collected ($0.17)
Seat 6: kai_sl99 (button) folded before Flop (didn't bet)
Seat 7: Someone117 (small blind) folded before Flop
Seat 8: barbolicious (big blind) folded before Flop
Seat 9: gabriel.mb20 folded before Flop (didn't bet)



PokerStars Hand #237815858994:  Hold'em No Limit ($0.02/$0.05 USD) - 2022/08/05 19:19:18 PT [2022/08/05 22:19:18 ET]
Table 'Altaj II' 9-max Seat #7 is the button
Seat 1: Almanza63 ($22.14 in chips) 
Seat 2: AGVsmarT ($8.90 in chips) 
Seat 3: Dorex2007 ($11.41 in chips) 
Seat 4: Lomex001 ($8.67 in chips) 
Seat 5: seandg1991 ($2.19 in chips) 
Seat 6: kai_sl99 ($3.11 in chips) 
Seat 7: Someone117 ($7.62 in chips) 
Seat 8: barbolicious ($5 in chips) 
Seat 9: gabriel.mb20 ($3.95 in chips) 
barbolicious: posts small blind $0.02
gabriel.mb20: posts big blind $0.05
*** HOLE CARDS ***
Dealt to Dorex2007 [4s 6s]
Almanza63: raises $0.10 to $0.15
AGVsmarT: folds 
Dorex2007: folds 
Lomex001: folds 
seandg1991: folds 
kai_sl99: folds 
Someone117: calls $0.15
barbolicious: folds 
gabriel.mb20: folds 
*** FLOP *** [Ac Js 8s]
Almanza63: checks 
Someone117: bets $0.25
Almanza63: folds 
Uncalled bet ($0.25) returned to Someone117
Someone117 collected $0.35 from pot
*** SUMMARY ***
Total pot $0.37 | Rake $0.02 
Board [Ac Js 8s]
Seat 1: Almanza63 folded on the Flop
Seat 2: AGVsmarT folded before Flop (didn't bet)
Seat 3: Dorex2007 folded before Flop (didn't bet)
Seat 4: Lomex001 folded before Flop (didn't bet)
Seat 5: seandg1991 folded before Flop (didn't bet)
Seat 6: kai_sl99 folded before Flop (didn't bet)
Seat 7: Someone117 (button) collected ($0.35)
Seat 8: barbolicious (small blind) folded before Flop
Seat 9: gabriel.mb20 (big blind) folded before Flop



PokerStars Hand #237815871409:  Hold'em No Limit ($0.02/$0.05 USD) - 2022/08/05 19:20:21 PT [2022/08/05 22:20:21 ET]
Table 'Altaj II' 9-max Seat #8 is the button
Seat 1: Almanza63 ($21.99 in chips) 
Seat 2: AGVsmarT ($8.90 in chips) 
Seat 3: Dorex2007 ($11.41 in chips) 
Seat 4: Lomex001 ($8.67 in chips) 
Seat 5: seandg1991 ($2.19 in chips) 
Seat 6: kai_sl99 ($3.11 in chips) 
Seat 7: Someone117 ($7.82 in chips) 
Seat 8: barbolicious ($5 in chips) 
Seat 9: gabriel.mb20 ($3.90 in chips) 
gabriel.mb20: posts small blind $0.02
Almanza63: posts big blind $0.05
*** HOLE CARDS ***
Dealt to Dorex2007 [8c Qh]
AGVsmarT: folds 
Dorex2007: folds 
Lomex001: folds 
seandg1991: raises $0.10 to $0.15
kai_sl99: folds 
Someone117: folds 
barbolicious: folds 
gabriel.mb20: folds 
Almanza63: folds 
Uncalled bet ($0.10) returned to seandg1991
seandg1991 collected $0.12 from pot
*** SUMMARY ***
Total pot $0.12 | Rake $0 
Seat 1: Almanza63 (big blind) folded before Flop
Seat 2: AGVsmarT folded before Flop (didn't bet)
Seat 3: Dorex2007 folded before Flop (didn't bet)
Seat 4: Lomex001 folded before Flop (didn't bet)
Seat 5: seandg1991 collected ($0.12)
Seat 6: kai_sl99 folded before Flop (didn't bet)
Seat 7: Someone117 folded before Flop (didn't bet)
Seat 8: barbolicious (button) folded before Flop (didn't bet)
Seat 9: gabriel.mb20 (small blind) folded before Flop



PokerStars Hand #237815878029:  Hold'em No Limit ($0.02/$0.05 USD) - 2022/08/05 19:20:54 PT [2022/08/05 22:20:54 ET]
Table 'Altaj II' 9-max Seat #9 is the button
Seat 1: Almanza63 ($21.94 in chips) 
Seat 2: AGVsmarT ($8.90 in chips) 
Seat 3: Dorex2007 ($11.41 in chips) 
Seat 4: Lomex001 ($8.67 in chips) 
Seat 5: seandg1991 ($2.26 in chips) 
Seat 6: kai_sl99 ($3.11 in chips) 
Seat 7: Someone117 ($7.82 in chips) 
Seat 8: barbolicious ($5 in chips) 
Seat 9: gabriel.mb20 ($3.88 in chips) 
Almanza63: posts small blind $0.02
AGVsmarT: posts big blind $0.05
*** HOLE CARDS ***
Dealt to Dorex2007 [3c Ah]
Dorex2007: folds 
Lomex001: folds 
seandg1991: folds 
kai_sl99: raises $0.05 to $0.10
Someone117: folds 
barbolicious: folds 
gabriel.mb20: calls $0.10
Almanza63: calls $0.08
AGVsmarT: calls $0.05
*** FLOP *** [7s 8d Kh]
Almanza63: checks 
AGVsmarT: bets $0.38
kai_sl99: calls $0.38
gabriel.mb20: folds 
Almanza63: folds 
*** TURN *** [7s 8d Kh] [9d]
AGVsmarT: bets $0.75
kai_sl99: calls $0.75
*** RIVER *** [7s 8d Kh 9d] [4c]
AGVsmarT: bets $2.55
kai_sl99: folds 
Uncalled bet ($2.55) returned to AGVsmarT
AGVsmarT collected $2.55 from pot
*** SUMMARY ***
Total pot $2.66 | Rake $0.11 
Board [7s 8d Kh 9d 4c]
Seat 1: Almanza63 (small blind) folded on the Flop
Seat 2: AGVsmarT (big blind) collected ($2.55)
Seat 3: Dorex2007 folded before Flop (didn't bet)
Seat 4: Lomex001 folded before Flop (didn't bet)
Seat 5: seandg1991 folded before Flop (didn't bet)
Seat 6: kai_sl99 folded on the River
Seat 7: Someone117 folded before Flop (didn't bet)
Seat 8: barbolicious folded before Flop (didn't bet)
Seat 9: gabriel.mb20 (button) folded on the Flop



PokerStars Hand #237815890883:  Hold'em No Limit ($0.02/$0.05 USD) - 2022/08/05 19:22:01 PT [2022/08/05 22:22:01 ET]
Table 'Altaj II' 9-max Seat #1 is the button
Seat 1: Almanza63 ($21.84 in chips) 
Seat 2: AGVsmarT ($10.22 in chips) 
Seat 3: Dorex2007 ($11.41 in chips) 
Seat 4: Lomex001 ($8.67 in chips) 
Seat 5: seandg1991 ($2.26 in chips) 
Seat 6: kai_sl99 ($1.88 in chips) 
Seat 7: Someone117 ($7.82 in chips) 
Seat 8: barbolicious ($5 in chips) 
Seat 9: gabriel.mb20 ($3.78 in chips) 
AGVsmarT: posts small blind $0.02
Dorex2007: posts big blind $0.05
*** HOLE CARDS ***
Dealt to Dorex2007 [4d As]
Lomex001: folds 
seandg1991: folds 
kai_sl99: raises $0.05 to $0.10
Someone117: folds 
barbolicious: folds 
gabriel.mb20: folds 
Almanza63: folds 
AGVsmarT: folds 
Dorex2007: folds 
Uncalled bet ($0.05) returned to kai_sl99
kai_sl99 collected $0.12 from pot
kai_sl99: doesn't show hand 
*** SUMMARY ***
Total pot $0.12 | Rake $0 
Seat 1: Almanza63 (button) folded before Flop (didn't bet)
Seat 2: AGVsmarT (small blind) folded before Flop
Seat 3: Dorex2007 (big blind) folded before Flop
Seat 4: Lomex001 folded before Flop (didn't bet)
Seat 5: seandg1991 folded before Flop (didn't bet)
Seat 6: kai_sl99 collected ($0.12)
Seat 7: Someone117 folded before Flop (didn't bet)
Seat 8: barbolicious folded before Flop (didn't bet)
Seat 9: gabriel.mb20 folded before Flop (didn't bet)



PokerStars Hand #237815895051:  Hold'em No Limit ($0.02/$0.05 USD) - 2022/08/05 19:22:22 PT [2022/08/05 22:22:22 ET]
Table 'Altaj II' 9-max Seat #2 is the button
Seat 1: Almanza63 ($21.84 in chips) 
Seat 2: AGVsmarT ($10.20 in chips) 
Seat 3: Dorex2007 ($11.36 in chips) 
Seat 4: Lomex001 ($8.67 in chips) 
Seat 5: seandg1991 ($2.26 in chips) 
Seat 6: kai_sl99 ($3.95 in chips) 
Seat 7: Someone117 ($7.82 in chips) 
Seat 8: barbolicious ($5 in chips) 
Seat 9: gabriel.mb20 ($3.78 in chips) 
Dorex2007: posts small blind $0.02
Lomex001: posts big blind $0.05
*** HOLE CARDS ***
Dealt to Dorex2007 [7d 4c]
seandg1991: folds 
kai_sl99: folds 
Someone117: folds 
barbolicious: folds 
gabriel.mb20: folds 
Almanza63: raises $0.10 to $0.15
AGVsmarT: folds 
Dorex2007: folds 
Lomex001: calls $0.10
*** FLOP *** [6h Ac 3h]
Lomex001: checks 
Almanza63: bets $0.14
Lomex001: raises $0.14 to $0.28
Almanza63: calls $0.14
*** TURN *** [6h Ac 3h] [2d]
Lomex001: bets $0.45
Almanza63: folds 
Uncalled bet ($0.45) returned to Lomex001
Lomex001 collected $0.83 from pot
Lomex001: doesn't show hand 
*** SUMMARY ***
Total pot $0.88 | Rake $0.05 
Board [6h Ac 3h 2d]
Seat 1: Almanza63 folded on the Turn
Seat 2: AGVsmarT (button) folded before Flop (didn't bet)
Seat 3: Dorex2007 (small blind) folded before Flop
Seat 4: Lomex001 (big blind) collected ($0.83)
Seat 5: seandg1991 folded before Flop (didn't bet)
Seat 6: kai_sl99 folded before Flop (didn't bet)
Seat 7: Someone117 folded before Flop (didn't bet)
Seat 8: barbolicious folded before Flop (didn't bet)
Seat 9: gabriel.mb20 folded before Flop (didn't bet)



PokerStars Hand #237815908673:  Hold'em No Limit ($0.02/$0.05 USD) - 2022/08/05 19:23:33 PT [2022/08/05 22:23:33 ET]
Table 'Altaj II' 9-max Seat #3 is the button
Seat 1: Almanza63 ($21.41 in chips) 
Seat 2: AGVsmarT ($10.20 in chips) 
Seat 3: Dorex2007 ($11.34 in chips) 
Seat 4: Lomex001 ($9.07 in chips) 
Seat 5: seandg1991 ($2.26 in chips) 
Seat 6: kai_sl99 ($3.95 in chips) 
Seat 7: Someone117 ($7.82 in chips) 
Seat 8: barbolicious ($5 in chips) 
Seat 9: gabriel.mb20 ($3.78 in chips) 
Lomex001: posts small blind $0.02
seandg1991: posts big blind $0.05
*** HOLE CARDS ***
Dealt to Dorex2007 [4h 7h]
kai_sl99: folds 
Someone117: folds 
barbolicious: folds 
gabriel.mb20: calls $0.05
Almanza63 has timed out
Almanza63: folds 
AGVsmarT: calls $0.05
Dorex2007: folds 
Lomex001: calls $0.03
seandg1991: checks 
*** FLOP *** [9d 3h 6d]
Lomex001: checks 
seandg1991: checks 
gabriel.mb20: checks 
AGVsmarT: checks 
*** TURN *** [9d 3h 6d] [Td]
Lomex001: checks 
seandg1991: checks 
gabriel.mb20: bets $0.10
AGVsmarT: calls $0.10
Lomex001: calls $0.10
seandg1991: calls $0.10
*** RIVER *** [9d 3h 6d Td] [5h]
Lomex001: checks 
seandg1991: checks 
gabriel.mb20: bets $0.29
AGVsmarT: folds 
Lomex001: folds 
seandg1991: folds 
Uncalled bet ($0.29) returned to gabriel.mb20
gabriel.mb20 collected $0.58 from pot
*** SUMMARY ***
Total pot $0.60 | Rake $0.02 
Board [9d 3h 6d Td 5h]
Seat 1: Almanza63 folded before Flop (didn't bet)
Seat 2: AGVsmarT folded on the River
Seat 3: Dorex2007 (button) folded before Flop (didn't bet)
Seat 4: Lomex001 (small blind) folded on the River
Seat 5: seandg1991 (big blind) folded on the River
Seat 6: kai_sl99 folded before Flop (didn't bet)
Seat 7: Someone117 folded before Flop (didn't bet)
Seat 8: barbolicious folded before Flop (didn't bet)
Seat 9: gabriel.mb20 collected ($0.58)



PokerStars Hand #237815922674:  Hold'em No Limit ($0.02/$0.05 USD) - 2022/08/05 19:24:46 PT [2022/08/05 22:24:46 ET]
Table 'Altaj II' 9-max Seat #4 is the button
Seat 1: Almanza63 ($21.41 in chips) 
Seat 2: AGVsmarT ($10.05 in chips) 
Seat 3: Dorex2007 ($11.34 in chips) 
Seat 4: Lomex001 ($8.92 in chips) 
Seat 5: seandg1991 ($2.11 in chips) 
Seat 6: kai_sl99 ($3.95 in chips) 
Seat 7: Someone117 ($7.82 in chips) 
Seat 8: barbolicious ($5 in chips) 
Seat 9: gabriel.mb20 ($4.21 in chips) 
seandg1991: posts small blind $0.02
kai_sl99: posts big blind $0.05
*** HOLE CARDS ***
Dealt to Dorex2007 [Ah Ad]
Someone117: folds 
barbolicious: folds 
gabriel.mb20: calls $0.05
Almanza63: folds 
AGVsmarT: calls $0.05
Dorex2007: raises $0.05 to $0.10
Lomex001: folds 
seandg1991: folds 
kai_sl99: calls $0.05
gabriel.mb20: calls $0.05
AGVsmarT: calls $0.05
*** FLOP *** [Ac 6c 8h]
kai_sl99: checks 
gabriel.mb20: bets $0.10
AGVsmarT: folds 
Dorex2007: calls $0.10
kai_sl99: calls $0.10
*** TURN *** [Ac 6c 8h] [2c]
kai_sl99: checks 
gabriel.mb20: bets $0.30
Dorex2007: calls $0.30
kai_sl99: calls $0.30
*** RIVER *** [Ac 6c 8h 2c] [2h]
kai_sl99: checks 
gabriel.mb20: checks 
Dorex2007: bets $0.77
kai_sl99: raises $1.78 to $2.55
gabriel.mb20: folds 
Dorex2007: raises $8.29 to $10.84 and is all-in
kai_sl99: calls $0.90 and is all-in
Uncalled bet ($7.39) returned to Dorex2007
*** SHOW DOWN ***
Dorex2007: shows [Ah Ad] (a full house, Aces full of Deuces)
kai_sl99: shows [2s As] (a full house, Deuces full of Aces)
Dorex2007 collected $8.17 from pot
*** SUMMARY ***
Total pot $8.52 | Rake $0.35 
Board [Ac 6c 8h 2c 2h]
Seat 1: Almanza63 folded before Flop (didn't bet)
Seat 2: AGVsmarT folded on the Flop
Seat 3: Dorex2007 showed [Ah Ad] and won ($8.17) with a full house, Aces full of Deuces
Seat 4: Lomex001 (button) folded before Flop (didn't bet)
Seat 5: seandg1991 (small blind) folded before Flop
Seat 6: kai_sl99 (big blind) showed [2s As] and lost with a full house, Deuces full of Aces
Seat 7: Someone117 folded before Flop (didn't bet)
Seat 8: barbolicious folded before Flop (didn't bet)
Seat 9: gabriel.mb20 folded on the River



PokerStars Hand #237815944220:  Hold'em No Limit ($0.02/$0.05 USD) - 2022/08/05 19:26:39 PT [2022/08/05 22:26:39 ET]
Table 'Altaj II' 9-max Seat #5 is the button
Seat 1: Almanza63 ($21.41 in chips) 
Seat 2: AGVsmarT ($9.95 in chips) 
Seat 3: Dorex2007 ($15.56 in chips) 
Seat 4: Lomex001 ($8.92 in chips) 
Seat 5: seandg1991 ($2.09 in chips) 
Seat 7: Someone117 ($7.82 in chips) 
Seat 8: barbolicious ($5 in chips) 
Seat 9: gabriel.mb20 ($3.71 in chips) 
Someone117: posts small blind $0.02
barbolicious: posts big blind $0.05
*** HOLE CARDS ***
Dealt to Dorex2007 [Kc 2s]
gabriel.mb20: calls $0.05
Almanza63: folds 
AGVsmarT: folds 
Dorex2007: folds 
Lomex001: folds 
kai_sl99 leaves the table
seandg1991: folds 
Someone117: raises $0.20 to $0.25
cups00013 joins the table at seat #6 
barbolicious: folds 
gabriel.mb20: folds 
Uncalled bet ($0.20) returned to Someone117
Someone117 collected $0.15 from pot
*** SUMMARY ***
Total pot $0.15 | Rake $0 
Seat 1: Almanza63 folded before Flop (didn't bet)
Seat 2: AGVsmarT folded before Flop (didn't bet)
Seat 3: Dorex2007 folded before Flop (didn't bet)
Seat 4: Lomex001 folded before Flop (didn't bet)
Seat 5: seandg1991 (button) folded before Flop (didn't bet)
Seat 7: Someone117 (small blind) collected ($0.15)
Seat 8: barbolicious (big blind) folded before Flop
Seat 9: gabriel.mb20 folded before Flop



PokerStars Hand #237815950330:  Hold'em No Limit ($0.02/$0.05 USD) - 2022/08/05 19:27:12 PT [2022/08/05 22:27:12 ET]
Table 'Altaj II' 9-max Seat #7 is the button
Seat 1: Almanza63 ($21.41 in chips) 
Seat 2: AGVsmarT ($9.95 in chips) 
Seat 3: Dorex2007 ($15.56 in chips) 
Seat 4: Lomex001 ($8.92 in chips) 
Seat 5: seandg1991 ($2.09 in chips) 
Seat 7: Someone117 ($7.92 in chips) 
Seat 8: barbolicious ($5 in chips) 
Seat 9: gabriel.mb20 ($3.66 in chips) 
barbolicious: posts small blind $0.02
gabriel.mb20: posts big blind $0.05
cups00013: sits out 
*** HOLE CARDS ***
Dealt to Dorex2007 [Kc 8h]
Almanza63: folds 
AGVsmarT: folds 
cups00013 leaves the table
Dorex2007: folds 
riprockin joins the table at seat #6 
Lomex001: folds 
seandg1991: folds 
Someone117: folds 
barbolicious: folds 
Uncalled bet ($0.03) returned to gabriel.mb20
gabriel.mb20 collected $0.04 from pot
*** SUMMARY ***
Total pot $0.04 | Rake $0 
Seat 1: Almanza63 folded before Flop (didn't bet)
Seat 2: AGVsmarT folded before Flop (didn't bet)
Seat 3: Dorex2007 folded before Flop (didn't bet)
Seat 4: Lomex001 folded before Flop (didn't bet)
Seat 5: seandg1991 folded before Flop (didn't bet)
Seat 7: Someone117 (button) folded before Flop (didn't bet)
Seat 8: barbolicious (small blind) folded before Flop
Seat 9: gabriel.mb20 (big blind) collected ($0.04)



PokerStars Hand #237815952797:  Hold'em No Limit ($0.02/$0.05 USD) - 2022/08/05 19:27:25 PT [2022/08/05 22:27:25 ET]
Table 'Altaj II' 9-max Seat #8 is the button
Seat 1: Almanza63 ($21.41 in chips) 
Seat 2: AGVsmarT ($9.95 in chips) 
Seat 3: Dorex2007 ($15.56 in chips) 
Seat 4: Lomex001 ($8.92 in chips) 
Seat 5: seandg1991 ($2.09 in chips) 
Seat 7: Someone117 ($7.92 in chips) 
Seat 8: barbolicious ($5 in chips) 
Seat 9: gabriel.mb20 ($3.68 in chips) 
gabriel.mb20: posts small blind $0.02
Almanza63: posts big blind $0.05
riprockin: sits out 
*** HOLE CARDS ***
Dealt to Dorex2007 [4s 7d]
AGVsmarT: calls $0.05
Dorex2007: folds 
Lomex001: folds 
seandg1991: folds 
Someone117: folds 
barbolicious: folds 
gabriel.mb20: calls $0.03
Almanza63: checks 
*** FLOP *** [Qd Ah 5h]
gabriel.mb20: checks 
Almanza63: checks 
AGVsmarT: bets $0.14
gabriel.mb20: folds 
Almanza63: folds 
Uncalled bet ($0.14) returned to AGVsmarT
AGVsmarT collected $0.14 from pot
*** SUMMARY ***
Total pot $0.15 | Rake $0.01 
Board [Qd Ah 5h]
Seat 1: Almanza63 (big blind) folded on the Flop
Seat 2: AGVsmarT collected ($0.14)
Seat 3: Dorex2007 folded before Flop (didn't bet)
Seat 4: Lomex001 folded before Flop (didn't bet)
Seat 5: seandg1991 folded before Flop (didn't bet)
Seat 7: Someone117 folded before Flop (didn't bet)
Seat 8: barbolicious (button) folded before Flop (didn't bet)
Seat 9: gabriel.mb20 (small blind) folded on the Flop



PokerStars Hand #237815964172:  Hold'em No Limit ($0.02/$0.05 USD) - 2022/08/05 19:28:25 PT [2022/08/05 22:28:25 ET]
Table 'Altaj II' 9-max Seat #9 is the button
Seat 1: Almanza63 ($21.36 in chips) 
Seat 2: AGVsmarT ($10.04 in chips) 
Seat 3: Dorex2007 ($15.56 in chips) 
Seat 4: Lomex001 ($8.92 in chips) 
Seat 5: seandg1991 ($5 in chips) 
Seat 6: riprockin ($5 in chips) 
Seat 7: Someone117 ($7.92 in chips) 
Seat 8: barbolicious ($5 in chips) 
Seat 9: gabriel.mb20 ($3.63 in chips) 
Almanza63: posts small blind $0.02
AGVsmarT: posts big blind $0.05
riprockin: posts big blind $0.05
*** HOLE CARDS ***
Dealt to Dorex2007 [7d Ad]
Dorex2007: calls $0.05
Lomex001: folds 
seandg1991: calls $0.05
riprockin: checks 
Someone117: folds 
barbolicious: raises $0.25 to $0.30
gabriel.mb20: folds 
Almanza63: folds 
AGVsmarT: folds 
Dorex2007: folds 
seandg1991: folds 
riprockin: calls $0.25
*** FLOP *** [Kh 5s 5d]
riprockin: checks 
barbolicious: bets $0.70
riprockin: folds 
Uncalled bet ($0.70) returned to barbolicious
barbolicious collected $0.74 from pot
barbolicious: doesn't show hand 
*** SUMMARY ***
Total pot $0.77 | Rake $0.03 
Board [Kh 5s 5d]
Seat 1: Almanza63 (small blind) folded before Flop
Seat 2: AGVsmarT (big blind) folded before Flop
Seat 3: Dorex2007 folded before Flop
Seat 4: Lomex001 folded before Flop (didn't bet)
Seat 5: seandg1991 folded before Flop
Seat 6: riprockin folded on the Flop
Seat 7: Someone117 folded before Flop (didn't bet)
Seat 8: barbolicious collected ($0.74)
Seat 9: gabriel.mb20 (button) folded before Flop (didn't bet)



PokerStars Hand #237815983414:  Hold'em No Limit ($0.02/$0.05 USD) - 2022/08/05 19:29:16 PT [2022/08/05 22:29:16 ET]
Table 'Altaj II' 9-max Seat #1 is the button
Seat 1: Almanza63 ($21.34 in chips) 
Seat 2: AGVsmarT ($9.99 in chips) 
Seat 3: Dorex2007 ($15.51 in chips) 
Seat 4: Lomex001 ($8.92 in chips) 
Seat 5: seandg1991 ($4.95 in chips) 
Seat 6: riprockin ($4.70 in chips) 
Seat 7: Someone117 ($7.92 in chips) 
Seat 8: barbolicious ($5.44 in chips) 
Seat 9: gabriel.mb20 ($3.63 in chips) 
AGVsmarT: posts small blind $0.02
Dorex2007: posts big blind $0.05
*** HOLE CARDS ***
Dealt to Dorex2007 [9c 2s]
Lomex001: raises $0.10 to $0.15
seandg1991: folds 
riprockin: folds 
Someone117: calls $0.15
barbolicious: folds 
gabriel.mb20: folds 
Almanza63: calls $0.15
AGVsmarT: folds 
Dorex2007: folds 
*** FLOP *** [2d 3h As]
Lomex001: bets $0.25
riprockin leaves the table
Someone117: folds 
Almanza63: calls $0.25
*** TURN *** [2d 3h As] [6s]
cups00013 joins the table at seat #6 
Lomex001: checks 
Almanza63: bets $0.69
Lomex001: calls $0.69
*** RIVER *** [2d 3h As 6s] [Ad]
cups00013 leaves the table
Lomex001: checks 
Almanza63: checks 
*** SHOW DOWN ***
Lomex001: shows [Kh Ks] (two pair, Aces and Kings)
Almanza63: mucks hand 
Lomex001 collected $2.28 from pot
*** SUMMARY ***
Total pot $2.40 | Rake $0.12 
Board [2d 3h As 6s Ad]
Seat 1: Almanza63 (button) mucked [5d 5h]
Seat 2: AGVsmarT (small blind) folded before Flop
Seat 3: Dorex2007 (big blind) folded before Flop
Seat 4: Lomex001 showed [Kh Ks] and won ($2.28) with two pair, Aces and Kings
Seat 5: seandg1991 folded before Flop (didn't bet)
Seat 6: riprockin folded before Flop (didn't bet)
Seat 7: Someone117 folded on the Flop
Seat 8: barbolicious folded before Flop (didn't bet)
Seat 9: gabriel.mb20 folded before Flop (didn't bet)



PokerStars Hand #237815993339:  Hold'em No Limit ($0.02/$0.05 USD) - 2022/08/05 19:30:09 PT [2022/08/05 22:30:09 ET]
Table 'Altaj II' 9-max Seat #2 is the button
Seat 1: Almanza63 ($20.25 in chips) 
Seat 2: AGVsmarT ($9.97 in chips) 
Seat 3: Dorex2007 ($15.46 in chips) 
Seat 4: Lomex001 ($10.11 in chips) 
Seat 5: seandg1991 ($4.95 in chips) 
Seat 7: Someone117 ($7.77 in chips) 
Seat 8: barbolicious ($5.44 in chips) 
Seat 9: gabriel.mb20 ($3.63 in chips) 
Dorex2007: posts small blind $0.02
Lomex001: posts big blind $0.05
*** HOLE CARDS ***
Dealt to Dorex2007 [Ad 3s]
seandg1991: folds 
Someone117: folds 
barbolicious: folds 
gabriel.mb20: folds 
Almanza63: folds 
AGVsmarT: raises $0.12 to $0.17
Dorex2007: folds 
Lomex001: calls $0.12
*** FLOP *** [6c 7s 5s]
Lomex001: checks 
AGVsmarT: bets $0.10
Lomex001: calls $0.10
*** TURN *** [6c 7s 5s] [Td]
Lomex001: checks 
AGVsmarT: checks 
*** RIVER *** [6c 7s 5s Td] [Jh]
Lomex001: checks 
AGVsmarT: checks 
*** SHOW DOWN ***
Lomex001: shows [8d Ts] (a pair of Tens)
AGVsmarT: mucks hand 
Lomex001 collected $0.54 from pot
*** SUMMARY ***
Total pot $0.56 | Rake $0.02 
Board [6c 7s 5s Td Jh]
Seat 1: Almanza63 folded before Flop (didn't bet)
Seat 2: AGVsmarT (button) mucked [Kc Qc]
Seat 3: Dorex2007 (small blind) folded before Flop
Seat 4: Lomex001 (big blind) showed [8d Ts] and won ($0.54) with a pair of Tens
Seat 5: seandg1991 folded before Flop (didn't bet)
Seat 7: Someone117 folded before Flop (didn't bet)
Seat 8: barbolicious folded before Flop (didn't bet)
Seat 9: gabriel.mb20 folded before Flop (didn't bet)



PokerStars Hand #237816008484:  Hold'em No Limit ($0.02/$0.05 USD) - 2022/08/05 19:31:07 PT [2022/08/05 22:31:07 ET]
Table 'Altaj II' 9-max Seat #3 is the button
Seat 1: Almanza63 ($20.25 in chips) 
Seat 2: AGVsmarT ($9.70 in chips) 
Seat 3: Dorex2007 ($15.44 in chips) 
Seat 4: Lomex001 ($10.38 in chips) 
Seat 5: seandg1991 ($4.95 in chips) 
Seat 7: Someone117 ($7.77 in chips) 
Seat 8: barbolicious ($5.44 in chips) 
Seat 9: gabriel.mb20 ($3.63 in chips) 
Lomex001: posts small blind $0.02
seandg1991: posts big blind $0.05
*** HOLE CARDS ***
Dealt to Dorex2007 [4h 9s]
Someone117: folds 
barbolicious: folds 
gabriel.mb20 has timed out
gabriel.mb20: folds 
Almanza63: folds 
AGVsmarT: calls $0.05
Dorex2007: folds 
Lomex001: calls $0.03
seandg1991: raises $0.10 to $0.15
AGVsmarT: calls $0.10
Lomex001: calls $0.10
*** FLOP *** [6h 4c 7c]
Lomex001: checks 
seandg1991: bets $0.26
AGVsmarT: calls $0.26
Lomex001: folds 
*** TURN *** [6h 4c 7c] [Kd]
Lomex001 leaves the table
seandg1991: bets $0.46
AGVsmarT: calls $0.46
*** RIVER *** [6h 4c 7c Kd] [Jh]
seandg1991: bets $1.81
AGVsmarT: folds 
Uncalled bet ($1.81) returned to seandg1991
seandg1991 collected $1.81 from pot
*** SUMMARY ***
Total pot $1.89 | Rake $0.08 
Board [6h 4c 7c Kd Jh]
Seat 1: Almanza63 folded before Flop (didn't bet)
Seat 2: AGVsmarT folded on the River
Seat 3: Dorex2007 (button) folded before Flop (didn't bet)
Seat 4: Lomex001 (small blind) folded on the Flop
Seat 5: seandg1991 (big blind) collected ($1.81)
Seat 7: Someone117 folded before Flop (didn't bet)
Seat 8: barbolicious folded before Flop (didn't bet)
Seat 9: gabriel.mb20 folded before Flop (didn't bet)



PokerStars Hand #237816020731:  Hold'em No Limit ($0.02/$0.05 USD) - 2022/08/05 19:32:12 PT [2022/08/05 22:32:12 ET]
Table 'Altaj II' 9-max Seat #5 is the button
Seat 1: Almanza63 ($20.25 in chips) 
Seat 2: AGVsmarT ($8.83 in chips) 
Seat 3: Dorex2007 ($15.44 in chips) 
Seat 5: seandg1991 ($5.89 in chips) 
Seat 7: Someone117 ($7.77 in chips) 
Seat 8: barbolicious ($5.44 in chips) 
Seat 9: gabriel.mb20 ($3.63 in chips) 
Someone117: posts small blind $0.02
barbolicious: posts big blind $0.05
*** HOLE CARDS ***
Dealt to Dorex2007 [Js 2c]
gabriel.mb20: raises $0.05 to $0.10
Almanza63: folds 
AGVsmarT: calls $0.10
Dorex2007: folds 
seandg1991: calls $0.10
cups00013 joins the table at seat #4 
Someone117: folds 
barbolicious: folds 
*** FLOP *** [4c 3c Ac]
gabriel.mb20: bets $0.10
AGVsmarT: calls $0.10
seandg1991: raises $0.33 to $0.43
gabriel.mb20: folds 
AGVsmarT: folds 
Uncalled bet ($0.33) returned to seandg1991
seandg1991 collected $0.64 from pot
*** SUMMARY ***
Total pot $0.67 | Rake $0.03 
Board [4c 3c Ac]
Seat 1: Almanza63 folded before Flop (didn't bet)
Seat 2: AGVsmarT folded on the Flop
Seat 3: Dorex2007 folded before Flop (didn't bet)
Seat 5: seandg1991 (button) collected ($0.64)
Seat 7: Someone117 (small blind) folded before Flop
Seat 8: barbolicious (big blind) folded before Flop
Seat 9: gabriel.mb20 folded on the Flop



PokerStars Hand #237816034868:  Hold'em No Limit ($0.02/$0.05 USD) - 2022/08/05 19:33:26 PT [2022/08/05 22:33:26 ET]
Table 'Altaj II' 9-max Seat #7 is the button
Seat 1: Almanza63 ($20.25 in chips) 
Seat 2: AGVsmarT ($8.63 in chips) 
Seat 3: Dorex2007 ($15.44 in chips) 
Seat 5: seandg1991 ($6.33 in chips) 
Seat 7: Someone117 ($7.75 in chips) 
Seat 8: barbolicious ($5.39 in chips) 
Seat 9: gabriel.mb20 ($3.43 in chips) 
barbolicious: posts small blind $0.02
gabriel.mb20: posts big blind $0.05
cups00013: sits out 
*** HOLE CARDS ***
Dealt to Dorex2007 [6s 8c]
Almanza63: folds 
AGVsmarT: calls $0.05
Dorex2007: folds 
seandg1991: raises $0.05 to $0.10
Someone117: folds 
barbolicious: folds 
gabriel.mb20: folds 
AGVsmarT: calls $0.05
*** FLOP *** [Jd 2c Qs]
AGVsmarT: bets $0.10
seandg1991: calls $0.10
*** TURN *** [Jd 2c Qs] [4s]
AGVsmarT: bets $0.15
seandg1991: raises $0.25 to $0.40
AGVsmarT: folds 
Uncalled bet ($0.25) returned to seandg1991
seandg1991 collected $0.74 from pot
*** SUMMARY ***
Total pot $0.77 | Rake $0.03 
Board [Jd 2c Qs 4s]
Seat 1: Almanza63 folded before Flop (didn't bet)
Seat 2: AGVsmarT folded on the Turn
Seat 3: Dorex2007 folded before Flop (didn't bet)
Seat 5: seandg1991 collected ($0.74)
Seat 7: Someone117 (button) folded before Flop (didn't bet)
Seat 8: barbolicious (small blind) folded before Flop
Seat 9: gabriel.mb20 (big blind) folded before Flop



PokerStars Hand #237816043565:  Hold'em No Limit ($0.02/$0.05 USD) - 2022/08/05 19:34:13 PT [2022/08/05 22:34:13 ET]
Table 'Altaj II' 9-max Seat #8 is the button
Seat 1: Almanza63 ($20.25 in chips) 
Seat 2: AGVsmarT ($8.28 in chips) 
Seat 3: Dorex2007 ($15.44 in chips) 
Seat 5: seandg1991 ($6.72 in chips) 
Seat 7: Someone117 ($7.75 in chips) 
Seat 8: barbolicious ($5.37 in chips) 
Seat 9: gabriel.mb20 ($3.38 in chips) 
gabriel.mb20: posts small blind $0.02
Almanza63: posts big blind $0.05
cups00013: sits out 
*** HOLE CARDS ***
Dealt to Dorex2007 [6s 8c]
AGVsmarT: folds 
Dorex2007: folds 
seandg1991: folds 
Someone117: folds 
barbolicious: raises $0.10 to $0.15
gabriel.mb20: calls $0.13
Almanza63: folds 
*** FLOP *** [4h Tc 7c]
gabriel.mb20: bets $0.15
barbolicious: raises $0.30 to $0.45
gabriel.mb20: folds 
Uncalled bet ($0.30) returned to barbolicious
barbolicious collected $0.62 from pot
barbolicious: doesn't show hand 
*** SUMMARY ***
Total pot $0.65 | Rake $0.03 
Board [4h Tc 7c]
Seat 1: Almanza63 (big blind) folded before Flop
Seat 2: AGVsmarT folded before Flop (didn't bet)
Seat 3: Dorex2007 folded before Flop (didn't bet)
Seat 5: seandg1991 folded before Flop (didn't bet)
Seat 7: Someone117 folded before Flop (didn't bet)
Seat 8: barbolicious (button) collected ($0.62)
Seat 9: gabriel.mb20 (small blind) folded on the Flop



PokerStars Hand #237816054152:  Hold'em No Limit ($0.02/$0.05 USD) - 2022/08/05 19:35:09 PT [2022/08/05 22:35:09 ET]
Table 'Altaj II' 9-max Seat #9 is the button
Seat 1: Almanza63 ($20.20 in chips) 
Seat 2: AGVsmarT ($8.28 in chips) 
Seat 3: Dorex2007 ($15.44 in chips) 
Seat 5: seandg1991 ($6.72 in chips) 
Seat 7: Someone117 ($7.75 in chips) 
Seat 8: barbolicious ($5.69 in chips) 
Seat 9: gabriel.mb20 ($3.08 in chips) 
Almanza63: posts small blind $0.02
AGVsmarT: posts big blind $0.05
cups00013: sits out 
*** HOLE CARDS ***
Dealt to Dorex2007 [9s As]
Dorex2007: calls $0.05
seandg1991: raises $0.10 to $0.15
Someone117: raises $0.40 to $0.55
barbolicious: folds 
gabriel.mb20: folds 
Almanza63: folds 
AGVsmarT: folds 
Dorex2007: folds 
seandg1991: calls $0.40
*** FLOP *** [3d 7d 8h]
seandg1991: checks 
Someone117: bets $0.85
seandg1991: raises $2.87 to $3.72
Someone117: raises $3.48 to $7.20 and is all-in
seandg1991: calls $2.45 and is all-in
Uncalled bet ($1.03) returned to Someone117
*** TURN *** [3d 7d 8h] [2c]
*** RIVER *** [3d 7d 8h 2c] [Kc]
*** SHOW DOWN ***
seandg1991: shows [6d 5d] (high card King)
Someone117: shows [Jd Jc] (a pair of Jacks)
Someone117 collected $13 from pot
*** SUMMARY ***
Total pot $13.56 | Rake $0.56 
Board [3d 7d 8h 2c Kc]
Seat 1: Almanza63 (small blind) folded before Flop
Seat 2: AGVsmarT (big blind) folded before Flop
Seat 3: Dorex2007 folded before Flop
Seat 5: seandg1991 showed [6d 5d] and lost with high card King
Seat 7: Someone117 showed [Jd Jc] and won ($13) with a pair of Jacks
Seat 8: barbolicious folded before Flop (didn't bet)
Seat 9: gabriel.mb20 (button) folded before Flop (didn't bet)



PokerStars Hand #237816067285:  Hold'em No Limit ($0.02/$0.05 USD) - 2022/08/05 19:36:20 PT [2022/08/05 22:36:20 ET]
Table 'Altaj II' 9-max Seat #1 is the button
Seat 1: Almanza63 ($20.18 in chips) 
Seat 2: AGVsmarT ($8.23 in chips) 
Seat 3: Dorex2007 ($15.39 in chips) 
Seat 7: Someone117 ($14.03 in chips) 
Seat 8: barbolicious ($5.69 in chips) 
Seat 9: gabriel.mb20 ($3.08 in chips) 
AGVsmarT: posts small blind $0.02
Dorex2007: posts big blind $0.05
cups00013: sits out 
*** HOLE CARDS ***
Dealt to Dorex2007 [4d 5s]
Someone117: raises $0.10 to $0.15
barbolicious: folds 
gabriel.mb20: calls $0.15
Almanza63: folds 
AGVsmarT: folds 
Dorex2007: folds 
*** FLOP *** [3h 8s 7s]
Someone117: bets $0.25
gabriel.mb20: calls $0.25
*** TURN *** [3h 8s 7s] [2h]
Someone117: checks 
gabriel.mb20: bets $0.30
Someone117: calls $0.30
*** RIVER *** [3h 8s 7s 2h] [Ac]
Someone117: checks 
gabriel.mb20: bets $0.70
Someone117: folds 
Uncalled bet ($0.70) returned to gabriel.mb20
0981989615 joins the table at seat #6 
gabriel.mb20 collected $1.41 from pot
*** SUMMARY ***
Total pot $1.47 | Rake $0.06 
Board [3h 8s 7s 2h Ac]
Seat 1: Almanza63 (button) folded before Flop (didn't bet)
Seat 2: AGVsmarT (small blind) folded before Flop
Seat 3: Dorex2007 (big blind) folded before Flop
Seat 7: Someone117 folded on the River
Seat 8: barbolicious folded before Flop (didn't bet)
Seat 9: gabriel.mb20 collected ($1.41)



PokerStars Hand #237816077239:  Hold'em No Limit ($0.02/$0.05 USD) - 2022/08/05 19:37:14 PT [2022/08/05 22:37:14 ET]
Table 'Altaj II' 9-max Seat #2 is the button
Seat 1: Almanza63 ($20.18 in chips) 
Seat 2: AGVsmarT ($8.21 in chips) 
Seat 3: Dorex2007 ($15.34 in chips) 
Seat 4: cups00013 ($5 in chips) 
Seat 5: seandg1991 ($3.30 in chips) 
Seat 7: Someone117 ($13.33 in chips) 
Seat 8: barbolicious ($5.69 in chips) 
Seat 9: gabriel.mb20 ($3.79 in chips) 
Dorex2007: posts small blind $0.02
cups00013: posts big blind $0.05
0981989615: sits out 
*** HOLE CARDS ***
Dealt to Dorex2007 [Ad Js]
seandg1991: folds 
Someone117: folds 
barbolicious: folds 
gabriel.mb20: folds 
Almanza63: folds 
AGVsmarT: folds 
Dorex2007: raises $0.05 to $0.10
cups00013: folds 
Uncalled bet ($0.05) returned to Dorex2007
Dorex2007 collected $0.10 from pot
Dorex2007: doesn't show hand 
*** SUMMARY ***
Total pot $0.10 | Rake $0 
Seat 1: Almanza63 folded before Flop (didn't bet)
Seat 2: AGVsmarT (button) folded before Flop (didn't bet)
Seat 3: Dorex2007 (small blind) collected ($0.10)
Seat 4: cups00013 (big blind) folded before Flop
Seat 5: seandg1991 folded before Flop (didn't bet)
Seat 7: Someone117 folded before Flop (didn't bet)
Seat 8: barbolicious folded before Flop (didn't bet)
Seat 9: gabriel.mb20 folded before Flop (didn't bet)



PokerStars Hand #237816080247:  Hold'em No Limit ($0.02/$0.05 USD) - 2022/08/05 19:37:30 PT [2022/08/05 22:37:30 ET]
Table 'Altaj II' 9-max Seat #3 is the button
Seat 1: Almanza63 ($20.18 in chips) 
Seat 2: AGVsmarT ($8.21 in chips) 
Seat 3: Dorex2007 ($15.39 in chips) 
Seat 4: cups00013 ($5 in chips) 
Seat 5: seandg1991 ($3.30 in chips) 
Seat 7: Someone117 ($13.33 in chips) 
Seat 8: barbolicious ($5.69 in chips) 
Seat 9: gabriel.mb20 ($3.79 in chips) 
cups00013: posts small blind $0.02
seandg1991: posts big blind $0.05
0981989615: sits out 
*** HOLE CARDS ***
Dealt to Dorex2007 [Kd 5h]
Someone117 has timed out
Someone117: folds 
barbolicious: folds 
gabriel.mb20: calls $0.05
Almanza63: folds 
AGVsmarT: folds 
Dorex2007: folds 
cups00013: calls $0.03
seandg1991: checks 
*** FLOP *** [8h Ah 3h]
cups00013: checks 
seandg1991: checks 
gabriel.mb20: checks 
*** TURN *** [8h Ah 3h] [4h]
cups00013: checks 
seandg1991: bets $0.07
gabriel.mb20: folds 
cups00013: folds 
Uncalled bet ($0.07) returned to seandg1991
seandg1991 collected $0.14 from pot
*** SUMMARY ***
Total pot $0.15 | Rake $0.01 
Board [8h Ah 3h 4h]
Seat 1: Almanza63 folded before Flop (didn't bet)
Seat 2: AGVsmarT folded before Flop (didn't bet)
Seat 3: Dorex2007 (button) folded before Flop (didn't bet)
Seat 4: cups00013 (small blind) folded on the Turn
Seat 5: seandg1991 (big blind) collected ($0.14)
Seat 7: Someone117 folded before Flop (didn't bet)
Seat 8: barbolicious folded before Flop (didn't bet)
Seat 9: gabriel.mb20 folded on the Turn



PokerStars Hand #237816090992:  Hold'em No Limit ($0.02/$0.05 USD) - 2022/08/05 19:38:28 PT [2022/08/05 22:38:28 ET]
Table 'Altaj II' 9-max Seat #4 is the button
Seat 1: Almanza63 ($20.18 in chips) 
Seat 2: AGVsmarT ($8.21 in chips) 
Seat 3: Dorex2007 ($15.39 in chips) 
Seat 4: cups00013 ($5 in chips) 
Seat 5: seandg1991 ($3.39 in chips) 
Seat 6: 0981989615 ($5 in chips) 
Seat 7: Someone117 ($13.33 in chips) 
Seat 8: barbolicious ($5.69 in chips) 
Seat 9: gabriel.mb20 ($3.74 in chips) 
seandg1991: posts small blind $0.02
0981989615: posts big blind $0.05
*** HOLE CARDS ***
Dealt to Dorex2007 [7h 2c]
Someone117: folds 
barbolicious: folds 
gabriel.mb20: raises $0.05 to $0.10
Almanza63: folds 
AGVsmarT: folds 
Dorex2007: folds 
cups00013: calls $0.10
seandg1991: raises $0.30 to $0.40
0981989615: folds 
gabriel.mb20: calls $0.30
cups00013: folds 
*** FLOP *** [4s Ah 6d]
seandg1991: bets $0.76
gabriel.mb20: folds 
Uncalled bet ($0.76) returned to seandg1991
seandg1991 collected $0.91 from pot
*** SUMMARY ***
Total pot $0.95 | Rake $0.04 
Board [4s Ah 6d]
Seat 1: Almanza63 folded before Flop (didn't bet)
Seat 2: AGVsmarT folded before Flop (didn't bet)
Seat 3: Dorex2007 folded before Flop (didn't bet)
Seat 4: cups00013 (button) folded before Flop
Seat 5: seandg1991 (small blind) collected ($0.91)
Seat 6: 0981989615 (big blind) folded before Flop
Seat 7: Someone117 folded before Flop (didn't bet)
Seat 8: barbolicious folded before Flop (didn't bet)
Seat 9: gabriel.mb20 folded on the Flop



PokerStars Hand #237816108624:  Hold'em No Limit ($0.02/$0.05 USD) - 2022/08/05 19:39:17 PT [2022/08/05 22:39:17 ET]
Table 'Altaj II' 9-max Seat #5 is the button
Seat 1: Almanza63 ($20.18 in chips) 
Seat 2: AGVsmarT ($8.21 in chips) 
Seat 3: Dorex2007 ($15.39 in chips) 
Seat 4: cups00013 ($5 in chips) 
Seat 5: seandg1991 ($3.90 in chips) 
Seat 6: 0981989615 ($4.95 in chips) 
Seat 7: Someone117 ($13.33 in chips) 
Seat 8: barbolicious ($5.69 in chips) 
Seat 9: gabriel.mb20 ($3.34 in chips) 
0981989615: posts small blind $0.02
Someone117: posts big blind $0.05
*** HOLE CARDS ***
Dealt to Dorex2007 [7s 6s]
barbolicious: folds 
gabriel.mb20: folds 
barbolicious leaves the table
Almanza63: folds 
AGVsmarT: folds 
Dorex2007: raises $0.05 to $0.10
cups00013: raises $0.27 to $0.37
seandg1991: folds 
0981989615: folds 
Someone117: calls $0.32
Dorex2007: folds 
*** FLOP *** [4d Qh 7c]
Someone117: checks 
cups00013: bets $0.41
Mhrav14 joins the table at seat #8 
Someone117: folds 
Uncalled bet ($0.41) returned to cups00013
cups00013 collected $0.82 from pot
cups00013: doesn't show hand 
*** SUMMARY ***
Total pot $0.86 | Rake $0.04 
Board [4d Qh 7c]
Seat 1: Almanza63 folded before Flop (didn't bet)
Seat 2: AGVsmarT folded before Flop (didn't bet)
Seat 3: Dorex2007 folded before Flop
Seat 4: cups00013 collected ($0.82)
Seat 5: seandg1991 (button) folded before Flop (didn't bet)
Seat 6: 0981989615 (small blind) folded before Flop
Seat 7: Someone117 (big blind) folded on the Flop
Seat 8: barbolicious folded before Flop (didn't bet)
Seat 9: gabriel.mb20 folded before Flop (didn't bet)



PokerStars Hand #237816117282:  Hold'em No Limit ($0.02/$0.05 USD) - 2022/08/05 19:40:04 PT [2022/08/05 22:40:04 ET]
Table 'Altaj II' 9-max Seat #6 is the button
Seat 1: Almanza63 ($20.18 in chips) 
Seat 2: AGVsmarT ($8.21 in chips) 
Seat 3: Dorex2007 ($15.29 in chips) 
Seat 4: cups00013 ($5.45 in chips) 
Seat 5: seandg1991 ($3.90 in chips) 
Seat 6: 0981989615 ($4.93 in chips) 
Seat 7: Someone117 ($12.96 in chips) 
Seat 8: Mhrav14 ($5 in chips) 
Seat 9: gabriel.mb20 ($3.34 in chips) 
Someone117: posts small blind $0.02
Mhrav14: posts big blind $0.05
*** HOLE CARDS ***
Dealt to Dorex2007 [Jh 8d]
gabriel.mb20: folds 
Almanza63: folds 
AGVsmarT: calls $0.05
Dorex2007: folds 
cups00013: folds 
seandg1991: folds 
0981989615: raises $0.05 to $0.10
Someone117: folds 
Mhrav14: folds 
AGVsmarT: calls $0.05
*** FLOP *** [Qs Jd Qc]
AGVsmarT: bets $0.10
0981989615: folds 
Uncalled bet ($0.10) returned to AGVsmarT
AGVsmarT collected $0.26 from pot
*** SUMMARY ***
Total pot $0.27 | Rake $0.01 
Board [Qs Jd Qc]
Seat 1: Almanza63 folded before Flop (didn't bet)
Seat 2: AGVsmarT collected ($0.26)
Seat 3: Dorex2007 folded before Flop (didn't bet)
Seat 4: cups00013 folded before Flop (didn't bet)
Seat 5: seandg1991 folded before Flop (didn't bet)
Seat 6: 0981989615 (button) folded on the Flop
Seat 7: Someone117 (small blind) folded before Flop
Seat 8: Mhrav14 (big blind) folded before Flop
Seat 9: gabriel.mb20 folded before Flop (didn't bet)



PokerStars Hand #237816125557:  Hold'em No Limit ($0.02/$0.05 USD) - 2022/08/05 19:40:49 PT [2022/08/05 22:40:49 ET]
Table 'Altaj II' 9-max Seat #7 is the button
Seat 1: Almanza63 ($20.18 in chips) 
Seat 2: AGVsmarT ($8.37 in chips) 
Seat 3: Dorex2007 ($15.29 in chips) 
Seat 4: cups00013 ($5.45 in chips) 
Seat 5: seandg1991 ($3.90 in chips) 
Seat 6: 0981989615 ($4.83 in chips) 
Seat 7: Someone117 ($12.94 in chips) 
Seat 8: Mhrav14 ($5 in chips) 
Seat 9: gabriel.mb20 ($3.34 in chips) 
Mhrav14: posts small blind $0.02
gabriel.mb20: posts big blind $0.05
*** HOLE CARDS ***
Dealt to Dorex2007 [7d Td]
Almanza63: folds 
AGVsmarT: calls $0.05
Dorex2007: folds 
cups00013: folds 
seandg1991: raises $0.10 to $0.15
0981989615: calls $0.15
Someone117: folds 
Mhrav14: folds 
gabriel.mb20: folds 
AGVsmarT: calls $0.10
*** FLOP *** [2h Ac 8d]
AGVsmarT: bets $0.10
seandg1991: calls $0.10
0981989615: folds 
*** TURN *** [2h Ac 8d] [2s]
AGVsmarT: bets $0.10
seandg1991: raises $0.45 to $0.55
AGVsmarT: folds 
Uncalled bet ($0.45) returned to seandg1991
seandg1991 collected $0.88 from pot
*** SUMMARY ***
Total pot $0.92 | Rake $0.04 
Board [2h Ac 8d 2s]
Seat 1: Almanza63 folded before Flop (didn't bet)
Seat 2: AGVsmarT folded on the Turn
Seat 3: Dorex2007 folded before Flop (didn't bet)
Seat 4: cups00013 folded before Flop (didn't bet)
Seat 5: seandg1991 collected ($0.88)
Seat 6: 0981989615 folded on the Flop
Seat 7: Someone117 (button) folded before Flop (didn't bet)
Seat 8: Mhrav14 (small blind) folded before Flop
Seat 9: gabriel.mb20 (big blind) folded before Flop



PokerStars Hand #237816135594:  Hold'em No Limit ($0.02/$0.05 USD) - 2022/08/05 19:41:44 PT [2022/08/05 22:41:44 ET]
Table 'Altaj II' 9-max Seat #8 is the button
Seat 1: Almanza63 ($20.18 in chips) 
Seat 2: AGVsmarT ($8.02 in chips) 
Seat 3: Dorex2007 ($15.29 in chips) 
Seat 4: cups00013 ($5.45 in chips) 
Seat 5: seandg1991 ($4.43 in chips) 
Seat 6: 0981989615 ($4.68 in chips) 
Seat 7: Someone117 ($12.94 in chips) 
Seat 8: Mhrav14 ($5 in chips) 
Seat 9: gabriel.mb20 ($3.29 in chips) 
gabriel.mb20: posts small blind $0.02
Almanza63: posts big blind $0.05
*** HOLE CARDS ***
Dealt to Dorex2007 [7d 3c]
AGVsmarT: calls $0.05
Dorex2007 has timed out
Dorex2007: folds 
cups00013: folds 
seandg1991: folds 
0981989615: folds 
Someone117: folds 
Mhrav14: folds 
gabriel.mb20: folds 
Almanza63: checks 
*** FLOP *** [3s Ah Jc]
Almanza63: checks 
AGVsmarT: bets $0.12
Almanza63: folds 
Uncalled bet ($0.12) returned to AGVsmarT
AGVsmarT collected $0.12 from pot
*** SUMMARY ***
Total pot $0.12 | Rake $0 
Board [3s Ah Jc]
Seat 1: Almanza63 (big blind) folded on the Flop
Seat 2: AGVsmarT collected ($0.12)
Seat 3: Dorex2007 folded before Flop (didn't bet)
Seat 4: cups00013 folded before Flop (didn't bet)
Seat 5: seandg1991 folded before Flop (didn't bet)
Seat 6: 0981989615 folded before Flop (didn't bet)
Seat 7: Someone117 folded before Flop (didn't bet)
Seat 8: Mhrav14 (button) folded before Flop (didn't bet)
Seat 9: gabriel.mb20 (small blind) folded before Flop



PokerStars Hand #237816144940:  Hold'em No Limit ($0.02/$0.05 USD) - 2022/08/05 19:42:36 PT [2022/08/05 22:42:36 ET]
Table 'Altaj II' 9-max Seat #9 is the button
Seat 1: Almanza63 ($20.13 in chips) 
Seat 2: AGVsmarT ($8.09 in chips) 
Seat 3: Dorex2007 ($15.29 in chips) 
Seat 4: cups00013 ($5.45 in chips) 
Seat 5: seandg1991 ($4.43 in chips) 
Seat 6: 0981989615 ($4.68 in chips) 
Seat 7: Someone117 ($12.94 in chips) 
Seat 8: Mhrav14 ($5 in chips) 
Seat 9: gabriel.mb20 ($3.27 in chips) 
Almanza63: posts small blind $0.02
AGVsmarT: posts big blind $0.05
*** HOLE CARDS ***
Dealt to Dorex2007 [Js 8h]
Dorex2007: folds 
cups00013: folds 
seandg1991: raises $0.10 to $0.15
0981989615: folds 
Someone117: folds 
Mhrav14: folds 
gabriel.mb20: calls $0.15
Almanza63: raises $0.35 to $0.50
AGVsmarT: folds 
seandg1991: folds 
gabriel.mb20: folds 
Uncalled bet ($0.35) returned to Almanza63
Almanza63 collected $0.50 from pot
Almanza63: doesn't show hand 
*** SUMMARY ***
Total pot $0.50 | Rake $0 
Seat 1: Almanza63 (small blind) collected ($0.50)
Seat 2: AGVsmarT (big blind) folded before Flop
Seat 3: Dorex2007 folded before Flop (didn't bet)
Seat 4: cups00013 folded before Flop (didn't bet)
Seat 5: seandg1991 folded before Flop
Seat 6: 0981989615 folded before Flop (didn't bet)
Seat 7: Someone117 folded before Flop (didn't bet)
Seat 8: Mhrav14 folded before Flop (didn't bet)
Seat 9: gabriel.mb20 (button) folded before Flop



PokerStars Hand #237816155546:  Hold'em No Limit ($0.02/$0.05 USD) - 2022/08/05 19:43:35 PT [2022/08/05 22:43:35 ET]
Table 'Altaj II' 9-max Seat #1 is the button
Seat 1: Almanza63 ($20.48 in chips) 
Seat 2: AGVsmarT ($8.04 in chips) 
Seat 3: Dorex2007 ($15.29 in chips) 
Seat 4: cups00013 ($5.45 in chips) 
Seat 5: seandg1991 ($4.28 in chips) 
Seat 6: 0981989615 ($4.68 in chips) 
Seat 7: Someone117 ($12.94 in chips) 
Seat 8: Mhrav14 ($5 in chips) 
Seat 9: gabriel.mb20 ($3.12 in chips) 
AGVsmarT: posts small blind $0.02
Dorex2007: posts big blind $0.05
*** HOLE CARDS ***
Dealt to Dorex2007 [Kc 8s]
cups00013: folds 
seandg1991: raises $0.10 to $0.15
0981989615: folds 
Someone117: folds 
Mhrav14: folds 
gabriel.mb20: calls $0.15
Almanza63: folds 
AGVsmarT: folds 
Dorex2007: folds 
*** FLOP *** [Jc 7h Jd]
seandg1991: checks 
gabriel.mb20: bets $0.15
seandg1991: raises $0.30 to $0.45
gabriel.mb20: folds 
Uncalled bet ($0.30) returned to seandg1991
seandg1991 collected $0.64 from pot
*** SUMMARY ***
Total pot $0.67 | Rake $0.03 
Board [Jc 7h Jd]
Seat 1: Almanza63 (button) folded before Flop (didn't bet)
Seat 2: AGVsmarT (small blind) folded before Flop
Seat 3: Dorex2007 (big blind) folded before Flop
Seat 4: cups00013 folded before Flop (didn't bet)
Seat 5: seandg1991 collected ($0.64)
Seat 6: 0981989615 folded before Flop (didn't bet)
Seat 7: Someone117 folded before Flop (didn't bet)
Seat 8: Mhrav14 folded before Flop (didn't bet)
Seat 9: gabriel.mb20 folded on the Flop



PokerStars Hand #237816165860:  Hold'em No Limit ($0.02/$0.05 USD) - 2022/08/05 19:44:17 PT [2022/08/05 22:44:17 ET]
Table 'Altaj II' 9-max Seat #2 is the button
Seat 1: Almanza63 ($20.48 in chips) 
Seat 2: AGVsmarT ($8.02 in chips) 
Seat 3: Dorex2007 ($15.24 in chips) 
Seat 4: cups00013 ($5.45 in chips) 
Seat 5: seandg1991 ($4.62 in chips) 
Seat 6: 0981989615 ($4.68 in chips) 
Seat 7: Someone117 ($12.94 in chips) 
Seat 8: Mhrav14 ($5 in chips) 
Seat 9: gabriel.mb20 ($2.82 in chips) 
Dorex2007: posts small blind $0.02
cups00013: posts big blind $0.05
*** HOLE CARDS ***
Dealt to Dorex2007 [8s As]
seandg1991: folds 
0981989615: calls $0.05
Someone117: folds 
Mhrav14: raises $0.10 to $0.15
gabriel.mb20: folds 
Almanza63: folds 
AGVsmarT: calls $0.15
Dorex2007: calls $0.13
cups00013: folds 
0981989615: calls $0.10
*** FLOP *** [5s Qc Qs]
Dorex2007: checks 
0981989615: checks 
Mhrav14: checks 
AGVsmarT: bets $0.30
Dorex2007: calls $0.30
0981989615: calls $0.30
Mhrav14: folds 
*** TURN *** [5s Qc Qs] [Ks]
Dorex2007: bets $1.49
0981989615: folds 
AGVsmarT: folds 
Uncalled bet ($1.49) returned to Dorex2007
Dorex2007 collected $1.49 from pot
Dorex2007: doesn't show hand 
*** SUMMARY ***
Total pot $1.55 | Rake $0.06 
Board [5s Qc Qs Ks]
Seat 1: Almanza63 folded before Flop (didn't bet)
Seat 2: AGVsmarT (button) folded on the Turn
Seat 3: Dorex2007 (small blind) collected ($1.49)
Seat 4: cups00013 (big blind) folded before Flop
Seat 5: seandg1991 folded before Flop (didn't bet)
Seat 6: 0981989615 folded on the Turn
Seat 7: Someone117 folded before Flop (didn't bet)
Seat 8: Mhrav14 folded on the Flop
Seat 9: gabriel.mb20 folded before Flop (didn't bet)



PokerStars Hand #237816179412:  Hold'em No Limit ($0.02/$0.05 USD) - 2022/08/05 19:45:33 PT [2022/08/05 22:45:33 ET]
Table 'Altaj II' 9-max Seat #3 is the button
Seat 1: Almanza63 ($20.48 in chips) 
Seat 2: AGVsmarT ($7.57 in chips) 
Seat 3: Dorex2007 ($16.28 in chips) 
Seat 4: cups00013 ($5.40 in chips) 
Seat 5: seandg1991 ($4.62 in chips) 
Seat 6: 0981989615 ($4.23 in chips) 
Seat 7: Someone117 ($12.94 in chips) 
Seat 8: Mhrav14 ($5 in chips) 
Seat 9: gabriel.mb20 ($2.82 in chips) 
cups00013: posts small blind $0.02
seandg1991: posts big blind $0.05
*** HOLE CARDS ***
Dealt to Dorex2007 [6h 3h]
0981989615: folds 
Someone117: raises $0.10 to $0.15
Mhrav14: folds 
gabriel.mb20: calls $0.15
Almanza63: raises $0.35 to $0.50
AGVsmarT: folds 
Dorex2007: folds 
cups00013: folds 
seandg1991: folds 
Someone117: calls $0.35
gabriel.mb20: calls $0.35
*** FLOP *** [8h Kh 3s]
Someone117: checks 
gabriel.mb20: checks 
Almanza63: bets $0.85
Someone117: calls $0.85
gabriel.mb20: folds 
*** TURN *** [8h Kh 3s] [6c]
Someone117: bets $1.45
Almanza63: calls $1.45
*** RIVER *** [8h Kh 3s 6c] [Qc]
Someone117: checks 
Almanza63: checks 
*** SHOW DOWN ***
Someone117: shows [7s 8s] (a pair of Eights)
Almanza63: shows [Ac Ah] (a pair of Aces)
Almanza63 collected $5.91 from pot
*** SUMMARY ***
Total pot $6.17 | Rake $0.26 
Board [8h Kh 3s 6c Qc]
Seat 1: Almanza63 showed [Ac Ah] and won ($5.91) with a pair of Aces
Seat 2: AGVsmarT folded before Flop (didn't bet)
Seat 3: Dorex2007 (button) folded before Flop (didn't bet)
Seat 4: cups00013 (small blind) folded before Flop
Seat 5: seandg1991 (big blind) folded before Flop
Seat 6: 0981989615 folded before Flop (didn't bet)
Seat 7: Someone117 showed [7s 8s] and lost with a pair of Eights
Seat 8: Mhrav14 folded before Flop (didn't bet)
Seat 9: gabriel.mb20 folded on the Flop



PokerStars Hand #237816195927:  Hold'em No Limit ($0.02/$0.05 USD) - 2022/08/05 19:47:05 PT [2022/08/05 22:47:05 ET]
Table 'Altaj II' 9-max Seat #4 is the button
Seat 1: Almanza63 ($23.59 in chips) 
Seat 2: AGVsmarT ($7.57 in chips) 
Seat 3: Dorex2007 ($16.28 in chips) 
Seat 4: cups00013 ($5.38 in chips) 
Seat 5: seandg1991 ($4.57 in chips) 
Seat 6: 0981989615 ($4.23 in chips) 
Seat 7: Someone117 ($10.14 in chips) 
Seat 8: Mhrav14 ($5 in chips) 
Seat 9: gabriel.mb20 ($2.32 in chips) 
seandg1991: posts small blind $0.02
0981989615: posts big blind $0.05
*** HOLE CARDS ***
Dealt to Dorex2007 [8d Qd]
Someone117: folds 
Mhrav14: folds 
gabriel.mb20: raises $0.05 to $0.10
Almanza63: folds 
AGVsmarT: calls $0.10
Dorex2007: folds 
cups00013: folds 
seandg1991: calls $0.08
0981989615: folds 
*** FLOP *** [Ah Jh Ad]
seandg1991: checks 
gabriel.mb20: bets $0.10
AGVsmarT: calls $0.10
seandg1991: folds 
*** TURN *** [Ah Jh Ad] [6s]
gabriel.mb20: bets $0.20
AGVsmarT: calls $0.20
*** RIVER *** [Ah Jh Ad 6s] [Kh]
gabriel.mb20: bets $0.20
AGVsmarT: raises $0.75 to $0.95
gabriel.mb20: folds 
Uncalled bet ($0.75) returned to AGVsmarT
AGVsmarT collected $1.29 from pot
*** SUMMARY ***
Total pot $1.35 | Rake $0.06 
Board [Ah Jh Ad 6s Kh]
Seat 1: Almanza63 folded before Flop (didn't bet)
Seat 2: AGVsmarT collected ($1.29)
Seat 3: Dorex2007 folded before Flop (didn't bet)
Seat 4: cups00013 (button) folded before Flop (didn't bet)
Seat 5: seandg1991 (small blind) folded on the Flop
Seat 6: 0981989615 (big blind) folded before Flop
Seat 7: Someone117 folded before Flop (didn't bet)
Seat 8: Mhrav14 folded before Flop (didn't bet)
Seat 9: gabriel.mb20 folded on the River



PokerStars Hand #237816209771:  Hold'em No Limit ($0.02/$0.05 USD) - 2022/08/05 19:48:22 PT [2022/08/05 22:48:22 ET]
Table 'Altaj II' 9-max Seat #5 is the button
Seat 1: Almanza63 ($23.59 in chips) 
Seat 2: AGVsmarT ($8.26 in chips) 
Seat 3: Dorex2007 ($16.28 in chips) 
Seat 4: cups00013 ($5.38 in chips) 
Seat 5: seandg1991 ($4.47 in chips) 
Seat 6: 0981989615 ($4.18 in chips) 
Seat 7: Someone117 ($10.14 in chips) 
Seat 8: Mhrav14 ($5 in chips) 
Seat 9: gabriel.mb20 ($1.72 in chips) 
0981989615: posts small blind $0.02
Someone117: posts big blind $0.05
*** HOLE CARDS ***
Dealt to Dorex2007 [3c 5c]
Mhrav14: folds 
gabriel.mb20: folds 
Almanza63: raises $0.15 to $0.20
AGVsmarT: folds 
Dorex2007: folds 
cups00013: folds 
seandg1991: calls $0.20
0981989615: folds 
Someone117: calls $0.15
*** FLOP *** [Jc 4h Ac]
Someone117: checks 
Almanza63: checks 
seandg1991: checks 
*** TURN *** [Jc 4h Ac] [2d]
Someone117: checks 
Almanza63: checks 
seandg1991: checks 
*** RIVER *** [Jc 4h Ac 2d] [Js]
Someone117: checks 
Almanza63: checks 
seandg1991: checks 
*** SHOW DOWN ***
Someone117: shows [Kd Td] (a pair of Jacks)
Almanza63: shows [9c 9s] (two pair, Jacks and Nines)
seandg1991: mucks hand 
Almanza63 collected $0.59 from pot
*** SUMMARY ***
Total pot $0.62 | Rake $0.03 
Board [Jc 4h Ac 2d Js]
Seat 1: Almanza63 showed [9c 9s] and won ($0.59) with two pair, Jacks and Nines
Seat 2: AGVsmarT folded before Flop (didn't bet)
Seat 3: Dorex2007 folded before Flop (didn't bet)
Seat 4: cups00013 folded before Flop (didn't bet)
Seat 5: seandg1991 (button) mucked [7h Qh]
Seat 6: 0981989615 (small blind) folded before Flop
Seat 7: Someone117 (big blind) showed [Kd Td] and lost with a pair of Jacks
Seat 8: Mhrav14 folded before Flop (didn't bet)
Seat 9: gabriel.mb20 folded before Flop (didn't bet)



PokerStars Hand #237816224691:  Hold'em No Limit ($0.02/$0.05 USD) - 2022/08/05 19:49:44 PT [2022/08/05 22:49:44 ET]
Table 'Altaj II' 9-max Seat #6 is the button
Seat 1: Almanza63 ($23.98 in chips) 
Seat 2: AGVsmarT ($8.26 in chips) 
Seat 3: Dorex2007 ($16.28 in chips) 
Seat 4: cups00013 ($5.38 in chips) 
Seat 5: seandg1991 ($4.27 in chips) 
Seat 6: 0981989615 ($4.16 in chips) 
Seat 7: Someone117 ($9.94 in chips) 
Seat 8: Mhrav14 ($5 in chips) 
Seat 9: gabriel.mb20 ($1.72 in chips) 
Someone117: posts small blind $0.02
Mhrav14: posts big blind $0.05
*** HOLE CARDS ***
Dealt to Dorex2007 [Qc 8d]
gabriel.mb20: calls $0.05
Almanza63: folds 
AGVsmarT: calls $0.05
Dorex2007: folds 
cups00013: folds 
seandg1991: calls $0.05
0981989615: folds 
Someone117: folds 
Mhrav14: checks 
*** FLOP *** [Tc 3c Qd]
Mhrav14: checks 
gabriel.mb20: checks 
AGVsmarT: checks 
seandg1991: checks 
*** TURN *** [Tc 3c Qd] [2s]
Mhrav14: checks 
gabriel.mb20: checks 
AGVsmarT: checks 
seandg1991: checks 
*** RIVER *** [Tc 3c Qd 2s] [Ad]
Mhrav14: checks 
gabriel.mb20: bets $0.21
AGVsmarT: folds 
seandg1991: folds 
Mhrav14: raises $0.29 to $0.50
gabriel.mb20: calls $0.29
*** SHOW DOWN ***
Mhrav14: shows [4c 5s] (a straight, Ace to Five)
gabriel.mb20: mucks hand 
Mhrav14 collected $1.17 from pot
*** SUMMARY ***
Total pot $1.22 | Rake $0.05 
Board [Tc 3c Qd 2s Ad]
Seat 1: Almanza63 folded before Flop (didn't bet)
Seat 2: AGVsmarT folded on the River
Seat 3: Dorex2007 folded before Flop (didn't bet)
Seat 4: cups00013 folded before Flop (didn't bet)
Seat 5: seandg1991 folded on the River
Seat 6: 0981989615 (button) folded before Flop (didn't bet)
Seat 7: Someone117 (small blind) folded before Flop
Seat 8: Mhrav14 (big blind) showed [4c 5s] and won ($1.17) with a straight, Ace to Five
Seat 9: gabriel.mb20 mucked [2h Ah]



PokerStars Hand #237816244671:  Hold'em No Limit ($0.02/$0.05 USD) - 2022/08/05 19:51:36 PT [2022/08/05 22:51:36 ET]
Table 'Altaj II' 9-max Seat #7 is the button
Seat 1: Almanza63 ($23.98 in chips) 
Seat 2: AGVsmarT ($8.21 in chips) 
Seat 3: Dorex2007 ($16.28 in chips) 
Seat 4: cups00013 ($5.38 in chips) 
Seat 5: seandg1991 ($4.22 in chips) 
Seat 6: 0981989615 ($4.16 in chips) 
Seat 7: Someone117 ($9.92 in chips) 
Seat 8: Mhrav14 ($5.62 in chips) 
Seat 9: gabriel.mb20 ($1.17 in chips) 
Mhrav14: posts small blind $0.02
gabriel.mb20: posts big blind $0.05
*** HOLE CARDS ***
Dealt to Dorex2007 [7d 3s]
Almanza63: folds 
AGVsmarT: calls $0.05
Dorex2007: folds 
cups00013: folds 
seandg1991: raises $0.05 to $0.10
0981989615: calls $0.10
Someone117: folds 
Mhrav14: raises $0.55 to $0.65
gabriel.mb20: folds 
AGVsmarT: folds 
seandg1991: folds 
0981989615: folds 
Uncalled bet ($0.55) returned to Mhrav14
Mhrav14 collected $0.40 from pot
Mhrav14: doesn't show hand 
*** SUMMARY ***
Total pot $0.40 | Rake $0 
Seat 1: Almanza63 folded before Flop (didn't bet)
Seat 2: AGVsmarT folded before Flop
Seat 3: Dorex2007 folded before Flop (didn't bet)
Seat 4: cups00013 folded before Flop (didn't bet)
Seat 5: seandg1991 folded before Flop
Seat 6: 0981989615 folded before Flop
Seat 7: Someone117 (button) folded before Flop (didn't bet)
Seat 8: Mhrav14 (small blind) collected ($0.40)
Seat 9: gabriel.mb20 (big blind) folded before Flop



PokerStars Hand #237816251921:  Hold'em No Limit ($0.02/$0.05 USD) - 2022/08/05 19:52:17 PT [2022/08/05 22:52:17 ET]
Table 'Altaj II' 9-max Seat #8 is the button
Seat 1: Almanza63 ($23.98 in chips) 
Seat 2: AGVsmarT ($8.16 in chips) 
Seat 3: Dorex2007 ($16.28 in chips) 
Seat 4: cups00013 ($5.38 in chips) 
Seat 5: seandg1991 ($4.12 in chips) 
Seat 6: 0981989615 ($4.06 in chips) 
Seat 7: Someone117 ($9.92 in chips) 
Seat 8: Mhrav14 ($5.92 in chips) 
Seat 9: gabriel.mb20 ($1.12 in chips) 
gabriel.mb20: posts small blind $0.02
Almanza63: posts big blind $0.05
*** HOLE CARDS ***
Dealt to Dorex2007 [4h 5h]
AGVsmarT: folds 
Dorex2007: folds 
cups00013: folds 
seandg1991: folds 
0981989615: calls $0.05
Someone117: folds 
Mhrav14: folds 
gabriel.mb20: raises $0.10 to $0.15
Almanza63: folds 
0981989615: calls $0.10
*** FLOP *** [4c Qd 8c]
gabriel.mb20: bets $0.15
0981989615: calls $0.15
*** TURN *** [4c Qd 8c] [8s]
gabriel.mb20: bets $0.30
0981989615: calls $0.30
*** RIVER *** [4c Qd 8c 8s] [Jc]
gabriel.mb20: bets $0.52 and is all-in
0981989615: calls $0.52
*** SHOW DOWN ***
gabriel.mb20: shows [As Ks] (a pair of Eights)
0981989615: shows [Qc 5d] (two pair, Queens and Eights)
0981989615 collected $2.19 from pot
*** SUMMARY ***
Total pot $2.29 | Rake $0.10 
Board [4c Qd 8c 8s Jc]
Seat 1: Almanza63 (big blind) folded before Flop
Seat 2: AGVsmarT folded before Flop (didn't bet)
Seat 3: Dorex2007 folded before Flop (didn't bet)
Seat 4: cups00013 folded before Flop (didn't bet)
Seat 5: seandg1991 folded before Flop (didn't bet)
Seat 6: 0981989615 showed [Qc 5d] and won ($2.19) with two pair, Queens and Eights
Seat 7: Someone117 folded before Flop (didn't bet)
Seat 8: Mhrav14 (button) folded before Flop (didn't bet)
Seat 9: gabriel.mb20 (small blind) showed [As Ks] and lost with a pair of Eights



PokerStars Hand #237816260759:  Hold'em No Limit ($0.02/$0.05 USD) - 2022/08/05 19:53:07 PT [2022/08/05 22:53:07 ET]
Table 'Altaj II' 9-max Seat #1 is the button
Seat 1: Almanza63 ($23.93 in chips) 
Seat 2: AGVsmarT ($8.16 in chips) 
Seat 3: Dorex2007 ($16.28 in chips) 
Seat 4: cups00013 ($5.38 in chips) 
Seat 5: seandg1991 ($4.12 in chips) 
Seat 6: 0981989615 ($5.13 in chips) 
Seat 7: Someone117 ($9.92 in chips) 
Seat 8: Mhrav14 ($5.92 in chips) 
AGVsmarT: posts small blind $0.02
Dorex2007: posts big blind $0.05
*** HOLE CARDS ***
Dealt to Dorex2007 [Qs Jh]
cups00013: folds 
seandg1991: folds 
0981989615: calls $0.05
Someone117: raises $0.05 to $0.10
Mhrav14: folds 
Almanza63: raises $0.25 to $0.35
AGVsmarT: folds 
Dorex2007: folds 
0981989615: folds 
Someone117: calls $0.25
*** FLOP *** [5h 4d Kc]
Someone117: checks 
Almanza63: bets $0.49
Someone117: folds 
Uncalled bet ($0.49) returned to Almanza63
Almanza63 collected $0.79 from pot
Almanza63: doesn't show hand 
*** SUMMARY ***
Total pot $0.82 | Rake $0.03 
Board [5h 4d Kc]
Seat 1: Almanza63 (button) collected ($0.79)
Seat 2: AGVsmarT (small blind) folded before Flop
Seat 3: Dorex2007 (big blind) folded before Flop
Seat 4: cups00013 folded before Flop (didn't bet)
Seat 5: seandg1991 folded before Flop (didn't bet)
Seat 6: 0981989615 folded before Flop
Seat 7: Someone117 folded on the Flop
Seat 8: Mhrav14 folded before Flop (didn't bet)



PokerStars Hand #237816268370:  Hold'em No Limit ($0.02/$0.05 USD) - 2022/08/05 19:53:50 PT [2022/08/05 22:53:50 ET]
Table 'Altaj II' 9-max Seat #2 is the button
Seat 1: Almanza63 ($24.37 in chips) 
Seat 2: AGVsmarT ($8.14 in chips) 
Seat 3: Dorex2007 ($16.23 in chips) 
Seat 4: cups00013 ($5.38 in chips) 
Seat 5: seandg1991 ($4.12 in chips) 
Seat 6: 0981989615 ($5.08 in chips) 
Seat 7: Someone117 ($9.57 in chips) 
Seat 8: Mhrav14 ($5.92 in chips) 
Seat 9: gabriel.mb20 ($5 in chips) 
Dorex2007: posts small blind $0.02
cups00013: posts big blind $0.05
*** HOLE CARDS ***
Dealt to Dorex2007 [Jd 6c]
seandg1991: folds 
0981989615: folds 
Someone117: folds 
Mhrav14: folds 
gabriel.mb20: calls $0.05
Almanza63: folds 
AGVsmarT: folds 
Dorex2007: folds 
cups00013: checks 
*** FLOP *** [8d 9h Jc]
cups00013: checks 
gabriel.mb20: checks 
*** TURN *** [8d 9h Jc] [8s]
cups00013: checks 
gabriel.mb20: checks 
*** RIVER *** [8d 9h Jc 8s] [5d]
cups00013: checks 
gabriel.mb20: checks 
*** SHOW DOWN ***
cups00013: shows [9d 3h] (two pair, Nines and Eights)
gabriel.mb20: mucks hand 
cups00013 collected $0.12 from pot
*** SUMMARY ***
Total pot $0.12 | Rake $0 
Board [8d 9h Jc 8s 5d]
Seat 1: Almanza63 folded before Flop (didn't bet)
Seat 2: AGVsmarT (button) folded before Flop (didn't bet)
Seat 3: Dorex2007 (small blind) folded before Flop
Seat 4: cups00013 (big blind) showed [9d 3h] and won ($0.12) with two pair, Nines and Eights
Seat 5: seandg1991 folded before Flop (didn't bet)
Seat 6: 0981989615 folded before Flop (didn't bet)
Seat 7: Someone117 folded before Flop (didn't bet)
Seat 8: Mhrav14 folded before Flop (didn't bet)
Seat 9: gabriel.mb20 mucked [4c Ad]



PokerStars Hand #237816282450:  Hold'em No Limit ($0.02/$0.05 USD) - 2022/08/05 19:54:28 PT [2022/08/05 22:54:28 ET]
Table 'Altaj II' 9-max Seat #3 is the button
Seat 1: Almanza63 ($24.37 in chips) 
Seat 2: AGVsmarT ($8.14 in chips) 
Seat 3: Dorex2007 ($16.21 in chips) 
Seat 4: cups00013 ($5.45 in chips) 
Seat 5: seandg1991 ($4.12 in chips) 
Seat 6: 0981989615 ($5.08 in chips) 
Seat 7: Someone117 ($9.57 in chips) 
Seat 8: Mhrav14 ($5.92 in chips) 
Seat 9: gabriel.mb20 ($4.95 in chips) 
cups00013: posts small blind $0.02
seandg1991: posts big blind $0.05
*** HOLE CARDS ***
Dealt to Dorex2007 [7s 7c]
0981989615: folds 
Someone117: calls $0.05
Mhrav14 has timed out
Mhrav14: folds 
gabriel.mb20: folds 
Almanza63: folds 
AGVsmarT: raises $0.17 to $0.22
Dorex2007: folds 
cups00013: folds 
seandg1991 has timed out
seandg1991: folds 
Someone117: calls $0.17
*** FLOP *** [8h Th Jh]
Someone117: checks 
AGVsmarT: bets $0.24
Someone117: calls $0.24
*** TURN *** [8h Th Jh] [9d]
Someone117: checks 
AGVsmarT: checks 
*** RIVER *** [8h Th Jh 9d] [4c]
Someone117: checks 
AGVsmarT: checks 
*** SHOW DOWN ***
Someone117: shows [8d 5d] (a pair of Eights)
AGVsmarT: shows [Js Ks] (a pair of Jacks)
AGVsmarT collected $0.95 from pot
*** SUMMARY ***
Total pot $0.99 | Rake $0.04 
Board [8h Th Jh 9d 4c]
Seat 1: Almanza63 folded before Flop (didn't bet)
Seat 2: AGVsmarT showed [Js Ks] and won ($0.95) with a pair of Jacks
Seat 3: Dorex2007 (button) folded before Flop (didn't bet)
Seat 4: cups00013 (small blind) folded before Flop
Seat 5: seandg1991 (big blind) folded before Flop
Seat 6: 0981989615 folded before Flop (didn't bet)
Seat 7: Someone117 showed [8d 5d] and lost with a pair of Eights
Seat 8: Mhrav14 folded before Flop (didn't bet)
Seat 9: gabriel.mb20 folded before Flop (didn't bet)



PokerStars Hand #237816299464:  Hold'em No Limit ($0.02/$0.05 USD) - 2022/08/05 19:56:14 PT [2022/08/05 22:56:14 ET]
Table 'Altaj II' 9-max Seat #4 is the button
Seat 1: Almanza63 ($24.37 in chips) 
Seat 2: AGVsmarT ($8.63 in chips) 
Seat 3: Dorex2007 ($16.21 in chips) 
Seat 4: cups00013 ($5.43 in chips) 
Seat 6: 0981989615 ($5.08 in chips) 
Seat 7: Someone117 ($9.11 in chips) 
Seat 9: gabriel.mb20 ($4.95 in chips) 
0981989615: posts small blind $0.02
Someone117: posts big blind $0.05
*** HOLE CARDS ***
Dealt to Dorex2007 [9h Ts]
gabriel.mb20: calls $0.05
Almanza63: folds 
AGVsmarT: folds 
Dorex2007: folds 
cups00013: folds 
0981989615: calls $0.03
Someone117: checks 
*** FLOP *** [Js Jd 2c]
0981989615: checks 
Someone117: checks 
seandg1991 is disconnected 
gabriel.mb20: checks 
*** TURN *** [Js Jd 2c] [Qh]
0981989615: checks 
Someone117: checks 
gabriel.mb20: checks 
*** RIVER *** [Js Jd 2c Qh] [9s]
0981989615: checks 
Someone117: checks 
gabriel.mb20: checks 
*** SHOW DOWN ***
0981989615: shows [2s Kc] (two pair, Jacks and Deuces)
Someone117: mucks hand 
gabriel.mb20: mucks hand 
0981989615 collected $0.14 from pot
*** SUMMARY ***
Total pot $0.15 | Rake $0.01 
Board [Js Jd 2c Qh 9s]
Seat 1: Almanza63 folded before Flop (didn't bet)
Seat 2: AGVsmarT folded before Flop (didn't bet)
Seat 3: Dorex2007 folded before Flop (didn't bet)
Seat 4: cups00013 (button) folded before Flop (didn't bet)
Seat 6: 0981989615 (small blind) showed [2s Kc] and won ($0.14) with two pair, Jacks and Deuces
Seat 7: Someone117 (big blind) mucked [4c 5s]
Seat 9: gabriel.mb20 mucked [3h Ac]



PokerStars Hand #237816314445:  Hold'em No Limit ($0.02/$0.05 USD) - 2022/08/05 19:57:33 PT [2022/08/05 22:57:33 ET]
Table 'Altaj II' 9-max Seat #6 is the button
Seat 1: Almanza63 ($24.37 in chips) 
Seat 2: AGVsmarT ($8.63 in chips) 
Seat 3: Dorex2007 ($16.21 in chips) 
Seat 4: cups00013 ($5.43 in chips) 
Seat 6: 0981989615 ($5.17 in chips) 
Seat 7: Someone117 ($9.06 in chips) 
Seat 8: Mhrav14 ($5.92 in chips) 
Seat 9: gabriel.mb20 ($4.90 in chips) 
Someone117: posts small blind $0.02
Mhrav14: posts big blind $0.05
seandg1991 has timed out while disconnected
seandg1991: is sitting out 
*** HOLE CARDS ***
Dealt to Dorex2007 [4h 7c]
gabriel.mb20: folds 
Almanza63: folds 
AGVsmarT: folds 
Dorex2007: folds 
cups00013: raises $0.10 to $0.15
0981989615: folds 
Someone117: folds 
Mhrav14: calls $0.10
*** FLOP *** [Qs 4s 3h]
Mhrav14: checks 
cups00013: bets $0.15
Mhrav14: raises $0.35 to $0.50
cups00013: folds 
Uncalled bet ($0.35) returned to Mhrav14
Mhrav14 collected $0.59 from pot
Mhrav14: doesn't show hand 
*** SUMMARY ***
Total pot $0.62 | Rake $0.03 
Board [Qs 4s 3h]
Seat 1: Almanza63 folded before Flop (didn't bet)
Seat 2: AGVsmarT folded before Flop (didn't bet)
Seat 3: Dorex2007 folded before Flop (didn't bet)
Seat 4: cups00013 folded on the Flop
Seat 6: 0981989615 (button) folded before Flop (didn't bet)
Seat 7: Someone117 (small blind) folded before Flop
Seat 8: Mhrav14 (big blind) collected ($0.59)
Seat 9: gabriel.mb20 folded before Flop (didn't bet)



PokerStars Hand #237816323646:  Hold'em No Limit ($0.02/$0.05 USD) - 2022/08/05 19:58:35 PT [2022/08/05 22:58:35 ET]
Table 'Altaj II' 9-max Seat #7 is the button
Seat 1: Almanza63 ($24.37 in chips) 
Seat 2: AGVsmarT ($8.63 in chips) 
Seat 3: Dorex2007 ($16.21 in chips) 
Seat 4: cups00013 ($5.13 in chips) 
Seat 6: 0981989615 ($5.17 in chips) 
Seat 7: Someone117 ($9.04 in chips) 
Seat 8: Mhrav14 ($6.21 in chips) 
Seat 9: gabriel.mb20 ($4.90 in chips) 
Mhrav14: posts small blind $0.02
gabriel.mb20: posts big blind $0.05
*** HOLE CARDS ***
Dealt to Dorex2007 [7s 4h]
Almanza63: folds 
AGVsmarT: calls $0.05
Dorex2007: folds 
cups00013: folds 
0981989615: calls $0.05
Someone117: raises $0.05 to $0.10
Mhrav14: folds 
gabriel.mb20: folds 
AGVsmarT: calls $0.05
0981989615: calls $0.05
*** FLOP *** [3s 9c Qh]
AGVsmarT: bets $0.10
0981989615: calls $0.10
Someone117: calls $0.10
*** TURN *** [3s 9c Qh] [7c]
AGVsmarT: bets $0.10
0981989615: calls $0.10
Someone117: raises $0.10 to $0.20
AGVsmarT: calls $0.10
0981989615: calls $0.10
*** RIVER *** [3s 9c Qh 7c] [As]
AGVsmarT: checks 
0981989615: checks 
Someone117: bets $0.20
AGVsmarT: folds 
0981989615: calls $0.20
*** SHOW DOWN ***
Someone117: shows [Th Qd] (a pair of Queens)
0981989615: mucks hand 
Someone117 collected $1.60 from pot
*** SUMMARY ***
Total pot $1.67 | Rake $0.07 
Board [3s 9c Qh 7c As]
Seat 1: Almanza63 folded before Flop (didn't bet)
Seat 2: AGVsmarT folded on the River
Seat 3: Dorex2007 folded before Flop (didn't bet)
Seat 4: cups00013 folded before Flop (didn't bet)
Seat 6: 0981989615 mucked [Qs 2s]
Seat 7: Someone117 (button) showed [Th Qd] and won ($1.60) with a pair of Queens
Seat 8: Mhrav14 (small blind) folded before Flop
Seat 9: gabriel.mb20 (big blind) folded before Flop



PokerStars Hand #237816336453:  Hold'em No Limit ($0.02/$0.05 USD) - 2022/08/05 20:00:01 PT [2022/08/05 23:00:01 ET]
Table 'Altaj II' 9-max Seat #8 is the button
Seat 1: Almanza63 ($24.37 in chips) 
Seat 2: AGVsmarT ($8.23 in chips) 
Seat 3: Dorex2007 ($16.21 in chips) 
Seat 4: cups00013 ($5.13 in chips) 
Seat 6: 0981989615 ($4.57 in chips) 
Seat 7: Someone117 ($10.04 in chips) 
Seat 8: Mhrav14 ($6.19 in chips) 
Seat 9: gabriel.mb20 ($4.85 in chips) 
gabriel.mb20: posts small blind $0.02
Almanza63: posts big blind $0.05
*** HOLE CARDS ***
Dealt to Dorex2007 [8d 3h]
AGVsmarT: folds 
Dorex2007: folds 
cups00013: folds 
0981989615: calls $0.05
Someone117: folds 
Mhrav14: raises $0.10 to $0.15
gabriel.mb20: folds 
Almanza63: folds 
0981989615: calls $0.10
*** FLOP *** [Kc Qd 9h]
0981989615: checks 
Mhrav14: bets $0.10
0981989615: calls $0.10
*** TURN *** [Kc Qd 9h] [8s]
0981989615: checks 
Mhrav14: bets $0.33
0981989615: calls $0.33
*** RIVER *** [Kc Qd 9h 8s] [7h]
0981989615: bets $0.59
Mhrav14: calls $0.59
*** SHOW DOWN ***
0981989615: shows [Jc Th] (a straight, Nine to King)
Mhrav14: mucks hand 
0981989615 collected $2.31 from pot
*** SUMMARY ***
Total pot $2.41 | Rake $0.10 
Board [Kc Qd 9h 8s 7h]
Seat 1: Almanza63 (big blind) folded before Flop
Seat 2: AGVsmarT folded before Flop (didn't bet)
Seat 3: Dorex2007 folded before Flop (didn't bet)
Seat 4: cups00013 folded before Flop (didn't bet)
Seat 6: 0981989615 showed [Jc Th] and won ($2.31) with a straight, Nine to King
Seat 7: Someone117 folded before Flop (didn't bet)
Seat 8: Mhrav14 (button) mucked [9s 9c]
Seat 9: gabriel.mb20 (small blind) folded before Flop



PokerStars Hand #237816350660:  Hold'em No Limit ($0.02/$0.05 USD) - 2022/08/05 20:01:28 PT [2022/08/05 23:01:28 ET]
Table 'Altaj II' 9-max Seat #9 is the button
Seat 1: Almanza63 ($24.32 in chips) 
Seat 2: AGVsmarT ($8.23 in chips) 
Seat 3: Dorex2007 ($16.21 in chips) 
Seat 4: cups00013 ($5.13 in chips) 
Seat 6: 0981989615 ($5.71 in chips) 
Seat 7: Someone117 ($10.04 in chips) 
Seat 8: Mhrav14 ($5.02 in chips) 
Seat 9: gabriel.mb20 ($4.83 in chips) 
Almanza63: posts small blind $0.02
AGVsmarT: posts big blind $0.05
*** HOLE CARDS ***
Dealt to Dorex2007 [5s Qd]
Dorex2007: folds 
cups00013: raises $0.10 to $0.15
0981989615: folds 
Someone117: folds 
Mhrav14: folds 
gabriel.mb20: folds 
Almanza63: folds 
AGVsmarT: folds 
Uncalled bet ($0.10) returned to cups00013
cups00013 collected $0.12 from pot
cups00013: doesn't show hand 
*** SUMMARY ***
Total pot $0.12 | Rake $0 
Seat 1: Almanza63 (small blind) folded before Flop
Seat 2: AGVsmarT (big blind) folded before Flop
Seat 3: Dorex2007 folded before Flop (didn't bet)
Seat 4: cups00013 collected ($0.12)
Seat 6: 0981989615 folded before Flop (didn't bet)
Seat 7: Someone117 folded before Flop (didn't bet)
Seat 8: Mhrav14 folded before Flop (didn't bet)
Seat 9: gabriel.mb20 (button) folded before Flop (didn't bet)



PokerStars Hand #237816354254:  Hold'em No Limit ($0.02/$0.05 USD) - 2022/08/05 20:01:49 PT [2022/08/05 23:01:49 ET]
Table 'Altaj II' 9-max Seat #1 is the button
Seat 1: Almanza63 ($24.30 in chips) 
Seat 2: AGVsmarT ($8.18 in chips) 
Seat 3: Dorex2007 ($16.21 in chips) 
Seat 4: cups00013 ($5.20 in chips) 
Seat 6: 0981989615 ($5.71 in chips) 
Seat 7: Someone117 ($10.04 in chips) 
Seat 8: Mhrav14 ($5.02 in chips) 
Seat 9: gabriel.mb20 ($4.83 in chips) 
AGVsmarT: posts small blind $0.02
Dorex2007: posts big blind $0.05
*** HOLE CARDS ***
Dealt to Dorex2007 [6s 9c]
cups00013: folds 
0981989615: calls $0.05
Someone117: folds 
Mhrav14: folds 
gabriel.mb20: calls $0.05
Almanza63: folds 
AGVsmarT: folds 
Dorex2007: checks 
*** FLOP *** [2h Ks Th]
Dorex2007: checks 
0981989615: bets $0.16
gabriel.mb20: folds 
Dorex2007: folds 
Uncalled bet ($0.16) returned to 0981989615
0981989615 collected $0.16 from pot
0981989615: doesn't show hand 
*** SUMMARY ***
Total pot $0.17 | Rake $0.01 
Board [2h Ks Th]
Seat 1: Almanza63 (button) folded before Flop (didn't bet)
Seat 2: AGVsmarT (small blind) folded before Flop
Seat 3: Dorex2007 (big blind) folded on the Flop
Seat 4: cups00013 folded before Flop (didn't bet)
Seat 6: 0981989615 collected ($0.16)
Seat 7: Someone117 folded before Flop (didn't bet)
Seat 8: Mhrav14 folded before Flop (didn't bet)
Seat 9: gabriel.mb20 folded on the Flop



PokerStars Hand #237816363807:  Hold'em No Limit ($0.02/$0.05 USD) - 2022/08/05 20:02:44 PT [2022/08/05 23:02:44 ET]
Table 'Altaj II' 9-max Seat #2 is the button
Seat 1: Almanza63 ($24.30 in chips) 
Seat 2: AGVsmarT ($8.16 in chips) 
Seat 3: Dorex2007 ($16.16 in chips) 
Seat 4: cups00013 ($5.20 in chips) 
Seat 6: 0981989615 ($5.82 in chips) 
Seat 7: Someone117 ($10.04 in chips) 
Seat 8: Mhrav14 ($5.02 in chips) 
Seat 9: gabriel.mb20 ($4.78 in chips) 
Dorex2007: posts small blind $0.02
cups00013: posts big blind $0.05
*** HOLE CARDS ***
Dealt to Dorex2007 [3h Qd]
0981989615: calls $0.05
Someone117: folds 
Mhrav14: raises $0.07 to $0.12
gabriel.mb20: folds 
Almanza63: folds 
AGVsmarT: folds 
Dorex2007: folds 
cups00013: folds 
0981989615: calls $0.07
*** FLOP *** [Kd 4h 8c]
0981989615: checks 
Mhrav14: checks 
*** TURN *** [Kd 4h 8c] [Ad]
0981989615: checks 
Mhrav14: checks 
*** RIVER *** [Kd 4h 8c Ad] [Qs]
0981989615: checks 
Mhrav14: checks 
*** SHOW DOWN ***
0981989615: shows [Th Tc] (a pair of Tens)
Mhrav14: mucks hand 
0981989615 collected $0.30 from pot
*** SUMMARY ***
Total pot $0.31 | Rake $0.01 
Board [Kd 4h 8c Ad Qs]
Seat 1: Almanza63 folded before Flop (didn't bet)
Seat 2: AGVsmarT (button) folded before Flop (didn't bet)
Seat 3: Dorex2007 (small blind) folded before Flop
Seat 4: cups00013 (big blind) folded before Flop
Seat 6: 0981989615 showed [Th Tc] and won ($0.30) with a pair of Tens
Seat 7: Someone117 folded before Flop (didn't bet)
Seat 8: Mhrav14 mucked [5h 5s]
Seat 9: gabriel.mb20 folded before Flop (didn't bet)



PokerStars Hand #237816373263:  Hold'em No Limit ($0.02/$0.05 USD) - 2022/08/05 20:03:39 PT [2022/08/05 23:03:39 ET]
Table 'Altaj II' 9-max Seat #3 is the button
Seat 1: Almanza63 ($24.30 in chips) 
Seat 2: AGVsmarT ($8.16 in chips) 
Seat 3: Dorex2007 ($16.14 in chips) 
Seat 4: cups00013 ($5.15 in chips) 
Seat 6: 0981989615 ($6 in chips) 
Seat 7: Someone117 ($10.04 in chips) 
Seat 8: Mhrav14 ($5 in chips) 
Seat 9: gabriel.mb20 ($4.78 in chips) 
cups00013: posts small blind $0.02
0981989615: posts big blind $0.05
*** HOLE CARDS ***
Dealt to Dorex2007 [Qd As]
Someone117: folds 
Mhrav14: folds 
gabriel.mb20: folds 
Almanza63: raises $0.15 to $0.20
AGVsmarT: folds 
Dorex2007: folds 
cups00013: folds 
0981989615: folds 
Uncalled bet ($0.15) returned to Almanza63
Almanza63 collected $0.12 from pot
Almanza63: doesn't show hand 
*** SUMMARY ***
Total pot $0.12 | Rake $0 
Seat 1: Almanza63 collected ($0.12)
Seat 2: AGVsmarT folded before Flop (didn't bet)
Seat 3: Dorex2007 (button) folded before Flop (didn't bet)
Seat 4: cups00013 (small blind) folded before Flop
Seat 6: 0981989615 (big blind) folded before Flop
Seat 7: Someone117 folded before Flop (didn't bet)
Seat 8: Mhrav14 folded before Flop (didn't bet)
Seat 9: gabriel.mb20 folded before Flop (didn't bet)



PokerStars Hand #237816378001:  Hold'em No Limit ($0.02/$0.05 USD) - 2022/08/05 20:04:06 PT [2022/08/05 23:04:06 ET]
Table 'Altaj II' 9-max Seat #4 is the button
Seat 1: Almanza63 ($24.37 in chips) 
Seat 2: AGVsmarT ($8.16 in chips) 
Seat 3: Dorex2007 ($16.14 in chips) 
Seat 4: cups00013 ($5.13 in chips) 
Seat 6: 0981989615 ($5.95 in chips) 
Seat 7: Someone117 ($10.04 in chips) 
Seat 8: Mhrav14 ($5 in chips) 
Seat 9: gabriel.mb20 ($4.78 in chips) 
0981989615: posts small blind $0.02
Someone117: posts big blind $0.05
*** HOLE CARDS ***
Dealt to Dorex2007 [Qh Th]
Mhrav14 has timed out
Mhrav14: folds 
gabriel.mb20: folds 
Almanza63: folds 
AGVsmarT: folds 
Dorex2007: calls $0.05
cups00013: folds 
0981989615: calls $0.03
Someone117: checks 
*** FLOP *** [2h Tc Kc]
0981989615: checks 
Someone117: checks 
Dorex2007: checks 
*** TURN *** [2h Tc Kc] [2d]
0981989615: checks 
Someone117: bets $0.10
Dorex2007: calls $0.10
0981989615: folds 
*** RIVER *** [2h Tc Kc 2d] [Ah]
Someone117: checks 
Dorex2007: bets $0.17
Someone117: calls $0.17
*** SHOW DOWN ***
Dorex2007: shows [Qh Th] (two pair, Tens and Deuces)
Someone117: shows [9s Kd] (two pair, Kings and Deuces)
Someone117 collected $0.66 from pot
*** SUMMARY ***
Total pot $0.69 | Rake $0.03 
Board [2h Tc Kc 2d Ah]
Seat 1: Almanza63 folded before Flop (didn't bet)
Seat 2: AGVsmarT folded before Flop (didn't bet)
Seat 3: Dorex2007 showed [Qh Th] and lost with two pair, Tens and Deuces
Seat 4: cups00013 (button) folded before Flop (didn't bet)
Seat 6: 0981989615 (small blind) folded on the Turn
Seat 7: Someone117 (big blind) showed [9s Kd] and won ($0.66) with two pair, Kings and Deuces
Seat 8: Mhrav14 folded before Flop (didn't bet)
Seat 9: gabriel.mb20 folded before Flop (didn't bet)



PokerStars Hand #237816392423:  Hold'em No Limit ($0.02/$0.05 USD) - 2022/08/05 20:05:14 PT [2022/08/05 23:05:14 ET]
Table 'Altaj II' 9-max Seat #6 is the button
Seat 1: Almanza63 ($24.37 in chips) 
Seat 2: AGVsmarT ($8.16 in chips) 
Seat 3: Dorex2007 ($15.82 in chips) 
Seat 4: cups00013 ($5.13 in chips) 
Seat 6: 0981989615 ($5.90 in chips) 
Seat 7: Someone117 ($10.38 in chips) 
Seat 8: Mhrav14 ($5 in chips) 
Seat 9: gabriel.mb20 ($4.78 in chips) 
Someone117: posts small blind $0.02
Mhrav14: posts big blind $0.05
*** HOLE CARDS ***
Dealt to Dorex2007 [Ah 5s]
gabriel.mb20: calls $0.05
Almanza63: folds 
AGVsmarT: calls $0.05
Dorex2007: folds 
cups00013: folds 
0981989615: calls $0.05
Someone117: calls $0.03
Mhrav14: checks 
*** FLOP *** [6c Tc Td]
Someone117: checks 
Mhrav14: checks 
gabriel.mb20: bets $0.10
AGVsmarT: calls $0.10
0981989615: calls $0.10
Someone117: folds 
Mhrav14: folds 
*** TURN *** [6c Tc Td] [6d]
gabriel.mb20: bets $0.10
AGVsmarT: calls $0.10
0981989615: calls $0.10
*** RIVER *** [6c Tc Td 6d] [4c]
gabriel.mb20: checks 
AGVsmarT: bets $0.81
0981989615: calls $0.81
gabriel.mb20: folds 
*** SHOW DOWN ***
AGVsmarT: shows [Js Ts] (a full house, Tens full of Sixes)
0981989615: mucks hand 
AGVsmarT collected $2.37 from pot
*** SUMMARY ***
Total pot $2.47 | Rake $0.10 
Board [6c Tc Td 6d 4c]
Seat 1: Almanza63 folded before Flop (didn't bet)
Seat 2: AGVsmarT showed [Js Ts] and won ($2.37) with a full house, Tens full of Sixes
Seat 3: Dorex2007 folded before Flop (didn't bet)
Seat 4: cups00013 folded before Flop (didn't bet)
Seat 6: 0981989615 (button) mucked [5c Jc]
Seat 7: Someone117 (small blind) folded on the Flop
Seat 8: Mhrav14 (big blind) folded on the Flop
Seat 9: gabriel.mb20 folded on the River



PokerStars Hand #237816409137:  Hold'em No Limit ($0.02/$0.05 USD) - 2022/08/05 20:06:49 PT [2022/08/05 23:06:49 ET]
Table 'Altaj II' 9-max Seat #7 is the button
Seat 1: Almanza63 ($24.37 in chips) 
Seat 2: AGVsmarT ($9.47 in chips) 
Seat 3: Dorex2007 ($15.82 in chips) 
Seat 4: cups00013 ($5.13 in chips) 
Seat 6: 0981989615 ($4.84 in chips) 
Seat 7: Someone117 ($10.33 in chips) 
Seat 8: Mhrav14 ($5 in chips) 
Seat 9: gabriel.mb20 ($4.53 in chips) 
Mhrav14: posts small blind $0.02
gabriel.mb20: posts big blind $0.05
*** HOLE CARDS ***
Dealt to Dorex2007 [8c 9h]
seandg1991 leaves the table
Almanza63: folds 
AGVsmarT: calls $0.05
Dorex2007 has timed out
Dorex2007: folds 
cups00013: folds 
0981989615: folds 
Someone117: folds 
Mhrav14: folds 
gabriel.mb20: checks 
*** FLOP *** [Js 5h 6d]
gabriel.mb20: bets $0.10
AGVsmarT: folds 
Uncalled bet ($0.10) returned to gabriel.mb20
gabriel.mb20 collected $0.12 from pot
*** SUMMARY ***
Total pot $0.12 | Rake $0 
Board [Js 5h 6d]
Seat 1: Almanza63 folded before Flop (didn't bet)
Seat 2: AGVsmarT folded on the Flop
Seat 3: Dorex2007 folded before Flop (didn't bet)
Seat 4: cups00013 folded before Flop (didn't bet)
Seat 6: 0981989615 folded before Flop (didn't bet)
Seat 7: Someone117 (button) folded before Flop (didn't bet)
Seat 8: Mhrav14 (small blind) folded before Flop
Seat 9: gabriel.mb20 (big blind) collected ($0.12)



PokerStars Hand #237816416998:  Hold'em No Limit ($0.02/$0.05 USD) - 2022/08/05 20:07:35 PT [2022/08/05 23:07:35 ET]
Table 'Altaj II' 9-max Seat #8 is the button
Seat 1: Almanza63 ($24.37 in chips) 
Seat 2: AGVsmarT ($9.42 in chips) 
Seat 3: Dorex2007 ($15.82 in chips) 
Seat 4: cups00013 ($5.13 in chips) 
Seat 6: 0981989615 ($4.84 in chips) 
Seat 7: Someone117 ($10.33 in chips) 
Seat 8: Mhrav14 ($5 in chips) 
Seat 9: gabriel.mb20 ($4.60 in chips) 
gabriel.mb20: posts small blind $0.02
Almanza63: posts big blind $0.05
*** HOLE CARDS ***
Dealt to Dorex2007 [7h 7d]
AGVsmarT: folds 
Dorex2007: calls $0.05
cups00013: folds 
0981989615: folds 
Someone117: folds 
Mhrav14: folds 
gabriel.mb20: folds 
Almanza63: raises $0.17 to $0.22
Dorex2007: calls $0.17
*** FLOP *** [7s Ks 3s]
Almanza63: checks 
Dorex2007: bets $0.29
Almanza63: calls $0.29
*** TURN *** [7s Ks 3s] [4h]
Almanza63: checks 
Dorex2007: checks 
*** RIVER *** [7s Ks 3s 4h] [5h]
Almanza63: bets $0.69
Dorex2007: calls $0.69
*** SHOW DOWN ***
Almanza63: shows [Ac Kd] (a pair of Kings)
Dorex2007: shows [7h 7d] (three of a kind, Sevens)
Dorex2007 collected $2.32 from pot
*** SUMMARY ***
Total pot $2.42 | Rake $0.10 
Board [7s Ks 3s 4h 5h]
Seat 1: Almanza63 (big blind) showed [Ac Kd] and lost with a pair of Kings
Seat 2: AGVsmarT folded before Flop (didn't bet)
Seat 3: Dorex2007 showed [7h 7d] and won ($2.32) with three of a kind, Sevens
Seat 4: cups00013 folded before Flop (didn't bet)
Seat 6: 0981989615 folded before Flop (didn't bet)
Seat 7: Someone117 folded before Flop (didn't bet)
Seat 8: Mhrav14 (button) folded before Flop (didn't bet)
Seat 9: gabriel.mb20 (small blind) folded before Flop



PokerStars Hand #237816431345:  Hold'em No Limit ($0.02/$0.05 USD) - 2022/08/05 20:08:58 PT [2022/08/05 23:08:58 ET]
Table 'Altaj II' 9-max Seat #9 is the button
Seat 1: Almanza63 ($23.17 in chips) 
Seat 2: AGVsmarT ($9.42 in chips) 
Seat 3: Dorex2007 ($16.94 in chips) 
Seat 4: cups00013 ($5.13 in chips) 
Seat 6: 0981989615 ($4.84 in chips) 
Seat 7: Someone117 ($10.33 in chips) 
Seat 8: Mhrav14 ($5 in chips) 
Seat 9: gabriel.mb20 ($4.58 in chips) 
Almanza63: posts small blind $0.02
AGVsmarT: posts big blind $0.05
*** HOLE CARDS ***
Dealt to Dorex2007 [Ah Ac]
Dorex2007: raises $0.10 to $0.15
cups00013: folds 
0981989615: folds 
Someone117: raises $0.15 to $0.30
Mhrav14: folds 
gabriel.mb20: folds 
Almanza63: folds 
AGVsmarT: folds 
Dorex2007: raises $16.64 to $16.94 and is all-in
Someone117: calls $10.03 and is all-in
Uncalled bet ($6.61) returned to Dorex2007
*** FLOP *** [2d 5s 6h]
*** TURN *** [2d 5s 6h] [6c]
*** RIVER *** [2d 5s 6h 6c] [7h]
*** SHOW DOWN ***
Dorex2007: shows [Ah Ac] (two pair, Aces and Sixes)
Someone117: shows [Qd Qh] (two pair, Queens and Sixes)
b-7levin joins the table at seat #5 
Dorex2007 cashed out the hand for $16.05 | Cash Out Fee $0.16
*** SUMMARY ***
Total pot $20.73 | Rake $0.86 
Board [2d 5s 6h 6c 7h]
Seat 1: Almanza63 (small blind) folded before Flop
Seat 2: AGVsmarT (big blind) folded before Flop
Seat 3: Dorex2007 showed [Ah Ac] and won ($19.87) with two pair, Aces and Sixes (pot not awarded as player cashed out)
Seat 4: cups00013 folded before Flop (didn't bet)
Seat 6: 0981989615 folded before Flop (didn't bet)
Seat 7: Someone117 showed [Qd Qh] and lost with two pair, Queens and Sixes
Seat 8: Mhrav14 folded before Flop (didn't bet)
Seat 9: gabriel.mb20 (button) folded before Flop (didn't bet)



PokerStars Hand #237816437838:  Hold'em No Limit ($0.02/$0.05 USD) - 2022/08/05 20:09:36 PT [2022/08/05 23:09:36 ET]
Table 'Altaj II' 9-max Seat #1 is the button
Seat 1: Almanza63 ($23.15 in chips) 
Seat 2: AGVsmarT ($9.37 in chips) 
Seat 3: Dorex2007 ($22.66 in chips) 
Seat 4: cups00013 ($5.13 in chips) 
Seat 6: 0981989615 ($4.84 in chips) 
Seat 7: Someone117 ($5 in chips) 
Seat 8: Mhrav14 ($5 in chips) 
Seat 9: gabriel.mb20 ($4.58 in chips) 
AGVsmarT: posts small blind $0.02
Dorex2007: posts big blind $0.05
b-7levin: sits out 
*** HOLE CARDS ***
Dealt to Dorex2007 [Jc 4c]
cups00013: folds 
0981989615: calls $0.05
Someone117: folds 
Mhrav14: folds 
gabriel.mb20: folds 
Almanza63: raises $0.10 to $0.15
AGVsmarT: folds 
Dorex2007: folds 
0981989615: calls $0.10
*** FLOP *** [5s Ah 6d]
0981989615: checks 
Almanza63: bets $0.19
0981989615: folds 
Uncalled bet ($0.19) returned to Almanza63
Almanza63 collected $0.35 from pot
Almanza63: doesn't show hand 
*** SUMMARY ***
Total pot $0.37 | Rake $0.02 
Board [5s Ah 6d]
Seat 1: Almanza63 (button) collected ($0.35)
Seat 2: AGVsmarT (small blind) folded before Flop
Seat 3: Dorex2007 (big blind) folded before Flop
Seat 4: cups00013 folded before Flop (didn't bet)
Seat 6: 0981989615 folded on the Flop
Seat 7: Someone117 folded before Flop (didn't bet)
Seat 8: Mhrav14 folded before Flop (didn't bet)
Seat 9: gabriel.mb20 folded before Flop (didn't bet)



PokerStars Hand #237816443667:  Hold'em No Limit ($0.02/$0.05 USD) - 2022/08/05 20:10:10 PT [2022/08/05 23:10:10 ET]
Table 'Altaj II' 9-max Seat #2 is the button
Seat 1: Almanza63 ($23.35 in chips) 
Seat 2: AGVsmarT ($9.35 in chips) 
Seat 3: Dorex2007 ($22.61 in chips) 
Seat 4: cups00013 ($5.13 in chips) 
Seat 6: 0981989615 ($4.69 in chips) 
Seat 7: Someone117 ($5 in chips) 
Seat 8: Mhrav14 ($5 in chips) 
Seat 9: gabriel.mb20 ($4.58 in chips) 
Dorex2007: posts small blind $0.02
cups00013: posts big blind $0.05
b-7levin: sits out 
*** HOLE CARDS ***
Dealt to Dorex2007 [Tc 6s]
0981989615: folds 
Someone117 has timed out
Someone117: folds 
Mhrav14: raises $0.10 to $0.15
gabriel.mb20: folds 
Almanza63: folds 
AGVsmarT: folds 
Dorex2007: folds 
cups00013: folds 
Uncalled bet ($0.10) returned to Mhrav14
Mhrav14 collected $0.12 from pot
Mhrav14: doesn't show hand 
*** SUMMARY ***
Total pot $0.12 | Rake $0 
Seat 1: Almanza63 folded before Flop (didn't bet)
Seat 2: AGVsmarT (button) folded before Flop (didn't bet)
Seat 3: Dorex2007 (small blind) folded before Flop
Seat 4: cups00013 (big blind) folded before Flop
Seat 6: 0981989615 folded before Flop (didn't bet)
Seat 7: Someone117 folded before Flop (didn't bet)
Seat 8: Mhrav14 collected ($0.12)
Seat 9: gabriel.mb20 folded before Flop (didn't bet)



PokerStars Hand #237816452223:  Hold'em No Limit ($0.02/$0.05 USD) - 2022/08/05 20:10:43 PT [2022/08/05 23:10:43 ET]
Table 'Altaj II' 9-max Seat #3 is the button
Seat 1: Almanza63 ($23.35 in chips) 
Seat 2: AGVsmarT ($9.35 in chips) 
Seat 3: Dorex2007 ($22.59 in chips) 
Seat 4: cups00013 ($5.08 in chips) 
Seat 5: b-7levin ($2 in chips) 
Seat 6: 0981989615 ($4.69 in chips) 
Seat 7: Someone117 ($5 in chips) 
Seat 8: Mhrav14 ($5.07 in chips) 
Seat 9: gabriel.mb20 ($4.58 in chips) 
cups00013: posts small blind $0.02
b-7levin: posts big blind $0.05
*** HOLE CARDS ***
Dealt to Dorex2007 [8s 6c]
0981989615: folds 
Someone117: folds 
Mhrav14: folds 
gabriel.mb20: folds 
Almanza63: folds 
AGVsmarT: folds 
Dorex2007: folds 
cups00013: calls $0.03
b-7levin: raises $0.10 to $0.15
cups00013: calls $0.10
*** FLOP *** [9c Qc 6s]
cups00013: checks 
b-7levin: bets $0.15
cups00013: folds 
Uncalled bet ($0.15) returned to b-7levin
b-7levin collected $0.29 from pot
*** SUMMARY ***
Total pot $0.30 | Rake $0.01 
Board [9c Qc 6s]
Seat 1: Almanza63 folded before Flop (didn't bet)
Seat 2: AGVsmarT folded before Flop (didn't bet)
Seat 3: Dorex2007 (button) folded before Flop (didn't bet)
Seat 4: cups00013 (small blind) folded on the Flop
Seat 5: b-7levin (big blind) collected ($0.29)
Seat 6: 0981989615 folded before Flop (didn't bet)
Seat 7: Someone117 folded before Flop (didn't bet)
Seat 8: Mhrav14 folded before Flop (didn't bet)
Seat 9: gabriel.mb20 folded before Flop (didn't bet)



