PokerStars Hand #223792722048:  Hold'em No Limit ($0.01/$0.02 USD) - 2021/02/13 22:40:55 PT [2021/02/14 1:40:55 ET]
Table 'Cursa V' 9-max Seat #5 is the button
Seat 1: jokel85 ($2 in chips) 
Seat 2: dabinjel ($1.94 in chips) 
Seat 3: egluk ($0.32 in chips) 
Seat 4: doubleh121 ($0.07 in chips) 
Seat 5: AngryRaises ($5.21 in chips) 
Seat 6: asdabelle ($0.65 in chips) 
Seat 7: Dorex2007 ($1.60 in chips) 
Seat 8: mendax1000 ($2.69 in chips) 
Seat 9: MedvePUDsoli ($2 in chips) 
asdabelle: posts small blind $0.01
Dorex2007: posts big blind $0.02
*** HOLE CARDS ***
Dealt to Dorex2007 [Tc 6h]
mendax1000: calls $0.02
MedvePUDsoli: folds 
jokel85: folds 
dabinjel: calls $0.02
egluk: calls $0.02
doubleh121: folds 
AngryRaises: folds 
asdabelle: folds 
Dorex2007: checks 
*** FLOP *** [4d 7c 8s]
Dorex2007: checks 
mendax1000: bets $0.04
dabinjel: calls $0.04
egluk: calls $0.04
Dorex2007: calls $0.04
*** TURN *** [4d 7c 8s] [Ah]
Dorex2007: checks 
mendax1000: checks 
dabinjel: bets $0.18
egluk: folds 
Dorex2007: folds 
mendax1000: folds 
Uncalled bet ($0.18) returned to dabinjel
dabinjel collected $0.24 from pot
dabinjel: doesn't show hand 
*** SUMMARY ***
Total pot $0.25 | Rake $0.01 
Board [4d 7c 8s Ah]
Seat 1: jokel85 folded before Flop (didn't bet)
Seat 2: dabinjel collected ($0.24)
Seat 3: egluk folded on the Turn
Seat 4: doubleh121 folded before Flop (didn't bet)
Seat 5: AngryRaises (button) folded before Flop (didn't bet)
Seat 6: asdabelle (small blind) folded before Flop
Seat 7: Dorex2007 (big blind) folded on the Turn
Seat 8: mendax1000 folded on the Turn
Seat 9: MedvePUDsoli folded before Flop (didn't bet)



PokerStars Hand #223792736081:  Hold'em No Limit ($0.01/$0.02 USD) - 2021/02/13 22:42:01 PT [2021/02/14 1:42:01 ET]
Table 'Cursa V' 9-max Seat #6 is the button
Seat 1: jokel85 ($2 in chips) 
Seat 2: dabinjel ($2.12 in chips) 
Seat 3: egluk ($0.26 in chips) 
Seat 4: doubleh121 ($0.07 in chips) 
Seat 5: AngryRaises ($5.21 in chips) 
Seat 6: asdabelle ($0.64 in chips) 
Seat 7: Dorex2007 ($1.54 in chips) 
Seat 8: mendax1000 ($2.63 in chips) 
Seat 9: MedvePUDsoli ($2 in chips) 
Dorex2007: posts small blind $0.01
mendax1000: posts big blind $0.02
*** HOLE CARDS ***
Dealt to Dorex2007 [5c 3d]
MedvePUDsoli: raises $0.04 to $0.06
jokel85: folds 
dabinjel: folds 
egluk: folds 
doubleh121: raises $0.01 to $0.07 and is all-in
AngryRaises: folds 
asdabelle: folds 
Dorex2007: folds 
mendax1000: calls $0.05
MedvePUDsoli: calls $0.01
*** FLOP *** [9c Jd 9s]
mendax1000: checks 
MedvePUDsoli: bets $0.12
mendax1000: folds 
Uncalled bet ($0.12) returned to MedvePUDsoli
*** TURN *** [9c Jd 9s] [Jc]
*** RIVER *** [9c Jd 9s Jc] [Th]
*** SHOW DOWN ***
MedvePUDsoli: shows [Qc Ac] (two pair, Jacks and Nines)
doubleh121: shows [Kh 7d] (two pair, Jacks and Nines - lower kicker)
MedvePUDsoli collected $0.21 from pot
*** SUMMARY ***
Total pot $0.22 | Rake $0.01 
Board [9c Jd 9s Jc Th]
Seat 1: jokel85 folded before Flop (didn't bet)
Seat 2: dabinjel folded before Flop (didn't bet)
Seat 3: egluk folded before Flop (didn't bet)
Seat 4: doubleh121 showed [Kh 7d] and lost with two pair, Jacks and Nines
Seat 5: AngryRaises folded before Flop (didn't bet)
Seat 6: asdabelle (button) folded before Flop (didn't bet)
Seat 7: Dorex2007 (small blind) folded before Flop
Seat 8: mendax1000 (big blind) folded on the Flop
Seat 9: MedvePUDsoli showed [Qc Ac] and won ($0.21) with two pair, Jacks and Nines



PokerStars Hand #223792746996:  Hold'em No Limit ($0.01/$0.02 USD) - 2021/02/13 22:42:47 PT [2021/02/14 1:42:47 ET]
Table 'Cursa V' 9-max Seat #7 is the button
Seat 1: jokel85 ($2 in chips) 
Seat 2: dabinjel ($2.12 in chips) 
Seat 3: egluk ($0.26 in chips) 
Seat 5: AngryRaises ($5.21 in chips) 
Seat 6: asdabelle ($0.64 in chips) 
Seat 7: Dorex2007 ($1.53 in chips) 
Seat 8: mendax1000 ($2.56 in chips) 
Seat 9: MedvePUDsoli ($2.14 in chips) 
mendax1000: posts small blind $0.01
MedvePUDsoli: posts big blind $0.02
*** HOLE CARDS ***
Dealt to Dorex2007 [2c 3d]
jokel85: folds 
dabinjel: folds 
egluk: raises $0.02 to $0.04
AngryRaises: calls $0.04
asdabelle: folds 
Dorex2007: folds 
mendax1000: folds 
doubleh121 leaves the table
MedvePUDsoli: folds 
*** FLOP *** [Ac 5s 9c]
egluk: bets $0.04
AngryRaises: calls $0.04
*** TURN *** [Ac 5s 9c] [9d]
egluk: bets $0.04
AngryRaises: folds 
Uncalled bet ($0.04) returned to egluk
egluk collected $0.18 from pot
egluk: doesn't show hand 
*** SUMMARY ***
Total pot $0.19 | Rake $0.01 
Board [Ac 5s 9c 9d]
Seat 1: jokel85 folded before Flop (didn't bet)
Seat 2: dabinjel folded before Flop (didn't bet)
Seat 3: egluk collected ($0.18)
Seat 5: AngryRaises folded on the Turn
Seat 6: asdabelle folded before Flop (didn't bet)
Seat 7: Dorex2007 (button) folded before Flop (didn't bet)
Seat 8: mendax1000 (small blind) folded before Flop
Seat 9: MedvePUDsoli (big blind) folded before Flop



PokerStars Hand #223792754389:  Hold'em No Limit ($0.01/$0.02 USD) - 2021/02/13 22:43:21 PT [2021/02/14 1:43:21 ET]
Table 'Cursa V' 9-max Seat #8 is the button
Seat 1: jokel85 ($2 in chips) 
Seat 2: dabinjel ($2.12 in chips) 
Seat 3: egluk ($0.36 in chips) 
Seat 5: AngryRaises ($5.13 in chips) 
Seat 6: asdabelle ($0.64 in chips) 
Seat 7: Dorex2007 ($1.53 in chips) 
Seat 8: mendax1000 ($2.55 in chips) 
Seat 9: MedvePUDsoli ($2.12 in chips) 
MedvePUDsoli: posts small blind $0.01
jokel85: posts big blind $0.02
*** HOLE CARDS ***
Dealt to Dorex2007 [4s Ac]
dabinjel: folds 
avolesi joins the table at seat #4 
egluk: folds 
AngryRaises: raises $0.02 to $0.04
asdabelle: calls $0.04
Dorex2007: folds 
mendax1000: raises $0.06 to $0.10
MedvePUDsoli: folds 
jokel85: folds 
AngryRaises: calls $0.06
asdabelle: calls $0.06
*** FLOP *** [9d 2h Ks]
AngryRaises: checks 
asdabelle: checks 
mendax1000: checks 
*** TURN *** [9d 2h Ks] [Tc]
AngryRaises: checks 
asdabelle: checks 
mendax1000: checks 
*** RIVER *** [9d 2h Ks Tc] [Qh]
AngryRaises: checks 
asdabelle: checks 
mendax1000: bets $0.14
AngryRaises: folds 
asdabelle: folds 
Uncalled bet ($0.14) returned to mendax1000
mendax1000 collected $0.32 from pot
mendax1000: doesn't show hand 
*** SUMMARY ***
Total pot $0.33 | Rake $0.01 
Board [9d 2h Ks Tc Qh]
Seat 1: jokel85 (big blind) folded before Flop
Seat 2: dabinjel folded before Flop (didn't bet)
Seat 3: egluk folded before Flop (didn't bet)
Seat 5: AngryRaises folded on the River
Seat 6: asdabelle folded on the River
Seat 7: Dorex2007 folded before Flop (didn't bet)
Seat 8: mendax1000 (button) collected ($0.32)
Seat 9: MedvePUDsoli (small blind) folded before Flop



PokerStars Hand #223792771756:  Hold'em No Limit ($0.01/$0.02 USD) - 2021/02/13 22:44:43 PT [2021/02/14 1:44:43 ET]
Table 'Cursa V' 9-max Seat #9 is the button
Seat 1: jokel85 ($2 in chips) 
Seat 3: egluk ($0.36 in chips) 
Seat 5: AngryRaises ($5.03 in chips) 
Seat 6: asdabelle ($0.54 in chips) 
Seat 7: Dorex2007 ($1.53 in chips) 
Seat 8: mendax1000 ($2.77 in chips) 
Seat 9: MedvePUDsoli ($2.11 in chips) 
jokel85: posts small blind $0.01
dabinjel: is sitting out 
egluk: posts big blind $0.02
avolesi: sits out 
*** HOLE CARDS ***
Dealt to Dorex2007 [8s 5d]
AngryRaises: folds 
asdabelle: folds 
Dorex2007: folds 
mendax1000: raises $0.02 to $0.04
MedvePUDsoli is disconnected 
MedvePUDsoli has timed out while disconnected
MedvePUDsoli: folds 
jokel85: folds 
egluk: folds 
Uncalled bet ($0.02) returned to mendax1000
mendax1000 collected $0.05 from pot
mendax1000: doesn't show hand 
*** SUMMARY ***
Total pot $0.05 | Rake $0 
Seat 1: jokel85 (small blind) folded before Flop
Seat 3: egluk (big blind) folded before Flop
Seat 5: AngryRaises folded before Flop (didn't bet)
Seat 6: asdabelle folded before Flop (didn't bet)
Seat 7: Dorex2007 folded before Flop (didn't bet)
Seat 8: mendax1000 collected ($0.05)
Seat 9: MedvePUDsoli (button) folded before Flop (didn't bet)



PokerStars Hand #223792781580:  Hold'em No Limit ($0.01/$0.02 USD) - 2021/02/13 22:45:16 PT [2021/02/14 1:45:16 ET]
Table 'Cursa V' 9-max Seat #1 is the button
Seat 1: jokel85 ($2 in chips) 
Seat 3: egluk ($0.34 in chips) 
Seat 4: avolesi ($2 in chips) 
Seat 5: AngryRaises ($5.03 in chips) 
Seat 6: asdabelle ($0.54 in chips) 
Seat 7: Dorex2007 ($1.53 in chips) 
Seat 8: mendax1000 ($2.80 in chips) 
egluk: posts small blind $0.01
avolesi: posts big blind $0.02
*** HOLE CARDS ***
Dealt to Dorex2007 [6d Js]
AngryRaises: folds 
asdabelle: folds 
AngryRaises leaves the table
Dorex2007: folds 
mendax1000: folds 
jokel85: raises $0.03 to $0.05
egluk: folds 
avolesi: folds 
Uncalled bet ($0.03) returned to jokel85
jokel85 collected $0.05 from pot
jokel85: doesn't show hand 
*** SUMMARY ***
Total pot $0.05 | Rake $0 
Seat 1: jokel85 (button) collected ($0.05)
Seat 3: egluk (small blind) folded before Flop
Seat 4: avolesi (big blind) folded before Flop
Seat 5: AngryRaises folded before Flop (didn't bet)
Seat 6: asdabelle folded before Flop (didn't bet)
Seat 7: Dorex2007 folded before Flop (didn't bet)
Seat 8: mendax1000 folded before Flop (didn't bet)



PokerStars Hand #223792785009:  Hold'em No Limit ($0.01/$0.02 USD) - 2021/02/13 22:45:31 PT [2021/02/14 1:45:31 ET]
Table 'Cursa V' 9-max Seat #3 is the button
Seat 1: jokel85 ($2.03 in chips) 
Seat 3: egluk ($0.33 in chips) 
Seat 4: avolesi ($2 in chips) 
Seat 6: asdabelle ($0.54 in chips) 
Seat 7: Dorex2007 ($1.53 in chips) 
Seat 8: mendax1000 ($2.80 in chips) 
avolesi: posts small blind $0.01
asdabelle: posts big blind $0.02
dabinjel: sits out 
*** HOLE CARDS ***
Dealt to Dorex2007 [Tc Th]
Dorex2007: calls $0.02
mendax1000: calls $0.02
jokel85: folds 
egluk: calls $0.02
avolesi: calls $0.01
asdabelle: checks 
*** FLOP *** [Qd 5c 3d]
avolesi: checks 
asdabelle: checks 
Dorex2007: checks 
dabinjel leaves the table
castom127 joins the table at seat #5 
mendax1000: bets $0.04
egluk: folds 
avolesi: folds 
SS1000 joins the table at seat #2 
asdabelle: folds 
Dorex2007: calls $0.04
*** TURN *** [Qd 5c 3d] [Qs]
Dorex2007: checks 
mendax1000: checks 
*** RIVER *** [Qd 5c 3d Qs] [Ks]
Dorex2007: bets $0.10
mendax1000: folds 
Uncalled bet ($0.10) returned to Dorex2007
Dorex2007 collected $0.17 from pot
Dorex2007: doesn't show hand 
*** SUMMARY ***
Total pot $0.18 | Rake $0.01 
Board [Qd 5c 3d Qs Ks]
Seat 1: jokel85 folded before Flop (didn't bet)
Seat 3: egluk (button) folded on the Flop
Seat 4: avolesi (small blind) folded on the Flop
Seat 6: asdabelle (big blind) folded on the Flop
Seat 7: Dorex2007 collected ($0.17)
Seat 8: mendax1000 folded on the River



PokerStars Hand #223792802502:  Hold'em No Limit ($0.01/$0.02 USD) - 2021/02/13 22:46:50 PT [2021/02/14 1:46:50 ET]
Table 'Cursa V' 9-max Seat #4 is the button
Seat 1: jokel85 ($2.03 in chips) 
Seat 3: egluk ($0.31 in chips) 
Seat 4: avolesi ($2 in chips) 
Seat 6: asdabelle ($0.52 in chips) 
Seat 7: Dorex2007 ($1.64 in chips) 
Seat 8: mendax1000 ($2.74 in chips) 
asdabelle: posts small blind $0.01
Dorex2007: posts big blind $0.02
SS1000: sits out 
*** HOLE CARDS ***
Dealt to Dorex2007 [Ad Qc]
mendax1000: folds 
jokel85: folds 
egluk: folds 
avolesi: folds 
asdabelle: folds 
Uncalled bet ($0.01) returned to Dorex2007
Dorex2007 collected $0.02 from pot
Dorex2007: doesn't show hand 
*** SUMMARY ***
Total pot $0.02 | Rake $0 
Seat 1: jokel85 folded before Flop (didn't bet)
Seat 3: egluk folded before Flop (didn't bet)
Seat 4: avolesi (button) folded before Flop (didn't bet)
Seat 6: asdabelle (small blind) folded before Flop
Seat 7: Dorex2007 (big blind) collected ($0.02)
Seat 8: mendax1000 folded before Flop (didn't bet)



PokerStars Hand #223792805283:  Hold'em No Limit ($0.01/$0.02 USD) - 2021/02/13 22:47:03 PT [2021/02/14 1:47:03 ET]
Table 'Cursa V' 9-max Seat #6 is the button
Seat 1: jokel85 ($2.03 in chips) 
Seat 3: egluk ($0.31 in chips) 
Seat 4: avolesi ($2 in chips) 
Seat 6: asdabelle ($0.51 in chips) 
Seat 7: Dorex2007 ($1.65 in chips) 
Seat 8: mendax1000 ($2.74 in chips) 
Dorex2007: posts small blind $0.01
mendax1000: posts big blind $0.02
SS1000: sits out 
castom127: sits out 
*** HOLE CARDS ***
Dealt to Dorex2007 [4s 7s]
jokel85: folds 
egluk: folds 
avolesi: folds 
asdabelle: folds 
Dorex2007: folds 
Uncalled bet ($0.01) returned to mendax1000
mendax1000 collected $0.02 from pot
mendax1000: doesn't show hand 
*** SUMMARY ***
Total pot $0.02 | Rake $0 
Seat 1: jokel85 folded before Flop (didn't bet)
Seat 3: egluk folded before Flop (didn't bet)
Seat 4: avolesi folded before Flop (didn't bet)
Seat 6: asdabelle (button) folded before Flop (didn't bet)
Seat 7: Dorex2007 (small blind) folded before Flop
Seat 8: mendax1000 (big blind) collected ($0.02)



PokerStars Hand #223792808145:  Hold'em No Limit ($0.01/$0.02 USD) - 2021/02/13 22:47:17 PT [2021/02/14 1:47:17 ET]
Table 'Cursa V' 9-max Seat #7 is the button
Seat 1: jokel85 ($2.03 in chips) 
Seat 3: egluk ($0.31 in chips) 
Seat 4: avolesi ($2 in chips) 
Seat 6: asdabelle ($0.51 in chips) 
Seat 7: Dorex2007 ($1.64 in chips) 
Seat 8: mendax1000 ($2.75 in chips) 
mendax1000: posts small blind $0.01
jokel85: posts big blind $0.02
SS1000: sits out 
castom127: sits out 
*** HOLE CARDS ***
Dealt to Dorex2007 [9c Ts]
egluk: folds 
avolesi: folds 
asdabelle: calls $0.02
Dorex2007: calls $0.02
mendax1000: raises $0.05 to $0.07
jokel85: folds 
asdabelle: folds 
Dorex2007: calls $0.05
*** FLOP *** [4h Td 7s]
mendax1000: checks 
Dorex2007: bets $0.17
mendax1000: folds 
Uncalled bet ($0.17) returned to Dorex2007
Dorex2007 collected $0.17 from pot
Dorex2007: doesn't show hand 
*** SUMMARY ***
Total pot $0.18 | Rake $0.01 
Board [4h Td 7s]
Seat 1: jokel85 (big blind) folded before Flop
Seat 3: egluk folded before Flop (didn't bet)
Seat 4: avolesi folded before Flop (didn't bet)
Seat 6: asdabelle folded before Flop
Seat 7: Dorex2007 (button) collected ($0.17)
Seat 8: mendax1000 (small blind) folded on the Flop



PokerStars Hand #223792818030:  Hold'em No Limit ($0.01/$0.02 USD) - 2021/02/13 22:48:02 PT [2021/02/14 1:48:02 ET]
Table 'Cursa V' 9-max Seat #8 is the button
Seat 1: jokel85 ($2.01 in chips) 
Seat 2: SS1000 ($2 in chips) 
Seat 3: egluk ($0.31 in chips) 
Seat 4: avolesi ($2 in chips) 
Seat 6: asdabelle ($0.49 in chips) 
Seat 7: Dorex2007 ($1.74 in chips) 
Seat 8: mendax1000 ($2.68 in chips) 
jokel85: posts small blind $0.01
SS1000: posts big blind $0.02
castom127: sits out 
*** HOLE CARDS ***
Dealt to Dorex2007 [8c 5h]
egluk: folds 
avolesi: folds 
asdabelle: calls $0.02
Dorex2007: folds 
mendax1000: folds 
jokel85: folds 
SS1000: checks 
*** FLOP *** [6c 5d Td]
SS1000: checks 
asdabelle: checks 
*** TURN *** [6c 5d Td] [9s]
castom127 leaves the table
SS1000: checks 
asdabelle: checks 
*** RIVER *** [6c 5d Td 9s] [4d]
SS1000: checks 
asdabelle: bets $0.06
SS1000: folds 
Uncalled bet ($0.06) returned to asdabelle
Lizzan618 joins the table at seat #5 
asdabelle collected $0.05 from pot
asdabelle: doesn't show hand 
*** SUMMARY ***
Total pot $0.05 | Rake $0 
Board [6c 5d Td 9s 4d]
Seat 1: jokel85 (small blind) folded before Flop
Seat 2: SS1000 (big blind) folded on the River
Seat 3: egluk folded before Flop (didn't bet)
Seat 4: avolesi folded before Flop (didn't bet)
Seat 6: asdabelle collected ($0.05)
Seat 7: Dorex2007 folded before Flop (didn't bet)
Seat 8: mendax1000 (button) folded before Flop (didn't bet)



PokerStars Hand #223792825256:  Hold'em No Limit ($0.01/$0.02 USD) - 2021/02/13 22:48:36 PT [2021/02/14 1:48:36 ET]
Table 'Cursa V' 9-max Seat #1 is the button
Seat 1: jokel85 ($2 in chips) 
Seat 2: SS1000 ($1.98 in chips) 
Seat 4: avolesi ($2 in chips) 
Seat 6: asdabelle ($0.52 in chips) 
Seat 7: Dorex2007 ($1.74 in chips) 
Seat 8: mendax1000 ($2.68 in chips) 
SS1000: posts small blind $0.01
avolesi: posts big blind $0.02
Lizzan618: sits out 
*** HOLE CARDS ***
Dealt to Dorex2007 [4d 3h]
egluk leaves the table
asdabelle: calls $0.02
Dorex2007: folds 
mendax1000: calls $0.02
jokel85: folds 
SS1000: folds 
avolesi: checks 
*** FLOP *** [8h Qd Ts]
avolesi: checks 
asdabelle: checks 
mendax1000: bets $0.07
avolesi: folds 
asdabelle: folds 
Uncalled bet ($0.07) returned to mendax1000
mendax1000 collected $0.07 from pot
mendax1000: doesn't show hand 
*** SUMMARY ***
Total pot $0.07 | Rake $0 
Board [8h Qd Ts]
Seat 1: jokel85 (button) folded before Flop (didn't bet)
Seat 2: SS1000 (small blind) folded before Flop
Seat 4: avolesi (big blind) folded on the Flop
Seat 6: asdabelle folded on the Flop
Seat 7: Dorex2007 folded before Flop (didn't bet)
Seat 8: mendax1000 collected ($0.07)



PokerStars Hand #223792832676:  Hold'em No Limit ($0.01/$0.02 USD) - 2021/02/13 22:49:10 PT [2021/02/14 1:49:10 ET]
Table 'Cursa V' 9-max Seat #2 is the button
Seat 1: jokel85 ($2 in chips) 
Seat 2: SS1000 ($1.97 in chips) 
Seat 4: avolesi ($2 in chips) 
Seat 5: Lizzan618 ($2 in chips) 
Seat 6: asdabelle ($0.50 in chips) 
Seat 7: Dorex2007 ($1.74 in chips) 
Seat 8: mendax1000 ($2.73 in chips) 
avolesi: posts small blind $0.01
Lizzan618: posts big blind $0.02
*** HOLE CARDS ***
Dealt to Dorex2007 [Th 9c]
asdabelle: folds 
Dorex2007: folds 
mendax1000: folds 
jokel85: folds 
SS1000: raises $0.04 to $0.06
avolesi: folds 
Lizzan618: folds 
Uncalled bet ($0.04) returned to SS1000
SS1000 collected $0.05 from pot
SS1000: doesn't show hand 
*** SUMMARY ***
Total pot $0.05 | Rake $0 
Seat 1: jokel85 folded before Flop (didn't bet)
Seat 2: SS1000 (button) collected ($0.05)
Seat 4: avolesi (small blind) folded before Flop
Seat 5: Lizzan618 (big blind) folded before Flop
Seat 6: asdabelle folded before Flop (didn't bet)
Seat 7: Dorex2007 folded before Flop (didn't bet)
Seat 8: mendax1000 folded before Flop (didn't bet)



PokerStars Hand #223792837256:  Hold'em No Limit ($0.01/$0.02 USD) - 2021/02/13 22:49:31 PT [2021/02/14 1:49:31 ET]
Table 'Cursa V' 9-max Seat #4 is the button
Seat 1: jokel85 ($2 in chips) 
Seat 2: SS1000 ($2 in chips) 
Seat 4: avolesi ($2 in chips) 
Seat 5: Lizzan618 ($1.98 in chips) 
Seat 6: asdabelle ($0.50 in chips) 
Seat 7: Dorex2007 ($1.74 in chips) 
Seat 8: mendax1000 ($2.73 in chips) 
Lizzan618: posts small blind $0.01
asdabelle: posts big blind $0.02
*** HOLE CARDS ***
Dealt to Dorex2007 [3s Tc]
Dorex2007: folds 
mendax1000: folds 
jokel85: folds 
SS1000: folds 
avolesi: calls $0.02
Lizzan618: calls $0.01
asdabelle: checks 
*** FLOP *** [Ac 6h 9s]
Lizzan618: checks 
s_nami_bog38 joins the table at seat #3 
asdabelle: checks 
avolesi: checks 
*** TURN *** [Ac 6h 9s] [Qc]
Lizzan618: checks 
asdabelle: checks 
avolesi: bets $0.03
Lizzan618: folds 
asdabelle: folds 
Uncalled bet ($0.03) returned to avolesi
avolesi collected $0.06 from pot
*** SUMMARY ***
Total pot $0.06 | Rake $0 
Board [Ac 6h 9s Qc]
Seat 1: jokel85 folded before Flop (didn't bet)
Seat 2: SS1000 folded before Flop (didn't bet)
Seat 4: avolesi (button) collected ($0.06)
Seat 5: Lizzan618 (small blind) folded on the Turn
Seat 6: asdabelle (big blind) folded on the Turn
Seat 7: Dorex2007 folded before Flop (didn't bet)
Seat 8: mendax1000 folded before Flop (didn't bet)



PokerStars Hand #223792855386:  Hold'em No Limit ($0.01/$0.02 USD) - 2021/02/13 22:50:22 PT [2021/02/14 1:50:22 ET]
Table 'Cursa V' 9-max Seat #5 is the button
Seat 1: jokel85 ($2 in chips) 
Seat 2: SS1000 ($2 in chips) 
Seat 4: avolesi ($2.04 in chips) 
Seat 5: Lizzan618 ($1.96 in chips) 
Seat 6: asdabelle ($0.48 in chips) 
Seat 7: Dorex2007 ($1.74 in chips) 
Seat 8: mendax1000 ($2.73 in chips) 
asdabelle: posts small blind $0.01
Dorex2007: posts big blind $0.02
s_nami_bog38: sits out 
*** HOLE CARDS ***
Dealt to Dorex2007 [7d 7s]
mendax1000: folds 
jokel85: folds 
SS1000: folds 
avolesi: raises $0.02 to $0.04
Lizzan618: folds 
asdabelle: folds 
Dorex2007: calls $0.02
*** FLOP *** [3c 3d 8d]
Dorex2007: bets $0.09
avolesi: folds 
Uncalled bet ($0.09) returned to Dorex2007
Dorex2007 collected $0.09 from pot
Dorex2007: doesn't show hand 
*** SUMMARY ***
Total pot $0.09 | Rake $0 
Board [3c 3d 8d]
Seat 1: jokel85 folded before Flop (didn't bet)
Seat 2: SS1000 folded before Flop (didn't bet)
Seat 4: avolesi folded on the Flop
Seat 5: Lizzan618 (button) folded before Flop (didn't bet)
Seat 6: asdabelle (small blind) folded before Flop
Seat 7: Dorex2007 (big blind) collected ($0.09)
Seat 8: mendax1000 folded before Flop (didn't bet)



PokerStars Hand #223792861707:  Hold'em No Limit ($0.01/$0.02 USD) - 2021/02/13 22:50:52 PT [2021/02/14 1:50:52 ET]
Table 'Cursa V' 9-max Seat #6 is the button
Seat 1: jokel85 ($2 in chips) 
Seat 2: SS1000 ($2 in chips) 
Seat 4: avolesi ($2 in chips) 
Seat 5: Lizzan618 ($1.96 in chips) 
Seat 6: asdabelle ($0.47 in chips) 
Seat 7: Dorex2007 ($1.79 in chips) 
Seat 8: mendax1000 ($2.73 in chips) 
Dorex2007: posts small blind $0.01
mendax1000: posts big blind $0.02
s_nami_bog38: sits out 
*** HOLE CARDS ***
Dealt to Dorex2007 [Td Kh]
jokel85: folds 
SS1000: folds 
avolesi: raises $0.04 to $0.06
Lizzan618: folds 
asdabelle: folds 
Dorex2007: calls $0.05
mendax1000: calls $0.04
*** FLOP *** [3s Qs 4h]
Dorex2007: checks 
mendax1000: checks 
avolesi: checks 
*** TURN *** [3s Qs 4h] [Js]
Dorex2007: bets $0.09
mendax1000: folds 
avolesi: folds 
Uncalled bet ($0.09) returned to Dorex2007
Dorex2007 collected $0.17 from pot
Dorex2007: doesn't show hand 
*** SUMMARY ***
Total pot $0.18 | Rake $0.01 
Board [3s Qs 4h Js]
Seat 1: jokel85 folded before Flop (didn't bet)
Seat 2: SS1000 folded before Flop (didn't bet)
Seat 4: avolesi folded on the Turn
Seat 5: Lizzan618 folded before Flop (didn't bet)
Seat 6: asdabelle (button) folded before Flop (didn't bet)
Seat 7: Dorex2007 (small blind) collected ($0.17)
Seat 8: mendax1000 (big blind) folded on the Turn



PokerStars Hand #223792869849:  Hold'em No Limit ($0.01/$0.02 USD) - 2021/02/13 22:51:30 PT [2021/02/14 1:51:30 ET]
Table 'Cursa V' 9-max Seat #7 is the button
Seat 2: SS1000 ($2 in chips) 
Seat 4: avolesi ($2 in chips) 
Seat 5: Lizzan618 ($1.96 in chips) 
Seat 6: asdabelle ($0.47 in chips) 
Seat 7: Dorex2007 ($1.90 in chips) 
Seat 8: mendax1000 ($2.67 in chips) 
mendax1000: posts small blind $0.01
jokel85: is sitting out 
SS1000: posts big blind $0.02
s_nami_bog38: sits out 
*** HOLE CARDS ***
Dealt to Dorex2007 [Tc Jd]
jokel85 leaves the table
avolesi: folds 
Lizzan618: folds 
asdabelle: folds 
cornil17 joins the table at seat #1 
Dorex2007: raises $0.04 to $0.06
mendax1000: calls $0.05
SS1000: calls $0.04
*** FLOP *** [5c 8h Qd]
mendax1000: checks 
SS1000: checks 
Dorex2007: bets $0.10
mendax1000: calls $0.10
SS1000: folds 
*** TURN *** [5c 8h Qd] [7h]
mendax1000: checks 
Dorex2007: checks 
*** RIVER *** [5c 8h Qd 7h] [Jh]
mendax1000: bets $0.20
Dorex2007: calls $0.20
*** SHOW DOWN ***
mendax1000: shows [Kh Ac] (high card Ace)
Dorex2007: shows [Tc Jd] (a pair of Jacks)
Dorex2007 collected $0.75 from pot
*** SUMMARY ***
Total pot $0.78 | Rake $0.03 
Board [5c 8h Qd 7h Jh]
Seat 2: SS1000 (big blind) folded on the Flop
Seat 4: avolesi folded before Flop (didn't bet)
Seat 5: Lizzan618 folded before Flop (didn't bet)
Seat 6: asdabelle folded before Flop (didn't bet)
Seat 7: Dorex2007 (button) showed [Tc Jd] and won ($0.75) with a pair of Jacks
Seat 8: mendax1000 (small blind) showed [Kh Ac] and lost with high card Ace



PokerStars Hand #223792884760:  Hold'em No Limit ($0.01/$0.02 USD) - 2021/02/13 22:52:41 PT [2021/02/14 1:52:41 ET]
Table 'Cursa V' 9-max Seat #8 is the button
Seat 2: SS1000 ($1.94 in chips) 
Seat 3: s_nami_bog38 ($1.20 in chips) 
Seat 4: avolesi ($2 in chips) 
Seat 5: Lizzan618 ($1.96 in chips) 
Seat 6: asdabelle ($0.47 in chips) 
Seat 7: Dorex2007 ($2.29 in chips) 
Seat 8: mendax1000 ($2.31 in chips) 
SS1000: posts small blind $0.01
s_nami_bog38: posts big blind $0.02
*** HOLE CARDS ***
Dealt to Dorex2007 [2h Ks]
avolesi: calls $0.02
Lizzan618: folds 
asdabelle: calls $0.02
Dorex2007: folds 
mendax1000: folds 
SS1000: folds 
s_nami_bog38: checks 
*** FLOP *** [Qh 9c 6d]
s_nami_bog38: checks 
avolesi: bets $0.04
asdabelle: calls $0.04
s_nami_bog38: folds 
*** TURN *** [Qh 9c 6d] [6s]
avolesi: checks 
asdabelle: bets $0.08
avolesi: folds 
Uncalled bet ($0.08) returned to asdabelle
asdabelle collected $0.14 from pot
asdabelle: doesn't show hand 
*** SUMMARY ***
Total pot $0.15 | Rake $0.01 
Board [Qh 9c 6d 6s]
Seat 2: SS1000 (small blind) folded before Flop
Seat 3: s_nami_bog38 (big blind) folded on the Flop
Seat 4: avolesi folded on the Turn
Seat 5: Lizzan618 folded before Flop (didn't bet)
Seat 6: asdabelle collected ($0.14)
Seat 7: Dorex2007 folded before Flop (didn't bet)
Seat 8: mendax1000 (button) folded before Flop (didn't bet)



PokerStars Hand #223792892135:  Hold'em No Limit ($0.01/$0.02 USD) - 2021/02/13 22:53:15 PT [2021/02/14 1:53:15 ET]
Table 'Cursa V' 9-max Seat #2 is the button
Seat 2: SS1000 ($1.93 in chips) 
Seat 3: s_nami_bog38 ($1.18 in chips) 
Seat 4: avolesi ($2 in chips) 
Seat 5: Lizzan618 ($1.96 in chips) 
Seat 6: asdabelle ($0.55 in chips) 
Seat 7: Dorex2007 ($2.29 in chips) 
Seat 8: mendax1000 ($2.31 in chips) 
s_nami_bog38: posts small blind $0.01
avolesi: posts big blind $0.02
cornil17: sits out 
*** HOLE CARDS ***
Dealt to Dorex2007 [As Ks]
Lizzan618: folds 
asdabelle: folds 
Dorex2007: raises $0.04 to $0.06
mendax1000: folds 
SS1000: folds 
s_nami_bog38: folds 
avolesi: folds 
Uncalled bet ($0.04) returned to Dorex2007
Dorex2007 collected $0.05 from pot
Dorex2007: doesn't show hand 
*** SUMMARY ***
Total pot $0.05 | Rake $0 
Seat 2: SS1000 (button) folded before Flop (didn't bet)
Seat 3: s_nami_bog38 (small blind) folded before Flop
Seat 4: avolesi (big blind) folded before Flop
Seat 5: Lizzan618 folded before Flop (didn't bet)
Seat 6: asdabelle folded before Flop (didn't bet)
Seat 7: Dorex2007 collected ($0.05)
Seat 8: mendax1000 folded before Flop (didn't bet)



PokerStars Hand #223792897197:  Hold'em No Limit ($0.01/$0.02 USD) - 2021/02/13 22:53:39 PT [2021/02/14 1:53:39 ET]
Table 'Cursa V' 9-max Seat #3 is the button
Seat 2: SS1000 ($1.93 in chips) 
Seat 3: s_nami_bog38 ($1.17 in chips) 
Seat 4: avolesi ($2 in chips) 
Seat 5: Lizzan618 ($1.96 in chips) 
Seat 6: asdabelle ($0.55 in chips) 
Seat 7: Dorex2007 ($2.32 in chips) 
Seat 8: mendax1000 ($2.31 in chips) 
avolesi: posts small blind $0.01
Lizzan618: posts big blind $0.02
cornil17: sits out 
*** HOLE CARDS ***
Dealt to Dorex2007 [3s 6d]
asdabelle: folds 
Dorex2007: folds 
mendax1000: calls $0.02
SS1000: calls $0.02
s_nami_bog38: folds 
avolesi: calls $0.01
Lizzan618: checks 
*** FLOP *** [As Js 5c]
avolesi: checks 
Lizzan618: checks 
mendax1000: checks 
SS1000: bets $0.04
avolesi: calls $0.04
Lizzan618: folds 
mendax1000: calls $0.04
*** TURN *** [As Js 5c] [8d]
avolesi: checks 
mendax1000: checks 
SS1000: bets $0.06
avolesi: calls $0.06
mendax1000: calls $0.06
*** RIVER *** [As Js 5c 8d] [2c]
avolesi: checks 
mendax1000: checks 
SS1000: checks 
*** SHOW DOWN ***
avolesi: shows [Ah 9d] (a pair of Aces)
mendax1000: mucks hand 
SS1000: mucks hand 
avolesi collected $0.37 from pot
*** SUMMARY ***
Total pot $0.38 | Rake $0.01 
Board [As Js 5c 8d 2c]
Seat 2: SS1000 mucked [Ad 7h]
Seat 3: s_nami_bog38 (button) folded before Flop (didn't bet)
Seat 4: avolesi (small blind) showed [Ah 9d] and won ($0.37) with a pair of Aces
Seat 5: Lizzan618 (big blind) folded on the Flop
Seat 6: asdabelle folded before Flop (didn't bet)
Seat 7: Dorex2007 folded before Flop (didn't bet)
Seat 8: mendax1000 mucked [3d 5d]



PokerStars Hand #223792919209:  Hold'em No Limit ($0.01/$0.02 USD) - 2021/02/13 22:54:39 PT [2021/02/14 1:54:39 ET]
Table 'Cursa V' 9-max Seat #4 is the button
Seat 2: SS1000 ($1.81 in chips) 
Seat 3: s_nami_bog38 ($1.17 in chips) 
Seat 4: avolesi ($2.25 in chips) 
Seat 5: Lizzan618 ($1.94 in chips) 
Seat 6: asdabelle ($0.55 in chips) 
Seat 7: Dorex2007 ($2.32 in chips) 
Seat 8: mendax1000 ($2.19 in chips) 
Lizzan618: posts small blind $0.01
asdabelle: posts big blind $0.02
cornil17: sits out 
*** HOLE CARDS ***
Dealt to Dorex2007 [2c Ad]
Dorex2007: folds 
mendax1000: folds 
SS1000: folds 
s_nami_bog38: folds 
avolesi: folds 
Lizzan618: folds 
Uncalled bet ($0.01) returned to asdabelle
asdabelle collected $0.02 from pot
asdabelle: doesn't show hand 
*** SUMMARY ***
Total pot $0.02 | Rake $0 
Seat 2: SS1000 folded before Flop (didn't bet)
Seat 3: s_nami_bog38 folded before Flop (didn't bet)
Seat 4: avolesi (button) folded before Flop (didn't bet)
Seat 5: Lizzan618 (small blind) folded before Flop
Seat 6: asdabelle (big blind) collected ($0.02)
Seat 7: Dorex2007 folded before Flop (didn't bet)
Seat 8: mendax1000 folded before Flop (didn't bet)



PokerStars Hand #223792922712:  Hold'em No Limit ($0.01/$0.02 USD) - 2021/02/13 22:54:56 PT [2021/02/14 1:54:56 ET]
Table 'Cursa V' 9-max Seat #5 is the button
Seat 2: SS1000 ($1.81 in chips) 
Seat 3: s_nami_bog38 ($1.17 in chips) 
Seat 4: avolesi ($2.25 in chips) 
Seat 5: Lizzan618 ($1.93 in chips) 
Seat 6: asdabelle ($0.56 in chips) 
Seat 7: Dorex2007 ($2.32 in chips) 
Seat 8: mendax1000 ($2.19 in chips) 
asdabelle: posts small blind $0.01
Dorex2007: posts big blind $0.02
cornil17: sits out 
*** HOLE CARDS ***
Dealt to Dorex2007 [7s 7h]
mendax1000: calls $0.02
SS1000: folds 
s_nami_bog38: folds 
avolesi: calls $0.02
Lizzan618: folds 
asdabelle: folds 
Dorex2007: checks 
*** FLOP *** [7c As 3d]
MedvePUDsoli was removed from the table for failing to post
MedvePUDsoli leaves the table
Dorex2007: checks 
mendax1000: checks 
avolesi: bets $0.04
Dorex2007: calls $0.04
mendax1000: calls $0.04
*** TURN *** [7c As 3d] [3h]
Dorex2007: checks 
mendax1000: checks 
avolesi: bets $0.06
*VM*727 joins the table at seat #9 
Dorex2007: calls $0.06
mendax1000: calls $0.06
*** RIVER *** [7c As 3d 3h] [4s]
Dorex2007: checks 
mendax1000: checks 
avolesi: checks 
*** SHOW DOWN ***
Dorex2007: shows [7s 7h] (a full house, Sevens full of Threes)
mendax1000: mucks hand 
avolesi: mucks hand 
Dorex2007 collected $0.36 from pot
*** SUMMARY ***
Total pot $0.37 | Rake $0.01 
Board [7c As 3d 3h 4s]
Seat 2: SS1000 folded before Flop (didn't bet)
Seat 3: s_nami_bog38 folded before Flop (didn't bet)
Seat 4: avolesi mucked [Jh Ad]
Seat 5: Lizzan618 (button) folded before Flop (didn't bet)
Seat 6: asdabelle (small blind) folded before Flop
Seat 7: Dorex2007 (big blind) showed [7s 7h] and won ($0.36) with a full house, Sevens full of Threes
Seat 8: mendax1000 mucked [9s 9d]



PokerStars Hand #223792934102:  Hold'em No Limit ($0.01/$0.02 USD) - 2021/02/13 22:55:59 PT [2021/02/14 1:55:59 ET]
Table 'Cursa V' 9-max Seat #6 is the button
Seat 2: SS1000 ($1.81 in chips) 
Seat 3: s_nami_bog38 ($1.17 in chips) 
Seat 4: avolesi ($2.13 in chips) 
Seat 5: Lizzan618 ($1.93 in chips) 
Seat 6: asdabelle ($0.55 in chips) 
Seat 7: Dorex2007 ($2.56 in chips) 
Seat 8: mendax1000 ($2.07 in chips) 
Dorex2007: posts small blind $0.01
mendax1000: posts big blind $0.02
*VM*727: sits out 
cornil17: sits out 
*** HOLE CARDS ***
Dealt to Dorex2007 [Jh 4h]
SS1000: folds 
s_nami_bog38: folds 
avolesi: folds 
Lizzan618: folds 
asdabelle: folds 
Dorex2007: calls $0.01
mendax1000: checks 
*** FLOP *** [6h Kd Td]
Dorex2007: checks 
mendax1000: checks 
*** TURN *** [6h Kd Td] [7s]
Dorex2007: bets $0.04
mendax1000: folds 
Uncalled bet ($0.04) returned to Dorex2007
Dorex2007 collected $0.04 from pot
Dorex2007: doesn't show hand 
*** SUMMARY ***
Total pot $0.04 | Rake $0 
Board [6h Kd Td 7s]
Seat 2: SS1000 folded before Flop (didn't bet)
Seat 3: s_nami_bog38 folded before Flop (didn't bet)
Seat 4: avolesi folded before Flop (didn't bet)
Seat 5: Lizzan618 folded before Flop (didn't bet)
Seat 6: asdabelle (button) folded before Flop (didn't bet)
Seat 7: Dorex2007 (small blind) collected ($0.04)
Seat 8: mendax1000 (big blind) folded on the Turn



