PokerStars Hand #237381706866:  Hold'em No Limit ($0.01/$0.02 USD) - 2022/07/15 15:28:29 PT [2022/07/15 18:28:29 ET]
Table 'Situla II' 9-max Seat #1 is the button
Seat 1: fredgorex888 ($5.16 in chips) 
Seat 2: alancinco ($1.58 in chips) 
Seat 3: yerdosick ($1.15 in chips) 
Seat 4: Parker09SA ($3.17 in chips) 
Seat 5: harbaka ($1.26 in chips) 
Seat 6: prizrak_162 ($0.80 in chips) 
Seat 7: Fragglesen ($1.20 in chips) 
Seat 8: RybakhinV ($1.62 in chips) 
Seat 9: Dorex2007 ($2 in chips) 
alancinco: posts small blind $0.01
yerdosick: posts big blind $0.02
prizrak_162: posts big blind $0.02
Dorex2007: posts big blind $0.02
*** HOLE CARDS ***
Dealt to Dorex2007 [5h Qc]
Parker09SA: folds 
harbaka: folds 
prizrak_162: checks 
Fragglesen: folds 
RybakhinV: folds 
Dorex2007: checks 
fredgorex888: calls $0.02
alancinco: folds 
yerdosick: raises $0.04 to $0.06
prizrak_162: folds 
Dorex2007: folds 
fredgorex888: calls $0.04
*** FLOP *** [Tc Js 3h]
yerdosick: bets $0.05
fredgorex888: calls $0.05
*** TURN *** [Tc Js 3h] [As]
yerdosick: bets $0.14
fredgorex888: calls $0.14
*** RIVER *** [Tc Js 3h As] [9d]
yerdosick: bets $0.40
fredgorex888: raises $0.40 to $0.80
yerdosick: raises $0.10 to $0.90 and is all-in
fredgorex888: calls $0.10
*** SHOW DOWN ***
yerdosick: shows [Qh Kd] (a straight, Ten to Ace)
fredgorex888: shows [Jd 9s] (two pair, Jacks and Nines)
yerdosick collected $2.27 from pot
*** SUMMARY ***
Total pot $2.35 | Rake $0.08 
Board [Tc Js 3h As 9d]
Seat 1: fredgorex888 (button) showed [Jd 9s] and lost with two pair, Jacks and Nines
Seat 2: alancinco (small blind) folded before Flop
Seat 3: yerdosick (big blind) showed [Qh Kd] and won ($2.27) with a straight, Ten to Ace
Seat 4: Parker09SA folded before Flop (didn't bet)
Seat 5: harbaka folded before Flop (didn't bet)
Seat 6: prizrak_162 folded before Flop (didn't bet)
Seat 7: Fragglesen folded before Flop (didn't bet)
Seat 8: RybakhinV folded before Flop (didn't bet)
Seat 9: Dorex2007 folded before Flop (didn't bet)



PokerStars Hand #237381738972:  Hold'em No Limit ($0.01/$0.02 USD) - 2022/07/15 15:30:10 PT [2022/07/15 18:30:10 ET]
Table 'Situla II' 9-max Seat #2 is the button
Seat 1: fredgorex888 ($4.01 in chips) 
Seat 2: alancinco ($1.57 in chips) 
Seat 3: yerdosick ($2.27 in chips) 
Seat 4: Parker09SA ($3.17 in chips) 
Seat 5: harbaka ($1.26 in chips) 
Seat 6: prizrak_162 ($0.78 in chips) 
Seat 7: Fragglesen ($1.20 in chips) 
Seat 8: RybakhinV ($1.62 in chips) 
Seat 9: Dorex2007 ($2 in chips) 
yerdosick: posts small blind $0.01
Parker09SA: posts big blind $0.02
*** HOLE CARDS ***
Dealt to Dorex2007 [4s Td]
harbaka: folds 
prizrak_162: folds 
Fragglesen: folds 
RybakhinV: folds 
Dorex2007: folds 
fredgorex888: calls $0.02
alancinco: folds 
yerdosick: calls $0.01
Parker09SA: raises $0.12 to $0.14
harbaka leaves the table
fredgorex888: calls $0.12
yerdosick: folds 
*** FLOP *** [3c 9s 6h]
Parker09SA: checks 
fredgorex888: checks 
*** TURN *** [3c 9s 6h] [9h]
Parker09SA: checks 
fredgorex888: checks 
*** RIVER *** [3c 9s 6h 9h] [9c]
Parker09SA: checks 
fredgorex888: checks 
*** SHOW DOWN ***
Parker09SA: shows [Ah Qs] (three of a kind, Nines)
fredgorex888: mucks hand 
Parker09SA collected $0.29 from pot
*** SUMMARY ***
Total pot $0.30 | Rake $0.01 
Board [3c 9s 6h 9h 9c]
Seat 1: fredgorex888 mucked [Qd Jh]
Seat 2: alancinco (button) folded before Flop (didn't bet)
Seat 3: yerdosick (small blind) folded before Flop
Seat 4: Parker09SA (big blind) showed [Ah Qs] and won ($0.29) with three of a kind, Nines
Seat 5: harbaka folded before Flop (didn't bet)
Seat 6: prizrak_162 folded before Flop (didn't bet)
Seat 7: Fragglesen folded before Flop (didn't bet)
Seat 8: RybakhinV folded before Flop (didn't bet)
Seat 9: Dorex2007 folded before Flop (didn't bet)



PokerStars Hand #237381753535:  Hold'em No Limit ($0.01/$0.02 USD) - 2022/07/15 15:30:56 PT [2022/07/15 18:30:56 ET]
Table 'Situla II' 9-max Seat #3 is the button
Seat 1: fredgorex888 ($3.87 in chips) 
Seat 2: alancinco ($1.57 in chips) 
Seat 3: yerdosick ($2.25 in chips) 
Seat 4: Parker09SA ($3.32 in chips) 
Seat 6: prizrak_162 ($0.78 in chips) 
Seat 7: Fragglesen ($1.20 in chips) 
Seat 8: RybakhinV ($1.62 in chips) 
Seat 9: Dorex2007 ($2 in chips) 
Parker09SA: posts small blind $0.01
prizrak_162: posts big blind $0.02
*** HOLE CARDS ***
Dealt to Dorex2007 [Kh 5s]
Fragglesen: folds 
RybakhinV: raises $0.02 to $0.04
Dorex2007: folds 
fredgorex888: folds 
alancinco: calls $0.04
s1lver8ull joins the table at seat #5 
yerdosick has timed out
yerdosick: folds 
Parker09SA: folds 
prizrak_162: folds 
*** FLOP *** [Ts 4c Ad]
RybakhinV: bets $0.05
alancinco: calls $0.05
*** TURN *** [Ts 4c Ad] [4d]
RybakhinV: bets $0.10
alancinco: folds 
Uncalled bet ($0.10) returned to RybakhinV
RybakhinV collected $0.20 from pot
*** SUMMARY ***
Total pot $0.21 | Rake $0.01 
Board [Ts 4c Ad 4d]
Seat 1: fredgorex888 folded before Flop (didn't bet)
Seat 2: alancinco folded on the Turn
Seat 3: yerdosick (button) folded before Flop (didn't bet)
Seat 4: Parker09SA (small blind) folded before Flop
Seat 6: prizrak_162 (big blind) folded before Flop
Seat 7: Fragglesen folded before Flop (didn't bet)
Seat 8: RybakhinV collected ($0.20)
Seat 9: Dorex2007 folded before Flop (didn't bet)



PokerStars Hand #237381772440:  Hold'em No Limit ($0.01/$0.02 USD) - 2022/07/15 15:31:54 PT [2022/07/15 18:31:54 ET]
Table 'Situla II' 9-max Seat #4 is the button
Seat 1: fredgorex888 ($3.87 in chips) 
Seat 2: alancinco ($1.48 in chips) 
Seat 3: yerdosick ($2.25 in chips) 
Seat 4: Parker09SA ($3.31 in chips) 
Seat 6: prizrak_162 ($0.76 in chips) 
Seat 7: Fragglesen ($1.20 in chips) 
Seat 8: RybakhinV ($1.73 in chips) 
Seat 9: Dorex2007 ($2 in chips) 
prizrak_162: posts small blind $0.01
Fragglesen: posts big blind $0.02
*** HOLE CARDS ***
Dealt to Dorex2007 [Td Th]
RybakhinV: folds 
Dorex2007: raises $0.02 to $0.04
fredgorex888: calls $0.04
alancinco has timed out
alancinco: folds 
yerdosick: raises $0.10 to $0.14
Parker09SA: folds 
prizrak_162: folds 
Fragglesen: folds 
Dorex2007: calls $0.10
fredgorex888: calls $0.10
*** FLOP *** [6s 8c 2s]
Dorex2007: bets $0.29
fredgorex888: folds 
yerdosick: folds 
Uncalled bet ($0.29) returned to Dorex2007
Dorex2007 collected $0.43 from pot
*** SUMMARY ***
Total pot $0.45 | Rake $0.02 
Board [6s 8c 2s]
Seat 1: fredgorex888 folded on the Flop
Seat 2: alancinco folded before Flop (didn't bet)
Seat 3: yerdosick folded on the Flop
Seat 4: Parker09SA (button) folded before Flop (didn't bet)
Seat 6: prizrak_162 (small blind) folded before Flop
Seat 7: Fragglesen (big blind) folded before Flop
Seat 8: RybakhinV folded before Flop (didn't bet)
Seat 9: Dorex2007 collected ($0.43)



PokerStars Hand #237381796427:  Hold'em No Limit ($0.01/$0.02 USD) - 2022/07/15 15:33:09 PT [2022/07/15 18:33:09 ET]
Table 'Situla II' 9-max Seat #6 is the button
Seat 1: fredgorex888 ($3.73 in chips) 
Seat 2: alancinco ($1.48 in chips) 
Seat 3: yerdosick ($2.11 in chips) 
Seat 4: Parker09SA ($3.31 in chips) 
Seat 6: prizrak_162 ($0.75 in chips) 
Seat 7: Fragglesen ($1.18 in chips) 
Seat 8: RybakhinV ($1.73 in chips) 
Seat 9: Dorex2007 ($2.29 in chips) 
Fragglesen: posts small blind $0.01
RybakhinV: posts big blind $0.02
s1lver8ull: sits out 
*** HOLE CARDS ***
Dealt to Dorex2007 [8c 3c]
Dorex2007: folds 
fredgorex888: calls $0.02
alancinco has timed out
alancinco: folds 
yerdosick: folds 
Parker09SA: folds 
prizrak_162: folds 
alancinco is disconnected 
Fragglesen: raises $0.08 to $0.10
RybakhinV: folds 
fredgorex888: calls $0.08
*** FLOP *** [6c 7c 7d]
Fragglesen: bets $0.10
fredgorex888: calls $0.10
*** TURN *** [6c 7c 7d] [4h]
Fragglesen: bets $0.20
fredgorex888: calls $0.20
*** RIVER *** [6c 7c 7d 4h] [As]
Fragglesen: bets $0.39
fredgorex888: folds 
Uncalled bet ($0.39) returned to Fragglesen
Fragglesen collected $0.78 from pot
*** SUMMARY ***
Total pot $0.82 | Rake $0.04 
Board [6c 7c 7d 4h As]
Seat 1: fredgorex888 folded on the River
Seat 2: alancinco folded before Flop (didn't bet)
Seat 3: yerdosick folded before Flop (didn't bet)
Seat 4: Parker09SA folded before Flop (didn't bet)
Seat 6: prizrak_162 (button) folded before Flop (didn't bet)
Seat 7: Fragglesen (small blind) collected ($0.78)
Seat 8: RybakhinV (big blind) folded before Flop
Seat 9: Dorex2007 folded before Flop (didn't bet)



PokerStars Hand #237381821433:  Hold'em No Limit ($0.01/$0.02 USD) - 2022/07/15 15:34:13 PT [2022/07/15 18:34:13 ET]
Table 'Situla II' 9-max Seat #7 is the button
Seat 1: fredgorex888 ($3.33 in chips) 
Seat 2: alancinco ($1.48 in chips) 
Seat 3: yerdosick ($2.11 in chips) 
Seat 4: Parker09SA ($3.31 in chips) 
Seat 5: s1lver8ull ($2 in chips) 
Seat 6: prizrak_162 ($0.75 in chips) 
Seat 7: Fragglesen ($1.56 in chips) 
Seat 8: RybakhinV ($1.71 in chips) 
Seat 9: Dorex2007 ($2.29 in chips) 
RybakhinV: posts small blind $0.01
Dorex2007: posts big blind $0.02
s1lver8ull: posts big blind $0.02
*** HOLE CARDS ***
Dealt to Dorex2007 [Ah 9h]
fredgorex888: folds 
alancinco: folds 
yerdosick: folds 
Parker09SA: folds 
s1lver8ull: checks 
prizrak_162: folds 
Fragglesen: calls $0.02
RybakhinV: folds 
Dorex2007: checks 
*** FLOP *** [Jd 5c 3d]
Dorex2007: checks 
s1lver8ull: bets $0.07
Fragglesen: folds 
Dorex2007: folds 
Uncalled bet ($0.07) returned to s1lver8ull
s1lver8ull collected $0.07 from pot
*** SUMMARY ***
Total pot $0.07 | Rake $0 
Board [Jd 5c 3d]
Seat 1: fredgorex888 folded before Flop (didn't bet)
Seat 2: alancinco folded before Flop (didn't bet)
Seat 3: yerdosick folded before Flop (didn't bet)
Seat 4: Parker09SA folded before Flop (didn't bet)
Seat 5: s1lver8ull collected ($0.07)
Seat 6: prizrak_162 folded before Flop (didn't bet)
Seat 7: Fragglesen (button) folded on the Flop
Seat 8: RybakhinV (small blind) folded before Flop
Seat 9: Dorex2007 (big blind) folded on the Flop



PokerStars Hand #237381839526:  Hold'em No Limit ($0.01/$0.02 USD) - 2022/07/15 15:35:09 PT [2022/07/15 18:35:09 ET]
Table 'Situla II' 9-max Seat #8 is the button
Seat 1: fredgorex888 ($3.33 in chips) 
Seat 2: alancinco ($1.48 in chips) 
Seat 3: yerdosick ($2.11 in chips) 
Seat 4: Parker09SA ($3.31 in chips) 
Seat 5: s1lver8ull ($2.05 in chips) 
Seat 6: prizrak_162 ($0.75 in chips) 
Seat 7: Fragglesen ($1.54 in chips) 
Seat 8: RybakhinV ($1.70 in chips) 
Seat 9: Dorex2007 ($2.27 in chips) 
Dorex2007: posts small blind $0.01
fredgorex888: posts big blind $0.02
*** HOLE CARDS ***
Dealt to Dorex2007 [3d Qs]
alancinco: folds 
yerdosick: raises $0.03 to $0.05
Parker09SA: folds 
s1lver8ull: folds 
prizrak_162: folds 
Fragglesen: folds 
RybakhinV: calls $0.05
Dorex2007: folds 
fredgorex888: calls $0.03
*** FLOP *** [7h 9h 5h]
fredgorex888: checks 
yerdosick: checks 
RybakhinV: bets $0.07
fredgorex888: folds 
yerdosick: folds 
Uncalled bet ($0.07) returned to RybakhinV
RybakhinV collected $0.15 from pot
*** SUMMARY ***
Total pot $0.16 | Rake $0.01 
Board [7h 9h 5h]
Seat 1: fredgorex888 (big blind) folded on the Flop
Seat 2: alancinco folded before Flop (didn't bet)
Seat 3: yerdosick folded on the Flop
Seat 4: Parker09SA folded before Flop (didn't bet)
Seat 5: s1lver8ull folded before Flop (didn't bet)
Seat 6: prizrak_162 folded before Flop (didn't bet)
Seat 7: Fragglesen folded before Flop (didn't bet)
Seat 8: RybakhinV (button) collected ($0.15)
Seat 9: Dorex2007 (small blind) folded before Flop



PokerStars Hand #237381854683:  Hold'em No Limit ($0.01/$0.02 USD) - 2022/07/15 15:35:56 PT [2022/07/15 18:35:56 ET]
Table 'Situla II' 9-max Seat #9 is the button
Seat 1: fredgorex888 ($3.28 in chips) 
Seat 2: alancinco ($1.48 in chips) 
Seat 3: yerdosick ($2.06 in chips) 
Seat 4: Parker09SA ($3.31 in chips) 
Seat 5: s1lver8ull ($2.05 in chips) 
Seat 6: prizrak_162 ($0.80 in chips) 
Seat 7: Fragglesen ($1.54 in chips) 
Seat 8: RybakhinV ($1.80 in chips) 
Seat 9: Dorex2007 ($2.26 in chips) 
fredgorex888: posts small blind $0.01
alancinco: posts big blind $0.02
*** HOLE CARDS ***
Dealt to Dorex2007 [4d 4h]
yerdosick: folds 
Parker09SA: folds 
s1lver8ull: calls $0.02
prizrak_162: folds 
Fragglesen: folds 
RybakhinV: folds 
Dorex2007: calls $0.02
fredgorex888: calls $0.01
alancinco: checks 
*** FLOP *** [6s Th 3d]
fredgorex888: checks 
alancinco: checks 
s1lver8ull: bets $0.04
Dorex2007: calls $0.04
fredgorex888: calls $0.04
alancinco: folds 
*** TURN *** [6s Th 3d] [Kd]
fredgorex888: checks 
s1lver8ull: bets $0.19
Dorex2007: folds 
fredgorex888: calls $0.19
*** RIVER *** [6s Th 3d Kd] [3s]
fredgorex888: checks 
s1lver8ull: bets $0.34
fredgorex888: folds 
Uncalled bet ($0.34) returned to s1lver8ull
s1lver8ull collected $0.56 from pot
*** SUMMARY ***
Total pot $0.58 | Rake $0.02 
Board [6s Th 3d Kd 3s]
Seat 1: fredgorex888 (small blind) folded on the River
Seat 2: alancinco (big blind) folded on the Flop
Seat 3: yerdosick folded before Flop (didn't bet)
Seat 4: Parker09SA folded before Flop (didn't bet)
Seat 5: s1lver8ull collected ($0.56)
Seat 6: prizrak_162 folded before Flop (didn't bet)
Seat 7: Fragglesen folded before Flop (didn't bet)
Seat 8: RybakhinV folded before Flop (didn't bet)
Seat 9: Dorex2007 (button) folded on the Turn



PokerStars Hand #237381882040:  Hold'em No Limit ($0.01/$0.02 USD) - 2022/07/15 15:37:22 PT [2022/07/15 18:37:22 ET]
Table 'Situla II' 9-max Seat #1 is the button
Seat 1: fredgorex888 ($3.03 in chips) 
Seat 2: alancinco ($1.46 in chips) 
Seat 3: yerdosick ($2.06 in chips) 
Seat 4: Parker09SA ($3.31 in chips) 
Seat 5: s1lver8ull ($2.36 in chips) 
Seat 6: prizrak_162 ($0.80 in chips) 
Seat 7: Fragglesen ($1.54 in chips) 
Seat 8: RybakhinV ($1.80 in chips) 
Seat 9: Dorex2007 ($2.20 in chips) 
alancinco: posts small blind $0.01
yerdosick: posts big blind $0.02
*** HOLE CARDS ***
Dealt to Dorex2007 [Kc 6s]
Parker09SA has timed out
Parker09SA: folds 
s1lver8ull: folds 
prizrak_162: folds 
Fragglesen: folds 
RybakhinV: folds 
Dorex2007: folds 
fredgorex888: calls $0.02
alancinco: raises $0.06 to $0.08
yerdosick: calls $0.06
fredgorex888: calls $0.06
*** FLOP *** [As 6d 8s]
alancinco: bets $0.11
yerdosick: folds 
fredgorex888: folds 
Uncalled bet ($0.11) returned to alancinco
alancinco collected $0.23 from pot
*** SUMMARY ***
Total pot $0.24 | Rake $0.01 
Board [As 6d 8s]
Seat 1: fredgorex888 (button) folded on the Flop
Seat 2: alancinco (small blind) collected ($0.23)
Seat 3: yerdosick (big blind) folded on the Flop
Seat 4: Parker09SA folded before Flop (didn't bet)
Seat 5: s1lver8ull folded before Flop (didn't bet)
Seat 6: prizrak_162 folded before Flop (didn't bet)
Seat 7: Fragglesen folded before Flop (didn't bet)
Seat 8: RybakhinV folded before Flop (didn't bet)
Seat 9: Dorex2007 folded before Flop (didn't bet)



PokerStars Hand #237381894142:  Hold'em No Limit ($0.01/$0.02 USD) - 2022/07/15 15:38:00 PT [2022/07/15 18:38:00 ET]
Table 'Situla II' 9-max Seat #2 is the button
Seat 1: fredgorex888 ($2.95 in chips) 
Seat 2: alancinco ($1.61 in chips) 
Seat 3: yerdosick ($1.98 in chips) 
Seat 5: s1lver8ull ($2.36 in chips) 
Seat 6: prizrak_162 ($0.80 in chips) 
Seat 7: Fragglesen ($1.54 in chips) 
Seat 8: RybakhinV ($1.80 in chips) 
Seat 9: Dorex2007 ($2.20 in chips) 
yerdosick: posts small blind $0.01
s1lver8ull: posts big blind $0.02
*** HOLE CARDS ***
Dealt to Dorex2007 [6s 9s]
prizrak_162: raises $0.06 to $0.08
Fragglesen: folds 
RybakhinV: folds 
Dorex2007: folds 
fredgorex888: calls $0.08
alancinco: folds 
yerdosick: folds 
s1lver8ull: folds 
*** FLOP *** [2h 8c 7c]
prizrak_162: checks 
fredgorex888: bets $0.14
prizrak_162: raises $0.58 to $0.72 and is all-in
fredgorex888: calls $0.58
*** TURN *** [2h 8c 7c] [6h]
*** RIVER *** [2h 8c 7c 6h] [As]
*** SHOW DOWN ***
prizrak_162: shows [Ah Kh] (a pair of Aces)
fredgorex888: shows [Td 8s] (a pair of Eights)
prizrak_162 collected $1.57 from pot
*** SUMMARY ***
Total pot $1.63 | Rake $0.06 
Board [2h 8c 7c 6h As]
Seat 1: fredgorex888 showed [Td 8s] and lost with a pair of Eights
Seat 2: alancinco (button) folded before Flop (didn't bet)
Seat 3: yerdosick (small blind) folded before Flop
Seat 5: s1lver8ull (big blind) folded before Flop
Seat 6: prizrak_162 showed [Ah Kh] and won ($1.57) with a pair of Aces
Seat 7: Fragglesen folded before Flop (didn't bet)
Seat 8: RybakhinV folded before Flop (didn't bet)
Seat 9: Dorex2007 folded before Flop (didn't bet)



PokerStars Hand #237381908317:  Hold'em No Limit ($0.01/$0.02 USD) - 2022/07/15 15:38:45 PT [2022/07/15 18:38:45 ET]
Table 'Situla II' 9-max Seat #3 is the button
Seat 1: fredgorex888 ($2.15 in chips) 
Seat 2: alancinco ($1.61 in chips) 
Seat 3: yerdosick ($1.97 in chips) 
Seat 5: s1lver8ull ($2.34 in chips) 
Seat 6: prizrak_162 ($1.57 in chips) 
Seat 7: Fragglesen ($1.54 in chips) 
Seat 8: RybakhinV ($1.80 in chips) 
Seat 9: Dorex2007 ($2.20 in chips) 
s1lver8ull: posts small blind $0.01
prizrak_162: posts big blind $0.02
*** HOLE CARDS ***
Dealt to Dorex2007 [3c Kh]
Fragglesen: folds 
RybakhinV: folds 
Dorex2007: folds 
fredgorex888: calls $0.02
alancinco: folds 
yerdosick: folds 
s1lver8ull: folds 
prizrak_162: checks 
*** FLOP *** [6c 7c 6s]
prizrak_162: bets $0.04
fredgorex888: folds 
Uncalled bet ($0.04) returned to prizrak_162
prizrak_162 collected $0.05 from pot
*** SUMMARY ***
Total pot $0.05 | Rake $0 
Board [6c 7c 6s]
Seat 1: fredgorex888 folded on the Flop
Seat 2: alancinco folded before Flop (didn't bet)
Seat 3: yerdosick (button) folded before Flop (didn't bet)
Seat 5: s1lver8ull (small blind) folded before Flop
Seat 6: prizrak_162 (big blind) collected ($0.05)
Seat 7: Fragglesen folded before Flop (didn't bet)
Seat 8: RybakhinV folded before Flop (didn't bet)
Seat 9: Dorex2007 folded before Flop (didn't bet)



PokerStars Hand #237381917161:  Hold'em No Limit ($0.01/$0.02 USD) - 2022/07/15 15:39:13 PT [2022/07/15 18:39:13 ET]
Table 'Situla II' 9-max Seat #5 is the button
Seat 1: fredgorex888 ($2.13 in chips) 
Seat 2: alancinco ($1.61 in chips) 
Seat 3: yerdosick ($1.97 in chips) 
Seat 5: s1lver8ull ($2.33 in chips) 
Seat 6: prizrak_162 ($1.60 in chips) 
Seat 7: Fragglesen ($1.54 in chips) 
Seat 8: RybakhinV ($1.80 in chips) 
Seat 9: Dorex2007 ($2.20 in chips) 
prizrak_162: posts small blind $0.01
Fragglesen: posts big blind $0.02
*** HOLE CARDS ***
Dealt to Dorex2007 [Ts 4d]
RybakhinV: folds 
Dorex2007: folds 
fredgorex888: calls $0.02
alancinco: raises $0.04 to $0.06
yerdosick: folds 
s1lver8ull: folds 
prizrak_162: folds 
Fragglesen: folds 
fredgorex888: calls $0.04
*** FLOP *** [Qh 8h 9d]
fredgorex888: checks 
alancinco: checks 
*** TURN *** [Qh 8h 9d] [Kh]
fredgorex888: checks 
alancinco: bets $0.07
fredgorex888: folds 
Uncalled bet ($0.07) returned to alancinco
alancinco collected $0.14 from pot
*** SUMMARY ***
Total pot $0.15 | Rake $0.01 
Board [Qh 8h 9d Kh]
Seat 1: fredgorex888 folded on the Turn
Seat 2: alancinco collected ($0.14)
Seat 3: yerdosick folded before Flop (didn't bet)
Seat 5: s1lver8ull (button) folded before Flop (didn't bet)
Seat 6: prizrak_162 (small blind) folded before Flop
Seat 7: Fragglesen (big blind) folded before Flop
Seat 8: RybakhinV folded before Flop (didn't bet)
Seat 9: Dorex2007 folded before Flop (didn't bet)



PokerStars Hand #237381928000:  Hold'em No Limit ($0.01/$0.02 USD) - 2022/07/15 15:39:47 PT [2022/07/15 18:39:47 ET]
Table 'Situla II' 9-max Seat #6 is the button
Seat 1: fredgorex888 ($2.07 in chips) 
Seat 2: alancinco ($1.69 in chips) 
Seat 3: yerdosick ($1.97 in chips) 
Seat 5: s1lver8ull ($2.33 in chips) 
Seat 6: prizrak_162 ($1.59 in chips) 
Seat 7: Fragglesen ($1.52 in chips) 
Seat 8: RybakhinV ($1.80 in chips) 
Seat 9: Dorex2007 ($2.20 in chips) 
Fragglesen: posts small blind $0.01
RybakhinV: posts big blind $0.02
*** HOLE CARDS ***
Dealt to Dorex2007 [Qc Ac]
Dorex2007: raises $0.04 to $0.06
fredgorex888: folds 
alancinco: folds 
yerdosick: folds 
s1lver8ull: folds 
prizrak_162: folds 
Fragglesen: folds 
RybakhinV: calls $0.04
*** FLOP *** [7d 9s Kc]
RybakhinV: bets $0.06
Dorex2007: calls $0.06
*** TURN *** [7d 9s Kc] [3h]
RybakhinV: bets $0.12
Dorex2007: folds 
Uncalled bet ($0.12) returned to RybakhinV
RybakhinV collected $0.24 from pot
*** SUMMARY ***
Total pot $0.25 | Rake $0.01 
Board [7d 9s Kc 3h]
Seat 1: fredgorex888 folded before Flop (didn't bet)
Seat 2: alancinco folded before Flop (didn't bet)
Seat 3: yerdosick folded before Flop (didn't bet)
Seat 5: s1lver8ull folded before Flop (didn't bet)
Seat 6: prizrak_162 (button) folded before Flop (didn't bet)
Seat 7: Fragglesen (small blind) folded before Flop
Seat 8: RybakhinV (big blind) collected ($0.24)
Seat 9: Dorex2007 folded on the Turn



PokerStars Hand #237381940068:  Hold'em No Limit ($0.01/$0.02 USD) - 2022/07/15 15:40:25 PT [2022/07/15 18:40:25 ET]
Table 'Situla II' 9-max Seat #7 is the button
Seat 1: fredgorex888 ($2.07 in chips) 
Seat 2: alancinco ($1.69 in chips) 
Seat 3: yerdosick ($1.97 in chips) 
Seat 5: s1lver8ull ($2.33 in chips) 
Seat 6: prizrak_162 ($1.59 in chips) 
Seat 7: Fragglesen ($1.51 in chips) 
Seat 8: RybakhinV ($1.92 in chips) 
Seat 9: Dorex2007 ($2.08 in chips) 
RybakhinV: posts small blind $0.01
Dorex2007: posts big blind $0.02
*** HOLE CARDS ***
Dealt to Dorex2007 [As 4c]
fredgorex888: calls $0.02
alancinco: raises $0.04 to $0.06
yerdosick: folds 
s1lver8ull: folds 
prizrak_162: folds 
Fragglesen: folds 
RybakhinV: folds 
Dorex2007: folds 
fredgorex888: calls $0.04
*** FLOP *** [5h 6h 5c]
fredgorex888: bets $0.10
alancinco: folds 
Uncalled bet ($0.10) returned to fredgorex888
fredgorex888 collected $0.14 from pot
*** SUMMARY ***
Total pot $0.15 | Rake $0.01 
Board [5h 6h 5c]
Seat 1: fredgorex888 collected ($0.14)
Seat 2: alancinco folded on the Flop
Seat 3: yerdosick folded before Flop (didn't bet)
Seat 5: s1lver8ull folded before Flop (didn't bet)
Seat 6: prizrak_162 folded before Flop (didn't bet)
Seat 7: Fragglesen (button) folded before Flop (didn't bet)
Seat 8: RybakhinV (small blind) folded before Flop
Seat 9: Dorex2007 (big blind) folded before Flop



PokerStars Hand #237381946624:  Hold'em No Limit ($0.01/$0.02 USD) - 2022/07/15 15:40:46 PT [2022/07/15 18:40:46 ET]
Table 'Situla II' 9-max Seat #8 is the button
Seat 1: fredgorex888 ($2.15 in chips) 
Seat 2: alancinco ($1.63 in chips) 
Seat 3: yerdosick ($1.97 in chips) 
Seat 5: s1lver8ull ($2.33 in chips) 
Seat 6: prizrak_162 ($1.59 in chips) 
Seat 7: Fragglesen ($1.51 in chips) 
Seat 8: RybakhinV ($1.91 in chips) 
Seat 9: Dorex2007 ($2.06 in chips) 
Dorex2007: posts small blind $0.01
fredgorex888: posts big blind $0.02
*** HOLE CARDS ***
Dealt to Dorex2007 [4d 2c]
alancinco: folds 
yerdosick: folds 
s1lver8ull: folds 
prizrak_162: folds 
Fragglesen: raises $0.04 to $0.06
RybakhinV: calls $0.06
Dorex2007: folds 
fredgorex888: folds 
*** FLOP *** [4h 6h 9c]
Fragglesen: bets $0.07
RybakhinV: calls $0.07
*** TURN *** [4h 6h 9c] [Qc]
Fragglesen: checks 
RybakhinV: bets $0.14
Fragglesen: folds 
Uncalled bet ($0.14) returned to RybakhinV
RybakhinV collected $0.28 from pot
*** SUMMARY ***
Total pot $0.29 | Rake $0.01 
Board [4h 6h 9c Qc]
Seat 1: fredgorex888 (big blind) folded before Flop
Seat 2: alancinco folded before Flop (didn't bet)
Seat 3: yerdosick folded before Flop (didn't bet)
Seat 5: s1lver8ull folded before Flop (didn't bet)
Seat 6: prizrak_162 folded before Flop (didn't bet)
Seat 7: Fragglesen folded on the Turn
Seat 8: RybakhinV (button) collected ($0.28)
Seat 9: Dorex2007 (small blind) folded before Flop



PokerStars Hand #237381963539:  Hold'em No Limit ($0.01/$0.02 USD) - 2022/07/15 15:41:40 PT [2022/07/15 18:41:40 ET]
Table 'Situla II' 9-max Seat #9 is the button
Seat 1: fredgorex888 ($2.13 in chips) 
Seat 2: alancinco ($1.63 in chips) 
Seat 3: yerdosick ($1.97 in chips) 
Seat 5: s1lver8ull ($2.33 in chips) 
Seat 6: prizrak_162 ($1.59 in chips) 
Seat 7: Fragglesen ($1.38 in chips) 
Seat 8: RybakhinV ($2.06 in chips) 
Seat 9: Dorex2007 ($2.05 in chips) 
fredgorex888: posts small blind $0.01
alancinco: posts big blind $0.02
*** HOLE CARDS ***
Dealt to Dorex2007 [2d 2h]
yerdosick: folds 
s1lver8ull: folds 
prizrak_162: folds 
yerdosick leaves the table
Fragglesen has timed out
Fragglesen: folds 
RybakhinV: folds 
Dorex2007: raises $0.06 to $0.08
fredgorex888: calls $0.07
alancinco: folds 
*** FLOP *** [3h Ks 3s]
fredgorex888: checks 
Dorex2007: bets $0.08
fredgorex888: folds 
Uncalled bet ($0.08) returned to Dorex2007
Dorex2007 collected $0.17 from pot
*** SUMMARY ***
Total pot $0.18 | Rake $0.01 
Board [3h Ks 3s]
Seat 1: fredgorex888 (small blind) folded on the Flop
Seat 2: alancinco (big blind) folded before Flop
Seat 3: yerdosick folded before Flop (didn't bet)
Seat 5: s1lver8ull folded before Flop (didn't bet)
Seat 6: prizrak_162 folded before Flop (didn't bet)
Seat 7: Fragglesen folded before Flop (didn't bet)
Seat 8: RybakhinV folded before Flop (didn't bet)
Seat 9: Dorex2007 (button) collected ($0.17)



PokerStars Hand #237381974918:  Hold'em No Limit ($0.01/$0.02 USD) - 2022/07/15 15:42:15 PT [2022/07/15 18:42:15 ET]
Table 'Situla II' 9-max Seat #1 is the button
Seat 1: fredgorex888 ($2.05 in chips) 
Seat 2: alancinco ($1.61 in chips) 
Seat 4: Parker09SA ($3.31 in chips) 
Seat 5: s1lver8ull ($2.33 in chips) 
Seat 6: prizrak_162 ($1.59 in chips) 
Seat 7: Fragglesen ($1.38 in chips) 
Seat 8: RybakhinV ($2.06 in chips) 
Seat 9: Dorex2007 ($2.14 in chips) 
alancinco: posts small blind $0.01
Parker09SA: posts big blind $0.02
*** HOLE CARDS ***
Dealt to Dorex2007 [3d 5c]
s1lver8ull: folds 
prizrak_162: folds 
Fragglesen: folds 
RybakhinV: folds 
Dorex2007: folds 
fredgorex888: calls $0.02
alancinco: folds 
Parker09SA: checks 
*** FLOP *** [Qh 7d 7s]
Parker09SA: checks 
fredgorex888: checks 
*** TURN *** [Qh 7d 7s] [5s]
Parker09SA: checks 
fredgorex888: checks 
*** RIVER *** [Qh 7d 7s 5s] [6c]
Parker09SA: checks 
fredgorex888: checks 
*** SHOW DOWN ***
Parker09SA: shows [Js 5d] (two pair, Sevens and Fives)
fredgorex888: shows [6s 2h] (two pair, Sevens and Sixes)
fredgorex888 collected $0.05 from pot
*** SUMMARY ***
Total pot $0.05 | Rake $0 
Board [Qh 7d 7s 5s 6c]
Seat 1: fredgorex888 (button) showed [6s 2h] and won ($0.05) with two pair, Sevens and Sixes
Seat 2: alancinco (small blind) folded before Flop
Seat 4: Parker09SA (big blind) showed [Js 5d] and lost with two pair, Sevens and Fives
Seat 5: s1lver8ull folded before Flop (didn't bet)
Seat 6: prizrak_162 folded before Flop (didn't bet)
Seat 7: Fragglesen folded before Flop (didn't bet)
Seat 8: RybakhinV folded before Flop (didn't bet)
Seat 9: Dorex2007 folded before Flop (didn't bet)



PokerStars Hand #237381983855:  Hold'em No Limit ($0.01/$0.02 USD) - 2022/07/15 15:42:43 PT [2022/07/15 18:42:43 ET]
Table 'Situla II' 9-max Seat #2 is the button
Seat 1: fredgorex888 ($2.08 in chips) 
Seat 2: alancinco ($1.60 in chips) 
Seat 4: Parker09SA ($3.29 in chips) 
Seat 5: s1lver8ull ($2.33 in chips) 
Seat 6: prizrak_162 ($1.59 in chips) 
Seat 7: Fragglesen ($1.38 in chips) 
Seat 8: RybakhinV ($2.06 in chips) 
Seat 9: Dorex2007 ($2.14 in chips) 
Parker09SA: posts small blind $0.01
s1lver8ull: posts big blind $0.02
*** HOLE CARDS ***
Dealt to Dorex2007 [2s Kc]
prizrak_162: folds 
Fragglesen: calls $0.02
RybakhinV: raises $0.06 to $0.08
Dorex2007: folds 
fredgorex888: calls $0.08
alancinco: folds 
Parker09SA: calls $0.07
s1lver8ull: folds 
Ethomikse joins the table at seat #3 
Fragglesen: calls $0.06
*** FLOP *** [Ah 8s 6c]
Parker09SA: checks 
Fragglesen: checks 
RybakhinV: bets $0.16
fredgorex888: folds 
Parker09SA: folds 
Fragglesen: calls $0.16
*** TURN *** [Ah 8s 6c] [7s]
Fragglesen: checks 
RybakhinV: bets $0.28
Fragglesen: calls $0.28
*** RIVER *** [Ah 8s 6c 7s] [4d]
Fragglesen: checks 
RybakhinV: checks 
*** SHOW DOWN ***
Fragglesen: shows [As Tc] (a pair of Aces)
RybakhinV: shows [Ac Kh] (a pair of Aces - King kicker)
RybakhinV collected $1.18 from pot
*** SUMMARY ***
Total pot $1.22 | Rake $0.04 
Board [Ah 8s 6c 7s 4d]
Seat 1: fredgorex888 folded on the Flop
Seat 2: alancinco (button) folded before Flop (didn't bet)
Seat 4: Parker09SA (small blind) folded on the Flop
Seat 5: s1lver8ull (big blind) folded before Flop
Seat 6: prizrak_162 folded before Flop (didn't bet)
Seat 7: Fragglesen showed [As Tc] and lost with a pair of Aces
Seat 8: RybakhinV showed [Ac Kh] and won ($1.18) with a pair of Aces
Seat 9: Dorex2007 folded before Flop (didn't bet)



PokerStars Hand #237382012036:  Hold'em No Limit ($0.01/$0.02 USD) - 2022/07/15 15:44:13 PT [2022/07/15 18:44:13 ET]
Table 'Situla II' 9-max Seat #4 is the button
Seat 1: fredgorex888 ($2 in chips) 
Seat 2: alancinco ($1.60 in chips) 
Seat 3: Ethomikse ($2 in chips) 
Seat 4: Parker09SA ($3.21 in chips) 
Seat 5: s1lver8ull ($2.31 in chips) 
Seat 6: prizrak_162 ($1.59 in chips) 
Seat 7: Fragglesen ($0.86 in chips) 
Seat 8: RybakhinV ($2.72 in chips) 
Seat 9: Dorex2007 ($2.14 in chips) 
s1lver8ull: posts small blind $0.01
prizrak_162: posts big blind $0.02
Ethomikse: posts big blind $0.02
*** HOLE CARDS ***
Dealt to Dorex2007 [4d 5s]
Fragglesen: folds 
RybakhinV: folds 
Dorex2007: folds 
fredgorex888: calls $0.02
alancinco: folds 
Ethomikse: checks 
Parker09SA: calls $0.02
s1lver8ull: calls $0.01
prizrak_162: checks 
*** FLOP *** [Th 7c 5d]
s1lver8ull: checks 
prizrak_162: bets $0.02
fredgorex888: calls $0.02
Ethomikse: folds 
Parker09SA: folds 
s1lver8ull: folds 
*** TURN *** [Th 7c 5d] [6c]
prizrak_162: bets $0.04
fredgorex888: folds 
Uncalled bet ($0.04) returned to prizrak_162
prizrak_162 collected $0.14 from pot
*** SUMMARY ***
Total pot $0.14 | Rake $0 
Board [Th 7c 5d 6c]
Seat 1: fredgorex888 folded on the Turn
Seat 2: alancinco folded before Flop (didn't bet)
Seat 3: Ethomikse folded on the Flop (didn't bet)
Seat 4: Parker09SA (button) folded on the Flop
Seat 5: s1lver8ull (small blind) folded on the Flop
Seat 6: prizrak_162 (big blind) collected ($0.14)
Seat 7: Fragglesen folded before Flop (didn't bet)
Seat 8: RybakhinV folded before Flop (didn't bet)
Seat 9: Dorex2007 folded before Flop (didn't bet)



PokerStars Hand #237382031411:  Hold'em No Limit ($0.01/$0.02 USD) - 2022/07/15 15:45:14 PT [2022/07/15 18:45:14 ET]
Table 'Situla II' 9-max Seat #5 is the button
Seat 1: fredgorex888 ($1.96 in chips) 
Seat 2: alancinco ($1.60 in chips) 
Seat 3: Ethomikse ($2 in chips) 
Seat 4: Parker09SA ($3.19 in chips) 
Seat 5: s1lver8ull ($2.29 in chips) 
Seat 6: prizrak_162 ($1.69 in chips) 
Seat 7: Fragglesen ($0.86 in chips) 
Seat 8: RybakhinV ($2.72 in chips) 
Seat 9: Dorex2007 ($2.14 in chips) 
prizrak_162: posts small blind $0.01
Fragglesen: posts big blind $0.02
*** HOLE CARDS ***
Dealt to Dorex2007 [2d 7d]
RybakhinV: raises $0.02 to $0.04
Dorex2007: folds 
fredgorex888: folds 
alancinco: folds 
Ethomikse: folds 
Parker09SA: folds 
s1lver8ull: folds 
prizrak_162: calls $0.03
Fragglesen: calls $0.02
*** FLOP *** [6c 7c 5s]
prizrak_162: checks 
Fragglesen: checks 
RybakhinV: checks 
*** TURN *** [6c 7c 5s] [4d]
prizrak_162: bets $0.06
Fragglesen: folds 
RybakhinV: folds 
Uncalled bet ($0.06) returned to prizrak_162
prizrak_162 collected $0.12 from pot
*** SUMMARY ***
Total pot $0.12 | Rake $0 
Board [6c 7c 5s 4d]
Seat 1: fredgorex888 folded before Flop (didn't bet)
Seat 2: alancinco folded before Flop (didn't bet)
Seat 3: Ethomikse folded before Flop (didn't bet)
Seat 4: Parker09SA folded before Flop (didn't bet)
Seat 5: s1lver8ull (button) folded before Flop (didn't bet)
Seat 6: prizrak_162 (small blind) collected ($0.12)
Seat 7: Fragglesen (big blind) folded on the Turn
Seat 8: RybakhinV folded on the Turn
Seat 9: Dorex2007 folded before Flop (didn't bet)



PokerStars Hand #237382045112:  Hold'em No Limit ($0.01/$0.02 USD) - 2022/07/15 15:45:57 PT [2022/07/15 18:45:57 ET]
Table 'Situla II' 9-max Seat #6 is the button
Seat 1: fredgorex888 ($1.96 in chips) 
Seat 2: alancinco ($1.60 in chips) 
Seat 3: Ethomikse ($2 in chips) 
Seat 4: Parker09SA ($3.19 in chips) 
Seat 5: s1lver8ull ($2.29 in chips) 
Seat 6: prizrak_162 ($1.77 in chips) 
Seat 7: Fragglesen ($0.82 in chips) 
Seat 8: RybakhinV ($2.68 in chips) 
Seat 9: Dorex2007 ($2.14 in chips) 
Fragglesen: posts small blind $0.01
RybakhinV: posts big blind $0.02
*** HOLE CARDS ***
Dealt to Dorex2007 [8d 4c]
Dorex2007: folds 
fredgorex888: calls $0.02
alancinco: raises $0.04 to $0.06
Ethomikse: folds 
Parker09SA: folds 
s1lver8ull: folds 
prizrak_162: folds 
Fragglesen: folds 
RybakhinV: calls $0.04
fredgorex888: calls $0.04
*** FLOP *** [5s 2h Jd]
RybakhinV: checks 
fredgorex888: bets $0.04
alancinco: calls $0.04
RybakhinV: folds 
*** TURN *** [5s 2h Jd] [Td]
fredgorex888: bets $0.20
alancinco: calls $0.20
*** RIVER *** [5s 2h Jd Td] [8c]
fredgorex888: bets $1.66 and is all-in
alancinco: folds 
Uncalled bet ($1.66) returned to fredgorex888
fredgorex888 collected $0.65 from pot
*** SUMMARY ***
Total pot $0.67 | Rake $0.02 
Board [5s 2h Jd Td 8c]
Seat 1: fredgorex888 collected ($0.65)
Seat 2: alancinco folded on the River
Seat 3: Ethomikse folded before Flop (didn't bet)
Seat 4: Parker09SA folded before Flop (didn't bet)
Seat 5: s1lver8ull folded before Flop (didn't bet)
Seat 6: prizrak_162 (button) folded before Flop (didn't bet)
Seat 7: Fragglesen (small blind) folded before Flop
Seat 8: RybakhinV (big blind) folded on the Flop
Seat 9: Dorex2007 folded before Flop (didn't bet)



PokerStars Hand #237382069347:  Hold'em No Limit ($0.01/$0.02 USD) - 2022/07/15 15:47:14 PT [2022/07/15 18:47:14 ET]
Table 'Situla II' 9-max Seat #7 is the button
Seat 1: fredgorex888 ($2.31 in chips) 
Seat 2: alancinco ($1.30 in chips) 
Seat 3: Ethomikse ($2 in chips) 
Seat 4: Parker09SA ($3.19 in chips) 
Seat 5: s1lver8ull ($2.29 in chips) 
Seat 6: prizrak_162 ($1.77 in chips) 
Seat 7: Fragglesen ($0.81 in chips) 
Seat 8: RybakhinV ($2.62 in chips) 
Seat 9: Dorex2007 ($2.14 in chips) 
RybakhinV: posts small blind $0.01
Dorex2007: posts big blind $0.02
*** HOLE CARDS ***
Dealt to Dorex2007 [7h Td]
fredgorex888: folds 
alancinco: folds 
Ethomikse: folds 
Parker09SA: folds 
s1lver8ull: folds 
prizrak_162: folds 
Fragglesen: raises $0.06 to $0.08
RybakhinV: calls $0.07
Dorex2007: folds 
*** FLOP *** [2s 9h Jh]
RybakhinV: checks 
Fragglesen: bets $0.08
RybakhinV: calls $0.08
*** TURN *** [2s 9h Jh] [6h]
RybakhinV: bets $0.16
Fragglesen: folds 
Uncalled bet ($0.16) returned to RybakhinV
RybakhinV collected $0.33 from pot
*** SUMMARY ***
Total pot $0.34 | Rake $0.01 
Board [2s 9h Jh 6h]
Seat 1: fredgorex888 folded before Flop (didn't bet)
Seat 2: alancinco folded before Flop (didn't bet)
Seat 3: Ethomikse folded before Flop (didn't bet)
Seat 4: Parker09SA folded before Flop (didn't bet)
Seat 5: s1lver8ull folded before Flop (didn't bet)
Seat 6: prizrak_162 folded before Flop (didn't bet)
Seat 7: Fragglesen (button) folded on the Turn
Seat 8: RybakhinV (small blind) collected ($0.33)
Seat 9: Dorex2007 (big blind) folded before Flop



PokerStars Hand #237382084142:  Hold'em No Limit ($0.01/$0.02 USD) - 2022/07/15 15:48:02 PT [2022/07/15 18:48:02 ET]
Table 'Situla II' 9-max Seat #8 is the button
Seat 1: fredgorex888 ($2.31 in chips) 
Seat 2: alancinco ($1.30 in chips) 
Seat 3: Ethomikse ($2 in chips) 
Seat 4: Parker09SA ($3.19 in chips) 
Seat 5: s1lver8ull ($2.29 in chips) 
Seat 6: prizrak_162 ($1.77 in chips) 
Seat 7: Fragglesen ($0.65 in chips) 
Seat 8: RybakhinV ($2.79 in chips) 
Seat 9: Dorex2007 ($2.12 in chips) 
Dorex2007: posts small blind $0.01
fredgorex888: posts big blind $0.02
*** HOLE CARDS ***
Dealt to Dorex2007 [7s 3h]
alancinco: raises $0.04 to $0.06
Ethomikse: folds 
Parker09SA: folds 
s1lver8ull: folds 
prizrak_162: folds 
Fragglesen: folds 
RybakhinV: calls $0.06
Dorex2007: folds 
fredgorex888: calls $0.04
*** FLOP *** [7h Ts Kh]
fredgorex888: checks 
alancinco: bets $0.09
RybakhinV: folds 
fredgorex888: folds 
Uncalled bet ($0.09) returned to alancinco
alancinco collected $0.18 from pot
*** SUMMARY ***
Total pot $0.19 | Rake $0.01 
Board [7h Ts Kh]
Seat 1: fredgorex888 (big blind) folded on the Flop
Seat 2: alancinco collected ($0.18)
Seat 3: Ethomikse folded before Flop (didn't bet)
Seat 4: Parker09SA folded before Flop (didn't bet)
Seat 5: s1lver8ull folded before Flop (didn't bet)
Seat 6: prizrak_162 folded before Flop (didn't bet)
Seat 7: Fragglesen folded before Flop (didn't bet)
Seat 8: RybakhinV (button) folded on the Flop
Seat 9: Dorex2007 (small blind) folded before Flop



PokerStars Hand #237382093418:  Hold'em No Limit ($0.01/$0.02 USD) - 2022/07/15 15:48:31 PT [2022/07/15 18:48:31 ET]
Table 'Situla II' 9-max Seat #9 is the button
Seat 1: fredgorex888 ($2.25 in chips) 
Seat 2: alancinco ($1.42 in chips) 
Seat 3: Ethomikse ($2 in chips) 
Seat 4: Parker09SA ($3.19 in chips) 
Seat 5: s1lver8ull ($2.29 in chips) 
Seat 6: prizrak_162 ($1.77 in chips) 
Seat 7: Fragglesen ($0.65 in chips) 
Seat 8: RybakhinV ($2.73 in chips) 
Seat 9: Dorex2007 ($2.11 in chips) 
fredgorex888: posts small blind $0.01
alancinco: posts big blind $0.02
*** HOLE CARDS ***
Dealt to Dorex2007 [Qs 5h]
Ethomikse: folds 
Parker09SA: folds 
s1lver8ull: folds 
prizrak_162: folds 
Fragglesen: raises $0.06 to $0.08
RybakhinV: folds 
Dorex2007: folds 
fredgorex888: folds 
alancinco: folds 
Uncalled bet ($0.06) returned to Fragglesen
Fragglesen collected $0.05 from pot
*** SUMMARY ***
Total pot $0.05 | Rake $0 
Seat 1: fredgorex888 (small blind) folded before Flop
Seat 2: alancinco (big blind) folded before Flop
Seat 3: Ethomikse folded before Flop (didn't bet)
Seat 4: Parker09SA folded before Flop (didn't bet)
Seat 5: s1lver8ull folded before Flop (didn't bet)
Seat 6: prizrak_162 folded before Flop (didn't bet)
Seat 7: Fragglesen collected ($0.05)
Seat 8: RybakhinV folded before Flop (didn't bet)
Seat 9: Dorex2007 (button) folded before Flop (didn't bet)



PokerStars Hand #237382100867:  Hold'em No Limit ($0.01/$0.02 USD) - 2022/07/15 15:48:56 PT [2022/07/15 18:48:56 ET]
Table 'Situla II' 9-max Seat #1 is the button
Seat 1: fredgorex888 ($2.24 in chips) 
Seat 2: alancinco ($1.40 in chips) 
Seat 3: Ethomikse ($2 in chips) 
Seat 4: Parker09SA ($3.19 in chips) 
Seat 5: s1lver8ull ($2.29 in chips) 
Seat 6: prizrak_162 ($1.77 in chips) 
Seat 7: Fragglesen ($0.68 in chips) 
Seat 8: RybakhinV ($2.73 in chips) 
Seat 9: Dorex2007 ($2.11 in chips) 
alancinco: posts small blind $0.01
Ethomikse: posts big blind $0.02
*** HOLE CARDS ***
Dealt to Dorex2007 [Th 4c]
Parker09SA: raises $0.04 to $0.06
s1lver8ull: folds 
prizrak_162: folds 
Fragglesen: calls $0.06
RybakhinV: folds 
Dorex2007: folds 
fredgorex888: folds 
alancinco: calls $0.05
Ethomikse: calls $0.04
*** FLOP *** [8d Js 7d]
alancinco: checks 
Ethomikse: checks 
Parker09SA: checks 
Fragglesen: bets $0.11
alancinco: folds 
Ethomikse: calls $0.11
Parker09SA: folds 
*** TURN *** [8d Js 7d] [9c]
Ethomikse: checks 
Fragglesen: bets $0.22
Ethomikse: folds 
Uncalled bet ($0.22) returned to Fragglesen
Fragglesen collected $0.44 from pot
*** SUMMARY ***
Total pot $0.46 | Rake $0.02 
Board [8d Js 7d 9c]
Seat 1: fredgorex888 (button) folded before Flop (didn't bet)
Seat 2: alancinco (small blind) folded on the Flop
Seat 3: Ethomikse (big blind) folded on the Turn
Seat 4: Parker09SA folded on the Flop
Seat 5: s1lver8ull folded before Flop (didn't bet)
Seat 6: prizrak_162 folded before Flop (didn't bet)
Seat 7: Fragglesen collected ($0.44)
Seat 8: RybakhinV folded before Flop (didn't bet)
Seat 9: Dorex2007 folded before Flop (didn't bet)



PokerStars Hand #237382122564:  Hold'em No Limit ($0.01/$0.02 USD) - 2022/07/15 15:50:04 PT [2022/07/15 18:50:04 ET]
Table 'Situla II' 9-max Seat #2 is the button
Seat 1: fredgorex888 ($2.24 in chips) 
Seat 2: alancinco ($1.34 in chips) 
Seat 3: Ethomikse ($2 in chips) 
Seat 4: Parker09SA ($3.13 in chips) 
Seat 5: s1lver8ull ($2.29 in chips) 
Seat 6: prizrak_162 ($1.77 in chips) 
Seat 7: Fragglesen ($0.95 in chips) 
Seat 8: RybakhinV ($2.73 in chips) 
Seat 9: Dorex2007 ($2.11 in chips) 
Ethomikse: posts small blind $0.01
Parker09SA: posts big blind $0.02
*** HOLE CARDS ***
Dealt to Dorex2007 [7s Js]
s1lver8ull: folds 
prizrak_162: folds 
Fragglesen: folds 
RybakhinV: folds 
Dorex2007: folds 
fredgorex888: calls $0.02
alancinco: raises $0.04 to $0.06
Ethomikse: raises $0.16 to $0.22
Parker09SA: folds 
fredgorex888: folds 
alancinco: folds 
Uncalled bet ($0.16) returned to Ethomikse
Ethomikse collected $0.16 from pot
*** SUMMARY ***
Total pot $0.16 | Rake $0 
Seat 1: fredgorex888 folded before Flop
Seat 2: alancinco (button) folded before Flop
Seat 3: Ethomikse (small blind) collected ($0.16)
Seat 4: Parker09SA (big blind) folded before Flop
Seat 5: s1lver8ull folded before Flop (didn't bet)
Seat 6: prizrak_162 folded before Flop (didn't bet)
Seat 7: Fragglesen folded before Flop (didn't bet)
Seat 8: RybakhinV folded before Flop (didn't bet)
Seat 9: Dorex2007 folded before Flop (didn't bet)



PokerStars Hand #237382134390:  Hold'em No Limit ($0.01/$0.02 USD) - 2022/07/15 15:50:43 PT [2022/07/15 18:50:43 ET]
Table 'Situla II' 9-max Seat #3 is the button
Seat 1: fredgorex888 ($2.22 in chips) 
Seat 2: alancinco ($1.28 in chips) 
Seat 3: Ethomikse ($2.10 in chips) 
Seat 4: Parker09SA ($3.11 in chips) 
Seat 5: s1lver8ull ($2.29 in chips) 
Seat 6: prizrak_162 ($1.77 in chips) 
Seat 7: Fragglesen ($0.95 in chips) 
Seat 8: RybakhinV ($2.73 in chips) 
Seat 9: Dorex2007 ($2.11 in chips) 
Parker09SA: posts small blind $0.01
s1lver8ull: posts big blind $0.02
*** HOLE CARDS ***
Dealt to Dorex2007 [4c 4s]
prizrak_162: folds 
Fragglesen: folds 
RybakhinV: folds 
Dorex2007: calls $0.02
fredgorex888: calls $0.02
alancinco: raises $0.04 to $0.06
Ethomikse: folds 
Parker09SA: folds 
s1lver8ull: calls $0.04
Dorex2007: calls $0.04
fredgorex888: calls $0.04
*** FLOP *** [5s 8h Qs]
s1lver8ull: checks 
Dorex2007: checks 
fredgorex888: bets $0.10
alancinco: calls $0.10
s1lver8ull: folds 
Dorex2007: folds 
*** TURN *** [5s 8h Qs] [Tc]
fredgorex888: bets $0.26
alancinco: calls $0.26
*** RIVER *** [5s 8h Qs Tc] [9d]
fredgorex888: bets $1.80 and is all-in
alancinco: folds 
Uncalled bet ($1.80) returned to fredgorex888
fredgorex888 collected $0.94 from pot
*** SUMMARY ***
Total pot $0.97 | Rake $0.03 
Board [5s 8h Qs Tc 9d]
Seat 1: fredgorex888 collected ($0.94)
Seat 2: alancinco folded on the River
Seat 3: Ethomikse (button) folded before Flop (didn't bet)
Seat 4: Parker09SA (small blind) folded before Flop
Seat 5: s1lver8ull (big blind) folded on the Flop
Seat 6: prizrak_162 folded before Flop (didn't bet)
Seat 7: Fragglesen folded before Flop (didn't bet)
Seat 8: RybakhinV folded before Flop (didn't bet)
Seat 9: Dorex2007 folded on the Flop



PokerStars Hand #237382159299:  Hold'em No Limit ($0.01/$0.02 USD) - 2022/07/15 15:52:05 PT [2022/07/15 18:52:05 ET]
Table 'Situla II' 9-max Seat #4 is the button
Seat 1: fredgorex888 ($2.74 in chips) 
Seat 2: alancinco ($0.86 in chips) 
Seat 3: Ethomikse ($2.10 in chips) 
Seat 4: Parker09SA ($3.10 in chips) 
Seat 5: s1lver8ull ($2.23 in chips) 
Seat 6: prizrak_162 ($1.77 in chips) 
Seat 7: Fragglesen ($0.95 in chips) 
Seat 8: RybakhinV ($2.73 in chips) 
Seat 9: Dorex2007 ($2.05 in chips) 
s1lver8ull: posts small blind $0.01
prizrak_162: posts big blind $0.02
*** HOLE CARDS ***
Dealt to Dorex2007 [Kc 8c]
Fragglesen: folds 
RybakhinV: raises $0.02 to $0.04
Dorex2007: folds 
fredgorex888: calls $0.04
alancinco: raises $0.02 to $0.06
Ethomikse: calls $0.06
Parker09SA: calls $0.06
s1lver8ull: folds 
prizrak_162: folds 
RybakhinV: calls $0.02
fredgorex888: calls $0.02
*** FLOP *** [9h 7s Qc]
RybakhinV: bets $0.16
fredgorex888: calls $0.16
alancinco: calls $0.16
Ethomikse: folds 
Parker09SA: raises $2.88 to $3.04 and is all-in
RybakhinV: folds 
fredgorex888: folds 
alancinco: calls $0.64 and is all-in
Uncalled bet ($2.24) returned to Parker09SA
*** TURN *** [9h 7s Qc] [Th]
*** RIVER *** [9h 7s Qc Th] [3c]
*** SHOW DOWN ***
alancinco: shows [As Ks] (high card Ace)
Parker09SA: shows [9d 7c] (two pair, Nines and Sevens)
Parker09SA cashed out the hand for $1.96 | Cash Out Fee $0.02
*** SUMMARY ***
Total pot $2.25 | Rake $0.08 
Board [9h 7s Qc Th 3c]
Seat 1: fredgorex888 folded on the Flop
Seat 2: alancinco showed [As Ks] and lost with high card Ace
Seat 3: Ethomikse folded on the Flop
Seat 4: Parker09SA (button) showed [9d 7c] and won ($2.17) with two pair, Nines and Sevens (pot not awarded as player cashed out)
Seat 5: s1lver8ull (small blind) folded before Flop
Seat 6: prizrak_162 (big blind) folded before Flop
Seat 7: Fragglesen folded before Flop (didn't bet)
Seat 8: RybakhinV folded on the Flop
Seat 9: Dorex2007 folded before Flop (didn't bet)



PokerStars Hand #237382184931:  Hold'em No Limit ($0.01/$0.02 USD) - 2022/07/15 15:53:29 PT [2022/07/15 18:53:29 ET]
Table 'Situla II' 9-max Seat #5 is the button
Seat 1: fredgorex888 ($2.52 in chips) 
Seat 3: Ethomikse ($2.04 in chips) 
Seat 4: Parker09SA ($4.20 in chips) 
Seat 5: s1lver8ull ($2.22 in chips) 
Seat 6: prizrak_162 ($1.75 in chips) 
Seat 7: Fragglesen ($0.95 in chips) 
Seat 8: RybakhinV ($2.51 in chips) 
Seat 9: Dorex2007 ($2.05 in chips) 
prizrak_162: posts small blind $0.01
Fragglesen: posts big blind $0.02
*** HOLE CARDS ***
Dealt to Dorex2007 [3d 8s]
RybakhinV: folds 
Dorex2007: folds 
fredgorex888: folds 
Ethomikse: raises $0.02 to $0.04
Parker09SA: folds 
s1lver8ull: folds 
prizrak_162: folds 
Fragglesen: folds 
Uncalled bet ($0.02) returned to Ethomikse
Ethomikse collected $0.05 from pot
*** SUMMARY ***
Total pot $0.05 | Rake $0 
Seat 1: fredgorex888 folded before Flop (didn't bet)
Seat 3: Ethomikse collected ($0.05)
Seat 4: Parker09SA folded before Flop (didn't bet)
Seat 5: s1lver8ull (button) folded before Flop (didn't bet)
Seat 6: prizrak_162 (small blind) folded before Flop
Seat 7: Fragglesen (big blind) folded before Flop
Seat 8: RybakhinV folded before Flop (didn't bet)
Seat 9: Dorex2007 folded before Flop (didn't bet)



PokerStars Hand #237382188583:  Hold'em No Limit ($0.01/$0.02 USD) - 2022/07/15 15:53:40 PT [2022/07/15 18:53:40 ET]
Table 'Situla II' 9-max Seat #6 is the button
Seat 1: fredgorex888 ($2.52 in chips) 
Seat 2: alancinco ($2 in chips) 
Seat 3: Ethomikse ($2.07 in chips) 
Seat 4: Parker09SA ($4.20 in chips) 
Seat 5: s1lver8ull ($2.22 in chips) 
Seat 6: prizrak_162 ($1.74 in chips) 
Seat 7: Fragglesen ($0.93 in chips) 
Seat 8: RybakhinV ($2.51 in chips) 
Seat 9: Dorex2007 ($2.05 in chips) 
Fragglesen: posts small blind $0.01
RybakhinV: posts big blind $0.02
*** HOLE CARDS ***
Dealt to Dorex2007 [3c 9h]
Dorex2007: folds 
fredgorex888: folds 
alancinco: folds 
Ethomikse: folds 
Parker09SA: folds 
s1lver8ull: folds 
prizrak_162: folds 
Fragglesen: raises $0.04 to $0.06
RybakhinV: folds 
Uncalled bet ($0.04) returned to Fragglesen
Fragglesen collected $0.04 from pot
*** SUMMARY ***
Total pot $0.04 | Rake $0 
Seat 1: fredgorex888 folded before Flop (didn't bet)
Seat 2: alancinco folded before Flop (didn't bet)
Seat 3: Ethomikse folded before Flop (didn't bet)
Seat 4: Parker09SA folded before Flop (didn't bet)
Seat 5: s1lver8ull folded before Flop (didn't bet)
Seat 6: prizrak_162 (button) folded before Flop (didn't bet)
Seat 7: Fragglesen (small blind) collected ($0.04)
Seat 8: RybakhinV (big blind) folded before Flop
Seat 9: Dorex2007 folded before Flop (didn't bet)



PokerStars Hand #237382193925:  Hold'em No Limit ($0.01/$0.02 USD) - 2022/07/15 15:53:58 PT [2022/07/15 18:53:58 ET]
Table 'Situla II' 9-max Seat #7 is the button
Seat 1: fredgorex888 ($2.52 in chips) 
Seat 2: alancinco ($2 in chips) 
Seat 3: Ethomikse ($2.07 in chips) 
Seat 4: Parker09SA ($4.20 in chips) 
Seat 5: s1lver8ull ($2.22 in chips) 
Seat 6: prizrak_162 ($1.74 in chips) 
Seat 7: Fragglesen ($0.95 in chips) 
Seat 8: RybakhinV ($2.49 in chips) 
Seat 9: Dorex2007 ($2.05 in chips) 
RybakhinV: posts small blind $0.01
Dorex2007: posts big blind $0.02
*** HOLE CARDS ***
Dealt to Dorex2007 [Jh 6s]
fredgorex888: folds 
alancinco: folds 
Ethomikse: calls $0.02
Parker09SA: calls $0.02
s1lver8ull has timed out
s1lver8ull: folds 
prizrak_162: folds 
Fragglesen: folds 
RybakhinV: raises $0.04 to $0.06
Dorex2007: folds 
Ethomikse: calls $0.04
Parker09SA: calls $0.04
*** FLOP *** [8s Th Ad]
RybakhinV: checks 
Ethomikse: checks 
Parker09SA: checks 
*** TURN *** [8s Th Ad] [Qd]
RybakhinV: bets $0.09
Ethomikse: raises $0.09 to $0.18
Parker09SA: folds 
RybakhinV: folds 
Uncalled bet ($0.09) returned to Ethomikse
Ethomikse collected $0.37 from pot
*** SUMMARY ***
Total pot $0.38 | Rake $0.01 
Board [8s Th Ad Qd]
Seat 1: fredgorex888 folded before Flop (didn't bet)
Seat 2: alancinco folded before Flop (didn't bet)
Seat 3: Ethomikse collected ($0.37)
Seat 4: Parker09SA folded on the Turn
Seat 5: s1lver8ull folded before Flop (didn't bet)
Seat 6: prizrak_162 folded before Flop (didn't bet)
Seat 7: Fragglesen (button) folded before Flop (didn't bet)
Seat 8: RybakhinV (small blind) folded on the Turn
Seat 9: Dorex2007 (big blind) folded before Flop



PokerStars Hand #237382217681:  Hold'em No Limit ($0.01/$0.02 USD) - 2022/07/15 15:55:16 PT [2022/07/15 18:55:16 ET]
Table 'Situla II' 9-max Seat #8 is the button
Seat 1: fredgorex888 ($2.52 in chips) 
Seat 2: alancinco ($2 in chips) 
Seat 3: Ethomikse ($2.29 in chips) 
Seat 4: Parker09SA ($4.14 in chips) 
Seat 5: s1lver8ull ($2.22 in chips) 
Seat 6: prizrak_162 ($1.74 in chips) 
Seat 7: Fragglesen ($0.95 in chips) 
Seat 8: RybakhinV ($2.34 in chips) 
Seat 9: Dorex2007 ($2.03 in chips) 
Dorex2007: posts small blind $0.01
fredgorex888: posts big blind $0.02
*** HOLE CARDS ***
Dealt to Dorex2007 [2c 7c]
alancinco: folds 
Ethomikse: calls $0.02
Parker09SA: folds 
s1lver8ull: raises $0.04 to $0.06
prizrak_162: folds 
Fragglesen: folds 
RybakhinV: folds 
RybakhinV leaves the table
Dorex2007: folds 
fredgorex888: raises $0.34 to $0.40
Ethomikse: folds 
s1lver8ull: calls $0.34
*** FLOP *** [3c 6c Ad]
fredgorex888: bets $1.82
s1lver8ull: calls $1.82 and is all-in
*** TURN *** [3c 6c Ad] [5h]
*** RIVER *** [3c 6c Ad 5h] [2d]
*** SHOW DOWN ***
fredgorex888: shows [8s 8d] (a pair of Eights)
s1lver8ull: shows [Ah Kc] (a pair of Aces)
s1lver8ull cashed out the hand for $3.92 | Cash Out Fee $0.04
*** SUMMARY ***
Total pot $4.47 | Rake $0.16 
Board [3c 6c Ad 5h 2d]
Seat 1: fredgorex888 (big blind) showed [8s 8d] and lost with a pair of Eights
Seat 2: alancinco folded before Flop (didn't bet)
Seat 3: Ethomikse folded before Flop
Seat 4: Parker09SA folded before Flop (didn't bet)
Seat 5: s1lver8ull showed [Ah Kc] and won ($4.31) with a pair of Aces (pot not awarded as player cashed out)
Seat 6: prizrak_162 folded before Flop (didn't bet)
Seat 7: Fragglesen folded before Flop (didn't bet)
Seat 8: RybakhinV (button) folded before Flop (didn't bet)
Seat 9: Dorex2007 (small blind) folded before Flop



PokerStars Hand #237382235766:  Hold'em No Limit ($0.01/$0.02 USD) - 2022/07/15 15:56:23 PT [2022/07/15 18:56:23 ET]
Table 'Situla II' 9-max Seat #9 is the button
Seat 1: fredgorex888 ($0.30 in chips) 
Seat 2: alancinco ($2 in chips) 
Seat 3: Ethomikse ($2.27 in chips) 
Seat 4: Parker09SA ($4.14 in chips) 
Seat 5: s1lver8ull ($3.92 in chips) 
Seat 6: prizrak_162 ($1.74 in chips) 
Seat 7: Fragglesen ($0.95 in chips) 
Seat 9: Dorex2007 ($2.02 in chips) 
fredgorex888: posts small blind $0.01
alancinco: posts big blind $0.02
*** HOLE CARDS ***
Dealt to Dorex2007 [Ks 5h]
Ethomikse: folds 
Parker09SA: folds 
s1lver8ull: folds 
prizrak_162: folds 
Fragglesen: folds 
Dorex2007: folds 
fredgorex888: raises $0.02 to $0.04
alancinco: folds 
Uncalled bet ($0.02) returned to fredgorex888
fredgorex888 collected $0.04 from pot
*** SUMMARY ***
Total pot $0.04 | Rake $0 
Seat 1: fredgorex888 (small blind) collected ($0.04)
Seat 2: alancinco (big blind) folded before Flop
Seat 3: Ethomikse folded before Flop (didn't bet)
Seat 4: Parker09SA folded before Flop (didn't bet)
Seat 5: s1lver8ull folded before Flop (didn't bet)
Seat 6: prizrak_162 folded before Flop (didn't bet)
Seat 7: Fragglesen folded before Flop (didn't bet)
Seat 9: Dorex2007 (button) folded before Flop (didn't bet)



PokerStars Hand #237382241272:  Hold'em No Limit ($0.01/$0.02 USD) - 2022/07/15 15:56:45 PT [2022/07/15 18:56:45 ET]
Table 'Situla II' 9-max Seat #1 is the button
Seat 1: fredgorex888 ($0.32 in chips) 
Seat 2: alancinco ($1.98 in chips) 
Seat 3: Ethomikse ($2.27 in chips) 
Seat 4: Parker09SA ($4.14 in chips) 
Seat 5: s1lver8ull ($3.92 in chips) 
Seat 6: prizrak_162 ($1.74 in chips) 
Seat 7: Fragglesen ($0.95 in chips) 
Seat 9: Dorex2007 ($2.02 in chips) 
alancinco: posts small blind $0.01
Ethomikse: posts big blind $0.02
*** HOLE CARDS ***
Dealt to Dorex2007 [7d 7s]
Parker09SA: calls $0.02
s1lver8ull: raises $0.08 to $0.10
prizrak_162: folds 
Fragglesen: folds 
Dorex2007: folds 
fredgorex888: folds 
alancinco: folds 
Ethomikse: folds 
Parker09SA: calls $0.08
*** FLOP *** [Kd 8d Ts]
Parker09SA: checks 
s1lver8ull: bets $0.18
Parker09SA: folds 
Uncalled bet ($0.18) returned to s1lver8ull
s1lver8ull collected $0.22 from pot
*** SUMMARY ***
Total pot $0.23 | Rake $0.01 
Board [Kd 8d Ts]
Seat 1: fredgorex888 (button) folded before Flop (didn't bet)
Seat 2: alancinco (small blind) folded before Flop
Seat 3: Ethomikse (big blind) folded before Flop
Seat 4: Parker09SA folded on the Flop
Seat 5: s1lver8ull collected ($0.22)
Seat 6: prizrak_162 folded before Flop (didn't bet)
Seat 7: Fragglesen folded before Flop (didn't bet)
Seat 9: Dorex2007 folded before Flop (didn't bet)



PokerStars Hand #237382249439:  Hold'em No Limit ($0.01/$0.02 USD) - 2022/07/15 15:57:18 PT [2022/07/15 18:57:18 ET]
Table 'Situla II' 9-max Seat #2 is the button
Seat 1: fredgorex888 ($0.32 in chips) 
Seat 2: alancinco ($1.97 in chips) 
Seat 3: Ethomikse ($2.25 in chips) 
Seat 4: Parker09SA ($4.04 in chips) 
Seat 5: s1lver8ull ($4.04 in chips) 
Seat 6: prizrak_162 ($1.74 in chips) 
Seat 7: Fragglesen ($0.95 in chips) 
Seat 9: Dorex2007 ($2.02 in chips) 
Ethomikse: posts small blind $0.01
Parker09SA: posts big blind $0.02
*** HOLE CARDS ***
Dealt to Dorex2007 [Ks 2s]
s1lver8ull: folds 
prizrak_162: folds 
Fragglesen: folds 
Dorex2007: folds 
fredgorex888: calls $0.02
alancinco: folds 
Ethomikse: raises $0.02 to $0.04
Parker09SA: raises $0.14 to $0.18
fredgorex888: calls $0.16
Ethomikse: folds 
*** FLOP *** [4c Th 9h]
Parker09SA: bets $0.20
fredgorex888: calls $0.14 and is all-in
Uncalled bet ($0.06) returned to Parker09SA
*** TURN *** [4c Th 9h] [Ah]
*** RIVER *** [4c Th 9h Ah] [3s]
*** SHOW DOWN ***
Parker09SA: shows [Ac Tc] (two pair, Aces and Tens)
fredgorex888: shows [2h 3h] (a flush, Ace high)
fredgorex888 collected $0.66 from pot
*** SUMMARY ***
Total pot $0.68 | Rake $0.02 
Board [4c Th 9h Ah 3s]
Seat 1: fredgorex888 showed [2h 3h] and won ($0.66) with a flush, Ace high
Seat 2: alancinco (button) folded before Flop (didn't bet)
Seat 3: Ethomikse (small blind) folded before Flop
Seat 4: Parker09SA (big blind) showed [Ac Tc] and lost with two pair, Aces and Tens
Seat 5: s1lver8ull folded before Flop (didn't bet)
Seat 6: prizrak_162 folded before Flop (didn't bet)
Seat 7: Fragglesen folded before Flop (didn't bet)
Seat 9: Dorex2007 folded before Flop (didn't bet)



PokerStars Hand #237382259139:  Hold'em No Limit ($0.01/$0.02 USD) - 2022/07/15 15:57:58 PT [2022/07/15 18:57:58 ET]
Table 'Situla II' 9-max Seat #3 is the button
Seat 1: fredgorex888 ($0.66 in chips) 
Seat 2: alancinco ($1.97 in chips) 
Seat 3: Ethomikse ($2.21 in chips) 
Seat 4: Parker09SA ($3.72 in chips) 
Seat 5: s1lver8ull ($4.04 in chips) 
Seat 6: prizrak_162 ($1.74 in chips) 
Seat 7: Fragglesen ($0.95 in chips) 
Seat 9: Dorex2007 ($2.02 in chips) 
Parker09SA: posts small blind $0.01
s1lver8ull: posts big blind $0.02
jose 4848: sits out 
*** HOLE CARDS ***
Dealt to Dorex2007 [5s 8h]
prizrak_162: folds 
Fragglesen: calls $0.02
Dorex2007: folds 
fredgorex888: calls $0.02
alancinco: folds 
Ethomikse: folds 
Parker09SA: calls $0.01
s1lver8ull: checks 
*** FLOP *** [7h Ts 2d]
Parker09SA: checks 
s1lver8ull: bets $0.06
Fragglesen: folds 
fredgorex888: calls $0.06
Parker09SA: folds 
*** TURN *** [7h Ts 2d] [Td]
s1lver8ull: bets $0.13
fredgorex888: calls $0.13
*** RIVER *** [7h Ts 2d Td] [3c]
s1lver8ull: bets $0.26
fredgorex888: calls $0.26
*** SHOW DOWN ***
s1lver8ull: shows [Th Ks] (three of a kind, Tens)
fredgorex888: mucks hand 
s1lver8ull collected $0.95 from pot
*** SUMMARY ***
Total pot $0.98 | Rake $0.03 
Board [7h Ts 2d Td 3c]
Seat 1: fredgorex888 mucked [6c 6d]
Seat 2: alancinco folded before Flop (didn't bet)
Seat 3: Ethomikse (button) folded before Flop (didn't bet)
Seat 4: Parker09SA (small blind) folded on the Flop
Seat 5: s1lver8ull (big blind) showed [Th Ks] and won ($0.95) with three of a kind, Tens
Seat 6: prizrak_162 folded before Flop (didn't bet)
Seat 7: Fragglesen folded on the Flop
Seat 9: Dorex2007 folded before Flop (didn't bet)



PokerStars Hand #237382270376:  Hold'em No Limit ($0.01/$0.02 USD) - 2022/07/15 15:58:43 PT [2022/07/15 18:58:43 ET]
Table 'Situla II' 9-max Seat #4 is the button
Seat 1: fredgorex888 ($0.19 in chips) 
Seat 2: alancinco ($1.97 in chips) 
Seat 3: Ethomikse ($2.21 in chips) 
Seat 4: Parker09SA ($3.70 in chips) 
Seat 5: s1lver8ull ($4.52 in chips) 
Seat 6: prizrak_162 ($1.74 in chips) 
Seat 7: Fragglesen ($0.93 in chips) 
Seat 9: Dorex2007 ($2.02 in chips) 
s1lver8ull: posts small blind $0.01
prizrak_162: posts big blind $0.02
jose 4848: sits out 
*** HOLE CARDS ***
Dealt to Dorex2007 [2d Ts]
Fragglesen: folds 
Dorex2007: folds 
fredgorex888: folds 
fredgorex888 leaves the table
European1000 joins the table at seat #1 
alancinco: folds 
Ethomikse: folds 
Parker09SA: folds 
s1lver8ull: folds 
Uncalled bet ($0.01) returned to prizrak_162
prizrak_162 collected $0.02 from pot
*** SUMMARY ***
Total pot $0.02 | Rake $0 
Seat 1: fredgorex888 folded before Flop (didn't bet)
Seat 2: alancinco folded before Flop (didn't bet)
Seat 3: Ethomikse folded before Flop (didn't bet)
Seat 4: Parker09SA (button) folded before Flop (didn't bet)
Seat 5: s1lver8ull (small blind) folded before Flop
Seat 6: prizrak_162 (big blind) collected ($0.02)
Seat 7: Fragglesen folded before Flop (didn't bet)
Seat 9: Dorex2007 folded before Flop (didn't bet)



PokerStars Hand #237382284293:  Hold'em No Limit ($0.01/$0.02 USD) - 2022/07/15 15:59:06 PT [2022/07/15 18:59:06 ET]
Table 'Situla II' 9-max Seat #5 is the button
Seat 2: alancinco ($1.97 in chips) 
Seat 3: Ethomikse ($2.21 in chips) 
Seat 4: Parker09SA ($3.70 in chips) 
Seat 5: s1lver8ull ($4.51 in chips) 
Seat 6: prizrak_162 ($1.75 in chips) 
Seat 7: Fragglesen ($0.93 in chips) 
Seat 9: Dorex2007 ($2.02 in chips) 
prizrak_162: posts small blind $0.01
Fragglesen: posts big blind $0.02
jose 4848: sits out 
European1000: sits out 
*** HOLE CARDS ***
Dealt to Dorex2007 [Qs 4c]
Dorex2007: folds 
alancinco: raises $0.04 to $0.06
Ethomikse: folds 
Parker09SA: folds 
s1lver8ull: calls $0.06
prizrak_162: folds 
Fragglesen: calls $0.04
*** FLOP *** [6s 9d 2h]
Fragglesen: checks 
alancinco: bets $0.09
s1lver8ull: calls $0.09
Fragglesen: calls $0.09
*** TURN *** [6s 9d 2h] [2d]
Fragglesen: checks 
alancinco: bets $0.22
s1lver8ull: folds 
Fragglesen: raises $0.56 to $0.78 and is all-in
alancinco: calls $0.56
*** RIVER *** [6s 9d 2h 2d] [Tc]
*** SHOW DOWN ***
Fragglesen: shows [8c 8s] (two pair, Eights and Deuces)
alancinco: shows [6h 9h] (two pair, Nines and Sixes)
alancinco collected $1.95 from pot
*** SUMMARY ***
Total pot $2.02 | Rake $0.07 
Board [6s 9d 2h 2d Tc]
Seat 2: alancinco showed [6h 9h] and won ($1.95) with two pair, Nines and Sixes
Seat 3: Ethomikse folded before Flop (didn't bet)
Seat 4: Parker09SA folded before Flop (didn't bet)
Seat 5: s1lver8ull (button) folded on the Turn
Seat 6: prizrak_162 (small blind) folded before Flop
Seat 7: Fragglesen (big blind) showed [8c 8s] and lost with two pair, Eights and Deuces
Seat 9: Dorex2007 folded before Flop (didn't bet)



PokerStars Hand #237382297591:  Hold'em No Limit ($0.01/$0.02 USD) - 2022/07/15 16:00:00 PT [2022/07/15 19:00:00 ET]
Table 'Situla II' 9-max Seat #6 is the button
Seat 1: European1000 ($2 in chips) 
Seat 2: alancinco ($2.99 in chips) 
Seat 3: Ethomikse ($2.21 in chips) 
Seat 4: Parker09SA ($3.70 in chips) 
Seat 5: s1lver8ull ($4.36 in chips) 
Seat 6: prizrak_162 ($1.74 in chips) 
Seat 9: Dorex2007 ($2.02 in chips) 
Dorex2007: posts small blind $0.01
European1000: posts big blind $0.02
*** HOLE CARDS ***
Dealt to Dorex2007 [6s Qs]
alancinco: folds 
Ethomikse: folds 
Fragglesen leaves the table
Parker09SA: folds 
s1lver8ull: folds 
prizrak_162: raises $0.06 to $0.08
Dorex2007: folds 
willnascimen joins the table at seat #7 
European1000: calls $0.06
*** FLOP *** [4d 7c Td]
European1000: checks 
prizrak_162: checks 
*** TURN *** [4d 7c Td] [4c]
European1000: bets $0.08
prizrak_162: folds 
Uncalled bet ($0.08) returned to European1000
European1000 collected $0.16 from pot
*** SUMMARY ***
Total pot $0.17 | Rake $0.01 
Board [4d 7c Td 4c]
Seat 1: European1000 (big blind) collected ($0.16)
Seat 2: alancinco folded before Flop (didn't bet)
Seat 3: Ethomikse folded before Flop (didn't bet)
Seat 4: Parker09SA folded before Flop (didn't bet)
Seat 5: s1lver8ull folded before Flop (didn't bet)
Seat 6: prizrak_162 (button) folded on the Turn
Seat 9: Dorex2007 (small blind) folded before Flop



PokerStars Hand #237382316008:  Hold'em No Limit ($0.01/$0.02 USD) - 2022/07/15 16:00:53 PT [2022/07/15 19:00:53 ET]
Table 'Situla II' 9-max Seat #9 is the button
Seat 1: European1000 ($2.08 in chips) 
Seat 2: alancinco ($2.99 in chips) 
Seat 4: Parker09SA ($3.70 in chips) 
Seat 5: s1lver8ull ($4.36 in chips) 
Seat 6: prizrak_162 ($1.66 in chips) 
Seat 9: Dorex2007 ($2.01 in chips) 
European1000: posts small blind $0.01
alancinco: posts big blind $0.02
willnascimen: sits out 
jose 4848: sits out 
*** HOLE CARDS ***
Dealt to Dorex2007 [8c 2c]
Parker09SA: raises $0.04 to $0.06
s1lver8ull: calls $0.06
prizrak_162: calls $0.06
Dorex2007: folds 
European1000: folds 
alancinco: folds 
*** FLOP *** [5d Qd 8s]
Parker09SA: checks 
jose 4848 leaves the table
s1lver8ull: bets $0.16
prizrak_162: calls $0.16
Parker09SA: folds 
*** TURN *** [5d Qd 8s] [4s]
s1lver8ull: bets $0.36
prizrak_162: calls $0.36
*** RIVER *** [5d Qd 8s 4s] [Th]
s1lver8ull: bets $0.73
Pokon joins the table at seat #8 
prizrak_162: calls $0.73
*** SHOW DOWN ***
s1lver8ull: shows [Ad Qs] (a pair of Queens)
prizrak_162: shows [Ah Qc] (a pair of Queens)
s1lver8ull collected $1.31 from pot
prizrak_162 collected $1.31 from pot
*** SUMMARY ***
Total pot $2.71 | Rake $0.09 
Board [5d Qd 8s 4s Th]
Seat 1: European1000 (small blind) folded before Flop
Seat 2: alancinco (big blind) folded before Flop
Seat 4: Parker09SA folded on the Flop
Seat 5: s1lver8ull showed [Ad Qs] and won ($1.31) with a pair of Queens
Seat 6: prizrak_162 showed [Ah Qc] and won ($1.31) with a pair of Queens
Seat 9: Dorex2007 (button) folded before Flop (didn't bet)



PokerStars Hand #237382327764:  Hold'em No Limit ($0.01/$0.02 USD) - 2022/07/15 16:01:33 PT [2022/07/15 19:01:33 ET]
Table 'Situla II' 9-max Seat #1 is the button
Seat 1: European1000 ($2.07 in chips) 
Seat 2: alancinco ($2.97 in chips) 
Seat 4: Parker09SA ($3.64 in chips) 
Seat 5: s1lver8ull ($4.36 in chips) 
Seat 6: prizrak_162 ($1.66 in chips) 
Seat 9: Dorex2007 ($2.01 in chips) 
alancinco: posts small blind $0.01
Parker09SA: posts big blind $0.02
willnascimen: sits out 
Pokon: sits out 
*** HOLE CARDS ***
Dealt to Dorex2007 [2c 9s]
s1lver8ull: folds 
prizrak_162: folds 
Dorex2007: folds 
European1000: folds 
alancinco: folds 
Uncalled bet ($0.01) returned to Parker09SA
Parker09SA collected $0.02 from pot
*** SUMMARY ***
Total pot $0.02 | Rake $0 
Seat 1: European1000 (button) folded before Flop (didn't bet)
Seat 2: alancinco (small blind) folded before Flop
Seat 4: Parker09SA (big blind) collected ($0.02)
Seat 5: s1lver8ull folded before Flop (didn't bet)
Seat 6: prizrak_162 folded before Flop (didn't bet)
Seat 9: Dorex2007 folded before Flop (didn't bet)



PokerStars Hand #237382331803:  Hold'em No Limit ($0.01/$0.02 USD) - 2022/07/15 16:01:47 PT [2022/07/15 19:01:47 ET]
Table 'Situla II' 9-max Seat #2 is the button
Seat 1: European1000 ($2.07 in chips) 
Seat 2: alancinco ($2.96 in chips) 
Seat 4: Parker09SA ($3.65 in chips) 
Seat 5: s1lver8ull ($4.36 in chips) 
Seat 6: prizrak_162 ($1.66 in chips) 
Seat 9: Dorex2007 ($2.01 in chips) 
Parker09SA: posts small blind $0.01
s1lver8ull: posts big blind $0.02
willnascimen: sits out 
Pokon: sits out 
*** HOLE CARDS ***
Dealt to Dorex2007 [Qc Ad]
prizrak_162: folds 
Dorex2007: raises $0.04 to $0.06
European1000: folds 
alancinco: folds 
Parker09SA: folds 
s1lver8ull: folds 
Uncalled bet ($0.04) returned to Dorex2007
Dorex2007 collected $0.05 from pot
*** SUMMARY ***
Total pot $0.05 | Rake $0 
Seat 1: European1000 folded before Flop (didn't bet)
Seat 2: alancinco (button) folded before Flop (didn't bet)
Seat 4: Parker09SA (small blind) folded before Flop
Seat 5: s1lver8ull (big blind) folded before Flop
Seat 6: prizrak_162 folded before Flop (didn't bet)
Seat 9: Dorex2007 collected ($0.05)



PokerStars Hand #237382336071:  Hold'em No Limit ($0.01/$0.02 USD) - 2022/07/15 16:02:02 PT [2022/07/15 19:02:02 ET]
Table 'Situla II' 9-max Seat #4 is the button
Seat 1: European1000 ($2.07 in chips) 
Seat 2: alancinco ($2.96 in chips) 
Seat 4: Parker09SA ($3.64 in chips) 
Seat 5: s1lver8ull ($4.34 in chips) 
Seat 6: prizrak_162 ($1.66 in chips) 
Seat 7: willnascimen ($1.60 in chips) 
Seat 9: Dorex2007 ($2.04 in chips) 
s1lver8ull: posts small blind $0.01
prizrak_162: posts big blind $0.02
willnascimen: posts big blind $0.02
Pokon: sits out 
*** HOLE CARDS ***
Dealt to Dorex2007 [8c 2c]
willnascimen: checks 
Dorex2007: folds 
European1000: raises $0.02 to $0.04
alancinco: folds 
Parker09SA: calls $0.04
s1lver8ull: folds 
prizrak_162: folds 
willnascimen: folds 
*** FLOP *** [Tc 7h 6h]
European1000: checks 
Parker09SA: checks 
*** TURN *** [Tc 7h 6h] [9h]
European1000: checks 
Parker09SA: bets $0.07
European1000: calls $0.07
*** RIVER *** [Tc 7h 6h 9h] [3c]
European1000: checks 
Parker09SA: bets $0.14
European1000: calls $0.14
*** SHOW DOWN ***
Parker09SA: shows [8d Qc] (a straight, Six to Ten)
European1000: mucks hand 
Parker09SA collected $0.53 from pot
*** SUMMARY ***
Total pot $0.55 | Rake $0.02 
Board [Tc 7h 6h 9h 3c]
Seat 1: European1000 mucked [Js Th]
Seat 2: alancinco folded before Flop (didn't bet)
Seat 4: Parker09SA (button) showed [8d Qc] and won ($0.53) with a straight, Six to Ten
Seat 5: s1lver8ull (small blind) folded before Flop
Seat 6: prizrak_162 (big blind) folded before Flop
Seat 7: willnascimen folded before Flop (didn't bet)
Seat 9: Dorex2007 folded before Flop (didn't bet)



PokerStars Hand #237382347568:  Hold'em No Limit ($0.01/$0.02 USD) - 2022/07/15 16:02:41 PT [2022/07/15 19:02:41 ET]
Table 'Situla II' 9-max Seat #5 is the button
Seat 1: European1000 ($1.82 in chips) 
Seat 2: alancinco ($2.96 in chips) 
Seat 4: Parker09SA ($3.92 in chips) 
Seat 5: s1lver8ull ($4.33 in chips) 
Seat 6: prizrak_162 ($1.64 in chips) 
Seat 7: willnascimen ($1.58 in chips) 
Seat 9: Dorex2007 ($2.04 in chips) 
prizrak_162: posts small blind $0.01
willnascimen: posts big blind $0.02
Pokon: sits out 
*** HOLE CARDS ***
Dealt to Dorex2007 [Td 9d]
Dorex2007: raises $0.04 to $0.06
European1000: folds 
alancinco: folds 
Parker09SA: calls $0.06
s1lver8ull: folds 
prizrak_162: folds 
willnascimen: folds 
*** FLOP *** [Ad 4c 7d]
Dorex2007: bets $0.14
Parker09SA: calls $0.14
*** TURN *** [Ad 4c 7d] [As]
Dorex2007: checks 
Parker09SA: checks 
*** RIVER *** [Ad 4c 7d As] [5s]
Dorex2007: checks 
Parker09SA: checks 
*** SHOW DOWN ***
Dorex2007: shows [Td 9d] (a pair of Aces)
Parker09SA: shows [8d Qd] (a pair of Aces - Queen kicker)
Parker09SA collected $0.41 from pot
*** SUMMARY ***
Total pot $0.43 | Rake $0.02 
Board [Ad 4c 7d As 5s]
Seat 1: European1000 folded before Flop (didn't bet)
Seat 2: alancinco folded before Flop (didn't bet)
Seat 4: Parker09SA showed [8d Qd] and won ($0.41) with a pair of Aces
Seat 5: s1lver8ull (button) folded before Flop (didn't bet)
Seat 6: prizrak_162 (small blind) folded before Flop
Seat 7: willnascimen (big blind) folded before Flop
Seat 9: Dorex2007 showed [Td 9d] and lost with a pair of Aces



PokerStars Hand #237382363099:  Hold'em No Limit ($0.01/$0.02 USD) - 2022/07/15 16:03:33 PT [2022/07/15 19:03:33 ET]
Table 'Situla II' 9-max Seat #6 is the button
Seat 1: European1000 ($1.82 in chips) 
Seat 2: alancinco ($2.96 in chips) 
Seat 4: Parker09SA ($4.13 in chips) 
Seat 5: s1lver8ull ($4.33 in chips) 
Seat 6: prizrak_162 ($1.63 in chips) 
Seat 7: willnascimen ($1.56 in chips) 
Seat 8: Pokon ($2 in chips) 
Seat 9: Dorex2007 ($2 in chips) 
willnascimen: posts small blind $0.01
Pokon: posts big blind $0.02
*** HOLE CARDS ***
Dealt to Dorex2007 [Js 8s]
Dorex2007: folds 
European1000: calls $0.02
alancinco: calls $0.02
Parker09SA: folds 
s1lver8ull: folds 
prizrak_162: folds 
willnascimen: calls $0.01
Pokon: checks 
*** FLOP *** [3h 9s 4c]
willnascimen: checks 
Pokon: bets $0.04
European1000: calls $0.04
alancinco: calls $0.04
willnascimen: folds 
*** TURN *** [3h 9s 4c] [As]
Pokon: checks 
European1000: bets $0.08
alancinco: calls $0.08
Pokon: folds 
*** RIVER *** [3h 9s 4c As] [2s]
European1000: bets $0.10
alancinco: calls $0.10
*** SHOW DOWN ***
European1000: shows [Ah 5c] (a straight, Ace to Five)
alancinco: mucks hand 
European1000 collected $0.54 from pot
*** SUMMARY ***
Total pot $0.56 | Rake $0.02 
Board [3h 9s 4c As 2s]
Seat 1: European1000 showed [Ah 5c] and won ($0.54) with a straight, Ace to Five
Seat 2: alancinco mucked [2h 4h]
Seat 4: Parker09SA folded before Flop (didn't bet)
Seat 5: s1lver8ull folded before Flop (didn't bet)
Seat 6: prizrak_162 (button) folded before Flop (didn't bet)
Seat 7: willnascimen (small blind) folded on the Flop
Seat 8: Pokon (big blind) folded on the Turn
Seat 9: Dorex2007 folded before Flop (didn't bet)



PokerStars Hand #237382379944:  Hold'em No Limit ($0.01/$0.02 USD) - 2022/07/15 16:04:29 PT [2022/07/15 19:04:29 ET]
Table 'Situla II' 9-max Seat #7 is the button
Seat 1: European1000 ($2.12 in chips) 
Seat 2: alancinco ($2.72 in chips) 
Seat 4: Parker09SA ($4.13 in chips) 
Seat 5: s1lver8ull ($4.33 in chips) 
Seat 6: prizrak_162 ($1.63 in chips) 
Seat 7: willnascimen ($1.54 in chips) 
Seat 8: Pokon ($1.94 in chips) 
Seat 9: Dorex2007 ($2 in chips) 
Pokon: posts small blind $0.01
Dorex2007: posts big blind $0.02
*** HOLE CARDS ***
Dealt to Dorex2007 [9c 6c]
European1000: calls $0.02
alancinco: folds 
Parker09SA: folds 
s1lver8ull: raises $0.08 to $0.10
prizrak_162: folds 
willnascimen: folds 
Pokon: folds 
Dorex2007: folds 
European1000: calls $0.08
*** FLOP *** [Td 6h Jd]
European1000: bets $0.12
s1lver8ull: raises $0.37 to $0.49
European1000: calls $0.37
*** TURN *** [Td 6h Jd] [Ks]
European1000: bets $0.26
s1lver8ull: folds 
Uncalled bet ($0.26) returned to European1000
European1000 collected $1.17 from pot
*** SUMMARY ***
Total pot $1.21 | Rake $0.04 
Board [Td 6h Jd Ks]
Seat 1: European1000 collected ($1.17)
Seat 2: alancinco folded before Flop (didn't bet)
Seat 4: Parker09SA folded before Flop (didn't bet)
Seat 5: s1lver8ull folded on the Turn
Seat 6: prizrak_162 folded before Flop (didn't bet)
Seat 7: willnascimen (button) folded before Flop (didn't bet)
Seat 8: Pokon (small blind) folded before Flop
Seat 9: Dorex2007 (big blind) folded before Flop



PokerStars Hand #237382396176:  Hold'em No Limit ($0.01/$0.02 USD) - 2022/07/15 16:05:23 PT [2022/07/15 19:05:23 ET]
Table 'Situla II' 9-max Seat #8 is the button
Seat 1: European1000 ($2.70 in chips) 
Seat 2: alancinco ($2.72 in chips) 
Seat 4: Parker09SA ($4.13 in chips) 
Seat 5: s1lver8ull ($3.74 in chips) 
Seat 6: prizrak_162 ($1.63 in chips) 
Seat 7: willnascimen ($1.54 in chips) 
Seat 8: Pokon ($1.93 in chips) 
Seat 9: Dorex2007 ($2 in chips) 
Dorex2007: posts small blind $0.01
European1000: posts big blind $0.02
*** HOLE CARDS ***
Dealt to Dorex2007 [8s 5s]
alancinco: folds 
Parker09SA: folds 
s1lver8ull: folds 
s1lver8ull leaves the table
prizrak_162: folds 
willnascimen: calls $0.02
Pokon: calls $0.02
Dorex2007: folds 
European1000: checks 
*** FLOP *** [3s 9d 7h]
European1000: checks 
willnascimen: bets $0.04
Pokon: folds 
European1000: folds 
Uncalled bet ($0.04) returned to willnascimen
willnascimen collected $0.07 from pot
*** SUMMARY ***
Total pot $0.07 | Rake $0 
Board [3s 9d 7h]
Seat 1: European1000 (big blind) folded on the Flop
Seat 2: alancinco folded before Flop (didn't bet)
Seat 4: Parker09SA folded before Flop (didn't bet)
Seat 5: s1lver8ull folded before Flop (didn't bet)
Seat 6: prizrak_162 folded before Flop (didn't bet)
Seat 7: willnascimen collected ($0.07)
Seat 8: Pokon (button) folded on the Flop
Seat 9: Dorex2007 (small blind) folded before Flop



PokerStars Hand #237382407123:  Hold'em No Limit ($0.01/$0.02 USD) - 2022/07/15 16:06:00 PT [2022/07/15 19:06:00 ET]
Table 'Situla II' 9-max Seat #9 is the button
Seat 1: European1000 ($2.68 in chips) 
Seat 2: alancinco ($2.72 in chips) 
Seat 4: Parker09SA ($4.13 in chips) 
Seat 6: prizrak_162 ($1.63 in chips) 
Seat 7: willnascimen ($1.59 in chips) 
Seat 8: Pokon ($1.91 in chips) 
Seat 9: Dorex2007 ($2 in chips) 
European1000: posts small blind $0.01
alancinco: posts big blind $0.02
*** HOLE CARDS ***
Dealt to Dorex2007 [4h 7d]
Parker09SA: raises $0.05 to $0.07
prizrak_162: folds 
willnascimen: calls $0.07
Pokon: folds 
Dorex2007: folds 
European1000: folds 
alancinco: folds 
*** FLOP *** [9c 5s 9h]
Parker09SA: checks 
Glacius2050 joins the table at seat #5 
willnascimen: bets $0.08
Parker09SA: folds 
Uncalled bet ($0.08) returned to willnascimen
willnascimen collected $0.16 from pot
*** SUMMARY ***
Total pot $0.17 | Rake $0.01 
Board [9c 5s 9h]
Seat 1: European1000 (small blind) folded before Flop
Seat 2: alancinco (big blind) folded before Flop
Seat 4: Parker09SA folded on the Flop
Seat 6: prizrak_162 folded before Flop (didn't bet)
Seat 7: willnascimen collected ($0.16)
Seat 8: Pokon folded before Flop (didn't bet)
Seat 9: Dorex2007 (button) folded before Flop (didn't bet)



PokerStars Hand #237382418519:  Hold'em No Limit ($0.01/$0.02 USD) - 2022/07/15 16:06:39 PT [2022/07/15 19:06:39 ET]
Table 'Situla II' 9-max Seat #1 is the button
Seat 1: European1000 ($2.67 in chips) 
Seat 2: alancinco ($2.70 in chips) 
Seat 3: Ethomikse ($2.21 in chips) 
Seat 4: Parker09SA ($4.06 in chips) 
Seat 5: Glacius2050 ($2 in chips) 
Seat 6: prizrak_162 ($1.63 in chips) 
Seat 7: willnascimen ($1.68 in chips) 
Seat 8: Pokon ($1.91 in chips) 
Seat 9: Dorex2007 ($2 in chips) 
alancinco: posts small blind $0.01
Ethomikse: posts big blind $0.02
Glacius2050: posts big blind $0.02
*** HOLE CARDS ***
Dealt to Dorex2007 [9s Qc]
Parker09SA: calls $0.02
Glacius2050: raises $0.04 to $0.06
prizrak_162: folds 
willnascimen: folds 
Pokon: folds 
Dorex2007: folds 
European1000: folds 
alancinco: folds 
Ethomikse: folds 
Parker09SA: calls $0.04
*** FLOP *** [2d 9c Ah]
Parker09SA: checks 
Glacius2050: checks 
*** TURN *** [2d 9c Ah] [Ts]
Parker09SA: bets $0.07
Glacius2050: calls $0.07
*** RIVER *** [2d 9c Ah Ts] [6d]
Parker09SA: bets $0.14
Glacius2050: folds 
Uncalled bet ($0.14) returned to Parker09SA
Parker09SA collected $0.28 from pot
*** SUMMARY ***
Total pot $0.29 | Rake $0.01 
Board [2d 9c Ah Ts 6d]
Seat 1: European1000 (button) folded before Flop (didn't bet)
Seat 2: alancinco (small blind) folded before Flop
Seat 3: Ethomikse (big blind) folded before Flop
Seat 4: Parker09SA collected ($0.28)
Seat 5: Glacius2050 folded on the River
Seat 6: prizrak_162 folded before Flop (didn't bet)
Seat 7: willnascimen folded before Flop (didn't bet)
Seat 8: Pokon folded before Flop (didn't bet)
Seat 9: Dorex2007 folded before Flop (didn't bet)



PokerStars Hand #237382436832:  Hold'em No Limit ($0.01/$0.02 USD) - 2022/07/15 16:07:40 PT [2022/07/15 19:07:40 ET]
Table 'Situla II' 9-max Seat #2 is the button
Seat 1: European1000 ($2.67 in chips) 
Seat 2: alancinco ($2.69 in chips) 
Seat 3: Ethomikse ($2.19 in chips) 
Seat 4: Parker09SA ($4.21 in chips) 
Seat 5: Glacius2050 ($1.87 in chips) 
Seat 6: prizrak_162 ($1.63 in chips) 
Seat 7: willnascimen ($1.68 in chips) 
Seat 8: Pokon ($1.91 in chips) 
Seat 9: Dorex2007 ($2 in chips) 
Ethomikse: posts small blind $0.01
Parker09SA: posts big blind $0.02
*** HOLE CARDS ***
Dealt to Dorex2007 [Js Qd]
Glacius2050: raises $0.04 to $0.06
prizrak_162: folds 
willnascimen: folds 
Pokon: folds 
Dorex2007: calls $0.06
European1000: folds 
alancinco: calls $0.06
Ethomikse: folds 
Parker09SA: calls $0.04
*** FLOP *** [3s Th 8c]
Parker09SA: checks 
Glacius2050: bets $0.24
Dorex2007: folds 
alancinco: folds 
Parker09SA: folds 
Uncalled bet ($0.24) returned to Glacius2050
Glacius2050 collected $0.24 from pot
*** SUMMARY ***
Total pot $0.25 | Rake $0.01 
Board [3s Th 8c]
Seat 1: European1000 folded before Flop (didn't bet)
Seat 2: alancinco (button) folded on the Flop
Seat 3: Ethomikse (small blind) folded before Flop
Seat 4: Parker09SA (big blind) folded on the Flop
Seat 5: Glacius2050 collected ($0.24)
Seat 6: prizrak_162 folded before Flop (didn't bet)
Seat 7: willnascimen folded before Flop (didn't bet)
Seat 8: Pokon folded before Flop (didn't bet)
Seat 9: Dorex2007 folded on the Flop



PokerStars Hand #237382447950:  Hold'em No Limit ($0.01/$0.02 USD) - 2022/07/15 16:08:18 PT [2022/07/15 19:08:18 ET]
Table 'Situla II' 9-max Seat #3 is the button
Seat 1: European1000 ($2.67 in chips) 
Seat 2: alancinco ($2.63 in chips) 
Seat 3: Ethomikse ($2.18 in chips) 
Seat 4: Parker09SA ($4.15 in chips) 
Seat 5: Glacius2050 ($2.05 in chips) 
Seat 6: prizrak_162 ($1.63 in chips) 
Seat 7: willnascimen ($1.68 in chips) 
Seat 8: Pokon ($1.91 in chips) 
Seat 9: Dorex2007 ($2 in chips) 
Parker09SA: posts small blind $0.01
Glacius2050: posts big blind $0.02
*** HOLE CARDS ***
Dealt to Dorex2007 [8c 7h]
prizrak_162: folds 
willnascimen: raises $0.02 to $0.04
Pokon: folds 
Dorex2007: folds 
European1000: folds 
alancinco: folds 
Ethomikse: folds 
Parker09SA: folds 
Glacius2050: calls $0.02
*** FLOP *** [4d 2d 2h]
Glacius2050: checks 
willnascimen: bets $0.04
Glacius2050: folds 
Uncalled bet ($0.04) returned to willnascimen
willnascimen collected $0.09 from pot
*** SUMMARY ***
Total pot $0.09 | Rake $0 
Board [4d 2d 2h]
Seat 1: European1000 folded before Flop (didn't bet)
Seat 2: alancinco folded before Flop (didn't bet)
Seat 3: Ethomikse (button) folded before Flop (didn't bet)
Seat 4: Parker09SA (small blind) folded before Flop
Seat 5: Glacius2050 (big blind) folded on the Flop
Seat 6: prizrak_162 folded before Flop (didn't bet)
Seat 7: willnascimen collected ($0.09)
Seat 8: Pokon folded before Flop (didn't bet)
Seat 9: Dorex2007 folded before Flop (didn't bet)



PokerStars Hand #237382457791:  Hold'em No Limit ($0.01/$0.02 USD) - 2022/07/15 16:08:51 PT [2022/07/15 19:08:51 ET]
Table 'Situla II' 9-max Seat #4 is the button
Seat 1: European1000 ($2.67 in chips) 
Seat 2: alancinco ($2.63 in chips) 
Seat 3: Ethomikse ($2.18 in chips) 
Seat 4: Parker09SA ($4.14 in chips) 
Seat 5: Glacius2050 ($2.01 in chips) 
Seat 6: prizrak_162 ($1.63 in chips) 
Seat 7: willnascimen ($1.73 in chips) 
Seat 8: Pokon ($1.91 in chips) 
Seat 9: Dorex2007 ($2 in chips) 
Glacius2050: posts small blind $0.01
prizrak_162: posts big blind $0.02
*** HOLE CARDS ***
Dealt to Dorex2007 [Kh Td]
willnascimen: calls $0.02
Pokon: folds 
Dorex2007: raises $0.04 to $0.06
European1000: folds 
alancinco: calls $0.06
Ethomikse: folds 
Parker09SA: folds 
Glacius2050: calls $0.05
prizrak_162: calls $0.04
willnascimen: calls $0.04
*** FLOP *** [7c 2s 7h]
Glacius2050: checks 
prizrak_162: checks 
willnascimen: checks 
Dorex2007: checks 
alancinco: checks 
*** TURN *** [7c 2s 7h] [6h]
Glacius2050: bets $0.30
prizrak_162: folds 
willnascimen: raises $0.30 to $0.60
Dorex2007: folds 
alancinco: folds 
Glacius2050: calls $0.30
*** RIVER *** [7c 2s 7h 6h] [8c]
Glacius2050: checks 
willnascimen: bets $0.72
Glacius2050: raises $0.63 to $1.35 and is all-in
willnascimen: calls $0.35 and is all-in
Uncalled bet ($0.28) returned to Glacius2050
*** SHOW DOWN ***
Glacius2050: shows [4s 5d] (a straight, Four to Eight)
willnascimen: shows [Ah 7d] (three of a kind, Sevens)
Glacius2050 collected $3.51 from pot
*** SUMMARY ***
Total pot $3.64 | Rake $0.13 
Board [7c 2s 7h 6h 8c]
Seat 1: European1000 folded before Flop (didn't bet)
Seat 2: alancinco folded on the Turn
Seat 3: Ethomikse folded before Flop (didn't bet)
Seat 4: Parker09SA (button) folded before Flop (didn't bet)
Seat 5: Glacius2050 (small blind) showed [4s 5d] and won ($3.51) with a straight, Four to Eight
Seat 6: prizrak_162 (big blind) folded on the Turn
Seat 7: willnascimen showed [Ah 7d] and lost with three of a kind, Sevens
Seat 8: Pokon folded before Flop (didn't bet)
Seat 9: Dorex2007 folded on the Turn



PokerStars Hand #237382486162:  Hold'em No Limit ($0.01/$0.02 USD) - 2022/07/15 16:10:28 PT [2022/07/15 19:10:28 ET]
Table 'Situla II' 9-max Seat #5 is the button
Seat 2: alancinco ($2.57 in chips) 
Seat 3: Ethomikse ($2.18 in chips) 
Seat 4: Parker09SA ($4.14 in chips) 
Seat 5: Glacius2050 ($3.79 in chips) 
Seat 6: prizrak_162 ($1.57 in chips) 
Seat 8: Pokon ($1.91 in chips) 
Seat 9: Dorex2007 ($2 in chips) 
prizrak_162: posts small blind $0.01
Pokon: posts big blind $0.02
*** HOLE CARDS ***
Dealt to Dorex2007 [Ah 9c]
Dorex2007: folds 
alancinco: folds 
Ethomikse: folds 
Parker09SA has timed out
Parker09SA: folds 
Glacius2050: folds 
prizrak_162: raises $0.06 to $0.08
Pokon: folds 
Uncalled bet ($0.06) returned to prizrak_162
prizrak_162 collected $0.04 from pot
*** SUMMARY ***
Total pot $0.04 | Rake $0 
Seat 2: alancinco folded before Flop (didn't bet)
Seat 3: Ethomikse folded before Flop (didn't bet)
Seat 4: Parker09SA folded before Flop (didn't bet)
Seat 5: Glacius2050 (button) folded before Flop (didn't bet)
Seat 6: prizrak_162 (small blind) collected ($0.04)
Seat 8: Pokon (big blind) folded before Flop
Seat 9: Dorex2007 folded before Flop (didn't bet)



PokerStars Hand #237382493339:  Hold'em No Limit ($0.01/$0.02 USD) - 2022/07/15 16:10:52 PT [2022/07/15 19:10:52 ET]
Table 'Situla II' 9-max Seat #6 is the button
Seat 2: alancinco ($2.57 in chips) 
Seat 3: Ethomikse ($2.18 in chips) 
Seat 5: Glacius2050 ($3.79 in chips) 
Seat 6: prizrak_162 ($1.59 in chips) 
Seat 8: Pokon ($1.89 in chips) 
Seat 9: Dorex2007 ($2 in chips) 
Pokon: posts small blind $0.01
Dorex2007: posts big blind $0.02
*** HOLE CARDS ***
Dealt to Dorex2007 [4c 9s]
alancinco: raises $0.04 to $0.06
Ethomikse: folds 
Glacius2050: calls $0.06
prizrak_162: folds 
Pokon: calls $0.05
Dorex2007: folds 
*** FLOP *** [6s 2s Kh]
Pokon: bets $0.08
alancinco: calls $0.08
Glacius2050: calls $0.08
*** TURN *** [6s 2s Kh] [As]
Pokon: bets $0.14
alancinco: folds 
Glacius2050: calls $0.14
*** RIVER *** [6s 2s Kh As] [5c]
Pokon: bets $0.84
Glacius2050: calls $0.84
*** SHOW DOWN ***
Pokon: shows [Ks 8s] (a flush, Ace high)
Glacius2050: mucks hand 
Pokon collected $2.32 from pot
*** SUMMARY ***
Total pot $2.40 | Rake $0.08 
Board [6s 2s Kh As 5c]
Seat 2: alancinco folded on the Turn
Seat 3: Ethomikse folded before Flop (didn't bet)
Seat 5: Glacius2050 mucked [2c 2d]
Seat 6: prizrak_162 (button) folded before Flop (didn't bet)
Seat 8: Pokon (small blind) showed [Ks 8s] and won ($2.32) with a flush, Ace high
Seat 9: Dorex2007 (big blind) folded before Flop



PokerStars Hand #237382512597:  Hold'em No Limit ($0.01/$0.02 USD) - 2022/07/15 16:11:58 PT [2022/07/15 19:11:58 ET]
Table 'Situla II' 9-max Seat #8 is the button
Seat 2: alancinco ($2.43 in chips) 
Seat 3: Ethomikse ($2.18 in chips) 
Seat 5: Glacius2050 ($2.67 in chips) 
Seat 6: prizrak_162 ($1.59 in chips) 
Seat 8: Pokon ($3.09 in chips) 
Seat 9: Dorex2007 ($2 in chips) 
Dorex2007: posts small blind $0.01
alancinco: posts big blind $0.02
*** HOLE CARDS ***
Dealt to Dorex2007 [Ac 5h]
Ethomikse: folds 
Glacius2050: folds 
prizrak_162: folds 
Pokon: calls $0.02
Dorex2007: folds 
alancinco: checks 
*** FLOP *** [8s 9d 4s]
alancinco: checks 
Pokon: bets $0.06
alancinco: folds 
Uncalled bet ($0.06) returned to Pokon
Pokon collected $0.05 from pot
*** SUMMARY ***
Total pot $0.05 | Rake $0 
Board [8s 9d 4s]
Seat 2: alancinco (big blind) folded on the Flop
Seat 3: Ethomikse folded before Flop (didn't bet)
Seat 5: Glacius2050 folded before Flop (didn't bet)
Seat 6: prizrak_162 folded before Flop (didn't bet)
Seat 8: Pokon (button) collected ($0.05)
Seat 9: Dorex2007 (small blind) folded before Flop



PokerStars Hand #237382520404:  Hold'em No Limit ($0.01/$0.02 USD) - 2022/07/15 16:12:24 PT [2022/07/15 19:12:24 ET]
Table 'Situla II' 9-max Seat #9 is the button
Seat 2: alancinco ($2.41 in chips) 
Seat 3: Ethomikse ($2.18 in chips) 
Seat 5: Glacius2050 ($2.67 in chips) 
Seat 6: prizrak_162 ($1.59 in chips) 
Seat 8: Pokon ($3.12 in chips) 
Seat 9: Dorex2007 ($2 in chips) 
alancinco: posts small blind $0.01
Ethomikse: posts big blind $0.02
*** HOLE CARDS ***
Dealt to Dorex2007 [8d 3h]
Glacius2050: folds 
prizrak_162: folds 
Pokon: folds 
Dorex2007: folds 
alancinco: folds 
Uncalled bet ($0.01) returned to Ethomikse
alancinco leaves the table
Ethomikse collected $0.02 from pot
*** SUMMARY ***
Total pot $0.02 | Rake $0 
Seat 2: alancinco (small blind) folded before Flop
Seat 3: Ethomikse (big blind) collected ($0.02)
Seat 5: Glacius2050 folded before Flop (didn't bet)
Seat 6: prizrak_162 folded before Flop (didn't bet)
Seat 8: Pokon folded before Flop (didn't bet)
Seat 9: Dorex2007 (button) folded before Flop (didn't bet)



PokerStars Hand #237382524181:  Hold'em No Limit ($0.01/$0.02 USD) - 2022/07/15 16:12:37 PT [2022/07/15 19:12:37 ET]
Table 'Situla II' 9-max Seat #3 is the button
Seat 3: Ethomikse ($2.19 in chips) 
Seat 5: Glacius2050 ($2.67 in chips) 
Seat 6: prizrak_162 ($1.59 in chips) 
Seat 9: Dorex2007 ($2 in chips) 
Glacius2050: posts small blind $0.01
prizrak_162: posts big blind $0.02
*** HOLE CARDS ***
Dealt to Dorex2007 [3d 6s]
Pokon leaves the table
Dorex2007: folds 
Ethomikse: raises $0.02 to $0.04
Glacius2050: calls $0.03
prizrak_162: folds 
*** FLOP *** [5s 4d 9d]
Glacius2050: bets $0.11
Ethomikse: folds 
Uncalled bet ($0.11) returned to Glacius2050
Glacius2050 collected $0.10 from pot
*** SUMMARY ***
Total pot $0.10 | Rake $0 
Board [5s 4d 9d]
Seat 3: Ethomikse (button) folded on the Flop
Seat 5: Glacius2050 (small blind) collected ($0.10)
Seat 6: prizrak_162 (big blind) folded before Flop
Seat 9: Dorex2007 folded before Flop (didn't bet)



PokerStars Hand #237382531801:  Hold'em No Limit ($0.01/$0.02 USD) - 2022/07/15 16:13:04 PT [2022/07/15 19:13:04 ET]
Table 'Situla II' 9-max Seat #5 is the button
Seat 3: Ethomikse ($2.15 in chips) 
Seat 5: Glacius2050 ($2.73 in chips) 
Seat 6: prizrak_162 ($1.57 in chips) 
Seat 9: Dorex2007 ($2 in chips) 
prizrak_162: posts small blind $0.01
Dorex2007: posts big blind $0.02
*** HOLE CARDS ***
Dealt to Dorex2007 [Qc 6d]
Ethomikse: folds 
Ethomikse leaves the table
Glacius2050: folds 
prizrak_162: folds 
Uncalled bet ($0.01) returned to Dorex2007
Dorex2007 collected $0.02 from pot
*** SUMMARY ***
Total pot $0.02 | Rake $0 
Seat 3: Ethomikse folded before Flop (didn't bet)
Seat 5: Glacius2050 (button) folded before Flop (didn't bet)
Seat 6: prizrak_162 (small blind) folded before Flop
Seat 9: Dorex2007 (big blind) collected ($0.02)



PokerStars Hand #237382533157:  Hold'em No Limit ($0.01/$0.02 USD) - 2022/07/15 16:13:08 PT [2022/07/15 19:13:08 ET]
Table 'Situla II' 9-max Seat #6 is the button
Seat 5: Glacius2050 ($2.73 in chips) 
Seat 6: prizrak_162 ($1.56 in chips) 
Seat 9: Dorex2007 ($2.01 in chips) 
Dorex2007: posts small blind $0.01
Glacius2050: posts big blind $0.02
*** HOLE CARDS ***
Dealt to Dorex2007 [5d 7h]
prizrak_162: folds 
Dorex2007: folds 
Uncalled bet ($0.01) returned to Glacius2050
Glacius2050 collected $0.02 from pot
*** SUMMARY ***
Total pot $0.02 | Rake $0 
Seat 5: Glacius2050 (big blind) collected ($0.02)
Seat 6: prizrak_162 (button) folded before Flop (didn't bet)
Seat 9: Dorex2007 (small blind) folded before Flop



PokerStars Hand #237382534933:  Hold'em No Limit ($0.01/$0.02 USD) - 2022/07/15 16:13:14 PT [2022/07/15 19:13:14 ET]
Table 'Situla II' 9-max Seat #9 is the button
Seat 5: Glacius2050 ($2.74 in chips) 
Seat 6: prizrak_162 ($1.56 in chips) 
Seat 9: Dorex2007 ($2 in chips) 
Glacius2050: posts small blind $0.01
prizrak_162: posts big blind $0.02
*** HOLE CARDS ***
Dealt to Dorex2007 [8d Jc]
Dorex2007: folds 
Glacius2050: folds 
Uncalled bet ($0.01) returned to prizrak_162
Glacius2050 leaves the table
prizrak_162 collected $0.02 from pot
*** SUMMARY ***
Total pot $0.02 | Rake $0 
Seat 5: Glacius2050 (small blind) folded before Flop
Seat 6: prizrak_162 (big blind) collected ($0.02)
Seat 9: Dorex2007 (button) folded before Flop (didn't bet)



