PokerStars Hand #234473727160:  Hold'em No Limit ($0.01/$0.02 USD) - 2022/03/01 4:45:08 PT [2022/03/01 7:45:08 ET]
Table 'Alcathous II' 9-max Seat #3 is the button
Seat 1: Foyek2000 ($1.86 in chips) 
Seat 2: Dorex2007 ($2 in chips) 
Seat 3: Avirex_01 ($2.02 in chips) 
Seat 4: SDemid ($0.17 in chips) 
Seat 5: Mar1n04KA ($2 in chips) 
Seat 6: kapable71 ($2.23 in chips) 
Seat 7: Npskrell ($1.27 in chips) 
Seat 8: Hannelore900 ($1.64 in chips) 
Seat 9: Krokus2864 ($2 in chips) 
SDemid: posts small blind $0.01
Mar1n04KA: posts big blind $0.02
Dorex2007: posts big blind $0.02
*** HOLE CARDS ***
Dealt to Dorex2007 [Th 8d]
kapable71: folds 
Npskrell: folds 
Hannelore900: raises $0.07 to $0.09
Krokus2864: folds 
Foyek2000: calls $0.09
Dorex2007: folds 
Avirex_01: folds 
SDemid: raises $0.07 to $0.16
Mar1n04KA: folds 
Hannelore900: raises $1.48 to $1.64 and is all-in
Foyek2000: folds 
SDemid: calls $0.01 and is all-in
Uncalled bet ($1.47) returned to Hannelore900
*** FLOP *** [3d 4c Kc]
*** TURN *** [3d 4c Kc] [8c]
*** RIVER *** [3d 4c Kc 8c] [Qc]
*** SHOW DOWN ***
SDemid: shows [5c 5h] (a flush, King high)
Hannelore900: shows [As Kd] (a pair of Kings)
SDemid collected $0.45 from pot
*** SUMMARY ***
Total pot $0.47 | Rake $0.02 
Board [3d 4c Kc 8c Qc]
Seat 1: Foyek2000 folded before Flop
Seat 2: Dorex2007 folded before Flop (didn't bet)
Seat 3: Avirex_01 (button) folded before Flop (didn't bet)
Seat 4: SDemid (small blind) showed [5c 5h] and won ($0.45) with a flush, King high
Seat 5: Mar1n04KA (big blind) folded before Flop
Seat 6: kapable71 folded before Flop (didn't bet)
Seat 7: Npskrell folded before Flop (didn't bet)
Seat 8: Hannelore900 showed [As Kd] and lost with a pair of Kings
Seat 9: Krokus2864 folded before Flop (didn't bet)



PokerStars Hand #234473740922:  Hold'em No Limit ($0.01/$0.02 USD) - 2022/03/01 4:46:04 PT [2022/03/01 7:46:04 ET]
Table 'Alcathous II' 9-max Seat #4 is the button
Seat 1: Foyek2000 ($1.77 in chips) 
Seat 2: Dorex2007 ($2 in chips) 
Seat 3: Avirex_01 ($2.02 in chips) 
Seat 4: SDemid ($0.45 in chips) 
Seat 5: Mar1n04KA ($2 in chips) 
Seat 6: kapable71 ($2.23 in chips) 
Seat 7: Npskrell ($1.27 in chips) 
Seat 8: Hannelore900 ($1.47 in chips) 
Seat 9: Krokus2864 ($2 in chips) 
Mar1n04KA: posts small blind $0.01
kapable71: posts big blind $0.02
*** HOLE CARDS ***
Dealt to Dorex2007 [6c 5h]
Npskrell: folds 
Hannelore900: calls $0.02
Krokus2864: folds 
Foyek2000: raises $0.08 to $0.10
Dorex2007: folds 
Avirex_01: raises $0.08 to $0.18
SDemid: folds 
Mar1n04KA: folds 
kapable71: folds 
Hannelore900: calls $0.16
Foyek2000: calls $0.08
*** FLOP *** [Ks Qs 2s]
Hannelore900: checks 
Foyek2000: checks 
Avirex_01: bets $0.27
Hannelore900: folds 
Foyek2000: folds 
Uncalled bet ($0.27) returned to Avirex_01
Avirex_01 collected $0.55 from pot
Avirex_01: doesn't show hand 
*** SUMMARY ***
Total pot $0.57 | Rake $0.02 
Board [Ks Qs 2s]
Seat 1: Foyek2000 folded on the Flop
Seat 2: Dorex2007 folded before Flop (didn't bet)
Seat 3: Avirex_01 collected ($0.55)
Seat 4: SDemid (button) folded before Flop (didn't bet)
Seat 5: Mar1n04KA (small blind) folded before Flop
Seat 6: kapable71 (big blind) folded before Flop
Seat 7: Npskrell folded before Flop (didn't bet)
Seat 8: Hannelore900 folded on the Flop
Seat 9: Krokus2864 folded before Flop (didn't bet)



PokerStars Hand #234473754891:  Hold'em No Limit ($0.01/$0.02 USD) - 2022/03/01 4:47:03 PT [2022/03/01 7:47:03 ET]
Table 'Alcathous II' 9-max Seat #5 is the button
Seat 1: Foyek2000 ($1.59 in chips) 
Seat 2: Dorex2007 ($2 in chips) 
Seat 3: Avirex_01 ($2.39 in chips) 
Seat 4: SDemid ($0.45 in chips) 
Seat 5: Mar1n04KA ($2 in chips) 
Seat 6: kapable71 ($2.21 in chips) 
Seat 7: Npskrell ($1.27 in chips) 
Seat 8: Hannelore900 ($1.29 in chips) 
Seat 9: Krokus2864 ($2 in chips) 
kapable71: posts small blind $0.01
Npskrell: posts big blind $0.02
*** HOLE CARDS ***
Dealt to Dorex2007 [2d 2h]
Hannelore900: folds 
Krokus2864: folds 
Foyek2000: raises $0.04 to $0.06
Dorex2007: folds 
Avirex_01: folds 
SDemid: calls $0.06
Mar1n04KA: folds 
kapable71: calls $0.05
Npskrell: calls $0.04
*** FLOP *** [Js 6s Th]
kapable71: checks 
Npskrell: checks 
Foyek2000: bets $0.15
SDemid: folds 
kapable71: raises $0.27 to $0.42
Npskrell: folds 
Foyek2000: raises $1.07 to $1.49
kapable71: raises $0.66 to $2.15 and is all-in
Foyek2000: calls $0.04 and is all-in
Uncalled bet ($0.62) returned to kapable71
*** TURN *** [Js 6s Th] [3c]
*** RIVER *** [Js 6s Th 3c] [Jd]
*** SHOW DOWN ***
kapable71: shows [Ah As] (two pair, Aces and Jacks)
Foyek2000: shows [Ks Kd] (two pair, Kings and Jacks)
kapable71 collected $3.18 from pot
*** SUMMARY ***
Total pot $3.30 | Rake $0.12 
Board [Js 6s Th 3c Jd]
Seat 1: Foyek2000 showed [Ks Kd] and lost with two pair, Kings and Jacks
Seat 2: Dorex2007 folded before Flop (didn't bet)
Seat 3: Avirex_01 folded before Flop (didn't bet)
Seat 4: SDemid folded on the Flop
Seat 5: Mar1n04KA (button) folded before Flop (didn't bet)
Seat 6: kapable71 (small blind) showed [Ah As] and won ($3.18) with two pair, Aces and Jacks
Seat 7: Npskrell (big blind) folded on the Flop
Seat 8: Hannelore900 folded before Flop (didn't bet)
Seat 9: Krokus2864 folded before Flop (didn't bet)



PokerStars Hand #234473777567:  Hold'em No Limit ($0.01/$0.02 USD) - 2022/03/01 4:48:37 PT [2022/03/01 7:48:37 ET]
Table 'Alcathous II' 9-max Seat #6 is the button
Seat 2: Dorex2007 ($2 in chips) 
Seat 3: Avirex_01 ($2.39 in chips) 
Seat 4: SDemid ($0.39 in chips) 
Seat 5: Mar1n04KA ($2 in chips) 
Seat 6: kapable71 ($3.80 in chips) 
Seat 7: Npskrell ($1.21 in chips) 
Seat 8: Hannelore900 ($1.29 in chips) 
Seat 9: Krokus2864 ($2 in chips) 
Npskrell: posts small blind $0.01
Hannelore900: posts big blind $0.02
*** HOLE CARDS ***
Dealt to Dorex2007 [Kd Qs]
Krokus2864: folds 
Dorex2007: raises $0.04 to $0.06
Avirex_01: folds 
SDemid: folds 
Mar1n04KA: calls $0.06
kapable71: folds 
Npskrell: calls $0.05
Hannelore900: folds 
*** FLOP *** [7d 6c 3s]
Npskrell: checks 
Dorex2007: checks 
Mar1n04KA: bets $0.13
Npskrell: raises $0.19 to $0.32
Dorex2007: folds 
Mar1n04KA: folds 
Uncalled bet ($0.19) returned to Npskrell
Npskrell collected $0.44 from pot
Npskrell: doesn't show hand 
*** SUMMARY ***
Total pot $0.46 | Rake $0.02 
Board [7d 6c 3s]
Seat 2: Dorex2007 folded on the Flop
Seat 3: Avirex_01 folded before Flop (didn't bet)
Seat 4: SDemid folded before Flop (didn't bet)
Seat 5: Mar1n04KA folded on the Flop
Seat 6: kapable71 (button) folded before Flop (didn't bet)
Seat 7: Npskrell (small blind) collected ($0.44)
Seat 8: Hannelore900 (big blind) folded before Flop
Seat 9: Krokus2864 folded before Flop (didn't bet)



PokerStars Hand #234473787437:  Hold'em No Limit ($0.01/$0.02 USD) - 2022/03/01 4:49:18 PT [2022/03/01 7:49:18 ET]
Table 'Alcathous II' 9-max Seat #7 is the button
Seat 1: Foyek2000 ($0.80 in chips) 
Seat 2: Dorex2007 ($2 in chips) 
Seat 3: Avirex_01 ($2.39 in chips) 
Seat 4: SDemid ($0.39 in chips) 
Seat 5: Mar1n04KA ($2 in chips) 
Seat 6: kapable71 ($3.80 in chips) 
Seat 7: Npskrell ($1.46 in chips) 
Seat 8: Hannelore900 ($1.27 in chips) 
Seat 9: Krokus2864 ($2 in chips) 
Hannelore900: posts small blind $0.01
Krokus2864: posts big blind $0.02
*** HOLE CARDS ***
Dealt to Dorex2007 [Js Jh]
Foyek2000: folds 
Dorex2007: raises $0.02 to $0.04
Avirex_01: folds 
SDemid: folds 
Mar1n04KA: folds 
kapable71: folds 
Npskrell: folds 
Hannelore900: calls $0.03
Krokus2864: folds 
*** FLOP *** [Kd Kc 4d]
Hannelore900: checks 
Dorex2007: bets $0.10
Hannelore900: calls $0.10
*** TURN *** [Kd Kc 4d] [7s]
Hannelore900: checks 
Dorex2007: checks 
*** RIVER *** [Kd Kc 4d 7s] [2h]
Hannelore900: checks 
Dorex2007: checks 
*** SHOW DOWN ***
Hannelore900: shows [9h Ah] (a pair of Kings)
Dorex2007: shows [Js Jh] (two pair, Kings and Jacks)
Dorex2007 collected $0.29 from pot
*** SUMMARY ***
Total pot $0.30 | Rake $0.01 
Board [Kd Kc 4d 7s 2h]
Seat 1: Foyek2000 folded before Flop (didn't bet)
Seat 2: Dorex2007 showed [Js Jh] and won ($0.29) with two pair, Kings and Jacks
Seat 3: Avirex_01 folded before Flop (didn't bet)
Seat 4: SDemid folded before Flop (didn't bet)
Seat 5: Mar1n04KA folded before Flop (didn't bet)
Seat 6: kapable71 folded before Flop (didn't bet)
Seat 7: Npskrell (button) folded before Flop (didn't bet)
Seat 8: Hannelore900 (small blind) showed [9h Ah] and lost with a pair of Kings
Seat 9: Krokus2864 (big blind) folded before Flop



PokerStars Hand #234473806199:  Hold'em No Limit ($0.01/$0.02 USD) - 2022/03/01 4:49:57 PT [2022/03/01 7:49:57 ET]
Table 'Alcathous II' 9-max Seat #8 is the button
Seat 1: Foyek2000 ($0.80 in chips) 
Seat 2: Dorex2007 ($2.15 in chips) 
Seat 3: Avirex_01 ($2.39 in chips) 
Seat 4: SDemid ($0.39 in chips) 
Seat 5: Mar1n04KA ($2 in chips) 
Seat 6: kapable71 ($3.80 in chips) 
Seat 7: Npskrell ($1.46 in chips) 
Seat 8: Hannelore900 ($1.13 in chips) 
Seat 9: Krokus2864 ($2 in chips) 
Krokus2864: posts small blind $0.01
Foyek2000: posts big blind $0.02
*** HOLE CARDS ***
Dealt to Dorex2007 [Ts Kc]
Dorex2007: folds 
Avirex_01: folds 
SDemid: folds 
Mar1n04KA: folds 
kapable71: folds 
Npskrell: raises $0.04 to $0.06
Hannelore900: folds 
Krokus2864: folds 
Foyek2000: folds 
Uncalled bet ($0.04) returned to Npskrell
Npskrell collected $0.05 from pot
Npskrell: doesn't show hand 
*** SUMMARY ***
Total pot $0.05 | Rake $0 
Seat 1: Foyek2000 (big blind) folded before Flop
Seat 2: Dorex2007 folded before Flop (didn't bet)
Seat 3: Avirex_01 folded before Flop (didn't bet)
Seat 4: SDemid folded before Flop (didn't bet)
Seat 5: Mar1n04KA folded before Flop (didn't bet)
Seat 6: kapable71 folded before Flop (didn't bet)
Seat 7: Npskrell collected ($0.05)
Seat 8: Hannelore900 (button) folded before Flop (didn't bet)
Seat 9: Krokus2864 (small blind) folded before Flop



PokerStars Hand #234473811989:  Hold'em No Limit ($0.01/$0.02 USD) - 2022/03/01 4:50:21 PT [2022/03/01 7:50:21 ET]
Table 'Alcathous II' 9-max Seat #9 is the button
Seat 1: Foyek2000 ($0.78 in chips) 
Seat 2: Dorex2007 ($2.15 in chips) 
Seat 3: Avirex_01 ($2.39 in chips) 
Seat 4: SDemid ($0.39 in chips) 
Seat 5: Mar1n04KA ($2 in chips) 
Seat 6: kapable71 ($3.80 in chips) 
Seat 7: Npskrell ($1.49 in chips) 
Seat 8: Hannelore900 ($1.13 in chips) 
Seat 9: Krokus2864 ($2 in chips) 
Foyek2000: posts small blind $0.01
Dorex2007: posts big blind $0.02
*** HOLE CARDS ***
Dealt to Dorex2007 [Th Js]
Avirex_01: raises $0.02 to $0.04
SDemid: folds 
Mar1n04KA: folds 
kapable71: folds 
Npskrell: calls $0.04
Hannelore900: folds 
Krokus2864: folds 
Foyek2000: calls $0.03
Dorex2007: calls $0.02
*** FLOP *** [2h 3d 7h]
Foyek2000: checks 
Dorex2007: checks 
Avirex_01: bets $0.06
Npskrell: calls $0.06
Foyek2000: calls $0.06
Dorex2007: folds 
*** TURN *** [2h 3d 7h] [3c]
Foyek2000: checks 
Avirex_01: bets $0.16
Npskrell: folds 
Foyek2000: calls $0.16
*** RIVER *** [2h 3d 7h 3c] [5s]
Foyek2000: checks 
Avirex_01: bets $0.06
Foyek2000: calls $0.06
*** SHOW DOWN ***
Avirex_01: shows [Ac As] (two pair, Aces and Threes)
Foyek2000: mucks hand 
Avirex_01 collected $0.75 from pot
*** SUMMARY ***
Total pot $0.78 | Rake $0.03 
Board [2h 3d 7h 3c 5s]
Seat 1: Foyek2000 (small blind) mucked [8h 7d]
Seat 2: Dorex2007 (big blind) folded on the Flop
Seat 3: Avirex_01 showed [Ac As] and won ($0.75) with two pair, Aces and Threes
Seat 4: SDemid folded before Flop (didn't bet)
Seat 5: Mar1n04KA folded before Flop (didn't bet)
Seat 6: kapable71 folded before Flop (didn't bet)
Seat 7: Npskrell folded on the Turn
Seat 8: Hannelore900 folded before Flop (didn't bet)
Seat 9: Krokus2864 (button) folded before Flop (didn't bet)



PokerStars Hand #234473824939:  Hold'em No Limit ($0.01/$0.02 USD) - 2022/03/01 4:51:15 PT [2022/03/01 7:51:15 ET]
Table 'Alcathous II' 9-max Seat #1 is the button
Seat 1: Foyek2000 ($0.46 in chips) 
Seat 2: Dorex2007 ($2.11 in chips) 
Seat 3: Avirex_01 ($2.82 in chips) 
Seat 4: SDemid ($0.39 in chips) 
Seat 5: Mar1n04KA ($2 in chips) 
Seat 6: kapable71 ($3.80 in chips) 
Seat 7: Npskrell ($1.39 in chips) 
Seat 8: Hannelore900 ($1.13 in chips) 
Seat 9: Krokus2864 ($2 in chips) 
Dorex2007: posts small blind $0.01
Avirex_01: posts big blind $0.02
*** HOLE CARDS ***
Dealt to Dorex2007 [9c 3s]
SDemid: folds 
Mar1n04KA: raises $0.04 to $0.06
kapable71: folds 
Npskrell: calls $0.06
Hannelore900: folds 
Krokus2864: folds 
Foyek2000: calls $0.06
Dorex2007: folds 
Avirex_01: folds 
*** FLOP *** [2s Th Jd]
Mar1n04KA: bets $0.13
Npskrell: calls $0.13
Foyek2000: folds 
*** TURN *** [2s Th Jd] [7c]
Mar1n04KA: bets $0.30
Npskrell: raises $0.44 to $0.74
Mar1n04KA: raises $0.50 to $1.24
Npskrell: calls $0.46 and is all-in
Uncalled bet ($0.04) returned to Mar1n04KA
*** RIVER *** [2s Th Jd 7c] [Qh]
*** SHOW DOWN ***
Mar1n04KA: shows [Jh Kc] (a pair of Jacks)
Npskrell: shows [9s 8s] (a straight, Eight to Queen)
Npskrell collected $2.77 from pot
*** SUMMARY ***
Total pot $2.87 | Rake $0.10 
Board [2s Th Jd 7c Qh]
Seat 1: Foyek2000 (button) folded on the Flop
Seat 2: Dorex2007 (small blind) folded before Flop
Seat 3: Avirex_01 (big blind) folded before Flop
Seat 4: SDemid folded before Flop (didn't bet)
Seat 5: Mar1n04KA showed [Jh Kc] and lost with a pair of Jacks
Seat 6: kapable71 folded before Flop (didn't bet)
Seat 7: Npskrell showed [9s 8s] and won ($2.77) with a straight, Eight to Queen
Seat 8: Hannelore900 folded before Flop (didn't bet)
Seat 9: Krokus2864 folded before Flop (didn't bet)



PokerStars Hand #234473838187:  Hold'em No Limit ($0.01/$0.02 USD) - 2022/03/01 4:52:11 PT [2022/03/01 7:52:11 ET]
Table 'Alcathous II' 9-max Seat #2 is the button
Seat 1: Foyek2000 ($0.90 in chips) 
Seat 2: Dorex2007 ($2.10 in chips) 
Seat 3: Avirex_01 ($2.80 in chips) 
Seat 4: SDemid ($0.39 in chips) 
Seat 5: Mar1n04KA ($2 in chips) 
Seat 6: kapable71 ($3.80 in chips) 
Seat 7: Npskrell ($2.77 in chips) 
Seat 8: Hannelore900 ($1.13 in chips) 
Seat 9: Krokus2864 ($2 in chips) 
Avirex_01: posts small blind $0.01
SDemid: posts big blind $0.02
*** HOLE CARDS ***
Dealt to Dorex2007 [Tc 9d]
Mar1n04KA: raises $0.04 to $0.06
kapable71: calls $0.06
Npskrell: folds 
Hannelore900: calls $0.06
Krokus2864: folds 
Foyek2000: calls $0.06
Dorex2007: folds 
Avirex_01: folds 
SDemid: folds 
*** FLOP *** [Ah 7s 8s]
Mar1n04KA: checks 
kapable71: bets $0.13
Hannelore900: folds 
Foyek2000: calls $0.13
Mar1n04KA: folds 
*** TURN *** [Ah 7s 8s] [4s]
kapable71: bets $0.26
Foyek2000: calls $0.26
*** RIVER *** [Ah 7s 8s 4s] [2d]
kapable71: checks 
Foyek2000: checks 
*** SHOW DOWN ***
kapable71: shows [Ad Kh] (a pair of Aces)
Foyek2000: mucks hand 
kapable71 collected $1.01 from pot
*** SUMMARY ***
Total pot $1.05 | Rake $0.04 
Board [Ah 7s 8s 4s 2d]
Seat 1: Foyek2000 mucked [3s Ac]
Seat 2: Dorex2007 (button) folded before Flop (didn't bet)
Seat 3: Avirex_01 (small blind) folded before Flop
Seat 4: SDemid (big blind) folded before Flop
Seat 5: Mar1n04KA folded on the Flop
Seat 6: kapable71 showed [Ad Kh] and won ($1.01) with a pair of Aces
Seat 7: Npskrell folded before Flop (didn't bet)
Seat 8: Hannelore900 folded on the Flop
Seat 9: Krokus2864 folded before Flop (didn't bet)



PokerStars Hand #234473854523:  Hold'em No Limit ($0.01/$0.02 USD) - 2022/03/01 4:53:19 PT [2022/03/01 7:53:19 ET]
Table 'Alcathous II' 9-max Seat #3 is the button
Seat 1: Foyek2000 ($0.45 in chips) 
Seat 2: Dorex2007 ($2.10 in chips) 
Seat 3: Avirex_01 ($2.79 in chips) 
Seat 4: SDemid ($0.37 in chips) 
Seat 5: Mar1n04KA ($2 in chips) 
Seat 6: kapable71 ($4.36 in chips) 
Seat 7: Npskrell ($2.77 in chips) 
Seat 8: Hannelore900 ($1.07 in chips) 
Seat 9: Krokus2864 ($2 in chips) 
SDemid: posts small blind $0.01
Mar1n04KA: posts big blind $0.02
*** HOLE CARDS ***
Dealt to Dorex2007 [3s Jh]
kapable71: folds 
Npskrell: folds 
Hannelore900: calls $0.02
Krokus2864: folds 
Npskrell leaves the table
Foyek2000: calls $0.02
Dorex2007: folds 
Avirex_01: calls $0.02
Zuban442 joins the table at seat #7 
SDemid: calls $0.01
Mar1n04KA: checks 
*** FLOP *** [8d 9c Jc]
SDemid: checks 
Mar1n04KA: checks 
Hannelore900: checks 
Foyek2000: checks 
Avirex_01: checks 
*** TURN *** [8d 9c Jc] [Th]
SDemid: checks 
Mar1n04KA: checks 
Hannelore900: checks 
Foyek2000: checks 
Avirex_01: bets $0.05
SDemid: folds 
Mar1n04KA: folds 
Hannelore900: folds 
Foyek2000: folds 
Uncalled bet ($0.05) returned to Avirex_01
Avirex_01 collected $0.10 from pot
Avirex_01: doesn't show hand 
*** SUMMARY ***
Total pot $0.10 | Rake $0 
Board [8d 9c Jc Th]
Seat 1: Foyek2000 folded on the Turn
Seat 2: Dorex2007 folded before Flop (didn't bet)
Seat 3: Avirex_01 (button) collected ($0.10)
Seat 4: SDemid (small blind) folded on the Turn
Seat 5: Mar1n04KA (big blind) folded on the Turn
Seat 6: kapable71 folded before Flop (didn't bet)
Seat 7: Npskrell folded before Flop (didn't bet)
Seat 8: Hannelore900 folded on the Turn
Seat 9: Krokus2864 folded before Flop (didn't bet)



PokerStars Hand #234473868924:  Hold'em No Limit ($0.01/$0.02 USD) - 2022/03/01 4:54:20 PT [2022/03/01 7:54:20 ET]
Table 'Alcathous II' 9-max Seat #4 is the button
Seat 1: Foyek2000 ($0.43 in chips) 
Seat 2: Dorex2007 ($2.10 in chips) 
Seat 3: Avirex_01 ($2.87 in chips) 
Seat 4: SDemid ($0.35 in chips) 
Seat 5: Mar1n04KA ($2 in chips) 
Seat 6: kapable71 ($4.36 in chips) 
Seat 8: Hannelore900 ($1.05 in chips) 
Seat 9: Krokus2864 ($2 in chips) 
Mar1n04KA: posts small blind $0.01
kapable71: posts big blind $0.02
Zuban442: sits out 
*** HOLE CARDS ***
Dealt to Dorex2007 [5h Qs]
Hannelore900: calls $0.02
Krokus2864: folds 
Foyek2000: folds 
Dorex2007: folds 
Avirex_01: calls $0.02
SDemid: raises $0.04 to $0.06
Mar1n04KA: calls $0.05
kapable71: folds 
Hannelore900: calls $0.04
Avirex_01: folds 
*** FLOP *** [2c Th 9c]
Mar1n04KA: checks 
Hannelore900: checks 
SDemid: bets $0.06
Mar1n04KA: folds 
Hannelore900: calls $0.06
*** TURN *** [2c Th 9c] [4s]
Hannelore900: checks 
SDemid: bets $0.10
Hannelore900: calls $0.10
*** RIVER *** [2c Th 9c 4s] [Ks]
Hannelore900: checks 
SDemid: bets $0.13 and is all-in
Hannelore900: folds 
Uncalled bet ($0.13) returned to SDemid
SDemid collected $0.52 from pot
*** SUMMARY ***
Total pot $0.54 | Rake $0.02 
Board [2c Th 9c 4s Ks]
Seat 1: Foyek2000 folded before Flop (didn't bet)
Seat 2: Dorex2007 folded before Flop (didn't bet)
Seat 3: Avirex_01 folded before Flop
Seat 4: SDemid (button) collected ($0.52)
Seat 5: Mar1n04KA (small blind) folded on the Flop
Seat 6: kapable71 (big blind) folded before Flop
Seat 8: Hannelore900 folded on the River
Seat 9: Krokus2864 folded before Flop (didn't bet)



PokerStars Hand #234473883213:  Hold'em No Limit ($0.01/$0.02 USD) - 2022/03/01 4:55:20 PT [2022/03/01 7:55:20 ET]
Table 'Alcathous II' 9-max Seat #5 is the button
Seat 1: Foyek2000 ($0.43 in chips) 
Seat 2: Dorex2007 ($2.10 in chips) 
Seat 3: Avirex_01 ($2.85 in chips) 
Seat 4: SDemid ($0.65 in chips) 
Seat 5: Mar1n04KA ($2 in chips) 
Seat 6: kapable71 ($4.34 in chips) 
Seat 7: Zuban442 ($0.80 in chips) 
Seat 8: Hannelore900 ($0.83 in chips) 
Seat 9: Krokus2864 ($2 in chips) 
kapable71: posts small blind $0.01
Zuban442: posts big blind $0.02
*** HOLE CARDS ***
Dealt to Dorex2007 [9s 7d]
Hannelore900: calls $0.02
Krokus2864: folds 
Foyek2000: calls $0.02
Dorex2007: folds 
Avirex_01: calls $0.02
SDemid: calls $0.02
Mar1n04KA: calls $0.02
kapable71: folds 
Zuban442: checks 
*** FLOP *** [Js Ah 5d]
Zuban442: checks 
Hannelore900: checks 
Foyek2000: checks 
Avirex_01: bets $0.04
SDemid: folds 
Mar1n04KA: folds 
Zuban442: folds 
Hannelore900: calls $0.04
Foyek2000: calls $0.04
*** TURN *** [Js Ah 5d] [Ac]
Hannelore900: checks 
Foyek2000: bets $0.06
Avirex_01: calls $0.06
Hannelore900: folds 
*** RIVER *** [Js Ah 5d Ac] [2c]
Foyek2000: bets $0.08
Avirex_01: calls $0.08
*** SHOW DOWN ***
Foyek2000: shows [Jc Kd] (two pair, Aces and Jacks)
Avirex_01: mucks hand 
Foyek2000 collected $0.51 from pot
*** SUMMARY ***
Total pot $0.53 | Rake $0.02 
Board [Js Ah 5d Ac 2c]
Seat 1: Foyek2000 showed [Jc Kd] and won ($0.51) with two pair, Aces and Jacks
Seat 2: Dorex2007 folded before Flop (didn't bet)
Seat 3: Avirex_01 mucked [4h Jh]
Seat 4: SDemid folded on the Flop
Seat 5: Mar1n04KA (button) folded on the Flop
Seat 6: kapable71 (small blind) folded before Flop
Seat 7: Zuban442 (big blind) folded on the Flop
Seat 8: Hannelore900 folded on the Turn
Seat 9: Krokus2864 folded before Flop (didn't bet)



PokerStars Hand #234473900357:  Hold'em No Limit ($0.01/$0.02 USD) - 2022/03/01 4:56:43 PT [2022/03/01 7:56:43 ET]
Table 'Alcathous II' 9-max Seat #6 is the button
Seat 1: Foyek2000 ($0.74 in chips) 
Seat 2: Dorex2007 ($2.10 in chips) 
Seat 3: Avirex_01 ($2.65 in chips) 
Seat 4: SDemid ($0.63 in chips) 
Seat 5: Mar1n04KA ($2 in chips) 
Seat 6: kapable71 ($4.33 in chips) 
Seat 7: Zuban442 ($0.78 in chips) 
Seat 8: Hannelore900 ($0.77 in chips) 
Seat 9: Krokus2864 ($2 in chips) 
Zuban442: posts small blind $0.01
Hannelore900: posts big blind $0.02
*** HOLE CARDS ***
Dealt to Dorex2007 [Jd 8d]
Krokus2864: folds 
Foyek2000: folds 
Dorex2007: folds 
Avirex_01: folds 
SDemid: folds 
Mar1n04KA: raises $0.04 to $0.06
kapable71: folds 
Zuban442: folds 
Hannelore900: calls $0.04
*** FLOP *** [9c 5h Kh]
Hannelore900: bets $0.13
Mar1n04KA: folds 
Uncalled bet ($0.13) returned to Hannelore900
Hannelore900 collected $0.13 from pot
Hannelore900: doesn't show hand 
*** SUMMARY ***
Total pot $0.13 | Rake $0 
Board [9c 5h Kh]
Seat 1: Foyek2000 folded before Flop (didn't bet)
Seat 2: Dorex2007 folded before Flop (didn't bet)
Seat 3: Avirex_01 folded before Flop (didn't bet)
Seat 4: SDemid folded before Flop (didn't bet)
Seat 5: Mar1n04KA folded on the Flop
Seat 6: kapable71 (button) folded before Flop (didn't bet)
Seat 7: Zuban442 (small blind) folded before Flop
Seat 8: Hannelore900 (big blind) collected ($0.13)
Seat 9: Krokus2864 folded before Flop (didn't bet)



PokerStars Hand #234473905086:  Hold'em No Limit ($0.01/$0.02 USD) - 2022/03/01 4:57:05 PT [2022/03/01 7:57:05 ET]
Table 'Alcathous II' 9-max Seat #7 is the button
Seat 1: Foyek2000 ($0.74 in chips) 
Seat 2: Dorex2007 ($2.10 in chips) 
Seat 3: Avirex_01 ($2.65 in chips) 
Seat 4: SDemid ($0.63 in chips) 
Seat 5: Mar1n04KA ($1.97 in chips) 
Seat 6: kapable71 ($4.33 in chips) 
Seat 7: Zuban442 ($0.77 in chips) 
Seat 8: Hannelore900 ($0.84 in chips) 
Seat 9: Krokus2864 ($2 in chips) 
Hannelore900: posts small blind $0.01
Krokus2864: posts big blind $0.02
*** HOLE CARDS ***
Dealt to Dorex2007 [Kd Js]
Foyek2000: folds 
Dorex2007: folds 
Avirex_01: folds 
SDemid: calls $0.02
Mar1n04KA: folds 
kapable71: folds 
Zuban442: folds 
Hannelore900: calls $0.01
Krokus2864: checks 
*** FLOP *** [Kh 9d Ad]
Hannelore900: checks 
Krokus2864: checks 
SDemid: bets $0.02
Hannelore900: folds 
Krokus2864: folds 
Uncalled bet ($0.02) returned to SDemid
SDemid collected $0.06 from pot
*** SUMMARY ***
Total pot $0.06 | Rake $0 
Board [Kh 9d Ad]
Seat 1: Foyek2000 folded before Flop (didn't bet)
Seat 2: Dorex2007 folded before Flop (didn't bet)
Seat 3: Avirex_01 folded before Flop (didn't bet)
Seat 4: SDemid collected ($0.06)
Seat 5: Mar1n04KA folded before Flop (didn't bet)
Seat 6: kapable71 folded before Flop (didn't bet)
Seat 7: Zuban442 (button) folded before Flop (didn't bet)
Seat 8: Hannelore900 (small blind) folded on the Flop
Seat 9: Krokus2864 (big blind) folded on the Flop



PokerStars Hand #234473913198:  Hold'em No Limit ($0.01/$0.02 USD) - 2022/03/01 4:57:44 PT [2022/03/01 7:57:44 ET]
Table 'Alcathous II' 9-max Seat #8 is the button
Seat 1: Foyek2000 ($0.74 in chips) 
Seat 2: Dorex2007 ($2.10 in chips) 
Seat 3: Avirex_01 ($2.65 in chips) 
Seat 4: SDemid ($0.67 in chips) 
Seat 5: Mar1n04KA ($1.97 in chips) 
Seat 6: kapable71 ($4.33 in chips) 
Seat 7: Zuban442 ($0.77 in chips) 
Seat 8: Hannelore900 ($0.82 in chips) 
Seat 9: Krokus2864 ($2 in chips) 
Krokus2864: posts small blind $0.01
Foyek2000: posts big blind $0.02
*** HOLE CARDS ***
Dealt to Dorex2007 [8c 6h]
Dorex2007: folds 
Avirex_01: folds 
SDemid: raises $0.02 to $0.04
Mar1n04KA: raises $0.06 to $0.10
kapable71: folds 
Zuban442: folds 
Hannelore900: folds 
Krokus2864: folds 
Foyek2000: raises $0.64 to $0.74 and is all-in
SDemid: folds 
Mar1n04KA: folds 
Uncalled bet ($0.64) returned to Foyek2000
Foyek2000 collected $0.25 from pot
*** SUMMARY ***
Total pot $0.25 | Rake $0 
Seat 1: Foyek2000 (big blind) collected ($0.25)
Seat 2: Dorex2007 folded before Flop (didn't bet)
Seat 3: Avirex_01 folded before Flop (didn't bet)
Seat 4: SDemid folded before Flop
Seat 5: Mar1n04KA folded before Flop
Seat 6: kapable71 folded before Flop (didn't bet)
Seat 7: Zuban442 folded before Flop (didn't bet)
Seat 8: Hannelore900 (button) folded before Flop (didn't bet)
Seat 9: Krokus2864 (small blind) folded before Flop



PokerStars Hand #234473922211:  Hold'em No Limit ($0.01/$0.02 USD) - 2022/03/01 4:58:26 PT [2022/03/01 7:58:26 ET]
Table 'Alcathous II' 9-max Seat #9 is the button
Seat 1: Foyek2000 ($0.89 in chips) 
Seat 2: Dorex2007 ($2.10 in chips) 
Seat 3: Avirex_01 ($2.65 in chips) 
Seat 4: SDemid ($0.63 in chips) 
Seat 5: Mar1n04KA ($1.87 in chips) 
Seat 6: kapable71 ($4.33 in chips) 
Seat 7: Zuban442 ($0.77 in chips) 
Seat 8: Hannelore900 ($0.82 in chips) 
Seat 9: Krokus2864 ($2 in chips) 
Foyek2000: posts small blind $0.01
Dorex2007: posts big blind $0.02
*** HOLE CARDS ***
Dealt to Dorex2007 [8h 5d]
Avirex_01: calls $0.02
SDemid: folds 
Mar1n04KA: folds 
kapable71: raises $0.04 to $0.06
Zuban442: folds 
Hannelore900: calls $0.06
Krokus2864: folds 
Foyek2000: folds 
Dorex2007: folds 
Avirex_01: calls $0.04
*** FLOP *** [Kh Kd 7s]
Avirex_01: checks 
kapable71: bets $0.10
Hannelore900: calls $0.10
Avirex_01: folds 
*** TURN *** [Kh Kd 7s] [8d]
kapable71: bets $0.20
Hannelore900: calls $0.20
*** RIVER *** [Kh Kd 7s 8d] [4d]
kapable71: bets $0.39
Hannelore900: calls $0.39
*** SHOW DOWN ***
kapable71: shows [Ac Ah] (two pair, Aces and Kings)
Hannelore900: mucks hand 
kapable71 collected $1.53 from pot
*** SUMMARY ***
Total pot $1.59 | Rake $0.06 
Board [Kh Kd 7s 8d 4d]
Seat 1: Foyek2000 (small blind) folded before Flop
Seat 2: Dorex2007 (big blind) folded before Flop
Seat 3: Avirex_01 folded on the Flop
Seat 4: SDemid folded before Flop (didn't bet)
Seat 5: Mar1n04KA folded before Flop (didn't bet)
Seat 6: kapable71 showed [Ac Ah] and won ($1.53) with two pair, Aces and Kings
Seat 7: Zuban442 folded before Flop (didn't bet)
Seat 8: Hannelore900 mucked [5h 5s]
Seat 9: Krokus2864 (button) folded before Flop (didn't bet)



PokerStars Hand #234473933896:  Hold'em No Limit ($0.01/$0.02 USD) - 2022/03/01 4:59:22 PT [2022/03/01 7:59:22 ET]
Table 'Alcathous II' 9-max Seat #1 is the button
Seat 1: Foyek2000 ($0.88 in chips) 
Seat 2: Dorex2007 ($2.08 in chips) 
Seat 3: Avirex_01 ($2.59 in chips) 
Seat 4: SDemid ($0.63 in chips) 
Seat 5: Mar1n04KA ($1.87 in chips) 
Seat 6: kapable71 ($5.11 in chips) 
Seat 7: Zuban442 ($0.77 in chips) 
Seat 8: Hannelore900 ($0.07 in chips) 
Seat 9: Krokus2864 ($2 in chips) 
Dorex2007: posts small blind $0.01
Avirex_01: posts big blind $0.02
*** HOLE CARDS ***
Dealt to Dorex2007 [4c 9d]
SDemid: folds 
Mar1n04KA: folds 
kapable71: raises $0.04 to $0.06
Zuban442: folds 
Hannelore900: raises $0.01 to $0.07 and is all-in
Krokus2864: folds 
Foyek2000: folds 
Dorex2007: folds 
Avirex_01: folds 
kapable71: calls $0.01
*** FLOP *** [4h Qh 2d]
*** TURN *** [4h Qh 2d] [Ks]
*** RIVER *** [4h Qh 2d Ks] [Th]
*** SHOW DOWN ***
kapable71: shows [Kc Kd] (three of a kind, Kings)
Hannelore900: shows [8d 9c] (high card King)
kapable71 collected $0.16 from pot
*** SUMMARY ***
Total pot $0.17 | Rake $0.01 
Board [4h Qh 2d Ks Th]
Seat 1: Foyek2000 (button) folded before Flop (didn't bet)
Seat 2: Dorex2007 (small blind) folded before Flop
Seat 3: Avirex_01 (big blind) folded before Flop
Seat 4: SDemid folded before Flop (didn't bet)
Seat 5: Mar1n04KA folded before Flop (didn't bet)
Seat 6: kapable71 showed [Kc Kd] and won ($0.16) with three of a kind, Kings
Seat 7: Zuban442 folded before Flop (didn't bet)
Seat 8: Hannelore900 showed [8d 9c] and lost with high card King
Seat 9: Krokus2864 folded before Flop (didn't bet)



PokerStars Hand #234473943856:  Hold'em No Limit ($0.01/$0.02 USD) - 2022/03/01 5:00:09 PT [2022/03/01 8:00:09 ET]
Table 'Alcathous II' 9-max Seat #2 is the button
Seat 1: Foyek2000 ($0.88 in chips) 
Seat 2: Dorex2007 ($2.07 in chips) 
Seat 3: Avirex_01 ($2.57 in chips) 
Seat 4: SDemid ($0.63 in chips) 
Seat 5: Mar1n04KA ($1.87 in chips) 
Seat 6: kapable71 ($5.20 in chips) 
Seat 7: Zuban442 ($0.77 in chips) 
Seat 9: Krokus2864 ($2 in chips) 
Avirex_01: posts small blind $0.01
SDemid: posts big blind $0.02
*** HOLE CARDS ***
Dealt to Dorex2007 [2d 6h]
Mar1n04KA: folds 
kapable71: folds 
Zuban442: folds 
Krokus2864: folds 
Foyek2000: raises $0.04 to $0.06
Dorex2007: folds 
kapable71 leaves the table
Avirex_01: folds 
SDemid: calls $0.04
*** FLOP *** [Th Qd Kh]
Cornel Mihai joins the table at seat #6 
SDemid: bets $0.02
Foyek2000: raises $0.09 to $0.11
SDemid: calls $0.09
*** TURN *** [Th Qd Kh] [6c]
SDemid: bets $0.02
Foyek2000: raises $0.19 to $0.21
SDemid: calls $0.19
*** RIVER *** [Th Qd Kh 6c] [Kd]
SDemid: bets $0.02
Foyek2000: raises $0.39 to $0.41
SDemid: calls $0.23 and is all-in
Uncalled bet ($0.16) returned to Foyek2000
*** SHOW DOWN ***
Foyek2000: shows [Qs Js] (two pair, Kings and Queens)
SDemid: shows [4h Qh] (two pair, Kings and Queens - lower kicker)
Foyek2000 collected $1.22 from pot
*** SUMMARY ***
Total pot $1.27 | Rake $0.05 
Board [Th Qd Kh 6c Kd]
Seat 1: Foyek2000 showed [Qs Js] and won ($1.22) with two pair, Kings and Queens
Seat 2: Dorex2007 (button) folded before Flop (didn't bet)
Seat 3: Avirex_01 (small blind) folded before Flop
Seat 4: SDemid (big blind) showed [4h Qh] and lost with two pair, Kings and Queens
Seat 5: Mar1n04KA folded before Flop (didn't bet)
Seat 6: kapable71 folded before Flop (didn't bet)
Seat 7: Zuban442 folded before Flop (didn't bet)
Seat 9: Krokus2864 folded before Flop (didn't bet)



PokerStars Hand #234473957528:  Hold'em No Limit ($0.01/$0.02 USD) - 2022/03/01 5:01:12 PT [2022/03/01 8:01:12 ET]
Table 'Alcathous II' 9-max Seat #3 is the button
Seat 1: Foyek2000 ($1.47 in chips) 
Seat 2: Dorex2007 ($2.07 in chips) 
Seat 3: Avirex_01 ($2.56 in chips) 
Seat 5: Mar1n04KA ($1.87 in chips) 
Seat 6: Cornel Mihai ($0.80 in chips) 
Seat 7: Zuban442 ($0.77 in chips) 
Seat 8: Hannelore900 ($2 in chips) 
Seat 9: Krokus2864 ($2 in chips) 
Mar1n04KA: posts small blind $0.01
Cornel Mihai: posts big blind $0.02
*** HOLE CARDS ***
Dealt to Dorex2007 [9c 9h]
Zuban442: folds 
Hannelore900: calls $0.02
SDemid leaves the table
Krokus2864: folds 
Foyek2000: folds 
Dorex2007: raises $0.04 to $0.06
mahspace joins the table at seat #4 
Avirex_01: folds 
Mar1n04KA: folds 
Cornel Mihai: folds 
Hannelore900: calls $0.04
*** FLOP *** [8h 2h 2s]
Hannelore900: checks 
Dorex2007: bets $0.14
Hannelore900: calls $0.14
*** TURN *** [8h 2h 2s] [Ks]
Hannelore900: checks 
Dorex2007: checks 
*** RIVER *** [8h 2h 2s Ks] [Kc]
Hannelore900: checks 
Dorex2007: bets $0.41
Hannelore900: calls $0.41
*** SHOW DOWN ***
Dorex2007: shows [9c 9h] (two pair, Kings and Nines)
Hannelore900: mucks hand 
Dorex2007 collected $1.21 from pot
*** SUMMARY ***
Total pot $1.25 | Rake $0.04 
Board [8h 2h 2s Ks Kc]
Seat 1: Foyek2000 folded before Flop (didn't bet)
Seat 2: Dorex2007 showed [9c 9h] and won ($1.21) with two pair, Kings and Nines
Seat 3: Avirex_01 (button) folded before Flop (didn't bet)
Seat 5: Mar1n04KA (small blind) folded before Flop
Seat 6: Cornel Mihai (big blind) folded before Flop
Seat 7: Zuban442 folded before Flop (didn't bet)
Seat 8: Hannelore900 mucked [Ah 5h]
Seat 9: Krokus2864 folded before Flop (didn't bet)



PokerStars Hand #234473969210:  Hold'em No Limit ($0.01/$0.02 USD) - 2022/03/01 5:02:02 PT [2022/03/01 8:02:02 ET]
Table 'Alcathous II' 9-max Seat #5 is the button
Seat 1: Foyek2000 ($1.47 in chips) 
Seat 2: Dorex2007 ($2.67 in chips) 
Seat 3: Avirex_01 ($2.56 in chips) 
Seat 5: Mar1n04KA ($1.86 in chips) 
Seat 6: Cornel Mihai ($0.78 in chips) 
Seat 7: Zuban442 ($0.77 in chips) 
Seat 8: Hannelore900 ($1.39 in chips) 
Seat 9: Krokus2864 ($2 in chips) 
Cornel Mihai: posts small blind $0.01
Zuban442: posts big blind $0.02
mahspace: sits out 
*** HOLE CARDS ***
Dealt to Dorex2007 [2s Qh]
Hannelore900: calls $0.02
Krokus2864: folds 
Foyek2000: folds 
Dorex2007: folds 
Avirex_01: folds 
Mar1n04KA: folds 
Cornel Mihai: calls $0.01
Zuban442: checks 
*** FLOP *** [3h 6h Jd]
Cornel Mihai: checks 
Zuban442: checks 
Hannelore900: checks 
*** TURN *** [3h 6h Jd] [2h]
Cornel Mihai: checks 
Zuban442: checks 
Hannelore900: bets $0.03
Cornel Mihai: folds 
Zuban442: folds 
Uncalled bet ($0.03) returned to Hannelore900
Hannelore900 collected $0.06 from pot
Hannelore900: doesn't show hand 
*** SUMMARY ***
Total pot $0.06 | Rake $0 
Board [3h 6h Jd 2h]
Seat 1: Foyek2000 folded before Flop (didn't bet)
Seat 2: Dorex2007 folded before Flop (didn't bet)
Seat 3: Avirex_01 folded before Flop (didn't bet)
Seat 5: Mar1n04KA (button) folded before Flop (didn't bet)
Seat 6: Cornel Mihai (small blind) folded on the Turn
Seat 7: Zuban442 (big blind) folded on the Turn
Seat 8: Hannelore900 collected ($0.06)
Seat 9: Krokus2864 folded before Flop (didn't bet)



PokerStars Hand #234473980033:  Hold'em No Limit ($0.01/$0.02 USD) - 2022/03/01 5:02:47 PT [2022/03/01 8:02:47 ET]
Table 'Alcathous II' 9-max Seat #6 is the button
Seat 1: Foyek2000 ($1.47 in chips) 
Seat 2: Dorex2007 ($2.67 in chips) 
Seat 3: Avirex_01 ($2.56 in chips) 
Seat 5: Mar1n04KA ($1.86 in chips) 
Seat 6: Cornel Mihai ($0.76 in chips) 
Seat 7: Zuban442 ($0.75 in chips) 
Seat 8: Hannelore900 ($1.43 in chips) 
Seat 9: Krokus2864 ($2 in chips) 
Zuban442: posts small blind $0.01
Hannelore900: posts big blind $0.02
mahspace: sits out 
*** HOLE CARDS ***
Dealt to Dorex2007 [7h Kc]
Krokus2864: folds 
Foyek2000: raises $0.04 to $0.06
Dorex2007: folds 
Avirex_01: folds 
Mar1n04KA: folds 
Cornel Mihai: calls $0.06
Zuban442: calls $0.05
Hannelore900 has timed out
Hannelore900: folds 
*** FLOP *** [5c 5h 7c]
Zuban442: bets $0.09
Foyek2000: calls $0.09
Cornel Mihai: raises $0.61 to $0.70 and is all-in
Zuban442: folds 
Foyek2000: calls $0.61
*** TURN *** [5c 5h 7c] [4c]
*** RIVER *** [5c 5h 7c 4c] [5s]
*** SHOW DOWN ***
Foyek2000: shows [Jc Qc] (a flush, Queen high)
Cornel Mihai: shows [Th Ts] (a full house, Fives full of Tens)
Cornel Mihai cashed out the hand for $0.82 | Cash Out Fee $0.01
*** SUMMARY ***
Total pot $1.69 | Rake $0.06 
Board [5c 5h 7c 4c 5s]
Seat 1: Foyek2000 showed [Jc Qc] and lost with a flush, Queen high
Seat 2: Dorex2007 folded before Flop (didn't bet)
Seat 3: Avirex_01 folded before Flop (didn't bet)
Seat 5: Mar1n04KA folded before Flop (didn't bet)
Seat 6: Cornel Mihai (button) showed [Th Ts] and won ($1.63) with a full house, Fives full of Tens (pot not awarded as player cashed out)
Seat 7: Zuban442 (small blind) folded on the Flop
Seat 8: Hannelore900 (big blind) folded before Flop
Seat 9: Krokus2864 folded before Flop (didn't bet)



PokerStars Hand #234474007415:  Hold'em No Limit ($0.01/$0.02 USD) - 2022/03/01 5:04:41 PT [2022/03/01 8:04:41 ET]
Table 'Alcathous II' 9-max Seat #7 is the button
Seat 1: Foyek2000 ($0.71 in chips) 
Seat 2: Dorex2007 ($2.67 in chips) 
Seat 3: Avirex_01 ($2.56 in chips) 
Seat 5: Mar1n04KA ($1.86 in chips) 
Seat 6: Cornel Mihai ($0.82 in chips) 
Seat 7: Zuban442 ($0.60 in chips) 
Seat 9: Krokus2864 ($2 in chips) 
Krokus2864: posts small blind $0.01
Foyek2000: posts big blind $0.02
mahspace: sits out 
*** HOLE CARDS ***
Dealt to Dorex2007 [7s 7d]
Dorex2007: calls $0.02
Avirex_01: calls $0.02
Mar1n04KA: raises $0.08 to $0.10
Cornel Mihai: folds 
Zuban442: folds 
Krokus2864: folds 
Foyek2000: folds 
Dorex2007: folds 
Avirex_01: calls $0.08
*** FLOP *** [9h 9c Tc]
Avirex_01: checks 
Mar1n04KA: bets $0.16
Avirex_01: raises $0.16 to $0.32
Mar1n04KA: calls $0.16
*** TURN *** [9h 9c Tc] [Qs]
Avirex_01: checks 
Mar1n04KA: checks 
*** RIVER *** [9h 9c Tc Qs] [7c]
Avirex_01: checks 
Mar1n04KA: checks 
*** SHOW DOWN ***
Avirex_01: shows [9d Ad] (three of a kind, Nines)
Mar1n04KA: mucks hand 
Avirex_01 collected $0.86 from pot
*** SUMMARY ***
Total pot $0.89 | Rake $0.03 
Board [9h 9c Tc Qs 7c]
Seat 1: Foyek2000 (big blind) folded before Flop
Seat 2: Dorex2007 folded before Flop
Seat 3: Avirex_01 showed [9d Ad] and won ($0.86) with three of a kind, Nines
Seat 5: Mar1n04KA mucked [Td Kc]
Seat 6: Cornel Mihai folded before Flop (didn't bet)
Seat 7: Zuban442 (button) folded before Flop (didn't bet)
Seat 9: Krokus2864 (small blind) folded before Flop



PokerStars Hand #234474020953:  Hold'em No Limit ($0.01/$0.02 USD) - 2022/03/01 5:05:35 PT [2022/03/01 8:05:35 ET]
Table 'Alcathous II' 9-max Seat #9 is the button
Seat 1: Foyek2000 ($0.69 in chips) 
Seat 2: Dorex2007 ($2.65 in chips) 
Seat 3: Avirex_01 ($3 in chips) 
Seat 5: Mar1n04KA ($1.44 in chips) 
Seat 6: Cornel Mihai ($0.82 in chips) 
Seat 7: Zuban442 ($0.60 in chips) 
Seat 9: Krokus2864 ($2 in chips) 
Foyek2000: posts small blind $0.01
Dorex2007: posts big blind $0.02
mahspace: sits out 
*** HOLE CARDS ***
Dealt to Dorex2007 [Th 5h]
Avirex_01: calls $0.02
Mar1n04KA: folds 
Cornel Mihai: folds 
Zuban442: folds 
Krokus2864: folds 
Foyek2000: raises $0.06 to $0.08
Zuban442 leaves the table
7-semenov joins the table at seat #7 
Dorex2007: folds 
Avirex_01: calls $0.06
*** FLOP *** [Ac 3c 3h]
Foyek2000: bets $0.09
Avirex_01: calls $0.09
*** TURN *** [Ac 3c 3h] [3d]
Foyek2000: checks 
Avirex_01: checks 
*** RIVER *** [Ac 3c 3h 3d] [5s]
Foyek2000: bets $0.23
Avirex_01: calls $0.23
*** SHOW DOWN ***
Foyek2000: shows [Ad Jc] (a full house, Threes full of Aces)
Avirex_01: mucks hand 
Foyek2000 collected $0.78 from pot
*** SUMMARY ***
Total pot $0.82 | Rake $0.04 
Board [Ac 3c 3h 3d 5s]
Seat 1: Foyek2000 (small blind) showed [Ad Jc] and won ($0.78) with a full house, Threes full of Aces
Seat 2: Dorex2007 (big blind) folded before Flop
Seat 3: Avirex_01 mucked [6h 6s]
Seat 5: Mar1n04KA folded before Flop (didn't bet)
Seat 6: Cornel Mihai folded before Flop (didn't bet)
Seat 7: Zuban442 folded before Flop (didn't bet)
Seat 9: Krokus2864 (button) folded before Flop (didn't bet)



PokerStars Hand #234474031853:  Hold'em No Limit ($0.01/$0.02 USD) - 2022/03/01 5:06:14 PT [2022/03/01 8:06:14 ET]
Table 'Alcathous II' 9-max Seat #1 is the button
Seat 1: Foyek2000 ($1.07 in chips) 
Seat 2: Dorex2007 ($2.63 in chips) 
Seat 3: Avirex_01 ($2.60 in chips) 
Seat 5: Mar1n04KA ($1.44 in chips) 
Seat 6: Cornel Mihai ($0.82 in chips) 
Seat 9: Krokus2864 ($2 in chips) 
Dorex2007: posts small blind $0.01
Avirex_01: posts big blind $0.02
mahspace: sits out 
7-semenov: sits out 
*** HOLE CARDS ***
Dealt to Dorex2007 [Th Kc]
Mar1n04KA: folds 
Hannelore900 leaves the table
Cornel Mihai: folds 
Krokus2864: folds 
gregoriov83 joins the table at seat #8 
Foyek2000: raises $0.04 to $0.06
Dorex2007: folds 
Avirex_01: calls $0.04
*** FLOP *** [4h Js 7s]
Avirex_01: bets $0.04
Foyek2000: raises $0.21 to $0.25
Avirex_01: calls $0.21
*** TURN *** [4h Js 7s] [9h]
Avirex_01: checks 
Foyek2000: bets $0.76 and is all-in
Avirex_01: calls $0.76
*** RIVER *** [4h Js 7s 9h] [2s]
*** SHOW DOWN ***
Avirex_01: shows [Ah Ad] (a pair of Aces)
Foyek2000: shows [Jd 4d] (two pair, Jacks and Fours)
Foyek2000 collected $2.05 from pot
Avirex_01 cashed out the hand for $0.38
*** SUMMARY ***
Total pot $2.15 | Rake $0.10 
Board [4h Js 7s 9h 2s]
Seat 1: Foyek2000 (button) showed [Jd 4d] and won ($2.05) with two pair, Jacks and Fours
Seat 2: Dorex2007 (small blind) folded before Flop
Seat 3: Avirex_01 (big blind) showed [Ah Ad] and lost with a pair of Aces (cashed out).
Seat 5: Mar1n04KA folded before Flop (didn't bet)
Seat 6: Cornel Mihai folded before Flop (didn't bet)
Seat 9: Krokus2864 folded before Flop (didn't bet)



PokerStars Hand #234474045027:  Hold'em No Limit ($0.01/$0.02 USD) - 2022/03/01 5:07:07 PT [2022/03/01 8:07:07 ET]
Table 'Alcathous II' 9-max Seat #2 is the button
Seat 1: Foyek2000 ($2.05 in chips) 
Seat 2: Dorex2007 ($2.62 in chips) 
Seat 3: Avirex_01 ($1.91 in chips) 
Seat 4: mahspace ($2 in chips) 
Seat 5: Mar1n04KA ($1.44 in chips) 
Seat 6: Cornel Mihai ($0.82 in chips) 
Seat 9: Krokus2864 ($2 in chips) 
Avirex_01: posts small blind $0.01
mahspace: posts big blind $0.02
7-semenov: sits out 
gregoriov83: sits out 
*** HOLE CARDS ***
Dealt to Dorex2007 [2s 9s]
Mar1n04KA: folds 
Cornel Mihai: folds 
Krokus2864: folds 
Foyek2000: raises $0.04 to $0.06
Dorex2007: folds 
Avirex_01: folds 
mahspace: folds 
Uncalled bet ($0.04) returned to Foyek2000
Foyek2000 collected $0.05 from pot
*** SUMMARY ***
Total pot $0.05 | Rake $0 
Seat 1: Foyek2000 collected ($0.05)
Seat 2: Dorex2007 (button) folded before Flop (didn't bet)
Seat 3: Avirex_01 (small blind) folded before Flop
Seat 4: mahspace (big blind) folded before Flop
Seat 5: Mar1n04KA folded before Flop (didn't bet)
Seat 6: Cornel Mihai folded before Flop (didn't bet)
Seat 9: Krokus2864 folded before Flop (didn't bet)



PokerStars Hand #234474049362:  Hold'em No Limit ($0.01/$0.02 USD) - 2022/03/01 5:07:24 PT [2022/03/01 8:07:24 ET]
Table 'Alcathous II' 9-max Seat #3 is the button
Seat 1: Foyek2000 ($2.08 in chips) 
Seat 2: Dorex2007 ($2.62 in chips) 
Seat 3: Avirex_01 ($1.90 in chips) 
Seat 4: mahspace ($1.98 in chips) 
Seat 5: Mar1n04KA ($1.44 in chips) 
Seat 6: Cornel Mihai ($0.82 in chips) 
Seat 9: Krokus2864 ($2 in chips) 
mahspace: posts small blind $0.01
Mar1n04KA: posts big blind $0.02
7-semenov: sits out 
gregoriov83: sits out 
*** HOLE CARDS ***
Dealt to Dorex2007 [8d Qc]
Cornel Mihai: folds 
Krokus2864: folds 
Foyek2000: folds 
Dorex2007: folds 
Avirex_01: folds 
mahspace: folds 
Uncalled bet ($0.01) returned to Mar1n04KA
Mar1n04KA collected $0.02 from pot
Mar1n04KA: doesn't show hand 
*** SUMMARY ***
Total pot $0.02 | Rake $0 
Seat 1: Foyek2000 folded before Flop (didn't bet)
Seat 2: Dorex2007 folded before Flop (didn't bet)
Seat 3: Avirex_01 (button) folded before Flop (didn't bet)
Seat 4: mahspace (small blind) folded before Flop
Seat 5: Mar1n04KA (big blind) collected ($0.02)
Seat 6: Cornel Mihai folded before Flop (didn't bet)
Seat 9: Krokus2864 folded before Flop (didn't bet)



PokerStars Hand #234474052376:  Hold'em No Limit ($0.01/$0.02 USD) - 2022/03/01 5:07:36 PT [2022/03/01 8:07:36 ET]
Table 'Alcathous II' 9-max Seat #4 is the button
Seat 1: Foyek2000 ($2.08 in chips) 
Seat 2: Dorex2007 ($2.62 in chips) 
Seat 3: Avirex_01 ($1.90 in chips) 
Seat 4: mahspace ($1.97 in chips) 
Seat 5: Mar1n04KA ($1.45 in chips) 
Seat 7: 7-semenov ($2 in chips) 
Seat 9: Krokus2864 ($2 in chips) 
Mar1n04KA: posts small blind $0.01
Cornel Mihai: is sitting out 
7-semenov: posts big blind $0.02
gregoriov83: sits out 
*** HOLE CARDS ***
Dealt to Dorex2007 [Ac 3d]
Krokus2864: folds 
Foyek2000: folds 
Dorex2007: folds 
Cornel Mihai leaves the table
Avirex_01: calls $0.02
mahspace: raises $0.06 to $0.08
Mar1n04KA: folds 
7-semenov: folds 
tinymaverick joins the table at seat #6 
Avirex_01: calls $0.06
*** FLOP *** [9h 5s 9s]
Avirex_01: checks 
mahspace: bets $0.11
Avirex_01: calls $0.11
*** TURN *** [9h 5s 9s] [8c]
Avirex_01: checks 
mahspace: checks 
*** RIVER *** [9h 5s 9s 8c] [3c]
Avirex_01: checks 
mahspace: checks 
*** SHOW DOWN ***
Avirex_01: shows [Kd As] (a pair of Nines)
mahspace: mucks hand 
Avirex_01 collected $0.40 from pot
*** SUMMARY ***
Total pot $0.41 | Rake $0.01 
Board [9h 5s 9s 8c 3c]
Seat 1: Foyek2000 folded before Flop (didn't bet)
Seat 2: Dorex2007 folded before Flop (didn't bet)
Seat 3: Avirex_01 showed [Kd As] and won ($0.40) with a pair of Nines
Seat 4: mahspace (button) mucked [Tc Jc]
Seat 5: Mar1n04KA (small blind) folded before Flop
Seat 7: 7-semenov (big blind) folded before Flop
Seat 9: Krokus2864 folded before Flop (didn't bet)



PokerStars Hand #234474064081:  Hold'em No Limit ($0.01/$0.02 USD) - 2022/03/01 5:08:23 PT [2022/03/01 8:08:23 ET]
Table 'Alcathous II' 9-max Seat #5 is the button
Seat 1: Foyek2000 ($2.08 in chips) 
Seat 2: Dorex2007 ($2.62 in chips) 
Seat 3: Avirex_01 ($2.11 in chips) 
Seat 4: mahspace ($1.78 in chips) 
Seat 5: Mar1n04KA ($1.44 in chips) 
Seat 7: 7-semenov ($2 in chips) 
Seat 8: gregoriov83 ($2 in chips) 
Seat 9: Krokus2864 ($2 in chips) 
7-semenov: posts small blind $0.01
gregoriov83: posts big blind $0.02
*** HOLE CARDS ***
Dealt to Dorex2007 [Tc 5c]
Krokus2864: folds 
Foyek2000: calls $0.02
Dorex2007: folds 
Avirex_01: folds 
mahspace: raises $0.06 to $0.08
Mar1n04KA: folds 
7-semenov: folds 
gregoriov83: folds 
Foyek2000: calls $0.06
*** FLOP *** [Ah Jd 6h]
Foyek2000: checks 
mahspace: bets $0.14
Foyek2000: folds 
Uncalled bet ($0.14) returned to mahspace
mahspace collected $0.18 from pot
mahspace: doesn't show hand 
*** SUMMARY ***
Total pot $0.19 | Rake $0.01 
Board [Ah Jd 6h]
Seat 1: Foyek2000 folded on the Flop
Seat 2: Dorex2007 folded before Flop (didn't bet)
Seat 3: Avirex_01 folded before Flop (didn't bet)
Seat 4: mahspace collected ($0.18)
Seat 5: Mar1n04KA (button) folded before Flop (didn't bet)
Seat 7: 7-semenov (small blind) folded before Flop
Seat 8: gregoriov83 (big blind) folded before Flop
Seat 9: Krokus2864 folded before Flop (didn't bet)



PokerStars Hand #234474071899:  Hold'em No Limit ($0.01/$0.02 USD) - 2022/03/01 5:08:55 PT [2022/03/01 8:08:55 ET]
Table 'Alcathous II' 9-max Seat #7 is the button
Seat 1: Foyek2000 ($2 in chips) 
Seat 2: Dorex2007 ($2.62 in chips) 
Seat 3: Avirex_01 ($2.11 in chips) 
Seat 4: mahspace ($1.88 in chips) 
Seat 5: Mar1n04KA ($1.44 in chips) 
Seat 7: 7-semenov ($2 in chips) 
Seat 8: gregoriov83 ($2 in chips) 
Seat 9: Krokus2864 ($2 in chips) 
gregoriov83: posts small blind $0.01
Krokus2864: posts big blind $0.02
tinymaverick: sits out 
*** HOLE CARDS ***
Dealt to Dorex2007 [3h Qs]
Foyek2000: folds 
Dorex2007: folds 
Avirex_01: raises $0.02 to $0.04
mahspace: folds 
Mar1n04KA: folds 
7-semenov: folds 
gregoriov83: folds 
Krokus2864: calls $0.02
*** FLOP *** [2s 7h 5s]
Krokus2864: checks 
Avirex_01: bets $0.04
Krokus2864: calls $0.04
*** TURN *** [2s 7h 5s] [5c]
Krokus2864: bets $0.11
Avirex_01: calls $0.11
*** RIVER *** [2s 7h 5s 5c] [2d]
Krokus2864: bets $0.25
Avirex_01: calls $0.25
*** SHOW DOWN ***
Krokus2864: shows [7d Ad] (two pair, Sevens and Fives)
Avirex_01: shows [9s 9h] (two pair, Nines and Fives)
Avirex_01 collected $0.86 from pot
*** SUMMARY ***
Total pot $0.89 | Rake $0.03 
Board [2s 7h 5s 5c 2d]
Seat 1: Foyek2000 folded before Flop (didn't bet)
Seat 2: Dorex2007 folded before Flop (didn't bet)
Seat 3: Avirex_01 showed [9s 9h] and won ($0.86) with two pair, Nines and Fives
Seat 4: mahspace folded before Flop (didn't bet)
Seat 5: Mar1n04KA folded before Flop (didn't bet)
Seat 7: 7-semenov (button) folded before Flop (didn't bet)
Seat 8: gregoriov83 (small blind) folded before Flop
Seat 9: Krokus2864 (big blind) showed [7d Ad] and lost with two pair, Sevens and Fives



PokerStars Hand #234474080712:  Hold'em No Limit ($0.01/$0.02 USD) - 2022/03/01 5:09:30 PT [2022/03/01 8:09:30 ET]
Table 'Alcathous II' 9-max Seat #8 is the button
Seat 1: Foyek2000 ($2 in chips) 
Seat 2: Dorex2007 ($2.62 in chips) 
Seat 3: Avirex_01 ($2.53 in chips) 
Seat 4: mahspace ($1.88 in chips) 
Seat 5: Mar1n04KA ($1.44 in chips) 
Seat 7: 7-semenov ($2 in chips) 
Seat 8: gregoriov83 ($2 in chips) 
Seat 9: Krokus2864 ($2 in chips) 
Krokus2864: posts small blind $0.01
Foyek2000: posts big blind $0.02
tinymaverick: sits out 
*** HOLE CARDS ***
Dealt to Dorex2007 [3h 5s]
Dorex2007: folds 
Avirex_01: raises $0.02 to $0.04
mahspace: folds 
Mar1n04KA: folds 
7-semenov: calls $0.04
gregoriov83: folds 
Krokus2864: folds 
Foyek2000: calls $0.02
*** FLOP *** [7d 5d Ah]
Foyek2000: checks 
Avirex_01: checks 
7-semenov: bets $0.07
Foyek2000: calls $0.07
Avirex_01: folds 
*** TURN *** [7d 5d Ah] [6h]
Foyek2000: checks 
7-semenov: bets $0.13
Foyek2000: calls $0.13
*** RIVER *** [7d 5d Ah 6h] [6c]
Foyek2000: checks 
7-semenov: bets $0.26
Foyek2000: calls $0.26
*** SHOW DOWN ***
7-semenov: shows [7h Th] (two pair, Sevens and Sixes)
Foyek2000: shows [Ad 2h] (two pair, Aces and Sixes)
Foyek2000 collected $1 from pot
*** SUMMARY ***
Total pot $1.05 | Rake $0.05 
Board [7d 5d Ah 6h 6c]
Seat 1: Foyek2000 (big blind) showed [Ad 2h] and won ($1) with two pair, Aces and Sixes
Seat 2: Dorex2007 folded before Flop (didn't bet)
Seat 3: Avirex_01 folded on the Flop
Seat 4: mahspace folded before Flop (didn't bet)
Seat 5: Mar1n04KA folded before Flop (didn't bet)
Seat 7: 7-semenov showed [7h Th] and lost with two pair, Sevens and Sixes
Seat 8: gregoriov83 (button) folded before Flop (didn't bet)
Seat 9: Krokus2864 (small blind) folded before Flop



PokerStars Hand #234474092338:  Hold'em No Limit ($0.01/$0.02 USD) - 2022/03/01 5:10:17 PT [2022/03/01 8:10:17 ET]
Table 'Alcathous II' 9-max Seat #9 is the button
Seat 1: Foyek2000 ($2.50 in chips) 
Seat 2: Dorex2007 ($2.62 in chips) 
Seat 3: Avirex_01 ($2.49 in chips) 
Seat 4: mahspace ($1.88 in chips) 
Seat 5: Mar1n04KA ($1.44 in chips) 
Seat 7: 7-semenov ($2 in chips) 
Seat 8: gregoriov83 ($2 in chips) 
Seat 9: Krokus2864 ($2 in chips) 
Foyek2000: posts small blind $0.01
Dorex2007: posts big blind $0.02
tinymaverick: sits out 
*** HOLE CARDS ***
Dealt to Dorex2007 [5h Qd]
Avirex_01: calls $0.02
mahspace: folds 
Mar1n04KA: folds 
7-semenov: folds 
gregoriov83: raises $0.08 to $0.10
Krokus2864: folds 
Foyek2000: folds 
Dorex2007: folds 
Avirex_01: folds 
Uncalled bet ($0.08) returned to gregoriov83
gregoriov83 collected $0.07 from pot
gregoriov83: doesn't show hand 
*** SUMMARY ***
Total pot $0.07 | Rake $0 
Seat 1: Foyek2000 (small blind) folded before Flop
Seat 2: Dorex2007 (big blind) folded before Flop
Seat 3: Avirex_01 folded before Flop
Seat 4: mahspace folded before Flop (didn't bet)
Seat 5: Mar1n04KA folded before Flop (didn't bet)
Seat 7: 7-semenov folded before Flop (didn't bet)
Seat 8: gregoriov83 collected ($0.07)
Seat 9: Krokus2864 (button) folded before Flop (didn't bet)



PokerStars Hand #234474097413:  Hold'em No Limit ($0.01/$0.02 USD) - 2022/03/01 5:10:37 PT [2022/03/01 8:10:37 ET]
Table 'Alcathous II' 9-max Seat #1 is the button
Seat 1: Foyek2000 ($2.49 in chips) 
Seat 2: Dorex2007 ($2.60 in chips) 
Seat 3: Avirex_01 ($2.47 in chips) 
Seat 4: mahspace ($1.88 in chips) 
Seat 5: Mar1n04KA ($1.44 in chips) 
Seat 7: 7-semenov ($2 in chips) 
Seat 8: gregoriov83 ($2.05 in chips) 
Seat 9: Krokus2864 ($2 in chips) 
Dorex2007: posts small blind $0.01
Avirex_01: posts big blind $0.02
tinymaverick: sits out 
*** HOLE CARDS ***
Dealt to Dorex2007 [Kh Jd]
mahspace: folds 
Mar1n04KA: folds 
7-semenov: folds 
gregoriov83: folds 
Krokus2864: folds 
Foyek2000: raises $0.04 to $0.06
Dorex2007: calls $0.05
Avirex_01: calls $0.04
*** FLOP *** [6s 4h Ac]
Dorex2007: checks 
Avirex_01: checks 
Foyek2000: bets $0.10
Dorex2007: raises $0.10 to $0.20
Avirex_01: folds 
Foyek2000: folds 
Uncalled bet ($0.10) returned to Dorex2007
Dorex2007 collected $0.37 from pot
Dorex2007: doesn't show hand 
*** SUMMARY ***
Total pot $0.38 | Rake $0.01 
Board [6s 4h Ac]
Seat 1: Foyek2000 (button) folded on the Flop
Seat 2: Dorex2007 (small blind) collected ($0.37)
Seat 3: Avirex_01 (big blind) folded on the Flop
Seat 4: mahspace folded before Flop (didn't bet)
Seat 5: Mar1n04KA folded before Flop (didn't bet)
Seat 7: 7-semenov folded before Flop (didn't bet)
Seat 8: gregoriov83 folded before Flop (didn't bet)
Seat 9: Krokus2864 folded before Flop (didn't bet)



PokerStars Hand #234474107181:  Hold'em No Limit ($0.01/$0.02 USD) - 2022/03/01 5:11:16 PT [2022/03/01 8:11:16 ET]
Table 'Alcathous II' 9-max Seat #2 is the button
Seat 1: Foyek2000 ($2.33 in chips) 
Seat 2: Dorex2007 ($2.81 in chips) 
Seat 3: Avirex_01 ($2.41 in chips) 
Seat 4: mahspace ($1.88 in chips) 
Seat 5: Mar1n04KA ($1.44 in chips) 
Seat 7: 7-semenov ($2 in chips) 
Seat 8: gregoriov83 ($2.05 in chips) 
Seat 9: Krokus2864 ($2 in chips) 
Avirex_01: posts small blind $0.01
mahspace: posts big blind $0.02
tinymaverick: sits out 
*** HOLE CARDS ***
Dealt to Dorex2007 [Ks 2c]
Mar1n04KA: folds 
7-semenov: folds 
gregoriov83: folds 
Krokus2864: folds 
Foyek2000: folds 
Dorex2007: folds 
Avirex_01: folds 
Uncalled bet ($0.01) returned to mahspace
mahspace collected $0.02 from pot
mahspace: doesn't show hand 
*** SUMMARY ***
Total pot $0.02 | Rake $0 
Seat 1: Foyek2000 folded before Flop (didn't bet)
Seat 2: Dorex2007 (button) folded before Flop (didn't bet)
Seat 3: Avirex_01 (small blind) folded before Flop
Seat 4: mahspace (big blind) collected ($0.02)
Seat 5: Mar1n04KA folded before Flop (didn't bet)
Seat 7: 7-semenov folded before Flop (didn't bet)
Seat 8: gregoriov83 folded before Flop (didn't bet)
Seat 9: Krokus2864 folded before Flop (didn't bet)



PokerStars Hand #234474109768:  Hold'em No Limit ($0.01/$0.02 USD) - 2022/03/01 5:11:27 PT [2022/03/01 8:11:27 ET]
Table 'Alcathous II' 9-max Seat #3 is the button
Seat 1: Foyek2000 ($2.33 in chips) 
Seat 2: Dorex2007 ($2.81 in chips) 
Seat 3: Avirex_01 ($2.40 in chips) 
Seat 4: mahspace ($1.89 in chips) 
Seat 5: Mar1n04KA ($1.44 in chips) 
Seat 7: 7-semenov ($2 in chips) 
Seat 8: gregoriov83 ($2.05 in chips) 
Seat 9: Krokus2864 ($2 in chips) 
mahspace: posts small blind $0.01
Mar1n04KA: posts big blind $0.02
tinymaverick: sits out 
*** HOLE CARDS ***
Dealt to Dorex2007 [4s Jc]
7-semenov: folds 
gregoriov83: folds 
Krokus2864: folds 
Foyek2000: folds 
Dorex2007: folds 
Avirex_01: calls $0.02
mahspace: calls $0.01
Mar1n04KA: raises $0.06 to $0.08
Avirex_01: calls $0.06
mahspace: folds 
*** FLOP *** [6d 7h 7d]
Mar1n04KA: bets $0.11
Avirex_01: calls $0.11
*** TURN *** [6d 7h 7d] [4c]
Mar1n04KA: checks 
Avirex_01: checks 
*** RIVER *** [6d 7h 7d 4c] [4h]
Mar1n04KA: checks 
Avirex_01: bets $0.19
Mar1n04KA: calls $0.19
*** SHOW DOWN ***
Avirex_01: shows [Td Qs] (two pair, Sevens and Fours)
Mar1n04KA: shows [6h Ah] (two pair, Sevens and Sixes)
Mar1n04KA collected $0.75 from pot
*** SUMMARY ***
Total pot $0.78 | Rake $0.03 
Board [6d 7h 7d 4c 4h]
Seat 1: Foyek2000 folded before Flop (didn't bet)
Seat 2: Dorex2007 folded before Flop (didn't bet)
Seat 3: Avirex_01 (button) showed [Td Qs] and lost with two pair, Sevens and Fours
Seat 4: mahspace (small blind) folded before Flop
Seat 5: Mar1n04KA (big blind) showed [6h Ah] and won ($0.75) with two pair, Sevens and Sixes
Seat 7: 7-semenov folded before Flop (didn't bet)
Seat 8: gregoriov83 folded before Flop (didn't bet)
Seat 9: Krokus2864 folded before Flop (didn't bet)



PokerStars Hand #234474121398:  Hold'em No Limit ($0.01/$0.02 USD) - 2022/03/01 5:12:14 PT [2022/03/01 8:12:14 ET]
Table 'Alcathous II' 9-max Seat #4 is the button
Seat 1: Foyek2000 ($2.33 in chips) 
Seat 2: Dorex2007 ($2.81 in chips) 
Seat 3: Avirex_01 ($2.02 in chips) 
Seat 4: mahspace ($1.87 in chips) 
Seat 5: Mar1n04KA ($1.81 in chips) 
Seat 6: tinymaverick ($2 in chips) 
Seat 7: 7-semenov ($2 in chips) 
Seat 8: gregoriov83 ($2.05 in chips) 
Seat 9: Krokus2864 ($2 in chips) 
Mar1n04KA: posts small blind $0.01
tinymaverick: posts big blind $0.02
*** HOLE CARDS ***
Dealt to Dorex2007 [Kc 8s]
7-semenov: folds 
gregoriov83: folds 
Krokus2864: folds 
Foyek2000: folds 
Dorex2007: folds 
Avirex_01: folds 
mahspace: raises $0.04 to $0.06
Mar1n04KA: folds 
tinymaverick: folds 
Uncalled bet ($0.04) returned to mahspace
mahspace collected $0.05 from pot
mahspace: doesn't show hand 
*** SUMMARY ***
Total pot $0.05 | Rake $0 
Seat 1: Foyek2000 folded before Flop (didn't bet)
Seat 2: Dorex2007 folded before Flop (didn't bet)
Seat 3: Avirex_01 folded before Flop (didn't bet)
Seat 4: mahspace (button) collected ($0.05)
Seat 5: Mar1n04KA (small blind) folded before Flop
Seat 6: tinymaverick (big blind) folded before Flop
Seat 7: 7-semenov folded before Flop (didn't bet)
Seat 8: gregoriov83 folded before Flop (didn't bet)
Seat 9: Krokus2864 folded before Flop (didn't bet)



PokerStars Hand #234474127810:  Hold'em No Limit ($0.01/$0.02 USD) - 2022/03/01 5:12:39 PT [2022/03/01 8:12:39 ET]
Table 'Alcathous II' 9-max Seat #5 is the button
Seat 1: Foyek2000 ($2.33 in chips) 
Seat 2: Dorex2007 ($2.81 in chips) 
Seat 3: Avirex_01 ($2.02 in chips) 
Seat 4: mahspace ($1.90 in chips) 
Seat 5: Mar1n04KA ($1.80 in chips) 
Seat 6: tinymaverick ($2 in chips) 
Seat 7: 7-semenov ($2 in chips) 
Seat 8: gregoriov83 ($2.05 in chips) 
Seat 9: Krokus2864 ($2 in chips) 
tinymaverick: posts small blind $0.01
7-semenov: posts big blind $0.02
*** HOLE CARDS ***
Dealt to Dorex2007 [7h 3s]
gregoriov83: folds 
Krokus2864: folds 
Foyek2000: folds 
Dorex2007 has timed out
Dorex2007: folds 
Avirex_01: calls $0.02
mahspace: folds 
Mar1n04KA: raises $0.06 to $0.08
tinymaverick: folds 
7-semenov: folds 
Avirex_01: folds 
Uncalled bet ($0.06) returned to Mar1n04KA
Mar1n04KA collected $0.07 from pot
Mar1n04KA: doesn't show hand 
*** SUMMARY ***
Total pot $0.07 | Rake $0 
Seat 1: Foyek2000 folded before Flop (didn't bet)
Seat 2: Dorex2007 folded before Flop (didn't bet)
Seat 3: Avirex_01 folded before Flop
Seat 4: mahspace folded before Flop (didn't bet)
Seat 5: Mar1n04KA (button) collected ($0.07)
Seat 6: tinymaverick (small blind) folded before Flop
Seat 7: 7-semenov (big blind) folded before Flop
Seat 8: gregoriov83 folded before Flop (didn't bet)
Seat 9: Krokus2864 folded before Flop (didn't bet)



PokerStars Hand #234474136697:  Hold'em No Limit ($0.01/$0.02 USD) - 2022/03/01 5:13:15 PT [2022/03/01 8:13:15 ET]
Table 'Alcathous II' 9-max Seat #6 is the button
Seat 1: Foyek2000 ($2.33 in chips) 
Seat 2: Dorex2007 ($2.81 in chips) 
Seat 3: Avirex_01 ($2 in chips) 
Seat 4: mahspace ($1.90 in chips) 
Seat 5: Mar1n04KA ($1.85 in chips) 
Seat 6: tinymaverick ($2 in chips) 
Seat 7: 7-semenov ($2 in chips) 
Seat 8: gregoriov83 ($2.05 in chips) 
Seat 9: Krokus2864 ($2 in chips) 
7-semenov: posts small blind $0.01
gregoriov83: posts big blind $0.02
*** HOLE CARDS ***
Dealt to Dorex2007 [2s Th]
Krokus2864: folds 
Foyek2000: calls $0.02
Dorex2007: folds 
Avirex_01: folds 
mahspace: raises $0.08 to $0.10
Mar1n04KA: folds 
tinymaverick: folds 
7-semenov: folds 
gregoriov83: folds 
Foyek2000: calls $0.08
*** FLOP *** [7s Qh Ac]
Foyek2000: checks 
mahspace: bets $0.13
Foyek2000: folds 
Uncalled bet ($0.13) returned to mahspace
mahspace collected $0.22 from pot
mahspace: doesn't show hand 
*** SUMMARY ***
Total pot $0.23 | Rake $0.01 
Board [7s Qh Ac]
Seat 1: Foyek2000 folded on the Flop
Seat 2: Dorex2007 folded before Flop (didn't bet)
Seat 3: Avirex_01 folded before Flop (didn't bet)
Seat 4: mahspace collected ($0.22)
Seat 5: Mar1n04KA folded before Flop (didn't bet)
Seat 6: tinymaverick (button) folded before Flop (didn't bet)
Seat 7: 7-semenov (small blind) folded before Flop
Seat 8: gregoriov83 (big blind) folded before Flop
Seat 9: Krokus2864 folded before Flop (didn't bet)



PokerStars Hand #234474147665:  Hold'em No Limit ($0.01/$0.02 USD) - 2022/03/01 5:13:58 PT [2022/03/01 8:13:58 ET]
Table 'Alcathous II' 9-max Seat #7 is the button
Seat 1: Foyek2000 ($2.23 in chips) 
Seat 2: Dorex2007 ($2.81 in chips) 
Seat 3: Avirex_01 ($2 in chips) 
Seat 4: mahspace ($2.02 in chips) 
Seat 5: Mar1n04KA ($2 in chips) 
Seat 6: tinymaverick ($2 in chips) 
Seat 7: 7-semenov ($2 in chips) 
Seat 8: gregoriov83 ($2.03 in chips) 
Seat 9: Krokus2864 ($2 in chips) 
gregoriov83: posts small blind $0.01
Krokus2864: posts big blind $0.02
*** HOLE CARDS ***
Dealt to Dorex2007 [Tc 8s]
Foyek2000: folds 
Dorex2007: folds 
Avirex_01: calls $0.02
mahspace: folds 
Mar1n04KA: folds 
tinymaverick: folds 
7-semenov: raises $0.09 to $0.11
gregoriov83: folds 
Krokus2864: folds 
Avirex_01: folds 
Uncalled bet ($0.09) returned to 7-semenov
7-semenov collected $0.07 from pot
7-semenov: doesn't show hand 
*** SUMMARY ***
Total pot $0.07 | Rake $0 
Seat 1: Foyek2000 folded before Flop (didn't bet)
Seat 2: Dorex2007 folded before Flop (didn't bet)
Seat 3: Avirex_01 folded before Flop
Seat 4: mahspace folded before Flop (didn't bet)
Seat 5: Mar1n04KA folded before Flop (didn't bet)
Seat 6: tinymaverick folded before Flop (didn't bet)
Seat 7: 7-semenov (button) collected ($0.07)
Seat 8: gregoriov83 (small blind) folded before Flop
Seat 9: Krokus2864 (big blind) folded before Flop



PokerStars Hand #234474154074:  Hold'em No Limit ($0.01/$0.02 USD) - 2022/03/01 5:14:24 PT [2022/03/01 8:14:24 ET]
Table 'Alcathous II' 9-max Seat #8 is the button
Seat 1: Foyek2000 ($2.23 in chips) 
Seat 2: Dorex2007 ($2.81 in chips) 
Seat 3: Avirex_01 ($1.98 in chips) 
Seat 4: mahspace ($2.02 in chips) 
Seat 5: Mar1n04KA ($2 in chips) 
Seat 6: tinymaverick ($2 in chips) 
Seat 7: 7-semenov ($2.05 in chips) 
Seat 8: gregoriov83 ($2.02 in chips) 
Seat 9: Krokus2864 ($2 in chips) 
Krokus2864: posts small blind $0.01
Foyek2000: posts big blind $0.02
*** HOLE CARDS ***
Dealt to Dorex2007 [Ac Qs]
Dorex2007: raises $0.04 to $0.06
Avirex_01: folds 
mahspace: calls $0.06
Mar1n04KA: calls $0.06
tinymaverick: folds 
7-semenov: calls $0.06
gregoriov83: folds 
Krokus2864: folds 
Foyek2000: folds 
*** FLOP *** [8c 4s Ah]
Dorex2007: checks 
mahspace: checks 
Mar1n04KA: checks 
7-semenov: bets $0.13
Dorex2007: calls $0.13
mahspace: folds 
Mar1n04KA: folds 
*** TURN *** [8c 4s Ah] [8h]
Dorex2007: bets $0.34
7-semenov: folds 
Uncalled bet ($0.34) returned to Dorex2007
Dorex2007 collected $0.51 from pot
Dorex2007: doesn't show hand 
*** SUMMARY ***
Total pot $0.53 | Rake $0.02 
Board [8c 4s Ah 8h]
Seat 1: Foyek2000 (big blind) folded before Flop
Seat 2: Dorex2007 collected ($0.51)
Seat 3: Avirex_01 folded before Flop (didn't bet)
Seat 4: mahspace folded on the Flop
Seat 5: Mar1n04KA folded on the Flop
Seat 6: tinymaverick folded before Flop (didn't bet)
Seat 7: 7-semenov folded on the Turn
Seat 8: gregoriov83 (button) folded before Flop (didn't bet)
Seat 9: Krokus2864 (small blind) folded before Flop



PokerStars Hand #234474164716:  Hold'em No Limit ($0.01/$0.02 USD) - 2022/03/01 5:15:06 PT [2022/03/01 8:15:06 ET]
Table 'Alcathous II' 9-max Seat #9 is the button
Seat 1: Foyek2000 ($2.21 in chips) 
Seat 2: Dorex2007 ($3.13 in chips) 
Seat 3: Avirex_01 ($1.98 in chips) 
Seat 4: mahspace ($1.96 in chips) 
Seat 5: Mar1n04KA ($1.94 in chips) 
Seat 6: tinymaverick ($2 in chips) 
Seat 7: 7-semenov ($2 in chips) 
Seat 8: gregoriov83 ($2.02 in chips) 
Seat 9: Krokus2864 ($2 in chips) 
Foyek2000: posts small blind $0.01
Dorex2007: posts big blind $0.02
*** HOLE CARDS ***
Dealt to Dorex2007 [Kc 5h]
Avirex_01: raises $0.02 to $0.04
mahspace: folds 
Mar1n04KA: folds 
tinymaverick: folds 
7-semenov: calls $0.04
gregoriov83: folds 
Krokus2864: calls $0.04
Foyek2000: folds 
Dorex2007: folds 
*** FLOP *** [6c Tc 3s]
Avirex_01: bets $0.07
7-semenov: calls $0.07
Krokus2864: folds 
*** TURN *** [6c Tc 3s] [Js]
Avirex_01: bets $0.28
7-semenov: folds 
Uncalled bet ($0.28) returned to Avirex_01
Avirex_01 collected $0.28 from pot
Avirex_01: doesn't show hand 
*** SUMMARY ***
Total pot $0.29 | Rake $0.01 
Board [6c Tc 3s Js]
Seat 1: Foyek2000 (small blind) folded before Flop
Seat 2: Dorex2007 (big blind) folded before Flop
Seat 3: Avirex_01 collected ($0.28)
Seat 4: mahspace folded before Flop (didn't bet)
Seat 5: Mar1n04KA folded before Flop (didn't bet)
Seat 6: tinymaverick folded before Flop (didn't bet)
Seat 7: 7-semenov folded on the Turn
Seat 8: gregoriov83 folded before Flop (didn't bet)
Seat 9: Krokus2864 (button) folded on the Flop



PokerStars Hand #234474175309:  Hold'em No Limit ($0.01/$0.02 USD) - 2022/03/01 5:15:48 PT [2022/03/01 8:15:48 ET]
Table 'Alcathous II' 9-max Seat #1 is the button
Seat 1: Foyek2000 ($2.20 in chips) 
Seat 2: Dorex2007 ($3.11 in chips) 
Seat 3: Avirex_01 ($2.15 in chips) 
Seat 4: mahspace ($1.96 in chips) 
Seat 5: Mar1n04KA ($1.94 in chips) 
Seat 6: tinymaverick ($2 in chips) 
Seat 7: 7-semenov ($2 in chips) 
Seat 8: gregoriov83 ($2.02 in chips) 
Seat 9: Krokus2864 ($2 in chips) 
Dorex2007: posts small blind $0.01
Avirex_01: posts big blind $0.02
*** HOLE CARDS ***
Dealt to Dorex2007 [9s 7s]
mahspace: folds 
Mar1n04KA: folds 
tinymaverick: folds 
7-semenov: folds 
gregoriov83: folds 
Krokus2864: folds 
Foyek2000: folds 
Dorex2007: folds 
Uncalled bet ($0.01) returned to Avirex_01
Avirex_01 collected $0.02 from pot
Avirex_01: doesn't show hand 
*** SUMMARY ***
Total pot $0.02 | Rake $0 
Seat 1: Foyek2000 (button) folded before Flop (didn't bet)
Seat 2: Dorex2007 (small blind) folded before Flop
Seat 3: Avirex_01 (big blind) collected ($0.02)
Seat 4: mahspace folded before Flop (didn't bet)
Seat 5: Mar1n04KA folded before Flop (didn't bet)
Seat 6: tinymaverick folded before Flop (didn't bet)
Seat 7: 7-semenov folded before Flop (didn't bet)
Seat 8: gregoriov83 folded before Flop (didn't bet)
Seat 9: Krokus2864 folded before Flop (didn't bet)



PokerStars Hand #234474179148:  Hold'em No Limit ($0.01/$0.02 USD) - 2022/03/01 5:16:03 PT [2022/03/01 8:16:03 ET]
Table 'Alcathous II' 9-max Seat #2 is the button
Seat 1: Foyek2000 ($2.20 in chips) 
Seat 2: Dorex2007 ($3.10 in chips) 
Seat 3: Avirex_01 ($2.16 in chips) 
Seat 4: mahspace ($1.96 in chips) 
Seat 5: Mar1n04KA ($1.94 in chips) 
Seat 6: tinymaverick ($2 in chips) 
Seat 7: 7-semenov ($2 in chips) 
Seat 8: gregoriov83 ($2.02 in chips) 
Seat 9: Krokus2864 ($2 in chips) 
Avirex_01: posts small blind $0.01
mahspace: posts big blind $0.02
*** HOLE CARDS ***
Dealt to Dorex2007 [6d 7c]
Mar1n04KA: folds 
tinymaverick: folds 
7-semenov: folds 
gregoriov83: folds 
Krokus2864: folds 
Foyek2000: folds 
Dorex2007: folds 
Avirex_01: calls $0.01
mahspace: checks 
*** FLOP *** [4d 4c 5d]
Avirex_01: bets $0.02
mahspace: folds 
Uncalled bet ($0.02) returned to Avirex_01
Avirex_01 collected $0.04 from pot
Avirex_01: doesn't show hand 
*** SUMMARY ***
Total pot $0.04 | Rake $0 
Board [4d 4c 5d]
Seat 1: Foyek2000 folded before Flop (didn't bet)
Seat 2: Dorex2007 (button) folded before Flop (didn't bet)
Seat 3: Avirex_01 (small blind) collected ($0.04)
Seat 4: mahspace (big blind) folded on the Flop
Seat 5: Mar1n04KA folded before Flop (didn't bet)
Seat 6: tinymaverick folded before Flop (didn't bet)
Seat 7: 7-semenov folded before Flop (didn't bet)
Seat 8: gregoriov83 folded before Flop (didn't bet)
Seat 9: Krokus2864 folded before Flop (didn't bet)



PokerStars Hand #234474187305:  Hold'em No Limit ($0.01/$0.02 USD) - 2022/03/01 5:16:35 PT [2022/03/01 8:16:35 ET]
Table 'Alcathous II' 9-max Seat #3 is the button
Seat 1: Foyek2000 ($2.20 in chips) 
Seat 2: Dorex2007 ($3.10 in chips) 
Seat 3: Avirex_01 ($2.18 in chips) 
Seat 4: mahspace ($1.94 in chips) 
Seat 5: Mar1n04KA ($1.94 in chips) 
Seat 6: tinymaverick ($2 in chips) 
Seat 7: 7-semenov ($2 in chips) 
Seat 8: gregoriov83 ($2.02 in chips) 
Seat 9: Krokus2864 ($2 in chips) 
mahspace: posts small blind $0.01
Mar1n04KA: posts big blind $0.02
*** HOLE CARDS ***
Dealt to Dorex2007 [Kh 5d]
tinymaverick: folds 
7-semenov: folds 
gregoriov83: folds 
Krokus2864: folds 
Foyek2000: folds 
Dorex2007: folds 
Avirex_01: folds 
mahspace: folds 
Uncalled bet ($0.01) returned to Mar1n04KA
Mar1n04KA collected $0.02 from pot
Mar1n04KA: doesn't show hand 
*** SUMMARY ***
Total pot $0.02 | Rake $0 
Seat 1: Foyek2000 folded before Flop (didn't bet)
Seat 2: Dorex2007 folded before Flop (didn't bet)
Seat 3: Avirex_01 (button) folded before Flop (didn't bet)
Seat 4: mahspace (small blind) folded before Flop
Seat 5: Mar1n04KA (big blind) collected ($0.02)
Seat 6: tinymaverick folded before Flop (didn't bet)
Seat 7: 7-semenov folded before Flop (didn't bet)
Seat 8: gregoriov83 folded before Flop (didn't bet)
Seat 9: Krokus2864 folded before Flop (didn't bet)



PokerStars Hand #234474193814:  Hold'em No Limit ($0.01/$0.02 USD) - 2022/03/01 5:17:00 PT [2022/03/01 8:17:00 ET]
Table 'Alcathous II' 9-max Seat #4 is the button
Seat 1: Foyek2000 ($2.20 in chips) 
Seat 2: Dorex2007 ($3.10 in chips) 
Seat 3: Avirex_01 ($2.18 in chips) 
Seat 4: mahspace ($1.93 in chips) 
Seat 5: Mar1n04KA ($1.95 in chips) 
Seat 7: 7-semenov ($2 in chips) 
Seat 8: gregoriov83 ($2.02 in chips) 
Seat 9: Krokus2864 ($2 in chips) 
Mar1n04KA: posts small blind $0.01
tinymaverick: is sitting out 
7-semenov: posts big blind $0.02
*** HOLE CARDS ***
Dealt to Dorex2007 [2d Jc]
tinymaverick leaves the table
gregoriov83: folds 
Krokus2864: folds 
Foyek2000: raises $0.04 to $0.06
Dorex2007: folds 
Avirex_01: folds 
mahspace: folds 
Mar1n04KA: folds 
7-semenov: folds 
Uncalled bet ($0.04) returned to Foyek2000
Foyek2000 collected $0.05 from pot
*** SUMMARY ***
Total pot $0.05 | Rake $0 
Seat 1: Foyek2000 collected ($0.05)
Seat 2: Dorex2007 folded before Flop (didn't bet)
Seat 3: Avirex_01 folded before Flop (didn't bet)
Seat 4: mahspace (button) folded before Flop (didn't bet)
Seat 5: Mar1n04KA (small blind) folded before Flop
Seat 7: 7-semenov (big blind) folded before Flop
Seat 8: gregoriov83 folded before Flop (didn't bet)
Seat 9: Krokus2864 folded before Flop (didn't bet)



PokerStars Hand #234474200572:  Hold'em No Limit ($0.01/$0.02 USD) - 2022/03/01 5:17:26 PT [2022/03/01 8:17:26 ET]
Table 'Alcathous II' 9-max Seat #5 is the button
Seat 1: Foyek2000 ($2.23 in chips) 
Seat 2: Dorex2007 ($3.10 in chips) 
Seat 3: Avirex_01 ($2.18 in chips) 
Seat 4: mahspace ($1.93 in chips) 
Seat 5: Mar1n04KA ($1.94 in chips) 
Seat 7: 7-semenov ($2 in chips) 
Seat 8: gregoriov83 ($2.02 in chips) 
Seat 9: Krokus2864 ($2 in chips) 
7-semenov: posts small blind $0.01
gregoriov83: posts big blind $0.02
*** HOLE CARDS ***
Dealt to Dorex2007 [Qs Kh]
Krokus2864: folds 
Foyek2000: folds 
Dorex2007: raises $0.04 to $0.06
Avirex_01: folds 
mahspace: folds 
Mar1n04KA: folds 
7-semenov: folds 
gregoriov83: folds 
Uncalled bet ($0.04) returned to Dorex2007
Dorex2007 collected $0.05 from pot
Dorex2007: doesn't show hand 
AssosManiki joins the table at seat #6 
*** SUMMARY ***
Total pot $0.05 | Rake $0 
Seat 1: Foyek2000 folded before Flop (didn't bet)
Seat 2: Dorex2007 collected ($0.05)
Seat 3: Avirex_01 folded before Flop (didn't bet)
Seat 4: mahspace folded before Flop (didn't bet)
Seat 5: Mar1n04KA (button) folded before Flop (didn't bet)
Seat 7: 7-semenov (small blind) folded before Flop
Seat 8: gregoriov83 (big blind) folded before Flop
Seat 9: Krokus2864 folded before Flop (didn't bet)



PokerStars Hand #234474204188:  Hold'em No Limit ($0.01/$0.02 USD) - 2022/03/01 5:17:40 PT [2022/03/01 8:17:40 ET]
Table 'Alcathous II' 9-max Seat #7 is the button
Seat 1: Foyek2000 ($2.23 in chips) 
Seat 2: Dorex2007 ($3.13 in chips) 
Seat 3: Avirex_01 ($2.18 in chips) 
Seat 4: mahspace ($1.93 in chips) 
Seat 5: Mar1n04KA ($1.94 in chips) 
Seat 7: 7-semenov ($2 in chips) 
Seat 8: gregoriov83 ($2 in chips) 
Seat 9: Krokus2864 ($2 in chips) 
gregoriov83: posts small blind $0.01
Krokus2864: posts big blind $0.02
AssosManiki: sits out 
*** HOLE CARDS ***
Dealt to Dorex2007 [Ks 2d]
Foyek2000: folds 
Dorex2007: folds 
Avirex_01: folds 
mahspace: folds 
Mar1n04KA: folds 
7-semenov: folds 
gregoriov83: raises $0.06 to $0.08
Krokus2864: folds 
Uncalled bet ($0.06) returned to gregoriov83
gregoriov83 collected $0.04 from pot
gregoriov83: doesn't show hand 
*** SUMMARY ***
Total pot $0.04 | Rake $0 
Seat 1: Foyek2000 folded before Flop (didn't bet)
Seat 2: Dorex2007 folded before Flop (didn't bet)
Seat 3: Avirex_01 folded before Flop (didn't bet)
Seat 4: mahspace folded before Flop (didn't bet)
Seat 5: Mar1n04KA folded before Flop (didn't bet)
Seat 7: 7-semenov (button) folded before Flop (didn't bet)
Seat 8: gregoriov83 (small blind) collected ($0.04)
Seat 9: Krokus2864 (big blind) folded before Flop



PokerStars Hand #234474209397:  Hold'em No Limit ($0.01/$0.02 USD) - 2022/03/01 5:18:01 PT [2022/03/01 8:18:01 ET]
Table 'Alcathous II' 9-max Seat #8 is the button
Seat 1: Foyek2000 ($2.23 in chips) 
Seat 2: Dorex2007 ($3.13 in chips) 
Seat 3: Avirex_01 ($2.18 in chips) 
Seat 4: mahspace ($1.93 in chips) 
Seat 5: Mar1n04KA ($1.94 in chips) 
Seat 7: 7-semenov ($2 in chips) 
Seat 8: gregoriov83 ($2.02 in chips) 
Seat 9: Krokus2864 ($2 in chips) 
Krokus2864: posts small blind $0.01
Foyek2000: posts big blind $0.02
AssosManiki: sits out 
*** HOLE CARDS ***
Dealt to Dorex2007 [8d Td]
Dorex2007: folds 
Avirex_01: folds 
mahspace: folds 
Mar1n04KA: folds 
7-semenov: folds 
gregoriov83: folds 
Krokus2864: folds 
Uncalled bet ($0.01) returned to Foyek2000
Foyek2000 collected $0.02 from pot
*** SUMMARY ***
Total pot $0.02 | Rake $0 
Seat 1: Foyek2000 (big blind) collected ($0.02)
Seat 2: Dorex2007 folded before Flop (didn't bet)
Seat 3: Avirex_01 folded before Flop (didn't bet)
Seat 4: mahspace folded before Flop (didn't bet)
Seat 5: Mar1n04KA folded before Flop (didn't bet)
Seat 7: 7-semenov folded before Flop (didn't bet)
Seat 8: gregoriov83 (button) folded before Flop (didn't bet)
Seat 9: Krokus2864 (small blind) folded before Flop



PokerStars Hand #234474211687:  Hold'em No Limit ($0.01/$0.02 USD) - 2022/03/01 5:18:09 PT [2022/03/01 8:18:09 ET]
Table 'Alcathous II' 9-max Seat #9 is the button
Seat 1: Foyek2000 ($2.24 in chips) 
Seat 2: Dorex2007 ($3.13 in chips) 
Seat 3: Avirex_01 ($2.18 in chips) 
Seat 4: mahspace ($1.93 in chips) 
Seat 5: Mar1n04KA ($1.94 in chips) 
Seat 8: gregoriov83 ($2.02 in chips) 
Seat 9: Krokus2864 ($2 in chips) 
Foyek2000: posts small blind $0.01
Dorex2007: posts big blind $0.02
AssosManiki: sits out 
*** HOLE CARDS ***
Dealt to Dorex2007 [9h 4h]
Avirex_01: folds 
mahspace: folds 
Mar1n04KA: raises $0.03 to $0.05
Avirex_01 leaves the table
7-semenov leaves the table
gregoriov83: folds 
Krokus2864: folds 
Foyek2000: folds 
Dorex2007: folds 
Uncalled bet ($0.03) returned to Mar1n04KA
Mar1n04KA collected $0.05 from pot
Mar1n04KA: doesn't show hand 
*** SUMMARY ***
Total pot $0.05 | Rake $0 
Seat 1: Foyek2000 (small blind) folded before Flop
Seat 2: Dorex2007 (big blind) folded before Flop
Seat 3: Avirex_01 folded before Flop (didn't bet)
Seat 4: mahspace folded before Flop (didn't bet)
Seat 5: Mar1n04KA collected ($0.05)
Seat 8: gregoriov83 folded before Flop (didn't bet)
Seat 9: Krokus2864 (button) folded before Flop (didn't bet)



PokerStars Hand #234474218159:  Hold'em No Limit ($0.01/$0.02 USD) - 2022/03/01 5:18:35 PT [2022/03/01 8:18:35 ET]
Table 'Alcathous II' 9-max Seat #1 is the button
Seat 1: Foyek2000 ($2.23 in chips) 
Seat 2: Dorex2007 ($3.11 in chips) 
Seat 4: mahspace ($1.93 in chips) 
Seat 5: Mar1n04KA ($1.97 in chips) 
Seat 8: gregoriov83 ($2.02 in chips) 
Seat 9: Krokus2864 ($2 in chips) 
OLEGVERES948 joins the table at seat #3 
Dorex2007: posts small blind $0.01
mahspace: posts big blind $0.02
AssosManiki: sits out 
*** HOLE CARDS ***
Dealt to Dorex2007 [As Kc]
Mar1n04KA: folds 
gregoriov83: folds 
Mar1n04KA leaves the table
Krokus2864: raises $0.04 to $0.06
Foyek2000: folds 
Dorex2007: raises $0.08 to $0.14
mahspace: folds 
Krokus2864: calls $0.08
*** FLOP *** [Ad Jc 9s]
Dorex2007: bets $0.29
Krokus2864: raises $1.57 to $1.86 and is all-in
Dorex2007: calls $1.57
*** TURN *** [Ad Jc 9s] [Qc]
*** RIVER *** [Ad Jc 9s Qc] [Ac]
*** SHOW DOWN ***
Dorex2007: shows [As Kc] (three of a kind, Aces)
Krokus2864: shows [Jd Jh] (a full house, Jacks full of Aces)
Dorex2007 cashed out the hand for $0.13
Krokus2864 cashed out the hand for $3.71 | Cash Out Fee $0.04
*** SUMMARY ***
Total pot $4.02 | Rake $0.14 
Board [Ad Jc 9s Qc Ac]
Seat 1: Foyek2000 (button) folded before Flop (didn't bet)
Seat 2: Dorex2007 (small blind) showed [As Kc] and lost with three of a kind, Aces (cashed out).
Seat 4: mahspace (big blind) folded before Flop
Seat 5: Mar1n04KA folded before Flop (didn't bet)
Seat 8: gregoriov83 folded before Flop (didn't bet)
Seat 9: Krokus2864 showed [Jd Jh] and won ($3.88) with a full house, Jacks full of Aces (pot not awarded as player cashed out)



PokerStars Hand #234474229237:  Hold'em No Limit ($0.01/$0.02 USD) - 2022/03/01 5:19:19 PT [2022/03/01 8:19:19 ET]
Table 'Alcathous II' 9-max Seat #2 is the button
Seat 1: Foyek2000 ($2.23 in chips) 
Seat 2: Dorex2007 ($2 in chips) 
Seat 4: mahspace ($1.91 in chips) 
Seat 6: AssosManiki ($2 in chips) 
Seat 8: gregoriov83 ($2.02 in chips) 
Seat 9: Krokus2864 ($3.71 in chips) 
mahspace: posts small blind $0.01
AssosManiki: posts big blind $0.02
*** HOLE CARDS ***
Dealt to Dorex2007 [Td 5d]
gregoriov83: folds 
Krokus2864: folds 
Foyek2000: folds 
Dorex2007: folds 
mahspace: raises $0.04 to $0.06
AssosManiki: folds 
Uncalled bet ($0.04) returned to mahspace
mahspace collected $0.04 from pot
mahspace: doesn't show hand 
*** SUMMARY ***
Total pot $0.04 | Rake $0 
Seat 1: Foyek2000 folded before Flop (didn't bet)
Seat 2: Dorex2007 (button) folded before Flop (didn't bet)
Seat 4: mahspace (small blind) collected ($0.04)
Seat 6: AssosManiki (big blind) folded before Flop
Seat 8: gregoriov83 folded before Flop (didn't bet)
Seat 9: Krokus2864 folded before Flop (didn't bet)



PokerStars Hand #234474235343:  Hold'em No Limit ($0.01/$0.02 USD) - 2022/03/01 5:19:43 PT [2022/03/01 8:19:43 ET]
Table 'Alcathous II' 9-max Seat #4 is the button
Seat 1: Foyek2000 ($2.23 in chips) 
Seat 2: Dorex2007 ($2 in chips) 
Seat 3: OLEGVERES948 ($1 in chips) 
Seat 4: mahspace ($1.93 in chips) 
Seat 6: AssosManiki ($1.98 in chips) 
Seat 8: gregoriov83 ($2.02 in chips) 
Seat 9: Krokus2864 ($3.71 in chips) 
AssosManiki: posts small blind $0.01
gregoriov83: posts big blind $0.02
OLEGVERES948: posts big blind $0.02
*** HOLE CARDS ***
Dealt to Dorex2007 [4d Qh]
Krokus2864: folds 
Foyek2000: folds 
Dorex2007: folds 
OLEGVERES948: checks 
mahspace: folds 
AssosManiki: calls $0.01
playman5 joins the table at seat #7 
gregoriov83: checks 
*** FLOP *** [2s 7s Ac]
AssosManiki: checks 
gregoriov83: checks 
OLEGVERES948: checks 
*** TURN *** [2s 7s Ac] [9d]
mr.Iartcev joins the table at seat #5 
AssosManiki: checks 
gregoriov83: checks 
OLEGVERES948: bets $0.04
AssosManiki: calls $0.04
gregoriov83: folds 
*** RIVER *** [2s 7s Ac 9d] [3d]
AssosManiki: checks 
OLEGVERES948: checks 
*** SHOW DOWN ***
AssosManiki: shows [9c 6c] (a pair of Nines)
OLEGVERES948: mucks hand 
AssosManiki collected $0.14 from pot
*** SUMMARY ***
Total pot $0.14 | Rake $0 
Board [2s 7s Ac 9d 3d]
Seat 1: Foyek2000 folded before Flop (didn't bet)
Seat 2: Dorex2007 folded before Flop (didn't bet)
Seat 3: OLEGVERES948 mucked [Jd 3c]
Seat 4: mahspace (button) folded before Flop (didn't bet)
Seat 6: AssosManiki (small blind) showed [9c 6c] and won ($0.14) with a pair of Nines
Seat 8: gregoriov83 (big blind) folded on the Turn
Seat 9: Krokus2864 folded before Flop (didn't bet)



PokerStars Hand #234474244701:  Hold'em No Limit ($0.01/$0.02 USD) - 2022/03/01 5:20:19 PT [2022/03/01 8:20:19 ET]
Table 'Alcathous II' 9-max Seat #6 is the button
Seat 1: Foyek2000 ($2.23 in chips) 
Seat 2: Dorex2007 ($2 in chips) 
Seat 3: OLEGVERES948 ($0.94 in chips) 
Seat 4: mahspace ($1.93 in chips) 
Seat 6: AssosManiki ($2.06 in chips) 
Seat 8: gregoriov83 ($2 in chips) 
Seat 9: Krokus2864 ($3.71 in chips) 
gregoriov83: posts small blind $0.01
Krokus2864: posts big blind $0.02
mr.Iartcev: sits out 
*** HOLE CARDS ***
Dealt to Dorex2007 [Kh 2d]
Foyek2000: folds 
Dorex2007: folds 
OLEGVERES948: folds 
mahspace: folds 
AssosManiki: folds 
gregoriov83: raises $0.03 to $0.05
Krokus2864: folds 
Uncalled bet ($0.03) returned to gregoriov83
gregoriov83 collected $0.04 from pot
gregoriov83: doesn't show hand 
*** SUMMARY ***
Total pot $0.04 | Rake $0 
Seat 1: Foyek2000 folded before Flop (didn't bet)
Seat 2: Dorex2007 folded before Flop (didn't bet)
Seat 3: OLEGVERES948 folded before Flop (didn't bet)
Seat 4: mahspace folded before Flop (didn't bet)
Seat 6: AssosManiki (button) folded before Flop (didn't bet)
Seat 8: gregoriov83 (small blind) collected ($0.04)
Seat 9: Krokus2864 (big blind) folded before Flop



PokerStars Hand #234474290414:  Hold'em No Limit ($0.01/$0.02 USD) - 2022/03/01 5:22:56 PT [2022/03/01 8:22:56 ET]
Table 'Alcathous II' 9-max Seat #3 is the button
Seat 1: Foyek2000 ($2.20 in chips) 
Seat 2: Dorex2007 ($2 in chips) 
Seat 3: OLEGVERES948 ($0.40 in chips) 
Seat 4: mahspace ($4.31 in chips) 
Seat 6: AssosManiki ($1.96 in chips) 
Seat 8: gregoriov83 ($2.16 in chips) 
Seat 9: Krokus2864 ($3.62 in chips) 
mahspace: posts small blind $0.01
AssosManiki: posts big blind $0.02
playman5: sits out 
Dorex2007: posts small & big blinds $0.03
*** HOLE CARDS ***
Dealt to Dorex2007 [8h 9h]
gregoriov83: folds 
Krokus2864: folds 
Foyek2000: raises $0.08 to $0.10
Dorex2007: folds 
OLEGVERES948: folds 
mahspace: folds 
AssosManiki: folds 
Uncalled bet ($0.08) returned to Foyek2000
Foyek2000 collected $0.08 from pot
*** SUMMARY ***
Total pot $0.08 | Rake $0 
Seat 1: Foyek2000 collected ($0.08)
Seat 2: Dorex2007 folded before Flop (didn't bet)
Seat 3: OLEGVERES948 (button) folded before Flop (didn't bet)
Seat 4: mahspace (small blind) folded before Flop
Seat 6: AssosManiki (big blind) folded before Flop
Seat 8: gregoriov83 folded before Flop (didn't bet)
Seat 9: Krokus2864 folded before Flop (didn't bet)



PokerStars Hand #234474293789:  Hold'em No Limit ($0.01/$0.02 USD) - 2022/03/01 5:23:08 PT [2022/03/01 8:23:08 ET]
Table 'Alcathous II' 9-max Seat #4 is the button
Seat 1: Foyek2000 ($2.26 in chips) 
Seat 2: Dorex2007 ($2 in chips) 
Seat 3: OLEGVERES948 ($0.40 in chips) 
Seat 4: mahspace ($4.30 in chips) 
Seat 6: AssosManiki ($1.94 in chips) 
Seat 7: playman5 ($1 in chips) 
Seat 8: gregoriov83 ($2.16 in chips) 
Seat 9: Krokus2864 ($3.62 in chips) 
AssosManiki: posts small blind $0.01
playman5: posts big blind $0.02
*** HOLE CARDS ***
Dealt to Dorex2007 [7h 6c]
gregoriov83: folds 
Krokus2864: folds 
Foyek2000: raises $0.04 to $0.06
Dorex2007: folds 
OLEGVERES948: folds 
mahspace: folds 
AssosManiki: folds 
playman5: folds 
Uncalled bet ($0.04) returned to Foyek2000
Foyek2000 collected $0.05 from pot
*** SUMMARY ***
Total pot $0.05 | Rake $0 
Seat 1: Foyek2000 collected ($0.05)
Seat 2: Dorex2007 folded before Flop (didn't bet)
Seat 3: OLEGVERES948 folded before Flop (didn't bet)
Seat 4: mahspace (button) folded before Flop (didn't bet)
Seat 6: AssosManiki (small blind) folded before Flop
Seat 7: playman5 (big blind) folded before Flop
Seat 8: gregoriov83 folded before Flop (didn't bet)
Seat 9: Krokus2864 folded before Flop (didn't bet)



PokerStars Hand #234474298136:  Hold'em No Limit ($0.01/$0.02 USD) - 2022/03/01 5:23:24 PT [2022/03/01 8:23:24 ET]
Table 'Alcathous II' 9-max Seat #6 is the button
Seat 1: Foyek2000 ($2.29 in chips) 
Seat 2: Dorex2007 ($2 in chips) 
Seat 3: OLEGVERES948 ($0.40 in chips) 
Seat 4: mahspace ($4.30 in chips) 
Seat 5: mr.Iartcev ($2 in chips) 
Seat 6: AssosManiki ($1.93 in chips) 
Seat 7: playman5 ($0.98 in chips) 
Seat 8: gregoriov83 ($2.16 in chips) 
Seat 9: Krokus2864 ($3.62 in chips) 
playman5: posts small blind $0.01
gregoriov83: posts big blind $0.02
mr.Iartcev: posts small & big blinds $0.03
*** HOLE CARDS ***
Dealt to Dorex2007 [Qs Td]
Krokus2864: folds 
Foyek2000: folds 
Krokus2864 leaves the table
Dorex2007: folds 
OLEGVERES948: calls $0.02
mahspace: folds 
bankasguhi joins the table at seat #9 
mr.Iartcev: checks 
AssosManiki: folds 
playman5: folds 
gregoriov83: checks 
*** FLOP *** [9s Js 5h]
gregoriov83: checks 
OLEGVERES948: checks 
mr.Iartcev: checks 
*** TURN *** [9s Js 5h] [3h]
gregoriov83: checks 
OLEGVERES948: checks 
mr.Iartcev: checks 
*** RIVER *** [9s Js 5h 3h] [5c]
gregoriov83: checks 
OLEGVERES948: checks 
mr.Iartcev: checks 
*** SHOW DOWN ***
gregoriov83: shows [Ks 2c] (a pair of Fives)
OLEGVERES948: shows [Kc Qd] (a pair of Fives - King+Queen kicker)
mr.Iartcev: mucks hand 
OLEGVERES948 collected $0.08 from pot
*** SUMMARY ***
Total pot $0.08 | Rake $0 
Board [9s Js 5h 3h 5c]
Seat 1: Foyek2000 folded before Flop (didn't bet)
Seat 2: Dorex2007 folded before Flop (didn't bet)
Seat 3: OLEGVERES948 showed [Kc Qd] and won ($0.08) with a pair of Fives
Seat 4: mahspace folded before Flop (didn't bet)
Seat 5: mr.Iartcev mucked [2s 6d]
Seat 6: AssosManiki (button) folded before Flop (didn't bet)
Seat 7: playman5 (small blind) folded before Flop
Seat 8: gregoriov83 (big blind) showed [Ks 2c] and lost with a pair of Fives
Seat 9: Krokus2864 folded before Flop (didn't bet)



PokerStars Hand #234474313258:  Hold'em No Limit ($0.01/$0.02 USD) - 2022/03/01 5:24:21 PT [2022/03/01 8:24:21 ET]
Table 'Alcathous II' 9-max Seat #7 is the button
Seat 1: Foyek2000 ($2.29 in chips) 
Seat 2: Dorex2007 ($2 in chips) 
Seat 3: OLEGVERES948 ($0.46 in chips) 
Seat 4: mahspace ($4.30 in chips) 
Seat 5: mr.Iartcev ($1.97 in chips) 
Seat 6: AssosManiki ($1.93 in chips) 
Seat 7: playman5 ($0.97 in chips) 
Seat 8: gregoriov83 ($2.14 in chips) 
Seat 9: bankasguhi ($2 in chips) 
gregoriov83: posts small blind $0.01
bankasguhi: posts big blind $0.02
*** HOLE CARDS ***
Dealt to Dorex2007 [4d 4c]
Foyek2000 has timed out
Foyek2000: folds 
Dorex2007: raises $0.04 to $0.06
OLEGVERES948: calls $0.06
mahspace: folds 
mr.Iartcev: folds 
AssosManiki: folds 
playman5: folds 
gregoriov83: calls $0.05
bankasguhi: calls $0.04
*** FLOP *** [3h 5c Js]
gregoriov83: bets $0.17
bankasguhi: folds 
Dorex2007: folds 
OLEGVERES948: calls $0.17
*** TURN *** [3h 5c Js] [8d]
gregoriov83: bets $0.28
OLEGVERES948: calls $0.23 and is all-in
Uncalled bet ($0.05) returned to gregoriov83
*** RIVER *** [3h 5c Js 8d] [6h]
*** SHOW DOWN ***
gregoriov83: shows [Jd Kc] (a pair of Jacks)
OLEGVERES948: shows [Tc Td] (a pair of Tens)
gregoriov83 cashed out the hand for $0.95 | Cash Out Fee $0.01
*** SUMMARY ***
Total pot $1.04 | Rake $0.04 
Board [3h 5c Js 8d 6h]
Seat 1: Foyek2000 folded before Flop (didn't bet)
Seat 2: Dorex2007 folded on the Flop
Seat 3: OLEGVERES948 showed [Tc Td] and lost with a pair of Tens
Seat 4: mahspace folded before Flop (didn't bet)
Seat 5: mr.Iartcev folded before Flop (didn't bet)
Seat 6: AssosManiki folded before Flop (didn't bet)
Seat 7: playman5 (button) folded before Flop (didn't bet)
Seat 8: gregoriov83 (small blind) showed [Jd Kc] and won ($1) with a pair of Jacks (pot not awarded as player cashed out)
Seat 9: bankasguhi (big blind) folded on the Flop



PokerStars Hand #234474330723:  Hold'em No Limit ($0.01/$0.02 USD) - 2022/03/01 5:25:26 PT [2022/03/01 8:25:26 ET]
Table 'Alcathous II' 9-max Seat #8 is the button
Seat 2: Dorex2007 ($2 in chips) 
Seat 4: mahspace ($4.30 in chips) 
Seat 5: mr.Iartcev ($1.97 in chips) 
Seat 6: AssosManiki ($1.93 in chips) 
Seat 7: playman5 ($0.97 in chips) 
Seat 8: gregoriov83 ($2.63 in chips) 
Seat 9: bankasguhi ($2 in chips) 
bankasguhi: posts small blind $0.01
Dorex2007: posts big blind $0.02
*** HOLE CARDS ***
Dealt to Dorex2007 [Ks Ad]
mahspace: folds 
mr.Iartcev: folds 
AssosManiki: folds 
playman5: folds 
gregoriov83: folds 
bankasguhi: folds 
Uncalled bet ($0.01) returned to Dorex2007
Dorex2007 collected $0.02 from pot
Dorex2007: doesn't show hand 
OLEGVERES948 leaves the table
*** SUMMARY ***
Total pot $0.02 | Rake $0 
Seat 2: Dorex2007 (big blind) collected ($0.02)
Seat 4: mahspace folded before Flop (didn't bet)
Seat 5: mr.Iartcev folded before Flop (didn't bet)
Seat 6: AssosManiki folded before Flop (didn't bet)
Seat 7: playman5 folded before Flop (didn't bet)
Seat 8: gregoriov83 (button) folded before Flop (didn't bet)
Seat 9: bankasguhi (small blind) folded before Flop



PokerStars Hand #234474334732:  Hold'em No Limit ($0.01/$0.02 USD) - 2022/03/01 5:25:40 PT [2022/03/01 8:25:40 ET]
Table 'Alcathous II' 9-max Seat #9 is the button
Seat 2: Dorex2007 ($2.01 in chips) 
Seat 5: mr.Iartcev ($1.97 in chips) 
Seat 6: AssosManiki ($1.93 in chips) 
Seat 7: playman5 ($0.97 in chips) 
Seat 8: gregoriov83 ($2.63 in chips) 
Seat 9: bankasguhi ($2 in chips) 
Dorex2007: posts small blind $0.01
mahspace: is sitting out 
mr.Iartcev: posts big blind $0.02
*** HOLE CARDS ***
Dealt to Dorex2007 [Ah Jh]
AssosManiki: folds 
playman5: folds 
gregoriov83: folds 
bankasguhi: folds 
Dorex2007: raises $0.04 to $0.06
mr.Iartcev: folds 
Uncalled bet ($0.04) returned to Dorex2007
Dorex2007 collected $0.04 from pot
Dorex2007: doesn't show hand 
*** SUMMARY ***
Total pot $0.04 | Rake $0 
Seat 2: Dorex2007 (small blind) collected ($0.04)
Seat 5: mr.Iartcev (big blind) folded before Flop
Seat 6: AssosManiki folded before Flop (didn't bet)
Seat 7: playman5 folded before Flop (didn't bet)
Seat 8: gregoriov83 folded before Flop (didn't bet)
Seat 9: bankasguhi (button) folded before Flop (didn't bet)



PokerStars Hand #234474338637:  Hold'em No Limit ($0.01/$0.02 USD) - 2022/03/01 5:25:55 PT [2022/03/01 8:25:55 ET]
Table 'Alcathous II' 9-max Seat #2 is the button
Seat 2: Dorex2007 ($2.03 in chips) 
Seat 5: mr.Iartcev ($1.95 in chips) 
Seat 6: AssosManiki ($1.93 in chips) 
Seat 7: playman5 ($0.97 in chips) 
Seat 8: gregoriov83 ($2.63 in chips) 
Seat 9: bankasguhi ($2 in chips) 
mr.Iartcev: posts small blind $0.01
AssosManiki: posts big blind $0.02
*** HOLE CARDS ***
Dealt to Dorex2007 [4h Ks]
playman5: folds 
gregoriov83: folds 
bankasguhi: folds 
Dorex2007: folds 
mr.Iartcev: raises $0.04 to $0.06
AssosManiki: folds 
Uncalled bet ($0.04) returned to mr.Iartcev
mr.Iartcev collected $0.04 from pot
mr.Iartcev: doesn't show hand 
*** SUMMARY ***
Total pot $0.04 | Rake $0 
Seat 2: Dorex2007 (button) folded before Flop (didn't bet)
Seat 5: mr.Iartcev (small blind) collected ($0.04)
Seat 6: AssosManiki (big blind) folded before Flop
Seat 7: playman5 folded before Flop (didn't bet)
Seat 8: gregoriov83 folded before Flop (didn't bet)
Seat 9: bankasguhi folded before Flop (didn't bet)



PokerStars Hand #234474342675:  Hold'em No Limit ($0.01/$0.02 USD) - 2022/03/01 5:26:10 PT [2022/03/01 8:26:10 ET]
Table 'Alcathous II' 9-max Seat #5 is the button
Seat 2: Dorex2007 ($2.03 in chips) 
Seat 5: mr.Iartcev ($1.97 in chips) 
Seat 6: AssosManiki ($1.91 in chips) 
Seat 7: playman5 ($0.97 in chips) 
Seat 8: gregoriov83 ($2.63 in chips) 
Seat 9: bankasguhi ($2 in chips) 
AssosManiki: posts small blind $0.01
playman5: posts big blind $0.02
*** HOLE CARDS ***
Dealt to Dorex2007 [3h 8c]
mahspace leaves the table
gregoriov83: folds 
bankasguhi: folds 
Dorex2007: folds 
mr.Iartcev has timed out
mr.Iartcev: folds 
AssosManiki: raises $0.03 to $0.05
playman5: calls $0.03
*** FLOP *** [2c 2d 8d]
mr.Iartcev leaves the table
AssosManiki: bets $0.04
playman5: folds 
Uncalled bet ($0.04) returned to AssosManiki
AssosManiki collected $0.10 from pot
*** SUMMARY ***
Total pot $0.10 | Rake $0 
Board [2c 2d 8d]
Seat 2: Dorex2007 folded before Flop (didn't bet)
Seat 5: mr.Iartcev (button) folded before Flop (didn't bet)
Seat 6: AssosManiki (small blind) collected ($0.10)
Seat 7: playman5 (big blind) folded on the Flop
Seat 8: gregoriov83 folded before Flop (didn't bet)
Seat 9: bankasguhi folded before Flop (didn't bet)



PokerStars Hand #234474350272:  Hold'em No Limit ($0.01/$0.02 USD) - 2022/03/01 5:26:38 PT [2022/03/01 8:26:38 ET]
Table 'Alcathous II' 9-max Seat #6 is the button
Seat 2: Dorex2007 ($2.03 in chips) 
Seat 6: AssosManiki ($1.96 in chips) 
Seat 7: playman5 ($0.92 in chips) 
Seat 8: gregoriov83 ($2.63 in chips) 
Seat 9: bankasguhi ($2 in chips) 
playman5: posts small blind $0.01
gregoriov83: posts big blind $0.02
*** HOLE CARDS ***
Dealt to Dorex2007 [2s 7c]
bankasguhi: folds 
Dorex2007: folds 
AssosManiki: folds 
playman5: folds 
Uncalled bet ($0.01) returned to gregoriov83
gregoriov83 collected $0.02 from pot
gregoriov83: doesn't show hand 
*** SUMMARY ***
Total pot $0.02 | Rake $0 
Seat 2: Dorex2007 folded before Flop (didn't bet)
Seat 6: AssosManiki (button) folded before Flop (didn't bet)
Seat 7: playman5 (small blind) folded before Flop
Seat 8: gregoriov83 (big blind) collected ($0.02)
Seat 9: bankasguhi folded before Flop (didn't bet)



PokerStars Hand #234474353355:  Hold'em No Limit ($0.01/$0.02 USD) - 2022/03/01 5:26:50 PT [2022/03/01 8:26:50 ET]
Table 'Alcathous II' 9-max Seat #7 is the button
Seat 2: Dorex2007 ($2.03 in chips) 
Seat 6: AssosManiki ($1.96 in chips) 
Seat 7: playman5 ($0.91 in chips) 
Seat 8: gregoriov83 ($2.64 in chips) 
Seat 9: bankasguhi ($2 in chips) 
gregoriov83: posts small blind $0.01
bankasguhi: posts big blind $0.02
*** HOLE CARDS ***
Dealt to Dorex2007 [Jd 6c]
Dorex2007: folds 
AssosManiki: folds 
playman5: folds 
gregoriov83: folds 
Uncalled bet ($0.01) returned to bankasguhi
bankasguhi collected $0.02 from pot
bankasguhi: doesn't show hand 
*** SUMMARY ***
Total pot $0.02 | Rake $0 
Seat 2: Dorex2007 folded before Flop (didn't bet)
Seat 6: AssosManiki folded before Flop (didn't bet)
Seat 7: playman5 (button) folded before Flop (didn't bet)
Seat 8: gregoriov83 (small blind) folded before Flop
Seat 9: bankasguhi (big blind) collected ($0.02)



PokerStars Hand #234474355923:  Hold'em No Limit ($0.01/$0.02 USD) - 2022/03/01 5:26:59 PT [2022/03/01 8:26:59 ET]
Table 'Alcathous II' 9-max Seat #8 is the button
Seat 2: Dorex2007 ($2.03 in chips) 
Seat 6: AssosManiki ($1.96 in chips) 
Seat 7: playman5 ($0.91 in chips) 
Seat 8: gregoriov83 ($2.63 in chips) 
Seat 9: bankasguhi ($2.01 in chips) 
bankasguhi: posts small blind $0.01
Dorex2007: posts big blind $0.02
*** HOLE CARDS ***
Dealt to Dorex2007 [7s Td]
AssosManiki: raises $0.03 to $0.05
playman5: folds 
gregoriov83: folds 
bankasguhi: folds 
Dorex2007: folds 
Uncalled bet ($0.03) returned to AssosManiki
AssosManiki collected $0.05 from pot
AssosManiki: doesn't show hand 
*** SUMMARY ***
Total pot $0.05 | Rake $0 
Seat 2: Dorex2007 (big blind) folded before Flop
Seat 6: AssosManiki collected ($0.05)
Seat 7: playman5 folded before Flop (didn't bet)
Seat 8: gregoriov83 (button) folded before Flop (didn't bet)
Seat 9: bankasguhi (small blind) folded before Flop



PokerStars Hand #234474358950:  Hold'em No Limit ($0.01/$0.02 USD) - 2022/03/01 5:27:10 PT [2022/03/01 8:27:10 ET]
Table 'Alcathous II' 9-max Seat #9 is the button
Seat 2: Dorex2007 ($2.01 in chips) 
Seat 6: AssosManiki ($1.99 in chips) 
Seat 7: playman5 ($0.91 in chips) 
Seat 8: gregoriov83 ($2.63 in chips) 
Seat 9: bankasguhi ($2 in chips) 
Dorex2007: posts small blind $0.01
AssosManiki: posts big blind $0.02
*** HOLE CARDS ***
Dealt to Dorex2007 [8s 4s]
playman5: raises $0.04 to $0.06
gregoriov83: folds 
bankasguhi: folds 
Dorex2007: folds 
AssosManiki: folds 
Uncalled bet ($0.04) returned to playman5
playman5 collected $0.05 from pot
*** SUMMARY ***
Total pot $0.05 | Rake $0 
Seat 2: Dorex2007 (small blind) folded before Flop
Seat 6: AssosManiki (big blind) folded before Flop
Seat 7: playman5 collected ($0.05)
Seat 8: gregoriov83 folded before Flop (didn't bet)
Seat 9: bankasguhi (button) folded before Flop (didn't bet)



PokerStars Hand #234474364627:  Hold'em No Limit ($0.01/$0.02 USD) - 2022/03/01 5:27:32 PT [2022/03/01 8:27:32 ET]
Table 'Alcathous II' 9-max Seat #2 is the button
Seat 2: Dorex2007 ($2 in chips) 
Seat 6: AssosManiki ($1.97 in chips) 
Seat 7: playman5 ($0.94 in chips) 
Seat 8: gregoriov83 ($2.63 in chips) 
Seat 9: bankasguhi ($2 in chips) 
AssosManiki: posts small blind $0.01
playman5: posts big blind $0.02
*** HOLE CARDS ***
Dealt to Dorex2007 [Kh Ad]
gregoriov83: folds 
bankasguhi: folds 
Dorex2007: raises $0.04 to $0.06
AssosManiki: calls $0.05
playman5: folds 
*** FLOP *** [6d 2h 2s]
AssosManiki: checks 
Dorex2007: checks 
*** TURN *** [6d 2h 2s] [4h]
AssosManiki: checks 
Dorex2007: bets $0.09
AssosManiki: folds 
Uncalled bet ($0.09) returned to Dorex2007
Dorex2007 collected $0.14 from pot
Dorex2007: doesn't show hand 
*** SUMMARY ***
Total pot $0.14 | Rake $0 
Board [6d 2h 2s 4h]
Seat 2: Dorex2007 (button) collected ($0.14)
Seat 6: AssosManiki (small blind) folded on the Turn
Seat 7: playman5 (big blind) folded before Flop
Seat 8: gregoriov83 folded before Flop (didn't bet)
Seat 9: bankasguhi folded before Flop (didn't bet)



PokerStars Hand #234474371913:  Hold'em No Limit ($0.01/$0.02 USD) - 2022/03/01 5:27:59 PT [2022/03/01 8:27:59 ET]
Table 'Alcathous II' 9-max Seat #6 is the button
Seat 2: Dorex2007 ($2.08 in chips) 
Seat 6: AssosManiki ($1.91 in chips) 
Seat 7: playman5 ($0.92 in chips) 
Seat 8: gregoriov83 ($2.63 in chips) 
Seat 9: bankasguhi ($2 in chips) 
playman5: posts small blind $0.01
gregoriov83: posts big blind $0.02
*** HOLE CARDS ***
Dealt to Dorex2007 [6h 8s]
bankasguhi: folds 
Dorex2007: folds 
AssosManiki: folds 
playman5: folds 
Uncalled bet ($0.01) returned to gregoriov83
gregoriov83 collected $0.02 from pot
gregoriov83: doesn't show hand 
*** SUMMARY ***
Total pot $0.02 | Rake $0 
Seat 2: Dorex2007 folded before Flop (didn't bet)
Seat 6: AssosManiki (button) folded before Flop (didn't bet)
Seat 7: playman5 (small blind) folded before Flop
Seat 8: gregoriov83 (big blind) collected ($0.02)
Seat 9: bankasguhi folded before Flop (didn't bet)



PokerStars Hand #234474373846:  Hold'em No Limit ($0.01/$0.02 USD) - 2022/03/01 5:28:06 PT [2022/03/01 8:28:06 ET]
Table 'Alcathous II' 9-max Seat #7 is the button
Seat 2: Dorex2007 ($2.08 in chips) 
Seat 6: AssosManiki ($1.91 in chips) 
Seat 7: playman5 ($0.91 in chips) 
Seat 8: gregoriov83 ($2.64 in chips) 
Seat 9: bankasguhi ($2 in chips) 
gregoriov83: posts small blind $0.01
bankasguhi: posts big blind $0.02
*** HOLE CARDS ***
Dealt to Dorex2007 [2c 6d]
Dorex2007: folds 
AssosManiki: folds 
playman5: folds 
gregoriov83: folds 
Uncalled bet ($0.01) returned to bankasguhi
bankasguhi collected $0.02 from pot
bankasguhi: doesn't show hand 
*** SUMMARY ***
Total pot $0.02 | Rake $0 
Seat 2: Dorex2007 folded before Flop (didn't bet)
Seat 6: AssosManiki folded before Flop (didn't bet)
Seat 7: playman5 (button) folded before Flop (didn't bet)
Seat 8: gregoriov83 (small blind) folded before Flop
Seat 9: bankasguhi (big blind) collected ($0.02)



