PokerStars Hand #232651539684:  Hold'em No Limit ($0.01/$0.02 USD) - 2021/12/29 22:10:12 PT [2021/12/30 1:10:12 ET]
Table 'Elfriede IV' 9-max Seat #5 is the button
Seat 1: T.Figueiredo ($1.58 in chips) 
Seat 3: Sysrq03 ($2.02 in chips) 
Seat 4: Dorex2007 ($2 in chips) 
Seat 5: alomolheres ($1.43 in chips) 
Seat 6: 50_kopeek_1 ($1.98 in chips) 
Seat 7: Any Nox ($2.16 in chips) 
Seat 8: ratibor975 ($1.09 in chips) 
Seat 9: SlavikPuha ($4.01 in chips) 
50_kopeek_1: posts small blind $0.01
Any Nox: posts big blind $0.02
Dorex2007: posts big blind $0.02
*** HOLE CARDS ***
Dealt to Dorex2007 [Th 6h]
ratibor975: folds 
SlavikPuha: folds 
T.Figueiredo: calls $0.02
Sysrq03: folds 
Dorex2007: checks 
alomolheres: raises $0.02 to $0.04
50_kopeek_1: folds 
Any Nox: folds 
T.Figueiredo: calls $0.02
Dorex2007: calls $0.02
*** FLOP *** [7h Td 8s]
T.Figueiredo: checks 
Dorex2007: bets $0.09
alomolheres: calls $0.09
T.Figueiredo: calls $0.09
*** TURN *** [7h Td 8s] [3s]
T.Figueiredo: checks 
Dorex2007: bets $0.21
alomolheres: folds 
T.Figueiredo: folds 
Uncalled bet ($0.21) returned to Dorex2007
Dorex2007 collected $0.41 from pot
Dorex2007: doesn't show hand 
*** SUMMARY ***
Total pot $0.42 | Rake $0.01 
Board [7h Td 8s 3s]
Seat 1: T.Figueiredo folded on the Turn
Seat 3: Sysrq03 folded before Flop (didn't bet)
Seat 4: Dorex2007 collected ($0.41)
Seat 5: alomolheres (button) folded on the Turn
Seat 6: 50_kopeek_1 (small blind) folded before Flop
Seat 7: Any Nox (big blind) folded before Flop
Seat 8: ratibor975 folded before Flop (didn't bet)
Seat 9: SlavikPuha folded before Flop (didn't bet)



PokerStars Hand #232651559729:  Hold'em No Limit ($0.01/$0.02 USD) - 2021/12/29 22:11:45 PT [2021/12/30 1:11:45 ET]
Table 'Elfriede IV' 9-max Seat #6 is the button
Seat 1: T.Figueiredo ($1.45 in chips) 
Seat 3: Sysrq03 ($2.02 in chips) 
Seat 4: Dorex2007 ($2.28 in chips) 
Seat 5: alomolheres ($1.30 in chips) 
Seat 6: 50_kopeek_1 ($1.97 in chips) 
Seat 7: Any Nox ($2.14 in chips) 
Seat 8: ratibor975 ($1.09 in chips) 
Seat 9: SlavikPuha ($4.01 in chips) 
Any Nox: posts small blind $0.01
ratibor975: posts big blind $0.02
*** HOLE CARDS ***
Dealt to Dorex2007 [Tc 5s]
SlavikPuha has timed out
SlavikPuha: folds 
T.Figueiredo: raises $0.06 to $0.08
Sysrq03: folds 
Dorex2007: folds 
alomolheres: folds 
50_kopeek_1: raises $0.08 to $0.16
Any Nox: folds 
ratibor975: folds 
T.Figueiredo: calls $0.08
*** FLOP *** [9c 9h 3d]
T.Figueiredo: checks 
50_kopeek_1: bets $0.26
T.Figueiredo: folds [Qs Ah]
Uncalled bet ($0.26) returned to 50_kopeek_1
50_kopeek_1 collected $0.34 from pot
50_kopeek_1: doesn't show hand 
*** SUMMARY ***
Total pot $0.35 | Rake $0.01 
Board [9c 9h 3d]
Seat 1: T.Figueiredo folded on the Flop
Seat 3: Sysrq03 folded before Flop (didn't bet)
Seat 4: Dorex2007 folded before Flop (didn't bet)
Seat 5: alomolheres folded before Flop (didn't bet)
Seat 6: 50_kopeek_1 (button) collected ($0.34)
Seat 7: Any Nox (small blind) folded before Flop
Seat 8: ratibor975 (big blind) folded before Flop
Seat 9: SlavikPuha folded before Flop (didn't bet)



PokerStars Hand #232651571483:  Hold'em No Limit ($0.01/$0.02 USD) - 2021/12/29 22:13:04 PT [2021/12/30 1:13:04 ET]
Table 'Elfriede IV' 9-max Seat #7 is the button
Seat 1: T.Figueiredo ($1.29 in chips) 
Seat 3: Sysrq03 ($2.02 in chips) 
Seat 4: Dorex2007 ($2.28 in chips) 
Seat 5: alomolheres ($1.30 in chips) 
Seat 6: 50_kopeek_1 ($2.15 in chips) 
Seat 7: Any Nox ($2.13 in chips) 
Seat 8: ratibor975 ($1.07 in chips) 
Seat 9: SlavikPuha ($4.01 in chips) 
ratibor975: posts small blind $0.01
SlavikPuha: posts big blind $0.02
*** HOLE CARDS ***
Dealt to Dorex2007 [9h Kd]
T.Figueiredo: folds 
Sysrq03: folds 
Dorex2007: folds 
alomolheres: raises $0.02 to $0.04
50_kopeek_1 has timed out
50_kopeek_1: folds 
Any Nox: folds 
ratibor975: folds 
SlavikPuha: calls $0.02
*** FLOP *** [2s 9d Kh]
SlavikPuha: checks 
alomolheres: bets $0.10
SlavikPuha: folds 
Uncalled bet ($0.10) returned to alomolheres
alomolheres collected $0.09 from pot
alomolheres: doesn't show hand 
*** SUMMARY ***
Total pot $0.09 | Rake $0 
Board [2s 9d Kh]
Seat 1: T.Figueiredo folded before Flop (didn't bet)
Seat 3: Sysrq03 folded before Flop (didn't bet)
Seat 4: Dorex2007 folded before Flop (didn't bet)
Seat 5: alomolheres collected ($0.09)
Seat 6: 50_kopeek_1 folded before Flop (didn't bet)
Seat 7: Any Nox (button) folded before Flop (didn't bet)
Seat 8: ratibor975 (small blind) folded before Flop
Seat 9: SlavikPuha (big blind) folded on the Flop



PokerStars Hand #232651577293:  Hold'em No Limit ($0.01/$0.02 USD) - 2021/12/29 22:13:44 PT [2021/12/30 1:13:44 ET]
Table 'Elfriede IV' 9-max Seat #8 is the button
Seat 1: T.Figueiredo ($1.29 in chips) 
Seat 3: Sysrq03 ($2.02 in chips) 
Seat 4: Dorex2007 ($2.28 in chips) 
Seat 5: alomolheres ($1.35 in chips) 
Seat 6: 50_kopeek_1 ($2.15 in chips) 
Seat 7: Any Nox ($2.13 in chips) 
Seat 8: ratibor975 ($1.06 in chips) 
Seat 9: SlavikPuha ($3.97 in chips) 
SlavikPuha: posts small blind $0.01
T.Figueiredo: posts big blind $0.02
*** HOLE CARDS ***
Dealt to Dorex2007 [8c 9c]
Sysrq03: folds 
Dorex2007: raises $0.04 to $0.06
alomolheres: folds 
50_kopeek_1: folds 
Any Nox: raises $0.15 to $0.21
ratibor975: folds 
SlavikPuha: folds 
T.Figueiredo: folds 
Dorex2007: folds 
Uncalled bet ($0.15) returned to Any Nox
Any Nox collected $0.15 from pot
Any Nox: doesn't show hand 
*** SUMMARY ***
Total pot $0.15 | Rake $0 
Seat 1: T.Figueiredo (big blind) folded before Flop
Seat 3: Sysrq03 folded before Flop (didn't bet)
Seat 4: Dorex2007 folded before Flop
Seat 5: alomolheres folded before Flop (didn't bet)
Seat 6: 50_kopeek_1 folded before Flop (didn't bet)
Seat 7: Any Nox collected ($0.15)
Seat 8: ratibor975 (button) folded before Flop (didn't bet)
Seat 9: SlavikPuha (small blind) folded before Flop



PokerStars Hand #232651583168:  Hold'em No Limit ($0.01/$0.02 USD) - 2021/12/29 22:14:05 PT [2021/12/30 1:14:05 ET]
Table 'Elfriede IV' 9-max Seat #9 is the button
Seat 1: T.Figueiredo ($1.27 in chips) 
Seat 3: Sysrq03 ($2.02 in chips) 
Seat 4: Dorex2007 ($2.22 in chips) 
Seat 5: alomolheres ($1.35 in chips) 
Seat 6: 50_kopeek_1 ($2.15 in chips) 
Seat 7: Any Nox ($2.22 in chips) 
Seat 8: ratibor975 ($1.06 in chips) 
Seat 9: SlavikPuha ($3.96 in chips) 
T.Figueiredo: posts small blind $0.01
Sysrq03: posts big blind $0.02
*** HOLE CARDS ***
Dealt to Dorex2007 [9s Js]
Dorex2007: folds 
alomolheres: calls $0.02
50_kopeek_1: raises $0.04 to $0.06
Any Nox: folds 
ratibor975: folds 
SlavikPuha: folds 
T.Figueiredo: calls $0.05
Sysrq03: folds 
alomolheres: calls $0.04
*** FLOP *** [2s Qc 5s]
T.Figueiredo: checks 
alomolheres: checks 
50_kopeek_1: bets $0.10
T.Figueiredo: calls $0.10
alomolheres: folds 
*** TURN *** [2s Qc 5s] [Ah]
T.Figueiredo: checks 
50_kopeek_1: bets $0.20
T.Figueiredo: calls $0.20
*** RIVER *** [2s Qc 5s Ah] [Ad]
T.Figueiredo: bets $0.91 and is all-in
50_kopeek_1: folds 
Uncalled bet ($0.91) returned to T.Figueiredo
T.Figueiredo collected $0.77 from pot
*** SUMMARY ***
Total pot $0.80 | Rake $0.03 
Board [2s Qc 5s Ah Ad]
Seat 1: T.Figueiredo (small blind) collected ($0.77)
Seat 3: Sysrq03 (big blind) folded before Flop
Seat 4: Dorex2007 folded before Flop (didn't bet)
Seat 5: alomolheres folded on the Flop
Seat 6: 50_kopeek_1 folded on the River
Seat 7: Any Nox folded before Flop (didn't bet)
Seat 8: ratibor975 folded before Flop (didn't bet)
Seat 9: SlavikPuha (button) folded before Flop (didn't bet)



PokerStars Hand #232651595543:  Hold'em No Limit ($0.01/$0.02 USD) - 2021/12/29 22:15:27 PT [2021/12/30 1:15:27 ET]
Table 'Elfriede IV' 9-max Seat #1 is the button
Seat 1: T.Figueiredo ($1.68 in chips) 
Seat 3: Sysrq03 ($2 in chips) 
Seat 4: Dorex2007 ($2.22 in chips) 
Seat 5: alomolheres ($1.29 in chips) 
Seat 6: 50_kopeek_1 ($1.79 in chips) 
Seat 7: Any Nox ($2.22 in chips) 
Seat 8: ratibor975 ($1.06 in chips) 
Seat 9: SlavikPuha ($3.96 in chips) 
Sysrq03: posts small blind $0.01
Dorex2007: posts big blind $0.02
*** HOLE CARDS ***
Dealt to Dorex2007 [5s Kc]
alomolheres: folds 
50_kopeek_1: folds 
Any Nox: folds 
ratibor975: folds 
SlavikPuha: raises $0.04 to $0.06
T.Figueiredo: calls $0.06
Sysrq03: folds 
Dorex2007: folds 
*** FLOP *** [Ks Ts Qh]
SlavikPuha: bets $0.07
T.Figueiredo: folds 
Uncalled bet ($0.07) returned to SlavikPuha
SlavikPuha collected $0.14 from pot
*** SUMMARY ***
Total pot $0.15 | Rake $0.01 
Board [Ks Ts Qh]
Seat 1: T.Figueiredo (button) folded on the Flop
Seat 3: Sysrq03 (small blind) folded before Flop
Seat 4: Dorex2007 (big blind) folded before Flop
Seat 5: alomolheres folded before Flop (didn't bet)
Seat 6: 50_kopeek_1 folded before Flop (didn't bet)
Seat 7: Any Nox folded before Flop (didn't bet)
Seat 8: ratibor975 folded before Flop (didn't bet)
Seat 9: SlavikPuha collected ($0.14)



PokerStars Hand #232651599986:  Hold'em No Limit ($0.01/$0.02 USD) - 2021/12/29 22:15:57 PT [2021/12/30 1:15:57 ET]
Table 'Elfriede IV' 9-max Seat #3 is the button
Seat 1: T.Figueiredo ($1.62 in chips) 
Seat 3: Sysrq03 ($2 in chips) 
Seat 4: Dorex2007 ($2.20 in chips) 
Seat 5: alomolheres ($1.29 in chips) 
Seat 6: 50_kopeek_1 ($1.79 in chips) 
Seat 7: Any Nox ($2.22 in chips) 
Seat 8: ratibor975 ($1.06 in chips) 
Seat 9: SlavikPuha ($4.04 in chips) 
Dorex2007: posts small blind $0.01
alomolheres: posts big blind $0.02
*** HOLE CARDS ***
Dealt to Dorex2007 [2d 7s]
50_kopeek_1: raises $0.04 to $0.06
Any Nox: folds 
ratibor975: folds 
SlavikPuha: folds 
T.Figueiredo: calls $0.06
Sysrq03: calls $0.06
Dorex2007: folds 
alomolheres: folds 
*** FLOP *** [Kc 3d 9d]
50_kopeek_1: bets $0.14
T.Figueiredo: calls $0.14
Sysrq03: folds 
*** TURN *** [Kc 3d 9d] [8h]
50_kopeek_1: bets $0.38
T.Figueiredo: calls $0.38
*** RIVER *** [Kc 3d 9d 8h] [6s]
50_kopeek_1: bets $1.21 and is all-in
vegitahere is disconnected 
T.Figueiredo: folds 
Uncalled bet ($1.21) returned to 50_kopeek_1
50_kopeek_1 collected $1.21 from pot
50_kopeek_1: doesn't show hand 
*** SUMMARY ***
Total pot $1.25 | Rake $0.04 
Board [Kc 3d 9d 8h 6s]
Seat 1: T.Figueiredo folded on the River
Seat 3: Sysrq03 (button) folded on the Flop
Seat 4: Dorex2007 (small blind) folded before Flop
Seat 5: alomolheres (big blind) folded before Flop
Seat 6: 50_kopeek_1 collected ($1.21)
Seat 7: Any Nox folded before Flop (didn't bet)
Seat 8: ratibor975 folded before Flop (didn't bet)
Seat 9: SlavikPuha folded before Flop (didn't bet)



PokerStars Hand #232651611001:  Hold'em No Limit ($0.01/$0.02 USD) - 2021/12/29 22:17:12 PT [2021/12/30 1:17:12 ET]
Table 'Elfriede IV' 9-max Seat #4 is the button
Seat 1: T.Figueiredo ($1.04 in chips) 
Seat 3: Sysrq03 ($2 in chips) 
Seat 4: Dorex2007 ($2.19 in chips) 
Seat 5: alomolheres ($1.27 in chips) 
Seat 6: 50_kopeek_1 ($2.42 in chips) 
Seat 7: Any Nox ($2.22 in chips) 
Seat 8: ratibor975 ($1.06 in chips) 
Seat 9: SlavikPuha ($4.04 in chips) 
alomolheres: posts small blind $0.01
50_kopeek_1: posts big blind $0.02
*** HOLE CARDS ***
Dealt to Dorex2007 [4h 8c]
Any Nox: folds 
ratibor975: folds 
SlavikPuha: folds 
T.Figueiredo: calls $0.02
Sysrq03: folds 
Dorex2007: folds 
alomolheres: calls $0.01
50_kopeek_1: raises $0.06 to $0.08
T.Figueiredo: calls $0.06
alomolheres: folds 
*** FLOP *** [3s 3c 6d]
50_kopeek_1: bets $0.08
T.Figueiredo: calls $0.08
*** TURN *** [3s 3c 6d] [3d]
50_kopeek_1: bets $0.08
T.Figueiredo: calls $0.08
*** RIVER *** [3s 3c 6d 3d] [Jd]
50_kopeek_1: bets $2.18 and is all-in
T.Figueiredo: folds 
Uncalled bet ($2.18) returned to 50_kopeek_1
50_kopeek_1 collected $0.48 from pot
50_kopeek_1: doesn't show hand 
*** SUMMARY ***
Total pot $0.50 | Rake $0.02 
Board [3s 3c 6d 3d Jd]
Seat 1: T.Figueiredo folded on the River
Seat 3: Sysrq03 folded before Flop (didn't bet)
Seat 4: Dorex2007 (button) folded before Flop (didn't bet)
Seat 5: alomolheres (small blind) folded before Flop
Seat 6: 50_kopeek_1 (big blind) collected ($0.48)
Seat 7: Any Nox folded before Flop (didn't bet)
Seat 8: ratibor975 folded before Flop (didn't bet)
Seat 9: SlavikPuha folded before Flop (didn't bet)



PokerStars Hand #232651621583:  Hold'em No Limit ($0.01/$0.02 USD) - 2021/12/29 22:18:23 PT [2021/12/30 1:18:23 ET]
Table 'Elfriede IV' 9-max Seat #5 is the button
Seat 1: T.Figueiredo ($0.80 in chips) 
Seat 3: Sysrq03 ($2 in chips) 
Seat 4: Dorex2007 ($2.19 in chips) 
Seat 5: alomolheres ($1.25 in chips) 
Seat 7: Any Nox ($2.22 in chips) 
Seat 8: ratibor975 ($1.06 in chips) 
Seat 9: SlavikPuha ($4.04 in chips) 
Any Nox: posts small blind $0.01
ratibor975: posts big blind $0.02
*** HOLE CARDS ***
Dealt to Dorex2007 [Kh Ks]
SlavikPuha: folds 
T.Figueiredo: raises $0.05 to $0.07
Sysrq03: folds 
50_kopeek_1 leaves the table
Dorex2007: raises $0.09 to $0.16
alomolheres: folds 
Any Nox: folds 
ratibor975: folds 
T.Figueiredo: calls $0.09
*** FLOP *** [Ah 4d Jh]
T.Figueiredo: checks 
Dorex2007: bets $0.17
T.Figueiredo: calls $0.17
*** TURN *** [Ah 4d Jh] [2h]
T.Figueiredo: checks 
Dorex2007: bets $0.34
T.Figueiredo: raises $0.13 to $0.47 and is all-in
Dorex2007: calls $0.13
*** RIVER *** [Ah 4d Jh 2h] [7s]
*** SHOW DOWN ***
T.Figueiredo: shows [Kc Jd] (a pair of Jacks)
Dorex2007: shows [Kh Ks] (a pair of Kings)
mooresie28 joins the table at seat #6 
T.Figueiredo cashed out the hand for $0.08
Dorex2007 cashed out the hand for $1.48 | Cash Out Fee $0.01
*** SUMMARY ***
Total pot $1.63 | Rake $0.06 
Board [Ah 4d Jh 2h 7s]
Seat 1: T.Figueiredo showed [Kc Jd] and lost with a pair of Jacks (cashed out).
Seat 3: Sysrq03 folded before Flop (didn't bet)
Seat 4: Dorex2007 showed [Kh Ks] and won ($1.57) with a pair of Kings (pot not awarded as player cashed out)
Seat 5: alomolheres (button) folded before Flop (didn't bet)
Seat 7: Any Nox (small blind) folded before Flop
Seat 8: ratibor975 (big blind) folded before Flop
Seat 9: SlavikPuha folded before Flop (didn't bet)



PokerStars Hand #232651630987:  Hold'em No Limit ($0.01/$0.02 USD) - 2021/12/29 22:19:27 PT [2021/12/30 1:19:27 ET]
Table 'Elfriede IV' 9-max Seat #7 is the button
Seat 1: T.Figueiredo ($0.08 in chips) 
Seat 3: Sysrq03 ($2 in chips) 
Seat 4: Dorex2007 ($2.87 in chips) 
Seat 5: alomolheres ($1.25 in chips) 
Seat 7: Any Nox ($2.21 in chips) 
Seat 8: ratibor975 ($1.04 in chips) 
Seat 9: SlavikPuha ($4.04 in chips) 
ratibor975: posts small blind $0.01
SlavikPuha: posts big blind $0.02
mooresie28: sits out 
*** HOLE CARDS ***
Dealt to Dorex2007 [8d Kc]
T.Figueiredo: raises $0.06 to $0.08 and is all-in
Sysrq03: folds 
Dorex2007: folds 
alomolheres: calls $0.08
Any Nox: calls $0.08
ratibor975: folds 
SlavikPuha: folds 
*** FLOP *** [Kd 7c 8c]
alomolheres: bets $0.20
Any Nox: folds 
Uncalled bet ($0.20) returned to alomolheres
*** TURN *** [Kd 7c 8c] [7s]
*** RIVER *** [Kd 7c 8c 7s] [2s]
*** SHOW DOWN ***
T.Figueiredo: shows [Kh 8s] (two pair, Kings and Eights)
alomolheres: shows [Jd Ks] (two pair, Kings and Sevens)
T.Figueiredo collected $0.26 from pot
*** SUMMARY ***
Total pot $0.27 | Rake $0.01 
Board [Kd 7c 8c 7s 2s]
Seat 1: T.Figueiredo showed [Kh 8s] and won ($0.26) with two pair, Kings and Eights
Seat 3: Sysrq03 folded before Flop (didn't bet)
Seat 4: Dorex2007 folded before Flop (didn't bet)
Seat 5: alomolheres showed [Jd Ks] and lost with two pair, Kings and Sevens
Seat 7: Any Nox (button) folded on the Flop
Seat 8: ratibor975 (small blind) folded before Flop
Seat 9: SlavikPuha (big blind) folded before Flop



PokerStars Hand #232651636124:  Hold'em No Limit ($0.01/$0.02 USD) - 2021/12/29 22:20:02 PT [2021/12/30 1:20:02 ET]
Table 'Elfriede IV' 9-max Seat #8 is the button
Seat 1: T.Figueiredo ($0.26 in chips) 
Seat 3: Sysrq03 ($2 in chips) 
Seat 4: Dorex2007 ($2.87 in chips) 
Seat 5: alomolheres ($1.17 in chips) 
Seat 7: Any Nox ($2.13 in chips) 
Seat 8: ratibor975 ($1.03 in chips) 
Seat 9: SlavikPuha ($4.02 in chips) 
SlavikPuha: posts small blind $0.01
T.Figueiredo: posts big blind $0.02
mooresie28: sits out 
*** HOLE CARDS ***
Dealt to Dorex2007 [Ks As]
Sysrq03: folds 
Dorex2007: raises $0.02 to $0.04
alomolheres: folds 
Any Nox: folds 
ratibor975: folds 
SlavikPuha: folds 
T.Figueiredo: calls $0.02
*** FLOP *** [Kh 2s 5d]
T.Figueiredo: checks 
Dorex2007: bets $0.09
T.Figueiredo: folds 
Uncalled bet ($0.09) returned to Dorex2007
Dorex2007 collected $0.09 from pot
Dorex2007: doesn't show hand 
*** SUMMARY ***
Total pot $0.09 | Rake $0 
Board [Kh 2s 5d]
Seat 1: T.Figueiredo (big blind) folded on the Flop
Seat 3: Sysrq03 folded before Flop (didn't bet)
Seat 4: Dorex2007 collected ($0.09)
Seat 5: alomolheres folded before Flop (didn't bet)
Seat 7: Any Nox folded before Flop (didn't bet)
Seat 8: ratibor975 (button) folded before Flop (didn't bet)
Seat 9: SlavikPuha (small blind) folded before Flop



PokerStars Hand #232651640938:  Hold'em No Limit ($0.01/$0.02 USD) - 2021/12/29 22:20:34 PT [2021/12/30 1:20:34 ET]
Table 'Elfriede IV' 9-max Seat #9 is the button
Seat 1: T.Figueiredo ($0.22 in chips) 
Seat 3: Sysrq03 ($2 in chips) 
Seat 4: Dorex2007 ($2.92 in chips) 
Seat 5: alomolheres ($1.17 in chips) 
Seat 7: Any Nox ($2.13 in chips) 
Seat 8: ratibor975 ($1.03 in chips) 
Seat 9: SlavikPuha ($4.01 in chips) 
T.Figueiredo: posts small blind $0.01
Sysrq03: posts big blind $0.02
mooresie28: sits out 
*** HOLE CARDS ***
Dealt to Dorex2007 [4s 6s]
Dorex2007: folds 
alomolheres has timed out
alomolheres: folds 
Any Nox: folds 
ratibor975: raises $0.03 to $0.05
SlavikPuha has timed out
SlavikPuha: folds 
SlavikPuha is disconnected 
T.Figueiredo: calls $0.04
Sysrq03: folds 
*** FLOP *** [Qh 7d 3h]
T.Figueiredo: checks 
ratibor975: bets $0.06
T.Figueiredo: calls $0.06
*** TURN *** [Qh 7d 3h] [2s]
T.Figueiredo: checks 
ratibor975: bets $0.12
T.Figueiredo: calls $0.11 and is all-in
Uncalled bet ($0.01) returned to ratibor975
*** RIVER *** [Qh 7d 3h 2s] [Qs]
*** SHOW DOWN ***
T.Figueiredo: shows [9h 8h] (a pair of Queens)
ratibor975: shows [Ad Kh] (a pair of Queens - Ace kicker)
ratibor975 collected $0.44 from pot
vegitahere leaves the table
*** SUMMARY ***
Total pot $0.46 | Rake $0.02 
Board [Qh 7d 3h 2s Qs]
Seat 1: T.Figueiredo (small blind) showed [9h 8h] and lost with a pair of Queens
Seat 3: Sysrq03 (big blind) folded before Flop
Seat 4: Dorex2007 folded before Flop (didn't bet)
Seat 5: alomolheres folded before Flop (didn't bet)
Seat 7: Any Nox folded before Flop (didn't bet)
Seat 8: ratibor975 showed [Ad Kh] and won ($0.44) with a pair of Queens
Seat 9: SlavikPuha (button) folded before Flop (didn't bet)



PokerStars Hand #232651653566:  Hold'em No Limit ($0.01/$0.02 USD) - 2021/12/29 22:22:00 PT [2021/12/30 1:22:00 ET]
Table 'Elfriede IV' 9-max Seat #3 is the button
Seat 3: Sysrq03 ($2 in chips) 
Seat 4: Dorex2007 ($2.92 in chips) 
Seat 5: alomolheres ($1.17 in chips) 
Seat 7: Any Nox ($2.13 in chips) 
Seat 8: ratibor975 ($1.25 in chips) 
Seat 9: SlavikPuha ($4.01 in chips) 
Dorex2007: posts small blind $0.01
alomolheres: posts big blind $0.02
mooresie28: sits out 
*** HOLE CARDS ***
Dealt to Dorex2007 [7s 7h]
Any Nox: folds 
ratibor975: folds 
SlavikPuha: folds 
Sysrq03: folds 
Dorex2007: raises $0.02 to $0.04
alomolheres: calls $0.02
*** FLOP *** [6d 6h 8h]
T.Figueiredo leaves the table
Dorex2007: bets $0.08
alomolheres: folds 
Uncalled bet ($0.08) returned to Dorex2007
Dorex2007 collected $0.08 from pot
Dorex2007: doesn't show hand 
*** SUMMARY ***
Total pot $0.08 | Rake $0 
Board [6d 6h 8h]
Seat 3: Sysrq03 (button) folded before Flop (didn't bet)
Seat 4: Dorex2007 (small blind) collected ($0.08)
Seat 5: alomolheres (big blind) folded on the Flop
Seat 7: Any Nox folded before Flop (didn't bet)
Seat 8: ratibor975 folded before Flop (didn't bet)
Seat 9: SlavikPuha folded before Flop (didn't bet)



PokerStars Hand #232651656723:  Hold'em No Limit ($0.01/$0.02 USD) - 2021/12/29 22:22:21 PT [2021/12/30 1:22:21 ET]
Table 'Elfriede IV' 9-max Seat #4 is the button
Seat 3: Sysrq03 ($2 in chips) 
Seat 4: Dorex2007 ($2.96 in chips) 
Seat 5: alomolheres ($1.13 in chips) 
Seat 6: mooresie28 ($2 in chips) 
Seat 7: Any Nox ($2.13 in chips) 
Seat 8: ratibor975 ($1.25 in chips) 
Seat 9: SlavikPuha ($4.01 in chips) 
alomolheres: posts small blind $0.01
mooresie28: posts big blind $0.02
*** HOLE CARDS ***
Dealt to Dorex2007 [9s 7s]
Any Nox: raises $0.04 to $0.06
ratibor975: folds 
SlavikPuha: folds 
Sysrq03: folds 
Dorex2007: folds 
alomolheres: folds 
mooresie28: folds 
Uncalled bet ($0.04) returned to Any Nox
kyleblais10 joins the table at seat #2 
Any Nox collected $0.05 from pot
Any Nox: doesn't show hand 
*** SUMMARY ***
Total pot $0.05 | Rake $0 
Seat 3: Sysrq03 folded before Flop (didn't bet)
Seat 4: Dorex2007 (button) folded before Flop (didn't bet)
Seat 5: alomolheres (small blind) folded before Flop
Seat 6: mooresie28 (big blind) folded before Flop
Seat 7: Any Nox collected ($0.05)
Seat 8: ratibor975 folded before Flop (didn't bet)
Seat 9: SlavikPuha folded before Flop (didn't bet)



PokerStars Hand #232651659158:  Hold'em No Limit ($0.01/$0.02 USD) - 2021/12/29 22:22:37 PT [2021/12/30 1:22:37 ET]
Table 'Elfriede IV' 9-max Seat #5 is the button
Seat 3: Sysrq03 ($2 in chips) 
Seat 4: Dorex2007 ($2.96 in chips) 
Seat 5: alomolheres ($1.12 in chips) 
Seat 6: mooresie28 ($1.98 in chips) 
Seat 7: Any Nox ($2.16 in chips) 
Seat 8: ratibor975 ($1.25 in chips) 
Seat 9: SlavikPuha ($4.01 in chips) 
mooresie28: posts small blind $0.01
Any Nox: posts big blind $0.02
kyleblais10: sits out 
*** HOLE CARDS ***
Dealt to Dorex2007 [8d Ts]
13170877 joins the table at seat #1 
ratibor975: folds 
SlavikPuha: folds 
Sysrq03: raises $0.04 to $0.06
Dorex2007: folds 
alomolheres: calls $0.06
mooresie28: raises $0.16 to $0.22
Any Nox: folds 
Sysrq03: folds 
alomolheres: calls $0.16
*** FLOP *** [4s Qd 5c]
mooresie28: bets $0.25
alomolheres: raises $0.25 to $0.50
mooresie28: calls $0.25
*** TURN *** [4s Qd 5c] [9h]
mooresie28: bets $0.73
alomolheres: calls $0.40 and is all-in
Uncalled bet ($0.33) returned to mooresie28
*** RIVER *** [4s Qd 5c 9h] [Jc]
*** SHOW DOWN ***
mooresie28: shows [Kc Kd] (a pair of Kings)
alomolheres: shows [Qs 5s] (two pair, Queens and Fives)
alomolheres cashed out the hand for $1.81 | Cash Out Fee $0.02
mooresie28 cashed out the hand for $0.41
*** SUMMARY ***
Total pot $2.32 | Rake $0.08 
Board [4s Qd 5c 9h Jc]
Seat 3: Sysrq03 folded before Flop
Seat 4: Dorex2007 folded before Flop (didn't bet)
Seat 5: alomolheres (button) showed [Qs 5s] and won ($2.24) with two pair, Queens and Fives (pot not awarded as player cashed out)
Seat 6: mooresie28 (small blind) showed [Kc Kd] and lost with a pair of Kings (cashed out).
Seat 7: Any Nox (big blind) folded before Flop
Seat 8: ratibor975 folded before Flop (didn't bet)
Seat 9: SlavikPuha folded before Flop (didn't bet)



PokerStars Hand #232651749101:  Hold'em No Limit ($0.01/$0.02 USD) - 2021/12/29 22:32:20 PT [2021/12/30 1:32:20 ET]
Table 'Elfriede IV' 9-max Seat #2 is the button
Seat 1: 13170877 ($1.18 in chips) 
Seat 2: kyleblais10 ($2.99 in chips) 
Seat 3: Sysrq03 ($2 in chips) 
Seat 4: Dorex2007 ($2.96 in chips) 
Seat 5: alomolheres ($2.02 in chips) 
Seat 6: mooresie28 ($1.06 in chips) 
Seat 7: Any Nox ($2 in chips) 
Seat 9: SlavikPuha ($4.58 in chips) 
Sysrq03: posts small blind $0.01
Dorex2007: posts big blind $0.02
*** HOLE CARDS ***
Dealt to Dorex2007 [Ad Qs]
alomolheres: calls $0.02
mooresie28: calls $0.02
Any Nox: folds 
SlavikPuha: folds 
13170877: folds 
kyleblais10: folds 
Sysrq03: calls $0.01
Dorex2007: raises $0.06 to $0.08
alomolheres: calls $0.06
mooresie28: calls $0.06
Sysrq03: folds 
*** FLOP *** [7d 4d 8s]
Dorex2007: bets $0.25
alomolheres: calls $0.25
mooresie28: folds 
*** TURN *** [7d 4d 8s] [6d]
Dorex2007: bets $0.73
alomolheres: folds 
Uncalled bet ($0.73) returned to Dorex2007
Dorex2007 collected $0.73 from pot
Dorex2007: doesn't show hand 
*** SUMMARY ***
Total pot $0.76 | Rake $0.03 
Board [7d 4d 8s 6d]
Seat 1: 13170877 folded before Flop (didn't bet)
Seat 2: kyleblais10 (button) folded before Flop (didn't bet)
Seat 3: Sysrq03 (small blind) folded before Flop
Seat 4: Dorex2007 (big blind) collected ($0.73)
Seat 5: alomolheres folded on the Turn
Seat 6: mooresie28 folded on the Flop
Seat 7: Any Nox folded before Flop (didn't bet)
Seat 9: SlavikPuha folded before Flop (didn't bet)



PokerStars Hand #232651755834:  Hold'em No Limit ($0.01/$0.02 USD) - 2021/12/29 22:33:06 PT [2021/12/30 1:33:06 ET]
Table 'Elfriede IV' 9-max Seat #3 is the button
Seat 1: 13170877 ($1.18 in chips) 
Seat 2: kyleblais10 ($2.99 in chips) 
Seat 3: Sysrq03 ($2 in chips) 
Seat 4: Dorex2007 ($3.36 in chips) 
Seat 5: alomolheres ($1.69 in chips) 
Seat 6: mooresie28 ($0.98 in chips) 
Seat 7: Any Nox ($2 in chips) 
Seat 9: SlavikPuha ($4.58 in chips) 
Dorex2007: posts small blind $0.01
alomolheres: posts big blind $0.02
*** HOLE CARDS ***
Dealt to Dorex2007 [5s 8h]
mooresie28: raises $0.06 to $0.08
Any Nox: calls $0.08
SlavikPuha: folds 
13170877: folds 
kyleblais10: folds 
Sysrq03: folds 
Dorex2007: folds 
alomolheres: folds 
*** FLOP *** [2h Qd 2d]
mooresie28: bets $0.09
Any Nox: calls $0.09
*** TURN *** [2h Qd 2d] [8s]
mooresie28: bets $0.18
Any Nox: calls $0.18
*** RIVER *** [2h Qd 2d 8s] [Ad]
mooresie28: bets $0.35
Any Nox: folds 
Uncalled bet ($0.35) returned to mooresie28
mooresie28 collected $0.70 from pot
mooresie28: doesn't show hand 
*** SUMMARY ***
Total pot $0.73 | Rake $0.03 
Board [2h Qd 2d 8s Ad]
Seat 1: 13170877 folded before Flop (didn't bet)
Seat 2: kyleblais10 folded before Flop (didn't bet)
Seat 3: Sysrq03 (button) folded before Flop (didn't bet)
Seat 4: Dorex2007 (small blind) folded before Flop
Seat 5: alomolheres (big blind) folded before Flop
Seat 6: mooresie28 collected ($0.70)
Seat 7: Any Nox folded on the River
Seat 9: SlavikPuha folded before Flop (didn't bet)



PokerStars Hand #232651760828:  Hold'em No Limit ($0.01/$0.02 USD) - 2021/12/29 22:33:40 PT [2021/12/30 1:33:40 ET]
Table 'Elfriede IV' 9-max Seat #4 is the button
Seat 1: 13170877 ($1.18 in chips) 
Seat 2: kyleblais10 ($2.99 in chips) 
Seat 3: Sysrq03 ($2 in chips) 
Seat 4: Dorex2007 ($3.35 in chips) 
Seat 5: alomolheres ($1.67 in chips) 
Seat 6: mooresie28 ($1.33 in chips) 
Seat 7: Any Nox ($2 in chips) 
Seat 9: SlavikPuha ($4.58 in chips) 
alomolheres: posts small blind $0.01
mooresie28: posts big blind $0.02
*** HOLE CARDS ***
Dealt to Dorex2007 [Qc 5c]
Any Nox: folds 
SlavikPuha: folds 
13170877: calls $0.02
kyleblais10: calls $0.02
Sysrq03: folds 
Dorex2007: folds 
alomolheres: calls $0.01
mooresie28: checks 
*** FLOP *** [3s 4h 5d]
alomolheres: bets $0.10
mooresie28: folds 
13170877: folds 
kyleblais10: calls $0.10
*** TURN *** [3s 4h 5d] [5s]
alomolheres: bets $0.20
kyleblais10: calls $0.20
*** RIVER *** [3s 4h 5d 5s] [9s]
alomolheres: checks 
kyleblais10: bets $0.33
alomolheres: folds 
Uncalled bet ($0.33) returned to kyleblais10
kyleblais10 collected $0.66 from pot
kyleblais10: doesn't show hand 
*** SUMMARY ***
Total pot $0.68 | Rake $0.02 
Board [3s 4h 5d 5s 9s]
Seat 1: 13170877 folded on the Flop
Seat 2: kyleblais10 collected ($0.66)
Seat 3: Sysrq03 folded before Flop (didn't bet)
Seat 4: Dorex2007 (button) folded before Flop (didn't bet)
Seat 5: alomolheres (small blind) folded on the River
Seat 6: mooresie28 (big blind) folded on the Flop
Seat 7: Any Nox folded before Flop (didn't bet)
Seat 9: SlavikPuha folded before Flop (didn't bet)



PokerStars Hand #232651767216:  Hold'em No Limit ($0.01/$0.02 USD) - 2021/12/29 22:34:24 PT [2021/12/30 1:34:24 ET]
Table 'Elfriede IV' 9-max Seat #5 is the button
Seat 1: 13170877 ($1.16 in chips) 
Seat 2: kyleblais10 ($3.33 in chips) 
Seat 3: Sysrq03 ($2 in chips) 
Seat 4: Dorex2007 ($3.35 in chips) 
Seat 5: alomolheres ($1.35 in chips) 
Seat 6: mooresie28 ($1.31 in chips) 
Seat 7: Any Nox ($2 in chips) 
Seat 9: SlavikPuha ($4.58 in chips) 
mooresie28: posts small blind $0.01
Any Nox: posts big blind $0.02
ratibor975: sits out 
*** HOLE CARDS ***
Dealt to Dorex2007 [9h 6h]
SlavikPuha: raises $0.04 to $0.06
13170877: folds 
kyleblais10: calls $0.06
Sysrq03: folds 
Dorex2007: folds 
alomolheres: folds 
mooresie28: folds 
Any Nox: folds 
*** FLOP *** [4s Kh 3c]
SlavikPuha: bets $0.07
kyleblais10: folds 
Uncalled bet ($0.07) returned to SlavikPuha
SlavikPuha collected $0.14 from pot
SlavikPuha: doesn't show hand 
*** SUMMARY ***
Total pot $0.15 | Rake $0.01 
Board [4s Kh 3c]
Seat 1: 13170877 folded before Flop (didn't bet)
Seat 2: kyleblais10 folded on the Flop
Seat 3: Sysrq03 folded before Flop (didn't bet)
Seat 4: Dorex2007 folded before Flop (didn't bet)
Seat 5: alomolheres (button) folded before Flop (didn't bet)
Seat 6: mooresie28 (small blind) folded before Flop
Seat 7: Any Nox (big blind) folded before Flop
Seat 9: SlavikPuha collected ($0.14)



PokerStars Hand #232651770751:  Hold'em No Limit ($0.01/$0.02 USD) - 2021/12/29 22:34:49 PT [2021/12/30 1:34:49 ET]
Table 'Elfriede IV' 9-max Seat #6 is the button
Seat 1: 13170877 ($1.16 in chips) 
Seat 2: kyleblais10 ($3.27 in chips) 
Seat 3: Sysrq03 ($2 in chips) 
Seat 4: Dorex2007 ($3.35 in chips) 
Seat 5: alomolheres ($1.35 in chips) 
Seat 6: mooresie28 ($1.30 in chips) 
Seat 7: Any Nox ($2 in chips) 
Seat 8: ratibor975 ($0.97 in chips) 
Seat 9: SlavikPuha ($4.66 in chips) 
Any Nox: posts small blind $0.01
ratibor975: posts big blind $0.02
*** HOLE CARDS ***
Dealt to Dorex2007 [Td 8c]
SlavikPuha: folds 
13170877: folds 
kyleblais10: calls $0.02
Sysrq03: folds 
Dorex2007: folds 
alomolheres: calls $0.02
mooresie28: calls $0.02
Any Nox: folds 
ratibor975: checks 
*** FLOP *** [4h Qh 5c]
ratibor975: checks 
kyleblais10: checks 
alomolheres: checks 
mooresie28: bets $0.06
ratibor975: folds 
kyleblais10: calls $0.06
alomolheres: folds 
*** TURN *** [4h Qh 5c] [3d]
kyleblais10: checks 
mooresie28: bets $0.08
kyleblais10: folds 
Uncalled bet ($0.08) returned to mooresie28
mooresie28 collected $0.20 from pot
mooresie28: doesn't show hand 
*** SUMMARY ***
Total pot $0.21 | Rake $0.01 
Board [4h Qh 5c 3d]
Seat 1: 13170877 folded before Flop (didn't bet)
Seat 2: kyleblais10 folded on the Turn
Seat 3: Sysrq03 folded before Flop (didn't bet)
Seat 4: Dorex2007 folded before Flop (didn't bet)
Seat 5: alomolheres folded on the Flop
Seat 6: mooresie28 (button) collected ($0.20)
Seat 7: Any Nox (small blind) folded before Flop
Seat 8: ratibor975 (big blind) folded on the Flop
Seat 9: SlavikPuha folded before Flop (didn't bet)



PokerStars Hand #232651782239:  Hold'em No Limit ($0.01/$0.02 USD) - 2021/12/29 22:35:55 PT [2021/12/30 1:35:55 ET]
Table 'Elfriede IV' 9-max Seat #7 is the button
Seat 1: 13170877 ($1.16 in chips) 
Seat 2: kyleblais10 ($3.19 in chips) 
Seat 3: Sysrq03 ($2 in chips) 
Seat 4: Dorex2007 ($3.35 in chips) 
Seat 5: alomolheres ($1.33 in chips) 
Seat 6: mooresie28 ($1.42 in chips) 
Seat 7: Any Nox ($2 in chips) 
Seat 8: ratibor975 ($0.95 in chips) 
Seat 9: SlavikPuha ($4.66 in chips) 
ratibor975: posts small blind $0.01
SlavikPuha: posts big blind $0.02
*** HOLE CARDS ***
Dealt to Dorex2007 [As Ks]
13170877: folds 
kyleblais10: calls $0.02
Sysrq03: folds 
Dorex2007: raises $0.04 to $0.06
alomolheres: folds 
mooresie28: folds 
Any Nox: folds 
ratibor975: calls $0.05
SlavikPuha: folds 
kyleblais10: calls $0.04
*** FLOP *** [7c 3d Th]
ratibor975: checks 
kyleblais10: checks 
Dorex2007: checks 
*** TURN *** [7c 3d Th] [Ad]
ratibor975: checks 
kyleblais10: bets $0.19
Dorex2007: raises $0.19 to $0.38
ratibor975: calls $0.38
kyleblais10: raises $2.75 to $3.13 and is all-in
Dorex2007: raises $0.16 to $3.29 and is all-in
ratibor975: calls $0.51 and is all-in
Uncalled bet ($0.16) returned to Dorex2007
*** RIVER *** [7c 3d Th Ad] [2h]
*** SHOW DOWN ***
kyleblais10: shows [Kd Ah] (a pair of Aces)
Dorex2007: shows [As Ks] (a pair of Aces)
kyleblais10 collected $2.16 from side pot
ratibor975: shows [6d Jd] (high card Ace)
kyleblais10 collected $1.39 from main pot
Dorex2007 cashed out the hand for $3.25 | Cash Out Fee $0.03
*** SUMMARY ***
Total pot $7.35 Main pot $2.77. Side pot $4.32. | Rake $0.26 
Board [7c 3d Th Ad 2h]
Seat 1: 13170877 folded before Flop (didn't bet)
Seat 2: kyleblais10 showed [Kd Ah] and won ($3.55) with a pair of Aces
Seat 3: Sysrq03 folded before Flop (didn't bet)
Seat 4: Dorex2007 showed [As Ks] and won ($3.54) with a pair of Aces (pot not awarded as player cashed out)
Seat 5: alomolheres folded before Flop (didn't bet)
Seat 6: mooresie28 folded before Flop (didn't bet)
Seat 7: Any Nox (button) folded before Flop (didn't bet)
Seat 8: ratibor975 (small blind) showed [6d Jd] and lost with high card Ace
Seat 9: SlavikPuha (big blind) folded before Flop



PokerStars Hand #232651792175:  Hold'em No Limit ($0.01/$0.02 USD) - 2021/12/29 22:37:04 PT [2021/12/30 1:37:04 ET]
Table 'Elfriede IV' 9-max Seat #8 is the button
Seat 1: 13170877 ($1.16 in chips) 
Seat 2: kyleblais10 ($3.55 in chips) 
Seat 3: Sysrq03 ($2 in chips) 
Seat 4: Dorex2007 ($3.41 in chips) 
Seat 5: alomolheres ($1.33 in chips) 
Seat 6: mooresie28 ($1.42 in chips) 
Seat 7: Any Nox ($2 in chips) 
Seat 8: ratibor975 ($0.80 in chips) 
Seat 9: SlavikPuha ($4.64 in chips) 
SlavikPuha: posts small blind $0.01
13170877: posts big blind $0.02
*** HOLE CARDS ***
Dealt to Dorex2007 [Qc 4s]
kyleblais10: folds 
Sysrq03: folds 
Dorex2007: folds 
alomolheres: raises $0.02 to $0.04
mooresie28: folds 
Any Nox: folds 
ratibor975: raises $0.03 to $0.07
SlavikPuha: folds 
13170877: calls $0.05
alomolheres: calls $0.03
*** FLOP *** [As Jd 4c]
13170877: checks 
alomolheres: bets $0.20
ratibor975: calls $0.20
13170877: folds 
*** TURN *** [As Jd 4c] [Ac]
alomolheres: bets $0.53
ratibor975: calls $0.53 and is all-in
*** RIVER *** [As Jd 4c Ac] [8d]
*** SHOW DOWN ***
alomolheres: shows [Ks Ad] (three of a kind, Aces)
ratibor975: shows [Kd Kh] (two pair, Aces and Kings)
alomolheres collected $1.62 from pot
*** SUMMARY ***
Total pot $1.68 | Rake $0.06 
Board [As Jd 4c Ac 8d]
Seat 1: 13170877 (big blind) folded on the Flop
Seat 2: kyleblais10 folded before Flop (didn't bet)
Seat 3: Sysrq03 folded before Flop (didn't bet)
Seat 4: Dorex2007 folded before Flop (didn't bet)
Seat 5: alomolheres showed [Ks Ad] and won ($1.62) with three of a kind, Aces
Seat 6: mooresie28 folded before Flop (didn't bet)
Seat 7: Any Nox folded before Flop (didn't bet)
Seat 8: ratibor975 (button) showed [Kd Kh] and lost with two pair, Aces and Kings
Seat 9: SlavikPuha (small blind) folded before Flop



PokerStars Hand #232651797988:  Hold'em No Limit ($0.01/$0.02 USD) - 2021/12/29 22:37:45 PT [2021/12/30 1:37:45 ET]
Table 'Elfriede IV' 9-max Seat #9 is the button
Seat 1: 13170877 ($1.09 in chips) 
Seat 3: Sysrq03 ($2 in chips) 
Seat 4: Dorex2007 ($3.41 in chips) 
Seat 5: alomolheres ($2.15 in chips) 
Seat 6: mooresie28 ($1.42 in chips) 
Seat 7: Any Nox ($2 in chips) 
Seat 8: ratibor975 ($0.80 in chips) 
Seat 9: SlavikPuha ($4.63 in chips) 
13170877: posts small blind $0.01
kyleblais10: is sitting out 
Sysrq03: posts big blind $0.02
*** HOLE CARDS ***
Dealt to Dorex2007 [Td 6s]
Dorex2007: folds 
alomolheres: calls $0.02
kyleblais10 leaves the table
mooresie28: calls $0.02
Any Nox: folds 
ratibor975: folds 
ratibor975 leaves the table
SlavikPuha: folds 
13170877: calls $0.01
Sysrq03: checks 
*** FLOP *** [8d 5s 8s]
13170877: checks 
Sysrq03: checks 
alomolheres: checks 
mooresie28: bets $0.04
13170877: calls $0.04
Sysrq03: folds 
alomolheres: folds 
*** TURN *** [8d 5s 8s] [Ac]
13170877: checks 
mooresie28: checks 
*** RIVER *** [8d 5s 8s Ac] [Ah]
13170877: checks 
mooresie28: checks 
*** SHOW DOWN ***
13170877: shows [6h 5d] (two pair, Aces and Eights)
mooresie28: mucks hand 
13170877 collected $0.15 from pot
*** SUMMARY ***
Total pot $0.16 | Rake $0.01 
Board [8d 5s 8s Ac Ah]
Seat 1: 13170877 (small blind) showed [6h 5d] and won ($0.15) with two pair, Aces and Eights
Seat 3: Sysrq03 (big blind) folded on the Flop
Seat 4: Dorex2007 folded before Flop (didn't bet)
Seat 5: alomolheres folded on the Flop
Seat 6: mooresie28 mucked [4s 4c]
Seat 7: Any Nox folded before Flop (didn't bet)
Seat 8: ratibor975 folded before Flop (didn't bet)
Seat 9: SlavikPuha (button) folded before Flop (didn't bet)



PokerStars Hand #232651806783:  Hold'em No Limit ($0.01/$0.02 USD) - 2021/12/29 22:38:38 PT [2021/12/30 1:38:38 ET]
Table 'Elfriede IV' 9-max Seat #1 is the button
Seat 1: 13170877 ($1.18 in chips) 
Seat 3: Sysrq03 ($2 in chips) 
Seat 4: Dorex2007 ($3.41 in chips) 
Seat 5: alomolheres ($2.13 in chips) 
Seat 6: mooresie28 ($1.36 in chips) 
Seat 7: Any Nox ($2 in chips) 
Seat 9: SlavikPuha ($4.63 in chips) 
Sysrq03: posts small blind $0.01
Dorex2007: posts big blind $0.02
*** HOLE CARDS ***
Dealt to Dorex2007 [5h Ad]
alomolheres: raises $0.02 to $0.04
ivan69252 joins the table at seat #2 
mooresie28: folds 
Any Nox: calls $0.04
sashamel980 joins the table at seat #8 
SlavikPuha: folds 
13170877: folds 
Sysrq03: folds 
Dorex2007: folds 
*** FLOP *** [4h 3h 5s]
alomolheres: checks 
Any Nox: bets $0.07
alomolheres: calls $0.07
*** TURN *** [4h 3h 5s] [3c]
alomolheres: checks 
Any Nox: bets $0.16
alomolheres: folds 
Uncalled bet ($0.16) returned to Any Nox
Any Nox collected $0.24 from pot
Any Nox: doesn't show hand 
*** SUMMARY ***
Total pot $0.25 | Rake $0.01 
Board [4h 3h 5s 3c]
Seat 1: 13170877 (button) folded before Flop (didn't bet)
Seat 3: Sysrq03 (small blind) folded before Flop
Seat 4: Dorex2007 (big blind) folded before Flop
Seat 5: alomolheres folded on the Turn
Seat 6: mooresie28 folded before Flop (didn't bet)
Seat 7: Any Nox collected ($0.24)
Seat 9: SlavikPuha folded before Flop (didn't bet)



PokerStars Hand #232651812003:  Hold'em No Limit ($0.01/$0.02 USD) - 2021/12/29 22:39:15 PT [2021/12/30 1:39:15 ET]
Table 'Elfriede IV' 9-max Seat #3 is the button
Seat 1: 13170877 ($1.18 in chips) 
Seat 2: ivan69252 ($0.80 in chips) 
Seat 3: Sysrq03 ($2 in chips) 
Seat 4: Dorex2007 ($3.39 in chips) 
Seat 5: alomolheres ($2.02 in chips) 
Seat 6: mooresie28 ($1.36 in chips) 
Seat 7: Any Nox ($2.13 in chips) 
Seat 9: SlavikPuha ($4.63 in chips) 
Dorex2007: posts small blind $0.01
alomolheres: posts big blind $0.02
sashamel980: sits out 
ivan69252: posts big blind $0.02
*** HOLE CARDS ***
Dealt to Dorex2007 [8c 9s]
mooresie28: raises $0.02 to $0.04
Any Nox: raises $0.13 to $0.17
SlavikPuha: folds 
13170877: folds 
ivan69252: folds 
Sysrq03: folds 
Dorex2007: folds 
alomolheres: folds 
mooresie28: folds 
Uncalled bet ($0.13) returned to Any Nox
Any Nox collected $0.13 from pot
Any Nox: doesn't show hand 
*** SUMMARY ***
Total pot $0.13 | Rake $0 
Seat 1: 13170877 folded before Flop (didn't bet)
Seat 2: ivan69252 folded before Flop (didn't bet)
Seat 3: Sysrq03 (button) folded before Flop (didn't bet)
Seat 4: Dorex2007 (small blind) folded before Flop
Seat 5: alomolheres (big blind) folded before Flop
Seat 6: mooresie28 folded before Flop
Seat 7: Any Nox collected ($0.13)
Seat 9: SlavikPuha folded before Flop (didn't bet)



PokerStars Hand #232651814299:  Hold'em No Limit ($0.01/$0.02 USD) - 2021/12/29 22:39:30 PT [2021/12/30 1:39:30 ET]
Table 'Elfriede IV' 9-max Seat #4 is the button
Seat 1: 13170877 ($1.18 in chips) 
Seat 2: ivan69252 ($0.78 in chips) 
Seat 3: Sysrq03 ($2 in chips) 
Seat 4: Dorex2007 ($3.38 in chips) 
Seat 5: alomolheres ($2 in chips) 
Seat 6: mooresie28 ($1.32 in chips) 
Seat 7: Any Nox ($2.22 in chips) 
Seat 9: SlavikPuha ($4.63 in chips) 
alomolheres: posts small blind $0.01
mooresie28: posts big blind $0.02
sashamel980: sits out 
*** HOLE CARDS ***
Dealt to Dorex2007 [Kc Th]
Any Nox: folds 
SlavikPuha: folds 
13170877: folds 
ivan69252: folds 
Sysrq03: folds 
Dorex2007: raises $0.04 to $0.06
alomolheres: folds 
mooresie28: folds 
Uncalled bet ($0.04) returned to Dorex2007
Dorex2007 collected $0.05 from pot
Dorex2007: doesn't show hand 
*** SUMMARY ***
Total pot $0.05 | Rake $0 
Seat 1: 13170877 folded before Flop (didn't bet)
Seat 2: ivan69252 folded before Flop (didn't bet)
Seat 3: Sysrq03 folded before Flop (didn't bet)
Seat 4: Dorex2007 (button) collected ($0.05)
Seat 5: alomolheres (small blind) folded before Flop
Seat 6: mooresie28 (big blind) folded before Flop
Seat 7: Any Nox folded before Flop (didn't bet)
Seat 9: SlavikPuha folded before Flop (didn't bet)



PokerStars Hand #232651817240:  Hold'em No Limit ($0.01/$0.02 USD) - 2021/12/29 22:39:50 PT [2021/12/30 1:39:50 ET]
Table 'Elfriede IV' 9-max Seat #5 is the button
Seat 1: 13170877 ($1.18 in chips) 
Seat 2: ivan69252 ($0.78 in chips) 
Seat 3: Sysrq03 ($2 in chips) 
Seat 4: Dorex2007 ($3.41 in chips) 
Seat 5: alomolheres ($1.99 in chips) 
Seat 6: mooresie28 ($1.30 in chips) 
Seat 7: Any Nox ($2.22 in chips) 
Seat 9: SlavikPuha ($4.63 in chips) 
mooresie28: posts small blind $0.01
Any Nox: posts big blind $0.02
sashamel980: sits out 
*** HOLE CARDS ***
Dealt to Dorex2007 [4s 6s]
SlavikPuha: folds 
13170877: folds 
ivan69252: folds 
Sysrq03: folds 
Dorex2007: folds 
alomolheres: raises $0.02 to $0.04
mooresie28: folds 
Any Nox: folds 
Uncalled bet ($0.02) returned to alomolheres
alomolheres collected $0.05 from pot
alomolheres: doesn't show hand 
*** SUMMARY ***
Total pot $0.05 | Rake $0 
Seat 1: 13170877 folded before Flop (didn't bet)
Seat 2: ivan69252 folded before Flop (didn't bet)
Seat 3: Sysrq03 folded before Flop (didn't bet)
Seat 4: Dorex2007 folded before Flop (didn't bet)
Seat 5: alomolheres (button) collected ($0.05)
Seat 6: mooresie28 (small blind) folded before Flop
Seat 7: Any Nox (big blind) folded before Flop
Seat 9: SlavikPuha folded before Flop (didn't bet)



PokerStars Hand #232651819689:  Hold'em No Limit ($0.01/$0.02 USD) - 2021/12/29 22:40:07 PT [2021/12/30 1:40:07 ET]
Table 'Elfriede IV' 9-max Seat #6 is the button
Seat 1: 13170877 ($1.18 in chips) 
Seat 2: ivan69252 ($0.78 in chips) 
Seat 3: Sysrq03 ($2 in chips) 
Seat 4: Dorex2007 ($3.41 in chips) 
Seat 5: alomolheres ($2.02 in chips) 
Seat 6: mooresie28 ($1.29 in chips) 
Seat 7: Any Nox ($2.20 in chips) 
Seat 8: sashamel980 ($0.80 in chips) 
Seat 9: SlavikPuha ($4.63 in chips) 
Any Nox: posts small blind $0.01
sashamel980: posts big blind $0.02
*** HOLE CARDS ***
Dealt to Dorex2007 [3d Ac]
SlavikPuha: folds 
13170877: folds 
ivan69252: raises $0.14 to $0.16
Sysrq03: folds 
Dorex2007: folds 
alomolheres: folds 
mooresie28: folds 
Any Nox: folds 
sashamel980: folds 
Uncalled bet ($0.14) returned to ivan69252
ivan69252 collected $0.05 from pot
ivan69252: doesn't show hand 
*** SUMMARY ***
Total pot $0.05 | Rake $0 
Seat 1: 13170877 folded before Flop (didn't bet)
Seat 2: ivan69252 collected ($0.05)
Seat 3: Sysrq03 folded before Flop (didn't bet)
Seat 4: Dorex2007 folded before Flop (didn't bet)
Seat 5: alomolheres folded before Flop (didn't bet)
Seat 6: mooresie28 (button) folded before Flop (didn't bet)
Seat 7: Any Nox (small blind) folded before Flop
Seat 8: sashamel980 (big blind) folded before Flop
Seat 9: SlavikPuha folded before Flop (didn't bet)



PokerStars Hand #232651823009:  Hold'em No Limit ($0.01/$0.02 USD) - 2021/12/29 22:40:30 PT [2021/12/30 1:40:30 ET]
Table 'Elfriede IV' 9-max Seat #7 is the button
Seat 1: 13170877 ($1.18 in chips) 
Seat 2: ivan69252 ($0.81 in chips) 
Seat 3: Sysrq03 ($2 in chips) 
Seat 4: Dorex2007 ($3.41 in chips) 
Seat 5: alomolheres ($2.02 in chips) 
Seat 6: mooresie28 ($1.29 in chips) 
Seat 7: Any Nox ($2.19 in chips) 
Seat 8: sashamel980 ($0.78 in chips) 
sashamel980: posts small blind $0.01
SlavikPuha: is sitting out 
13170877: posts big blind $0.02
*** HOLE CARDS ***
Dealt to Dorex2007 [5c 3c]
ivan69252: calls $0.02
Sysrq03: folds 
Dorex2007: folds 
alomolheres: calls $0.02
mooresie28: folds 
Any Nox: folds 
sashamel980: calls $0.01
13170877: checks 
*** FLOP *** [Kc Qh Kh]
sashamel980: checks 
13170877: checks 
ivan69252: checks 
alomolheres: checks 
*** TURN *** [Kc Qh Kh] [9s]
sashamel980: checks 
13170877: checks 
ivan69252: checks 
alomolheres: checks 
*** RIVER *** [Kc Qh Kh 9s] [6h]
sashamel980: checks 
13170877: checks 
ivan69252: checks 
alomolheres: checks 
*** SHOW DOWN ***
sashamel980: shows [5d Ad] (a pair of Kings)
13170877: shows [Qd 9h] (two pair, Kings and Queens)
ivan69252: mucks hand 
alomolheres: mucks hand 
13170877 collected $0.08 from pot
*** SUMMARY ***
Total pot $0.08 | Rake $0 
Board [Kc Qh Kh 9s 6h]
Seat 1: 13170877 (big blind) showed [Qd 9h] and won ($0.08) with two pair, Kings and Queens
Seat 2: ivan69252 mucked [7d 7h]
Seat 3: Sysrq03 folded before Flop (didn't bet)
Seat 4: Dorex2007 folded before Flop (didn't bet)
Seat 5: alomolheres mucked [Ac 2h]
Seat 6: mooresie28 folded before Flop (didn't bet)
Seat 7: Any Nox (button) folded before Flop (didn't bet)
Seat 8: sashamel980 (small blind) showed [5d Ad] and lost with a pair of Kings



PokerStars Hand #232651828204:  Hold'em No Limit ($0.01/$0.02 USD) - 2021/12/29 22:41:06 PT [2021/12/30 1:41:06 ET]
Table 'Elfriede IV' 9-max Seat #8 is the button
Seat 1: 13170877 ($1.24 in chips) 
Seat 2: ivan69252 ($0.79 in chips) 
Seat 3: Sysrq03 ($2 in chips) 
Seat 4: Dorex2007 ($3.41 in chips) 
Seat 5: alomolheres ($2 in chips) 
Seat 6: mooresie28 ($1.29 in chips) 
Seat 7: Any Nox ($2.19 in chips) 
Seat 8: sashamel980 ($0.76 in chips) 
13170877: posts small blind $0.01
ivan69252: posts big blind $0.02
*** HOLE CARDS ***
Dealt to Dorex2007 [8h 4d]
Sysrq03: folds 
Dorex2007: folds 
alomolheres: calls $0.02
mooresie28: folds 
Any Nox: folds 
sashamel980: raises $0.02 to $0.04
13170877: calls $0.03
ivan69252: folds 
alomolheres: calls $0.02
*** FLOP *** [Td 6c 8d]
13170877: checks 
alomolheres: checks 
sashamel980: bets $0.14
13170877: calls $0.14
alomolheres: folds 
*** TURN *** [Td 6c 8d] [Qc]
13170877: checks 
sashamel980: checks 
*** RIVER *** [Td 6c 8d Qc] [2h]
13170877: checks 
sashamel980: checks 
*** SHOW DOWN ***
13170877: shows [2d Kd] (a pair of Deuces)
sashamel980: mucks hand 
13170877 collected $0.41 from pot
*** SUMMARY ***
Total pot $0.42 | Rake $0.01 
Board [Td 6c 8d Qc 2h]
Seat 1: 13170877 (small blind) showed [2d Kd] and won ($0.41) with a pair of Deuces
Seat 2: ivan69252 (big blind) folded before Flop
Seat 3: Sysrq03 folded before Flop (didn't bet)
Seat 4: Dorex2007 folded before Flop (didn't bet)
Seat 5: alomolheres folded on the Flop
Seat 6: mooresie28 folded before Flop (didn't bet)
Seat 7: Any Nox folded before Flop (didn't bet)
Seat 8: sashamel980 (button) mucked [Ad 5d]



PokerStars Hand #232651834689:  Hold'em No Limit ($0.01/$0.02 USD) - 2021/12/29 22:41:49 PT [2021/12/30 1:41:49 ET]
Table 'Elfriede IV' 9-max Seat #1 is the button
Seat 1: 13170877 ($1.47 in chips) 
Seat 2: ivan69252 ($0.77 in chips) 
Seat 3: Sysrq03 ($2 in chips) 
Seat 4: Dorex2007 ($3.41 in chips) 
Seat 5: alomolheres ($1.96 in chips) 
Seat 6: mooresie28 ($1.29 in chips) 
Seat 7: Any Nox ($2.19 in chips) 
Seat 8: sashamel980 ($0.58 in chips) 
ivan69252: posts small blind $0.01
Sysrq03: posts big blind $0.02
*** HOLE CARDS ***
Dealt to Dorex2007 [Qs Ks]
Dorex2007: raises $0.02 to $0.04
alomolheres: calls $0.04
mooresie28: folds 
Any Nox: folds 
sashamel980: folds 
13170877: folds 
ivan69252: folds 
Sysrq03: calls $0.02
*** FLOP *** [7c Tc Qd]
Sysrq03: checks 
Dorex2007: bets $0.13
alomolheres: calls $0.13
Sysrq03: folds 
*** TURN *** [7c Tc Qd] [6s]
Dorex2007: bets $0.38
alomolheres: folds 
Uncalled bet ($0.38) returned to Dorex2007
Dorex2007 collected $0.38 from pot
Dorex2007: doesn't show hand 
*** SUMMARY ***
Total pot $0.39 | Rake $0.01 
Board [7c Tc Qd 6s]
Seat 1: 13170877 (button) folded before Flop (didn't bet)
Seat 2: ivan69252 (small blind) folded before Flop
Seat 3: Sysrq03 (big blind) folded on the Flop
Seat 4: Dorex2007 collected ($0.38)
Seat 5: alomolheres folded on the Turn
Seat 6: mooresie28 folded before Flop (didn't bet)
Seat 7: Any Nox folded before Flop (didn't bet)
Seat 8: sashamel980 folded before Flop (didn't bet)



PokerStars Hand #232651840524:  Hold'em No Limit ($0.01/$0.02 USD) - 2021/12/29 22:42:30 PT [2021/12/30 1:42:30 ET]
Table 'Elfriede IV' 9-max Seat #2 is the button
Seat 1: 13170877 ($1.47 in chips) 
Seat 2: ivan69252 ($0.76 in chips) 
Seat 3: Sysrq03 ($2 in chips) 
Seat 4: Dorex2007 ($3.62 in chips) 
Seat 5: alomolheres ($1.79 in chips) 
Seat 6: mooresie28 ($1.29 in chips) 
Seat 7: Any Nox ($2.19 in chips) 
Seat 8: sashamel980 ($0.58 in chips) 
Sysrq03: posts small blind $0.01
Dorex2007: posts big blind $0.02
*** HOLE CARDS ***
Dealt to Dorex2007 [6s 3h]
alomolheres: folds 
mooresie28: raises $0.02 to $0.04
Any Nox: folds 
sashamel980: folds 
13170877: folds 
ivan69252: calls $0.04
Sysrq03: folds 
Dorex2007: folds 
*** FLOP *** [Ks 8h 4d]
mooresie28: bets $0.06
ivan69252: raises $0.06 to $0.12
mooresie28: raises $0.62 to $0.74
ivan69252: calls $0.60 and is all-in
Uncalled bet ($0.02) returned to mooresie28
*** TURN *** [Ks 8h 4d] [6d]
*** RIVER *** [Ks 8h 4d 6d] [As]
*** SHOW DOWN ***
mooresie28: shows [Kd Ac] (two pair, Aces and Kings)
ivan69252: shows [9d 9h] (a pair of Nines)
mooresie28 cashed out the hand for $1.36 | Cash Out Fee $0.01
*** SUMMARY ***
Total pot $1.55 | Rake $0.05 
Board [Ks 8h 4d 6d As]
Seat 1: 13170877 folded before Flop (didn't bet)
Seat 2: ivan69252 (button) showed [9d 9h] and lost with a pair of Nines
Seat 3: Sysrq03 (small blind) folded before Flop
Seat 4: Dorex2007 (big blind) folded before Flop
Seat 5: alomolheres folded before Flop (didn't bet)
Seat 6: mooresie28 showed [Kd Ac] and won ($1.50) with two pair, Aces and Kings (pot not awarded as player cashed out)
Seat 7: Any Nox folded before Flop (didn't bet)
Seat 8: sashamel980 folded before Flop (didn't bet)



PokerStars Hand #232651853918:  Hold'em No Limit ($0.01/$0.02 USD) - 2021/12/29 22:43:27 PT [2021/12/30 1:43:27 ET]
Table 'Elfriede IV' 9-max Seat #3 is the button
Seat 1: 13170877 ($1.47 in chips) 
Seat 3: Sysrq03 ($2 in chips) 
Seat 4: Dorex2007 ($3.60 in chips) 
Seat 5: alomolheres ($1.79 in chips) 
Seat 6: mooresie28 ($1.89 in chips) 
Seat 7: Any Nox ($2.19 in chips) 
Seat 8: sashamel980 ($0.58 in chips) 
Dorex2007: posts small blind $0.01
alomolheres: posts big blind $0.02
*** HOLE CARDS ***
Dealt to Dorex2007 [6c 7d]
mooresie28: folds 
ivan69252 leaves the table
Any Nox: folds 
sashamel980: calls $0.02
13170877: folds 
Sysrq03: calls $0.02
Dorex2007: calls $0.01
alomolheres: checks 
*** FLOP *** [As 3s 2c]
Dorex2007: checks 
alomolheres: bets $0.50
sashamel980: folds 
Sysrq03: folds 
Dorex2007: folds 
Uncalled bet ($0.50) returned to alomolheres
alomolheres collected $0.08 from pot
alomolheres: doesn't show hand 
*** SUMMARY ***
Total pot $0.08 | Rake $0 
Board [As 3s 2c]
Seat 1: 13170877 folded before Flop (didn't bet)
Seat 3: Sysrq03 (button) folded on the Flop
Seat 4: Dorex2007 (small blind) folded on the Flop
Seat 5: alomolheres (big blind) collected ($0.08)
Seat 6: mooresie28 folded before Flop (didn't bet)
Seat 7: Any Nox folded before Flop (didn't bet)
Seat 8: sashamel980 folded on the Flop



PokerStars Hand #232651863654:  Hold'em No Limit ($0.01/$0.02 USD) - 2021/12/29 22:43:57 PT [2021/12/30 1:43:57 ET]
Table 'Elfriede IV' 9-max Seat #4 is the button
Seat 1: 13170877 ($1.47 in chips) 
Seat 3: Sysrq03 ($2 in chips) 
Seat 4: Dorex2007 ($3.58 in chips) 
Seat 5: alomolheres ($1.85 in chips) 
Seat 6: mooresie28 ($1.89 in chips) 
Seat 7: Any Nox ($2.19 in chips) 
Seat 8: sashamel980 ($0.56 in chips) 
MPK-198 joins the table at seat #2 
alomolheres: posts small blind $0.01
mooresie28: posts big blind $0.02
*** HOLE CARDS ***
Dealt to Dorex2007 [4h Ks]
Any Nox: folds 
sashamel980: raises $0.02 to $0.04
13170877: folds 
Sysrq03: folds 
Dorex2007: folds 
alomolheres: calls $0.03
mooresie28: calls $0.02
*** FLOP *** [3d Qd Th]
alomolheres: checks 
mooresie28: checks 
sashamel980: checks 
*** TURN *** [3d Qd Th] [Tc]
alomolheres: checks 
mooresie28: checks 
sashamel980: checks 
*** RIVER *** [3d Qd Th Tc] [9c]
alomolheres: bets $0.20
mooresie28: folds 
sashamel980: folds 
Uncalled bet ($0.20) returned to alomolheres
alomolheres collected $0.12 from pot
alomolheres: doesn't show hand 
*** SUMMARY ***
Total pot $0.12 | Rake $0 
Board [3d Qd Th Tc 9c]
Seat 1: 13170877 folded before Flop (didn't bet)
Seat 3: Sysrq03 folded before Flop (didn't bet)
Seat 4: Dorex2007 (button) folded before Flop (didn't bet)
Seat 5: alomolheres (small blind) collected ($0.12)
Seat 6: mooresie28 (big blind) folded on the River
Seat 7: Any Nox folded before Flop (didn't bet)
Seat 8: sashamel980 folded on the River



PokerStars Hand #232651870351:  Hold'em No Limit ($0.01/$0.02 USD) - 2021/12/29 22:44:43 PT [2021/12/30 1:44:43 ET]
Table 'Elfriede IV' 9-max Seat #5 is the button
Seat 1: 13170877 ($1.47 in chips) 
Seat 2: MPK-198 ($1.60 in chips) 
Seat 3: Sysrq03 ($2 in chips) 
Seat 4: Dorex2007 ($3.58 in chips) 
Seat 5: alomolheres ($1.93 in chips) 
Seat 6: mooresie28 ($1.85 in chips) 
Seat 7: Any Nox ($2.19 in chips) 
Seat 8: sashamel980 ($0.52 in chips) 
mooresie28: posts small blind $0.01
Any Nox: posts big blind $0.02
MPK-198: posts big blind $0.02
*** HOLE CARDS ***
Dealt to Dorex2007 [Th Ad]
sashamel980: folds 
13170877: folds 
MPK-198: checks 
Sysrq03: folds 
Dorex2007: raises $0.04 to $0.06
alomolheres: folds 
mooresie28: folds 
Any Nox: folds 
MPK-198: folds 
Uncalled bet ($0.04) returned to Dorex2007
Dorex2007 collected $0.07 from pot
Dorex2007: doesn't show hand 
*** SUMMARY ***
Total pot $0.07 | Rake $0 
Seat 1: 13170877 folded before Flop (didn't bet)
Seat 2: MPK-198 folded before Flop (didn't bet)
Seat 3: Sysrq03 folded before Flop (didn't bet)
Seat 4: Dorex2007 collected ($0.07)
Seat 5: alomolheres (button) folded before Flop (didn't bet)
Seat 6: mooresie28 (small blind) folded before Flop
Seat 7: Any Nox (big blind) folded before Flop
Seat 8: sashamel980 folded before Flop (didn't bet)



PokerStars Hand #232651873053:  Hold'em No Limit ($0.01/$0.02 USD) - 2021/12/29 22:45:01 PT [2021/12/30 1:45:01 ET]
Table 'Elfriede IV' 9-max Seat #6 is the button
Seat 1: 13170877 ($1.47 in chips) 
Seat 2: MPK-198 ($1.58 in chips) 
Seat 3: Sysrq03 ($2 in chips) 
Seat 4: Dorex2007 ($3.63 in chips) 
Seat 5: alomolheres ($1.93 in chips) 
Seat 6: mooresie28 ($1.84 in chips) 
Seat 7: Any Nox ($2.17 in chips) 
Seat 8: sashamel980 ($0.52 in chips) 
Any Nox: posts small blind $0.01
sashamel980: posts big blind $0.02
*** HOLE CARDS ***
Dealt to Dorex2007 [Ts 6c]
13170877: folds 
MPK-198: raises $0.04 to $0.06
Sysrq03: folds 
Dorex2007: folds 
alomolheres: folds 
mooresie28: folds 
Any Nox: folds 
sashamel980: folds 
Uncalled bet ($0.04) returned to MPK-198
MPK-198 collected $0.05 from pot
*** SUMMARY ***
Total pot $0.05 | Rake $0 
Seat 1: 13170877 folded before Flop (didn't bet)
Seat 2: MPK-198 collected ($0.05)
Seat 3: Sysrq03 folded before Flop (didn't bet)
Seat 4: Dorex2007 folded before Flop (didn't bet)
Seat 5: alomolheres folded before Flop (didn't bet)
Seat 6: mooresie28 (button) folded before Flop (didn't bet)
Seat 7: Any Nox (small blind) folded before Flop
Seat 8: sashamel980 (big blind) folded before Flop



PokerStars Hand #232651876717:  Hold'em No Limit ($0.01/$0.02 USD) - 2021/12/29 22:45:26 PT [2021/12/30 1:45:26 ET]
Table 'Elfriede IV' 9-max Seat #7 is the button
Seat 1: 13170877 ($1.47 in chips) 
Seat 2: MPK-198 ($1.61 in chips) 
Seat 3: Sysrq03 ($2 in chips) 
Seat 4: Dorex2007 ($3.63 in chips) 
Seat 5: alomolheres ($1.93 in chips) 
Seat 6: mooresie28 ($1.84 in chips) 
Seat 7: Any Nox ($2.16 in chips) 
Seat 8: sashamel980 ($0.50 in chips) 
sashamel980: posts small blind $0.01
13170877: posts big blind $0.02
*** HOLE CARDS ***
Dealt to Dorex2007 [Th Ac]
MPK-198: folds 
Sysrq03: folds 
Dorex2007: raises $0.04 to $0.06
alomolheres: folds 
mooresie28: folds 
Any Nox has timed out
Any Nox: folds 
sashamel980: folds 
13170877: folds 
Uncalled bet ($0.04) returned to Dorex2007
Dorex2007 collected $0.05 from pot
Dorex2007: doesn't show hand 
*** SUMMARY ***
Total pot $0.05 | Rake $0 
Seat 1: 13170877 (big blind) folded before Flop
Seat 2: MPK-198 folded before Flop (didn't bet)
Seat 3: Sysrq03 folded before Flop (didn't bet)
Seat 4: Dorex2007 collected ($0.05)
Seat 5: alomolheres folded before Flop (didn't bet)
Seat 6: mooresie28 folded before Flop (didn't bet)
Seat 7: Any Nox (button) folded before Flop (didn't bet)
Seat 8: sashamel980 (small blind) folded before Flop



PokerStars Hand #232651881995:  Hold'em No Limit ($0.01/$0.02 USD) - 2021/12/29 22:46:03 PT [2021/12/30 1:46:03 ET]
Table 'Elfriede IV' 9-max Seat #8 is the button
Seat 1: 13170877 ($1.45 in chips) 
Seat 2: MPK-198 ($1.61 in chips) 
Seat 3: Sysrq03 ($2 in chips) 
Seat 4: Dorex2007 ($3.66 in chips) 
Seat 5: alomolheres ($1.93 in chips) 
Seat 6: mooresie28 ($1.84 in chips) 
Seat 8: sashamel980 ($0.49 in chips) 
13170877: posts small blind $0.01
MPK-198: posts big blind $0.02
*** HOLE CARDS ***
Dealt to Dorex2007 [3c Ac]
Sysrq03: calls $0.02
Dorex2007: calls $0.02
alomolheres: folds 
mooresie28: calls $0.02
sashamel980: folds 
13170877: calls $0.01
MPK-198: checks 
*** FLOP *** [Ks Js 4c]
13170877: checks 
MPK-198: checks 
Sysrq03: bets $0.08
Dorex2007: folds 
mooresie28: folds 
13170877: folds 
MPK-198: folds 
Uncalled bet ($0.08) returned to Sysrq03
Sysrq03 collected $0.10 from pot
*** SUMMARY ***
Total pot $0.10 | Rake $0 
Board [Ks Js 4c]
Seat 1: 13170877 (small blind) folded on the Flop
Seat 2: MPK-198 (big blind) folded on the Flop
Seat 3: Sysrq03 collected ($0.10)
Seat 4: Dorex2007 folded on the Flop
Seat 5: alomolheres folded before Flop (didn't bet)
Seat 6: mooresie28 folded on the Flop
Seat 8: sashamel980 (button) folded before Flop (didn't bet)



PokerStars Hand #232651887624:  Hold'em No Limit ($0.01/$0.02 USD) - 2021/12/29 22:46:41 PT [2021/12/30 1:46:41 ET]
Table 'Elfriede IV' 9-max Seat #1 is the button
Seat 1: 13170877 ($1.43 in chips) 
Seat 2: MPK-198 ($1.59 in chips) 
Seat 3: Sysrq03 ($2.08 in chips) 
Seat 4: Dorex2007 ($3.64 in chips) 
Seat 5: alomolheres ($1.93 in chips) 
Seat 6: mooresie28 ($1.82 in chips) 
Seat 7: Any Nox ($2.16 in chips) 
Seat 8: sashamel980 ($0.49 in chips) 
MPK-198: posts small blind $0.01
Sysrq03: posts big blind $0.02
*** HOLE CARDS ***
Dealt to Dorex2007 [Kc 6h]
Dorex2007: folds 
alomolheres: folds 
mooresie28: folds 
Any Nox: folds 
sashamel980: calls $0.02
13170877: folds 
MPK-198: calls $0.01
Sysrq03: checks 
*** FLOP *** [4h Th Qh]
MPK-198: checks 
Sysrq03: checks 
sashamel980: checks 
*** TURN *** [4h Th Qh] [5d]
MPK-198: checks 
Sysrq03: checks 
sashamel980: bets $0.02
MPK-198: folds 
Sysrq03: folds 
Uncalled bet ($0.02) returned to sashamel980
sashamel980 collected $0.06 from pot
*** SUMMARY ***
Total pot $0.06 | Rake $0 
Board [4h Th Qh 5d]
Seat 1: 13170877 (button) folded before Flop (didn't bet)
Seat 2: MPK-198 (small blind) folded on the Turn
Seat 3: Sysrq03 (big blind) folded on the Turn
Seat 4: Dorex2007 folded before Flop (didn't bet)
Seat 5: alomolheres folded before Flop (didn't bet)
Seat 6: mooresie28 folded before Flop (didn't bet)
Seat 7: Any Nox folded before Flop (didn't bet)
Seat 8: sashamel980 collected ($0.06)



PokerStars Hand #232651893205:  Hold'em No Limit ($0.01/$0.02 USD) - 2021/12/29 22:47:20 PT [2021/12/30 1:47:20 ET]
Table 'Elfriede IV' 9-max Seat #2 is the button
Seat 1: 13170877 ($1.43 in chips) 
Seat 2: MPK-198 ($1.57 in chips) 
Seat 3: Sysrq03 ($2.06 in chips) 
Seat 4: Dorex2007 ($3.64 in chips) 
Seat 5: alomolheres ($1.93 in chips) 
Seat 6: mooresie28 ($1.82 in chips) 
Seat 7: Any Nox ($2.16 in chips) 
Seat 8: sashamel980 ($0.53 in chips) 
Sysrq03: posts small blind $0.01
Dorex2007: posts big blind $0.02
*** HOLE CARDS ***
Dealt to Dorex2007 [4c 2h]
alomolheres: folds 
mooresie28: raises $0.02 to $0.04
Any Nox: calls $0.04
sashamel980: folds 
13170877: folds 
MPK-198: folds 
Sysrq03: folds 
Dorex2007: folds 
*** FLOP *** [3c 3d Js]
mooresie28: bets $0.07
Any Nox: raises $0.07 to $0.14
mooresie28: calls $0.07
*** TURN *** [3c 3d Js] [As]
mooresie28: checks 
Any Nox: bets $0.25
mooresie28: folds 
Uncalled bet ($0.25) returned to Any Nox
Any Nox collected $0.38 from pot
Any Nox: doesn't show hand 
*** SUMMARY ***
Total pot $0.39 | Rake $0.01 
Board [3c 3d Js As]
Seat 1: 13170877 folded before Flop (didn't bet)
Seat 2: MPK-198 (button) folded before Flop (didn't bet)
Seat 3: Sysrq03 (small blind) folded before Flop
Seat 4: Dorex2007 (big blind) folded before Flop
Seat 5: alomolheres folded before Flop (didn't bet)
Seat 6: mooresie28 folded on the Turn
Seat 7: Any Nox collected ($0.38)
Seat 8: sashamel980 folded before Flop (didn't bet)



PokerStars Hand #232651898516:  Hold'em No Limit ($0.01/$0.02 USD) - 2021/12/29 22:47:57 PT [2021/12/30 1:47:57 ET]
Table 'Elfriede IV' 9-max Seat #3 is the button
Seat 1: 13170877 ($1.43 in chips) 
Seat 2: MPK-198 ($1.57 in chips) 
Seat 3: Sysrq03 ($2.05 in chips) 
Seat 4: Dorex2007 ($3.62 in chips) 
Seat 5: alomolheres ($1.93 in chips) 
Seat 6: mooresie28 ($1.64 in chips) 
Seat 7: Any Nox ($2.36 in chips) 
Seat 8: sashamel980 ($0.53 in chips) 
Dorex2007: posts small blind $0.01
alomolheres: posts big blind $0.02
*** HOLE CARDS ***
Dealt to Dorex2007 [Qd Ts]
mooresie28: folds 
Any Nox: folds 
sashamel980: calls $0.02
13170877: calls $0.02
MPK-198: folds 
Sysrq03: folds 
Dorex2007: calls $0.01
alomolheres: checks 
*** FLOP *** [Kh Ad 8c]
Dorex2007: checks 
alomolheres: checks 
sashamel980: bets $0.02
13170877: calls $0.02
Dorex2007: calls $0.02
alomolheres: folds 
*** TURN *** [Kh Ad 8c] [9h]
Dorex2007: checks 
sashamel980: bets $0.02
13170877: calls $0.02
Dorex2007: calls $0.02
*** RIVER *** [Kh Ad 8c 9h] [5h]
Dorex2007: bets $0.10
sashamel980: folds 
13170877: folds 
Uncalled bet ($0.10) returned to Dorex2007
Dorex2007 collected $0.19 from pot
Dorex2007: doesn't show hand 
*** SUMMARY ***
Total pot $0.20 | Rake $0.01 
Board [Kh Ad 8c 9h 5h]
Seat 1: 13170877 folded on the River
Seat 2: MPK-198 folded before Flop (didn't bet)
Seat 3: Sysrq03 (button) folded before Flop (didn't bet)
Seat 4: Dorex2007 (small blind) collected ($0.19)
Seat 5: alomolheres (big blind) folded on the Flop
Seat 6: mooresie28 folded before Flop (didn't bet)
Seat 7: Any Nox folded before Flop (didn't bet)
Seat 8: sashamel980 folded on the River



PokerStars Hand #232651905813:  Hold'em No Limit ($0.01/$0.02 USD) - 2021/12/29 22:48:48 PT [2021/12/30 1:48:48 ET]
Table 'Elfriede IV' 9-max Seat #4 is the button
Seat 1: 13170877 ($1.37 in chips) 
Seat 2: MPK-198 ($1.57 in chips) 
Seat 3: Sysrq03 ($2.05 in chips) 
Seat 4: Dorex2007 ($3.75 in chips) 
Seat 5: alomolheres ($1.91 in chips) 
Seat 6: mooresie28 ($1.64 in chips) 
Seat 7: Any Nox ($2.36 in chips) 
Seat 8: sashamel980 ($0.47 in chips) 
alomolheres: posts small blind $0.01
mooresie28: posts big blind $0.02
*** HOLE CARDS ***
Dealt to Dorex2007 [8c 3d]
Any Nox: folds 
sashamel980: folds 
13170877: folds 
MPK-198: folds 
Sysrq03: raises $0.04 to $0.06
Dorex2007: folds 
alomolheres: folds 
mooresie28: folds 
Uncalled bet ($0.04) returned to Sysrq03
Sysrq03 collected $0.05 from pot
*** SUMMARY ***
Total pot $0.05 | Rake $0 
Seat 1: 13170877 folded before Flop (didn't bet)
Seat 2: MPK-198 folded before Flop (didn't bet)
Seat 3: Sysrq03 collected ($0.05)
Seat 4: Dorex2007 (button) folded before Flop (didn't bet)
Seat 5: alomolheres (small blind) folded before Flop
Seat 6: mooresie28 (big blind) folded before Flop
Seat 7: Any Nox folded before Flop (didn't bet)
Seat 8: sashamel980 folded before Flop (didn't bet)



PokerStars Hand #232651909142:  Hold'em No Limit ($0.01/$0.02 USD) - 2021/12/29 22:49:11 PT [2021/12/30 1:49:11 ET]
Table 'Elfriede IV' 9-max Seat #5 is the button
Seat 1: 13170877 ($1.37 in chips) 
Seat 2: MPK-198 ($1.57 in chips) 
Seat 3: Sysrq03 ($2.08 in chips) 
Seat 4: Dorex2007 ($3.75 in chips) 
Seat 5: alomolheres ($1.90 in chips) 
Seat 6: mooresie28 ($1.62 in chips) 
Seat 7: Any Nox ($2.36 in chips) 
Seat 8: sashamel980 ($0.47 in chips) 
mooresie28: posts small blind $0.01
Any Nox: posts big blind $0.02
*** HOLE CARDS ***
Dealt to Dorex2007 [4c Js]
sashamel980: raises $0.45 to $0.47 and is all-in
13170877: folds 
MPK-198: folds 
Sysrq03: folds 
Dorex2007: folds 
alomolheres: folds 
mooresie28: folds 
Any Nox: folds 
Uncalled bet ($0.45) returned to sashamel980
sashamel980 collected $0.05 from pot
*** SUMMARY ***
Total pot $0.05 | Rake $0 
Seat 1: 13170877 folded before Flop (didn't bet)
Seat 2: MPK-198 folded before Flop (didn't bet)
Seat 3: Sysrq03 folded before Flop (didn't bet)
Seat 4: Dorex2007 folded before Flop (didn't bet)
Seat 5: alomolheres (button) folded before Flop (didn't bet)
Seat 6: mooresie28 (small blind) folded before Flop
Seat 7: Any Nox (big blind) folded before Flop
Seat 8: sashamel980 collected ($0.05)



PokerStars Hand #232651912595:  Hold'em No Limit ($0.01/$0.02 USD) - 2021/12/29 22:49:35 PT [2021/12/30 1:49:35 ET]
Table 'Elfriede IV' 9-max Seat #6 is the button
Seat 1: 13170877 ($1.37 in chips) 
Seat 2: MPK-198 ($1.57 in chips) 
Seat 3: Sysrq03 ($2.08 in chips) 
Seat 4: Dorex2007 ($3.75 in chips) 
Seat 5: alomolheres ($1.90 in chips) 
Seat 6: mooresie28 ($1.61 in chips) 
Seat 7: Any Nox ($2.34 in chips) 
Seat 8: sashamel980 ($0.50 in chips) 
Any Nox: posts small blind $0.01
sashamel980: posts big blind $0.02
SlavikPuha: sits out 
*** HOLE CARDS ***
Dealt to Dorex2007 [3s 3c]
13170877: folds 
MPK-198: folds 
Sysrq03: folds 
Dorex2007: calls $0.02
alomolheres: raises $0.02 to $0.04
mooresie28: folds 
Any Nox: calls $0.03
sashamel980: calls $0.02
Dorex2007: calls $0.02
*** FLOP *** [7d Ad 7s]
Any Nox: checks 
sashamel980: bets $0.02
Dorex2007: calls $0.02
alomolheres: calls $0.02
Any Nox: calls $0.02
*** TURN *** [7d Ad 7s] [Tc]
Any Nox: checks 
sashamel980: checks 
Dorex2007: checks 
alomolheres: checks 
*** RIVER *** [7d Ad 7s Tc] [4h]
Any Nox: checks 
sashamel980: checks 
Dorex2007: bets $0.08
alomolheres: folds 
Any Nox: folds 
sashamel980: folds 
Uncalled bet ($0.08) returned to Dorex2007
Dorex2007 collected $0.23 from pot
Dorex2007: doesn't show hand 
*** SUMMARY ***
Total pot $0.24 | Rake $0.01 
Board [7d Ad 7s Tc 4h]
Seat 1: 13170877 folded before Flop (didn't bet)
Seat 2: MPK-198 folded before Flop (didn't bet)
Seat 3: Sysrq03 folded before Flop (didn't bet)
Seat 4: Dorex2007 collected ($0.23)
Seat 5: alomolheres folded on the River
Seat 6: mooresie28 (button) folded before Flop (didn't bet)
Seat 7: Any Nox (small blind) folded on the River
Seat 8: sashamel980 (big blind) folded on the River



PokerStars Hand #232651920551:  Hold'em No Limit ($0.01/$0.02 USD) - 2021/12/29 22:50:30 PT [2021/12/30 1:50:30 ET]
Table 'Elfriede IV' 9-max Seat #7 is the button
Seat 1: 13170877 ($1.37 in chips) 
Seat 2: MPK-198 ($1.57 in chips) 
Seat 3: Sysrq03 ($2.08 in chips) 
Seat 4: Dorex2007 ($3.92 in chips) 
Seat 5: alomolheres ($1.84 in chips) 
Seat 6: mooresie28 ($1.61 in chips) 
Seat 7: Any Nox ($2.28 in chips) 
Seat 8: sashamel980 ($0.44 in chips) 
Seat 9: SlavikPuha ($4.63 in chips) 
sashamel980: posts small blind $0.01
SlavikPuha: posts big blind $0.02
*** HOLE CARDS ***
Dealt to Dorex2007 [8s Ts]
13170877: folds 
MPK-198: folds 
Sysrq03: folds 
Dorex2007 has timed out
Dorex2007: folds 
alomolheres: folds 
mooresie28: folds 
Any Nox: folds 
sashamel980: calls $0.01
SlavikPuha: raises $0.04 to $0.06
sashamel980: folds 
Uncalled bet ($0.04) returned to SlavikPuha
SlavikPuha collected $0.04 from pot
SlavikPuha: doesn't show hand 
*** SUMMARY ***
Total pot $0.04 | Rake $0 
Seat 1: 13170877 folded before Flop (didn't bet)
Seat 2: MPK-198 folded before Flop (didn't bet)
Seat 3: Sysrq03 folded before Flop (didn't bet)
Seat 4: Dorex2007 folded before Flop (didn't bet)
Seat 5: alomolheres folded before Flop (didn't bet)
Seat 6: mooresie28 folded before Flop (didn't bet)
Seat 7: Any Nox (button) folded before Flop (didn't bet)
Seat 8: sashamel980 (small blind) folded before Flop
Seat 9: SlavikPuha (big blind) collected ($0.04)



PokerStars Hand #232651926900:  Hold'em No Limit ($0.01/$0.02 USD) - 2021/12/29 22:51:15 PT [2021/12/30 1:51:15 ET]
Table 'Elfriede IV' 9-max Seat #9 is the button
Seat 1: 13170877 ($1.38 in chips) 
Seat 2: MPK-198 ($1.57 in chips) 
Seat 3: Sysrq03 ($2.08 in chips) 
Seat 4: Dorex2007 ($3.92 in chips) 
Seat 5: alomolheres ($1.84 in chips) 
Seat 6: mooresie28 ($1.61 in chips) 
Seat 7: Any Nox ($2.28 in chips) 
Seat 8: sashamel980 ($0.42 in chips) 
Seat 9: SlavikPuha ($4.64 in chips) 
13170877: posts small blind $0.01
MPK-198: posts big blind $0.02
*** HOLE CARDS ***
Dealt to Dorex2007 [2c 7s]
Sysrq03: folds 
Dorex2007: folds 
alomolheres: calls $0.02
mooresie28: folds 
Any Nox: folds 
sashamel980: folds 
SlavikPuha: raises $0.04 to $0.06
13170877: calls $0.05
MPK-198: folds 
alomolheres: calls $0.04
*** FLOP *** [3s Ah Qh]
13170877: checks 
alomolheres: bets $0.12
SlavikPuha: folds 
13170877: calls $0.12
*** TURN *** [3s Ah Qh] [6c]
13170877: checks 
alomolheres: bets $0.30
13170877: folds 
Uncalled bet ($0.30) returned to alomolheres
alomolheres collected $0.42 from pot
alomolheres: doesn't show hand 
*** SUMMARY ***
Total pot $0.44 | Rake $0.02 
Board [3s Ah Qh 6c]
Seat 1: 13170877 (small blind) folded on the Turn
Seat 2: MPK-198 (big blind) folded before Flop
Seat 3: Sysrq03 folded before Flop (didn't bet)
Seat 4: Dorex2007 folded before Flop (didn't bet)
Seat 5: alomolheres collected ($0.42)
Seat 6: mooresie28 folded before Flop (didn't bet)
Seat 7: Any Nox folded before Flop (didn't bet)
Seat 8: sashamel980 folded before Flop (didn't bet)
Seat 9: SlavikPuha (button) folded on the Flop



PokerStars Hand #232651934237:  Hold'em No Limit ($0.01/$0.02 USD) - 2021/12/29 22:52:05 PT [2021/12/30 1:52:05 ET]
Table 'Elfriede IV' 9-max Seat #1 is the button
Seat 1: 13170877 ($1.20 in chips) 
Seat 2: MPK-198 ($1.55 in chips) 
Seat 3: Sysrq03 ($2.08 in chips) 
Seat 4: Dorex2007 ($3.92 in chips) 
Seat 5: alomolheres ($2.08 in chips) 
Seat 6: mooresie28 ($1.61 in chips) 
Seat 7: Any Nox ($2.28 in chips) 
Seat 8: sashamel980 ($0.42 in chips) 
Seat 9: SlavikPuha ($4.58 in chips) 
MPK-198: posts small blind $0.01
Sysrq03: posts big blind $0.02
*** HOLE CARDS ***
Dealt to Dorex2007 [Ts 5s]
Dorex2007: folds 
alomolheres: folds 
mooresie28: folds 
Any Nox: folds 
sashamel980: folds 
SlavikPuha: folds 
13170877: calls $0.02
MPK-198: calls $0.01
Sysrq03: checks 
*** FLOP *** [Qd Qs Jc]
MPK-198: bets $0.03
Sysrq03: folds 
13170877: calls $0.03
*** TURN *** [Qd Qs Jc] [3d]
MPK-198: checks 
13170877: checks 
*** RIVER *** [Qd Qs Jc 3d] [7d]
MPK-198: checks 
13170877: checks 
*** SHOW DOWN ***
MPK-198: shows [Jh 8d] (two pair, Queens and Jacks)
13170877: mucks hand 
MPK-198 collected $0.12 from pot
*** SUMMARY ***
Total pot $0.12 | Rake $0 
Board [Qd Qs Jc 3d 7d]
Seat 1: 13170877 (button) mucked [5c Kc]
Seat 2: MPK-198 (small blind) showed [Jh 8d] and won ($0.12) with two pair, Queens and Jacks
Seat 3: Sysrq03 (big blind) folded on the Flop
Seat 4: Dorex2007 folded before Flop (didn't bet)
Seat 5: alomolheres folded before Flop (didn't bet)
Seat 6: mooresie28 folded before Flop (didn't bet)
Seat 7: Any Nox folded before Flop (didn't bet)
Seat 8: sashamel980 folded before Flop (didn't bet)
Seat 9: SlavikPuha folded before Flop (didn't bet)



PokerStars Hand #232651939419:  Hold'em No Limit ($0.01/$0.02 USD) - 2021/12/29 22:52:41 PT [2021/12/30 1:52:41 ET]
Table 'Elfriede IV' 9-max Seat #2 is the button
Seat 1: 13170877 ($1.15 in chips) 
Seat 2: MPK-198 ($1.62 in chips) 
Seat 3: Sysrq03 ($2.06 in chips) 
Seat 4: Dorex2007 ($3.92 in chips) 
Seat 5: alomolheres ($2.08 in chips) 
Seat 6: mooresie28 ($1.61 in chips) 
Seat 7: Any Nox ($2.28 in chips) 
Seat 8: sashamel980 ($0.42 in chips) 
Seat 9: SlavikPuha ($4.58 in chips) 
Sysrq03: posts small blind $0.01
Dorex2007: posts big blind $0.02
*** HOLE CARDS ***
Dealt to Dorex2007 [9h Jd]
alomolheres: folds 
mooresie28: folds 
Any Nox: folds 
sashamel980: folds 
SlavikPuha: folds 
13170877: calls $0.02
MPK-198: folds 
Sysrq03: folds 
Dorex2007: checks 
*** FLOP *** [Kh As 5s]
Dorex2007: checks 
13170877: checks 
*** TURN *** [Kh As 5s] [Qd]
Dorex2007: checks 
13170877: checks 
*** RIVER *** [Kh As 5s Qd] [3s]
Dorex2007: checks 
13170877: checks 
*** SHOW DOWN ***
Dorex2007: shows [9h Jd] (high card Ace)
13170877: shows [Kd 6h] (a pair of Kings)
13170877 collected $0.05 from pot
*** SUMMARY ***
Total pot $0.05 | Rake $0 
Board [Kh As 5s Qd 3s]
Seat 1: 13170877 showed [Kd 6h] and won ($0.05) with a pair of Kings
Seat 2: MPK-198 (button) folded before Flop (didn't bet)
Seat 3: Sysrq03 (small blind) folded before Flop
Seat 4: Dorex2007 (big blind) showed [9h Jd] and lost with high card Ace
Seat 5: alomolheres folded before Flop (didn't bet)
Seat 6: mooresie28 folded before Flop (didn't bet)
Seat 7: Any Nox folded before Flop (didn't bet)
Seat 8: sashamel980 folded before Flop (didn't bet)
Seat 9: SlavikPuha folded before Flop (didn't bet)



PokerStars Hand #232651944848:  Hold'em No Limit ($0.01/$0.02 USD) - 2021/12/29 22:53:18 PT [2021/12/30 1:53:18 ET]
Table 'Elfriede IV' 9-max Seat #3 is the button
Seat 1: 13170877 ($1.18 in chips) 
Seat 2: MPK-198 ($1.62 in chips) 
Seat 3: Sysrq03 ($2.05 in chips) 
Seat 4: Dorex2007 ($3.90 in chips) 
Seat 5: alomolheres ($2.08 in chips) 
Seat 6: mooresie28 ($1.61 in chips) 
Seat 7: Any Nox ($2.28 in chips) 
Seat 8: sashamel980 ($0.42 in chips) 
Seat 9: SlavikPuha ($4.58 in chips) 
Dorex2007: posts small blind $0.01
alomolheres: posts big blind $0.02
*** HOLE CARDS ***
Dealt to Dorex2007 [8c 3d]
mooresie28: folds 
Any Nox: folds 
sashamel980: folds 
SlavikPuha: folds 
13170877: calls $0.02
MPK-198: folds 
Sysrq03: folds 
Dorex2007: folds 
alomolheres: checks 
*** FLOP *** [9s 2s 6c]
alomolheres: bets $0.10
13170877: folds 
Uncalled bet ($0.10) returned to alomolheres
alomolheres collected $0.05 from pot
alomolheres: doesn't show hand 
*** SUMMARY ***
Total pot $0.05 | Rake $0 
Board [9s 2s 6c]
Seat 1: 13170877 folded on the Flop
Seat 2: MPK-198 folded before Flop (didn't bet)
Seat 3: Sysrq03 (button) folded before Flop (didn't bet)
Seat 4: Dorex2007 (small blind) folded before Flop
Seat 5: alomolheres (big blind) collected ($0.05)
Seat 6: mooresie28 folded before Flop (didn't bet)
Seat 7: Any Nox folded before Flop (didn't bet)
Seat 8: sashamel980 folded before Flop (didn't bet)
Seat 9: SlavikPuha folded before Flop (didn't bet)



PokerStars Hand #232651948844:  Hold'em No Limit ($0.01/$0.02 USD) - 2021/12/29 22:53:46 PT [2021/12/30 1:53:46 ET]
Table 'Elfriede IV' 9-max Seat #4 is the button
Seat 1: 13170877 ($1.16 in chips) 
Seat 2: MPK-198 ($1.62 in chips) 
Seat 3: Sysrq03 ($2.05 in chips) 
Seat 4: Dorex2007 ($3.89 in chips) 
Seat 5: alomolheres ($2.11 in chips) 
Seat 6: mooresie28 ($1.61 in chips) 
Seat 7: Any Nox ($2.28 in chips) 
Seat 8: sashamel980 ($0.42 in chips) 
Seat 9: SlavikPuha ($4.58 in chips) 
alomolheres: posts small blind $0.01
mooresie28: posts big blind $0.02
*** HOLE CARDS ***
Dealt to Dorex2007 [9c 6h]
Any Nox: folds 
sashamel980: folds 
SlavikPuha: folds 
13170877: calls $0.02
MPK-198: folds 
Sysrq03: folds 
Dorex2007: folds 
alomolheres: calls $0.01
mooresie28: checks 
*** FLOP *** [2h 6d 3h]
alomolheres: checks 
mooresie28: checks 
13170877: checks 
*** TURN *** [2h 6d 3h] [8c]
alomolheres: checks 
mooresie28: bets $0.06
13170877: calls $0.06
alomolheres: folds 
*** RIVER *** [2h 6d 3h 8c] [6c]
mooresie28: bets $0.08
13170877: folds 
Uncalled bet ($0.08) returned to mooresie28
mooresie28 collected $0.17 from pot
mooresie28: doesn't show hand 
*** SUMMARY ***
Total pot $0.18 | Rake $0.01 
Board [2h 6d 3h 8c 6c]
Seat 1: 13170877 folded on the River
Seat 2: MPK-198 folded before Flop (didn't bet)
Seat 3: Sysrq03 folded before Flop (didn't bet)
Seat 4: Dorex2007 (button) folded before Flop (didn't bet)
Seat 5: alomolheres (small blind) folded on the Turn
Seat 6: mooresie28 (big blind) collected ($0.17)
Seat 7: Any Nox folded before Flop (didn't bet)
Seat 8: sashamel980 folded before Flop (didn't bet)
Seat 9: SlavikPuha folded before Flop (didn't bet)



PokerStars Hand #232651956902:  Hold'em No Limit ($0.01/$0.02 USD) - 2021/12/29 22:54:43 PT [2021/12/30 1:54:43 ET]
Table 'Elfriede IV' 9-max Seat #5 is the button
Seat 1: 13170877 ($1.08 in chips) 
Seat 2: MPK-198 ($1.62 in chips) 
Seat 3: Sysrq03 ($2.05 in chips) 
Seat 4: Dorex2007 ($3.89 in chips) 
Seat 5: alomolheres ($2.09 in chips) 
Seat 6: mooresie28 ($1.70 in chips) 
Seat 7: Any Nox ($2.28 in chips) 
Seat 8: sashamel980 ($0.42 in chips) 
Seat 9: SlavikPuha ($4.58 in chips) 
mooresie28: posts small blind $0.01
Any Nox: posts big blind $0.02
*** HOLE CARDS ***
Dealt to Dorex2007 [Qd 3c]
sashamel980: folds 
SlavikPuha: folds 
13170877: calls $0.02
MPK-198: folds 
Sysrq03: folds 
Dorex2007: folds 
alomolheres: folds 
mooresie28: folds 
Any Nox: checks 
*** FLOP *** [5h 9s Ks]
Any Nox: checks 
13170877: checks 
*** TURN *** [5h 9s Ks] [Tc]
Any Nox: checks 
13170877: checks 
*** RIVER *** [5h 9s Ks Tc] [Qs]
Any Nox: checks 
13170877: checks 
*** SHOW DOWN ***
Any Nox: shows [7c 7d] (a pair of Sevens)
13170877: shows [Jd 5d] (a straight, Nine to King)
13170877 collected $0.05 from pot
*** SUMMARY ***
Total pot $0.05 | Rake $0 
Board [5h 9s Ks Tc Qs]
Seat 1: 13170877 showed [Jd 5d] and won ($0.05) with a straight, Nine to King
Seat 2: MPK-198 folded before Flop (didn't bet)
Seat 3: Sysrq03 folded before Flop (didn't bet)
Seat 4: Dorex2007 folded before Flop (didn't bet)
Seat 5: alomolheres (button) folded before Flop (didn't bet)
Seat 6: mooresie28 (small blind) folded before Flop
Seat 7: Any Nox (big blind) showed [7c 7d] and lost with a pair of Sevens
Seat 8: sashamel980 folded before Flop (didn't bet)
Seat 9: SlavikPuha folded before Flop (didn't bet)



PokerStars Hand #232651961378:  Hold'em No Limit ($0.01/$0.02 USD) - 2021/12/29 22:55:16 PT [2021/12/30 1:55:16 ET]
Table 'Elfriede IV' 9-max Seat #6 is the button
Seat 1: 13170877 ($1.11 in chips) 
Seat 2: MPK-198 ($1.62 in chips) 
Seat 3: Sysrq03 ($2.05 in chips) 
Seat 4: Dorex2007 ($3.89 in chips) 
Seat 5: alomolheres ($2.09 in chips) 
Seat 6: mooresie28 ($1.69 in chips) 
Seat 7: Any Nox ($2.26 in chips) 
Seat 8: sashamel980 ($0.42 in chips) 
Seat 9: SlavikPuha ($4.58 in chips) 
Any Nox: posts small blind $0.01
sashamel980: posts big blind $0.02
*** HOLE CARDS ***
Dealt to Dorex2007 [Ah 4c]
SlavikPuha: folds 
13170877: calls $0.02
MPK-198: folds 
Sysrq03: folds 
Dorex2007: folds 
alomolheres: folds 
mooresie28: folds 
Any Nox: raises $0.06 to $0.08
sashamel980: folds 
13170877: calls $0.06
*** FLOP *** [7d Ad 8c]
Any Nox: bets $0.11
13170877: calls $0.11
*** TURN *** [7d Ad 8c] [3c]
Any Nox: bets $0.26
13170877: calls $0.26
*** RIVER *** [7d Ad 8c 3c] [Ac]
Any Nox: bets $0.67
13170877: folds 
Uncalled bet ($0.67) returned to Any Nox
Any Nox collected $0.89 from pot
Any Nox: doesn't show hand 
*** SUMMARY ***
Total pot $0.92 | Rake $0.03 
Board [7d Ad 8c 3c Ac]
Seat 1: 13170877 folded on the River
Seat 2: MPK-198 folded before Flop (didn't bet)
Seat 3: Sysrq03 folded before Flop (didn't bet)
Seat 4: Dorex2007 folded before Flop (didn't bet)
Seat 5: alomolheres folded before Flop (didn't bet)
Seat 6: mooresie28 (button) folded before Flop (didn't bet)
Seat 7: Any Nox (small blind) collected ($0.89)
Seat 8: sashamel980 (big blind) folded before Flop
Seat 9: SlavikPuha folded before Flop (didn't bet)



PokerStars Hand #232651965245:  Hold'em No Limit ($0.01/$0.02 USD) - 2021/12/29 22:55:49 PT [2021/12/30 1:55:49 ET]
Table 'Elfriede IV' 9-max Seat #7 is the button
Seat 1: 13170877 ($0.66 in chips) 
Seat 2: MPK-198 ($1.62 in chips) 
Seat 3: Sysrq03 ($2.05 in chips) 
Seat 4: Dorex2007 ($3.89 in chips) 
Seat 5: alomolheres ($2.09 in chips) 
Seat 6: mooresie28 ($1.69 in chips) 
Seat 7: Any Nox ($2.70 in chips) 
Seat 8: sashamel980 ($0.40 in chips) 
Seat 9: SlavikPuha ($4.58 in chips) 
sashamel980: posts small blind $0.01
SlavikPuha: posts big blind $0.02
*** HOLE CARDS ***
Dealt to Dorex2007 [Th 7d]
13170877: folds 
MPK-198: folds 
Sysrq03: raises $0.04 to $0.06
Dorex2007: folds 
alomolheres: folds 
mooresie28: folds 
Any Nox: folds 
sashamel980: calls $0.05
SlavikPuha: calls $0.04
*** FLOP *** [5d 2s 4h]
sashamel980: checks 
SlavikPuha: checks 
Sysrq03: checks 
*** TURN *** [5d 2s 4h] [2c]
sashamel980: bets $0.02
SlavikPuha: folds 
Sysrq03: calls $0.02
*** RIVER *** [5d 2s 4h 2c] [6c]
sashamel980: bets $0.04
Sysrq03: folds 
Uncalled bet ($0.04) returned to sashamel980
sashamel980 collected $0.21 from pot
*** SUMMARY ***
Total pot $0.22 | Rake $0.01 
Board [5d 2s 4h 2c 6c]
Seat 1: 13170877 folded before Flop (didn't bet)
Seat 2: MPK-198 folded before Flop (didn't bet)
Seat 3: Sysrq03 folded on the River
Seat 4: Dorex2007 folded before Flop (didn't bet)
Seat 5: alomolheres folded before Flop (didn't bet)
Seat 6: mooresie28 folded before Flop (didn't bet)
Seat 7: Any Nox (button) folded before Flop (didn't bet)
Seat 8: sashamel980 (small blind) collected ($0.21)
Seat 9: SlavikPuha (big blind) folded on the Turn



PokerStars Hand #232651970174:  Hold'em No Limit ($0.01/$0.02 USD) - 2021/12/29 22:56:29 PT [2021/12/30 1:56:29 ET]
Table 'Elfriede IV' 9-max Seat #8 is the button
Seat 1: 13170877 ($0.66 in chips) 
Seat 2: MPK-198 ($1.62 in chips) 
Seat 3: Sysrq03 ($2 in chips) 
Seat 4: Dorex2007 ($3.89 in chips) 
Seat 5: alomolheres ($2.09 in chips) 
Seat 6: mooresie28 ($1.69 in chips) 
Seat 7: Any Nox ($2.70 in chips) 
Seat 8: sashamel980 ($0.53 in chips) 
Seat 9: SlavikPuha ($4.52 in chips) 
SlavikPuha: posts small blind $0.01
13170877: posts big blind $0.02
*** HOLE CARDS ***
Dealt to Dorex2007 [8s 2s]
MPK-198: folds 
Sysrq03: folds 
Dorex2007: folds 
alomolheres: folds 
mooresie28: folds 
Any Nox: folds 
sashamel980: folds 
SlavikPuha: folds 
Uncalled bet ($0.01) returned to 13170877
13170877 collected $0.02 from pot
13170877: doesn't show hand 
*** SUMMARY ***
Total pot $0.02 | Rake $0 
Seat 1: 13170877 (big blind) collected ($0.02)
Seat 2: MPK-198 folded before Flop (didn't bet)
Seat 3: Sysrq03 folded before Flop (didn't bet)
Seat 4: Dorex2007 folded before Flop (didn't bet)
Seat 5: alomolheres folded before Flop (didn't bet)
Seat 6: mooresie28 folded before Flop (didn't bet)
Seat 7: Any Nox folded before Flop (didn't bet)
Seat 8: sashamel980 (button) folded before Flop (didn't bet)
Seat 9: SlavikPuha (small blind) folded before Flop



PokerStars Hand #232651971869:  Hold'em No Limit ($0.01/$0.02 USD) - 2021/12/29 22:56:42 PT [2021/12/30 1:56:42 ET]
Table 'Elfriede IV' 9-max Seat #9 is the button
Seat 1: 13170877 ($0.67 in chips) 
Seat 2: MPK-198 ($1.62 in chips) 
Seat 3: Sysrq03 ($2 in chips) 
Seat 4: Dorex2007 ($3.89 in chips) 
Seat 5: alomolheres ($2.09 in chips) 
Seat 6: mooresie28 ($1.69 in chips) 
Seat 7: Any Nox ($2.70 in chips) 
Seat 8: sashamel980 ($0.53 in chips) 
Seat 9: SlavikPuha ($4.51 in chips) 
13170877: posts small blind $0.01
MPK-198: posts big blind $0.02
*** HOLE CARDS ***
Dealt to Dorex2007 [Ah Ad]
Sysrq03: folds 
Dorex2007: calls $0.02
alomolheres: folds 
mooresie28: calls $0.02
Any Nox: folds 
sashamel980: raises $0.51 to $0.53 and is all-in
SlavikPuha: folds 
13170877: folds 
MPK-198: folds 
Dorex2007: calls $0.51
mooresie28: folds 
*** FLOP *** [8d 9s 3h]
*** TURN *** [8d 9s 3h] [6h]
*** RIVER *** [8d 9s 3h 6h] [5c]
*** SHOW DOWN ***
Dorex2007: shows [Ah Ad] (a pair of Aces)
sashamel980: shows [Ac Ks] (high card Ace)
Dorex2007 cashed out the hand for $0.99 | Cash Out Fee $0.01
*** SUMMARY ***
Total pot $1.11 | Rake $0.04 
Board [8d 9s 3h 6h 5c]
Seat 1: 13170877 (small blind) folded before Flop
Seat 2: MPK-198 (big blind) folded before Flop
Seat 3: Sysrq03 folded before Flop (didn't bet)
Seat 4: Dorex2007 showed [Ah Ad] and won ($1.07) with a pair of Aces (pot not awarded as player cashed out)
Seat 5: alomolheres folded before Flop (didn't bet)
Seat 6: mooresie28 folded before Flop
Seat 7: Any Nox folded before Flop (didn't bet)
Seat 8: sashamel980 showed [Ac Ks] and lost with high card Ace
Seat 9: SlavikPuha (button) folded before Flop (didn't bet)



PokerStars Hand #232651976770:  Hold'em No Limit ($0.01/$0.02 USD) - 2021/12/29 22:57:22 PT [2021/12/30 1:57:22 ET]
Table 'Elfriede IV' 9-max Seat #1 is the button
Seat 1: 13170877 ($0.66 in chips) 
Seat 2: MPK-198 ($1.60 in chips) 
Seat 3: Sysrq03 ($2 in chips) 
Seat 4: Dorex2007 ($4.35 in chips) 
Seat 5: alomolheres ($2.09 in chips) 
Seat 6: mooresie28 ($1.67 in chips) 
Seat 7: Any Nox ($2.70 in chips) 
Seat 8: sashamel980 ($0.81 in chips) 
Seat 9: SlavikPuha ($4.51 in chips) 
MPK-198: posts small blind $0.01
Sysrq03: posts big blind $0.02
*** HOLE CARDS ***
Dealt to Dorex2007 [Tc 9s]
Dorex2007: folds 
alomolheres: folds 
mooresie28: folds 
Any Nox: folds 
sashamel980: folds 
SlavikPuha: raises $0.04 to $0.06
13170877: folds 
MPK-198: raises $0.10 to $0.16
Sysrq03: raises $0.26 to $0.42
SlavikPuha: folds 
MPK-198: raises $1.18 to $1.60 and is all-in
Sysrq03: calls $1.18
*** FLOP *** [6h Js Qs]
*** TURN *** [6h Js Qs] [3d]
*** RIVER *** [6h Js Qs 3d] [5s]
*** SHOW DOWN ***
MPK-198: shows [As Ad] (a pair of Aces)
Sysrq03: shows [Kh Kd] (a pair of Kings)
MPK-198 collected $3.15 from pot
*** SUMMARY ***
Total pot $3.26 | Rake $0.11 
Board [6h Js Qs 3d 5s]
Seat 1: 13170877 (button) folded before Flop (didn't bet)
Seat 2: MPK-198 (small blind) showed [As Ad] and won ($3.15) with a pair of Aces
Seat 3: Sysrq03 (big blind) showed [Kh Kd] and lost with a pair of Kings
Seat 4: Dorex2007 folded before Flop (didn't bet)
Seat 5: alomolheres folded before Flop (didn't bet)
Seat 6: mooresie28 folded before Flop (didn't bet)
Seat 7: Any Nox folded before Flop (didn't bet)
Seat 8: sashamel980 folded before Flop (didn't bet)
Seat 9: SlavikPuha folded before Flop



PokerStars Hand #232651983467:  Hold'em No Limit ($0.01/$0.02 USD) - 2021/12/29 22:58:17 PT [2021/12/30 1:58:17 ET]
Table 'Elfriede IV' 9-max Seat #2 is the button
Seat 1: 13170877 ($0.66 in chips) 
Seat 2: MPK-198 ($3.15 in chips) 
Seat 3: Sysrq03 ($2 in chips) 
Seat 4: Dorex2007 ($4.35 in chips) 
Seat 5: alomolheres ($2.09 in chips) 
Seat 6: mooresie28 ($1.67 in chips) 
Seat 7: Any Nox ($2.70 in chips) 
Seat 8: sashamel980 ($0.81 in chips) 
Seat 9: SlavikPuha ($4.45 in chips) 
Sysrq03: posts small blind $0.01
Dorex2007: posts big blind $0.02
*** HOLE CARDS ***
Dealt to Dorex2007 [2c Qh]
alomolheres: folds 
mooresie28: folds 
Any Nox: folds 
sashamel980: folds 
SlavikPuha: raises $0.04 to $0.06
13170877: folds 
MPK-198: folds 
Sysrq03: folds 
Dorex2007: folds 
Uncalled bet ($0.04) returned to SlavikPuha
SlavikPuha collected $0.05 from pot
SlavikPuha: doesn't show hand 
*** SUMMARY ***
Total pot $0.05 | Rake $0 
Seat 1: 13170877 folded before Flop (didn't bet)
Seat 2: MPK-198 (button) folded before Flop (didn't bet)
Seat 3: Sysrq03 (small blind) folded before Flop
Seat 4: Dorex2007 (big blind) folded before Flop
Seat 5: alomolheres folded before Flop (didn't bet)
Seat 6: mooresie28 folded before Flop (didn't bet)
Seat 7: Any Nox folded before Flop (didn't bet)
Seat 8: sashamel980 folded before Flop (didn't bet)
Seat 9: SlavikPuha collected ($0.05)



PokerStars Hand #232651986036:  Hold'em No Limit ($0.01/$0.02 USD) - 2021/12/29 22:58:38 PT [2021/12/30 1:58:38 ET]
Table 'Elfriede IV' 9-max Seat #3 is the button
Seat 1: 13170877 ($0.66 in chips) 
Seat 2: MPK-198 ($3.15 in chips) 
Seat 3: Sysrq03 ($2 in chips) 
Seat 4: Dorex2007 ($4.33 in chips) 
Seat 5: alomolheres ($2.09 in chips) 
Seat 6: mooresie28 ($1.67 in chips) 
Seat 7: Any Nox ($2.70 in chips) 
Seat 8: sashamel980 ($0.81 in chips) 
Seat 9: SlavikPuha ($4.48 in chips) 
Dorex2007: posts small blind $0.01
alomolheres: posts big blind $0.02
*** HOLE CARDS ***
Dealt to Dorex2007 [5h 9h]
mooresie28: folds 
Any Nox: folds 
sashamel980: folds 
SlavikPuha: raises $0.04 to $0.06
13170877: calls $0.06
MPK-198: folds 
Sysrq03: folds 
Dorex2007: folds 
alomolheres: calls $0.04
*** FLOP *** [4c Ah 8s]
alomolheres: checks 
SlavikPuha: bets $0.12
13170877: calls $0.12
alomolheres: folds 
*** TURN *** [4c Ah 8s] [4s]
SlavikPuha: bets $0.48
13170877: folds 
Uncalled bet ($0.48) returned to SlavikPuha
SlavikPuha collected $0.41 from pot
SlavikPuha: doesn't show hand 
*** SUMMARY ***
Total pot $0.43 | Rake $0.02 
Board [4c Ah 8s 4s]
Seat 1: 13170877 folded on the Turn
Seat 2: MPK-198 folded before Flop (didn't bet)
Seat 3: Sysrq03 (button) folded before Flop (didn't bet)
Seat 4: Dorex2007 (small blind) folded before Flop
Seat 5: alomolheres (big blind) folded on the Flop
Seat 6: mooresie28 folded before Flop (didn't bet)
Seat 7: Any Nox folded before Flop (didn't bet)
Seat 8: sashamel980 folded before Flop (didn't bet)
Seat 9: SlavikPuha collected ($0.41)



PokerStars Hand #232651992268:  Hold'em No Limit ($0.01/$0.02 USD) - 2021/12/29 22:59:29 PT [2021/12/30 1:59:29 ET]
Table 'Elfriede IV' 9-max Seat #4 is the button
Seat 1: 13170877 ($0.48 in chips) 
Seat 2: MPK-198 ($3.15 in chips) 
Seat 3: Sysrq03 ($2 in chips) 
Seat 4: Dorex2007 ($4.32 in chips) 
Seat 5: alomolheres ($2.03 in chips) 
Seat 6: mooresie28 ($1.67 in chips) 
Seat 7: Any Nox ($2.70 in chips) 
Seat 8: sashamel980 ($0.81 in chips) 
Seat 9: SlavikPuha ($4.71 in chips) 
alomolheres: posts small blind $0.01
mooresie28: posts big blind $0.02
*** HOLE CARDS ***
Dealt to Dorex2007 [Qs 3d]
Any Nox: folds 
sashamel980: folds 
SlavikPuha: folds 
13170877: calls $0.02
MPK-198: folds 
Sysrq03: folds 
Dorex2007: folds 
alomolheres: calls $0.01
mooresie28: checks 
*** FLOP *** [9h 8c Ts]
alomolheres: bets $0.10
mooresie28: folds 
13170877: calls $0.10
*** TURN *** [9h 8c Ts] [5c]
alomolheres: bets $0.10
13170877: calls $0.10
*** RIVER *** [9h 8c Ts 5c] [7h]
alomolheres: checks 
13170877: checks 
*** SHOW DOWN ***
alomolheres: shows [Ah 9d] (a pair of Nines)
13170877: shows [7c Tc] (two pair, Tens and Sevens)
13170877 collected $0.44 from pot
*** SUMMARY ***
Total pot $0.46 | Rake $0.02 
Board [9h 8c Ts 5c 7h]
Seat 1: 13170877 showed [7c Tc] and won ($0.44) with two pair, Tens and Sevens
Seat 2: MPK-198 folded before Flop (didn't bet)
Seat 3: Sysrq03 folded before Flop (didn't bet)
Seat 4: Dorex2007 (button) folded before Flop (didn't bet)
Seat 5: alomolheres (small blind) showed [Ah 9d] and lost with a pair of Nines
Seat 6: mooresie28 (big blind) folded on the Flop
Seat 7: Any Nox folded before Flop (didn't bet)
Seat 8: sashamel980 folded before Flop (didn't bet)
Seat 9: SlavikPuha folded before Flop (didn't bet)



PokerStars Hand #232651998662:  Hold'em No Limit ($0.01/$0.02 USD) - 2021/12/29 23:00:20 PT [2021/12/30 2:00:20 ET]
Table 'Elfriede IV' 9-max Seat #5 is the button
Seat 1: 13170877 ($0.70 in chips) 
Seat 2: MPK-198 ($3.15 in chips) 
Seat 3: Sysrq03 ($2 in chips) 
Seat 4: Dorex2007 ($4.32 in chips) 
Seat 5: alomolheres ($1.81 in chips) 
Seat 6: mooresie28 ($1.65 in chips) 
Seat 7: Any Nox ($2.70 in chips) 
Seat 8: sashamel980 ($0.81 in chips) 
Seat 9: SlavikPuha ($4.71 in chips) 
mooresie28: posts small blind $0.01
Any Nox: posts big blind $0.02
*** HOLE CARDS ***
Dealt to Dorex2007 [8c Qh]
sashamel980: folds 
sashamel980 leaves the table
SlavikPuha: folds 
13170877: calls $0.02
MPK-198: folds 
Sysrq03: folds 
Dorex2007: folds 
alomolheres: folds 
alomolheres leaves the table
mooresie28: folds 
Any Nox: checks 
*** FLOP *** [Kc Ks 5s]
Any Nox: checks 
EnormPengar joins the table at seat #5 
13170877: checks 
*** TURN *** [Kc Ks 5s] [3c]
Any Nox: bets $0.03
13170877: calls $0.03
*** RIVER *** [Kc Ks 5s 3c] [3s]
Any Nox: checks 
13170877: checks 
*** SHOW DOWN ***
Any Nox: shows [9c 9d] (two pair, Kings and Nines)
13170877: mucks hand 
Any Nox collected $0.11 from pot
*** SUMMARY ***
Total pot $0.11 | Rake $0 
Board [Kc Ks 5s 3c 3s]
Seat 1: 13170877 mucked [5c Ac]
Seat 2: MPK-198 folded before Flop (didn't bet)
Seat 3: Sysrq03 folded before Flop (didn't bet)
Seat 4: Dorex2007 folded before Flop (didn't bet)
Seat 5: alomolheres (button) folded before Flop (didn't bet)
Seat 6: mooresie28 (small blind) folded before Flop
Seat 7: Any Nox (big blind) showed [9c 9d] and won ($0.11) with two pair, Kings and Nines
Seat 8: sashamel980 folded before Flop (didn't bet)
Seat 9: SlavikPuha folded before Flop (didn't bet)



PokerStars Hand #232652002714:  Hold'em No Limit ($0.01/$0.02 USD) - 2021/12/29 23:00:49 PT [2021/12/30 2:00:49 ET]
Table 'Elfriede IV' 9-max Seat #6 is the button
Seat 1: 13170877 ($0.65 in chips) 
Seat 2: MPK-198 ($3.15 in chips) 
Seat 3: Sysrq03 ($2 in chips) 
Seat 4: Dorex2007 ($4.32 in chips) 
Seat 6: mooresie28 ($1.64 in chips) 
Seat 7: Any Nox ($2.76 in chips) 
Seat 9: SlavikPuha ($4.71 in chips) 
Any Nox: posts small blind $0.01
SlavikPuha: posts big blind $0.02
EnormPengar: sits out 
*** HOLE CARDS ***
Dealt to Dorex2007 [Jh 8h]
13170877: folds 
MPK-198: folds 
goldlamboo joins the table at seat #8 
Sysrq03: folds 
Dorex2007: folds 
mooresie28: folds 
Any Nox: folds 
Uncalled bet ($0.01) returned to SlavikPuha
SlavikPuha collected $0.02 from pot
SlavikPuha: doesn't show hand 
*** SUMMARY ***
Total pot $0.02 | Rake $0 
Seat 1: 13170877 folded before Flop (didn't bet)
Seat 2: MPK-198 folded before Flop (didn't bet)
Seat 3: Sysrq03 folded before Flop (didn't bet)
Seat 4: Dorex2007 folded before Flop (didn't bet)
Seat 6: mooresie28 (button) folded before Flop (didn't bet)
Seat 7: Any Nox (small blind) folded before Flop
Seat 9: SlavikPuha (big blind) collected ($0.02)



PokerStars Hand #232652004087:  Hold'em No Limit ($0.01/$0.02 USD) - 2021/12/29 23:00:59 PT [2021/12/30 2:00:59 ET]
Table 'Elfriede IV' 9-max Seat #7 is the button
Seat 1: 13170877 ($0.65 in chips) 
Seat 2: MPK-198 ($3.15 in chips) 
Seat 3: Sysrq03 ($2 in chips) 
Seat 4: Dorex2007 ($4.32 in chips) 
Seat 6: mooresie28 ($1.64 in chips) 
Seat 7: Any Nox ($2.75 in chips) 
Seat 9: SlavikPuha ($4.72 in chips) 
SlavikPuha: posts small blind $0.01
13170877: posts big blind $0.02
EnormPengar: sits out 
*** HOLE CARDS ***
Dealt to Dorex2007 [5h 8s]
MPK-198: folds 
Sysrq03: folds 
Dorex2007: folds 
mooresie28: folds 
Any Nox: folds 
SlavikPuha: folds 
Uncalled bet ($0.01) returned to 13170877
13170877 collected $0.02 from pot
13170877: doesn't show hand 
*** SUMMARY ***
Total pot $0.02 | Rake $0 
Seat 1: 13170877 (big blind) collected ($0.02)
Seat 2: MPK-198 folded before Flop (didn't bet)
Seat 3: Sysrq03 folded before Flop (didn't bet)
Seat 4: Dorex2007 folded before Flop (didn't bet)
Seat 6: mooresie28 folded before Flop (didn't bet)
Seat 7: Any Nox (button) folded before Flop (didn't bet)
Seat 9: SlavikPuha (small blind) folded before Flop



PokerStars Hand #232652005800:  Hold'em No Limit ($0.01/$0.02 USD) - 2021/12/29 23:01:11 PT [2021/12/30 2:01:11 ET]
Table 'Elfriede IV' 9-max Seat #9 is the button
Seat 1: 13170877 ($0.66 in chips) 
Seat 2: MPK-198 ($3.15 in chips) 
Seat 3: Sysrq03 ($2 in chips) 
Seat 4: Dorex2007 ($4.32 in chips) 
Seat 6: mooresie28 ($1.64 in chips) 
Seat 7: Any Nox ($2.75 in chips) 
Seat 8: goldlamboo ($2 in chips) 
Seat 9: SlavikPuha ($4.71 in chips) 
13170877: posts small blind $0.01
MPK-198: posts big blind $0.02
EnormPengar: sits out 
goldlamboo: posts big blind $0.02
*** HOLE CARDS ***
Dealt to Dorex2007 [3h Qs]
Sysrq03: folds 
Dorex2007: folds 
mooresie28: folds 
Any Nox: folds 
goldlamboo: checks 
SlavikPuha: raises $0.18 to $0.20
13170877: calls $0.19
MPK-198: folds 
goldlamboo: folds 
*** FLOP *** [6c 2h Ah]
13170877: checks 
SlavikPuha: bets $0.46
13170877: folds 
Uncalled bet ($0.46) returned to SlavikPuha
SlavikPuha collected $0.42 from pot
SlavikPuha: doesn't show hand 
*** SUMMARY ***
Total pot $0.44 | Rake $0.02 
Board [6c 2h Ah]
Seat 1: 13170877 (small blind) folded on the Flop
Seat 2: MPK-198 (big blind) folded before Flop
Seat 3: Sysrq03 folded before Flop (didn't bet)
Seat 4: Dorex2007 folded before Flop (didn't bet)
Seat 6: mooresie28 folded before Flop (didn't bet)
Seat 7: Any Nox folded before Flop (didn't bet)
Seat 8: goldlamboo folded before Flop (didn't bet)
Seat 9: SlavikPuha (button) collected ($0.42)



PokerStars Hand #232652020621:  Hold'em No Limit ($0.01/$0.02 USD) - 2021/12/29 23:01:55 PT [2021/12/30 2:01:55 ET]
Table 'Elfriede IV' 9-max Seat #1 is the button
Seat 1: 13170877 ($0.46 in chips) 
Seat 2: MPK-198 ($3.13 in chips) 
Seat 3: Sysrq03 ($2 in chips) 
Seat 4: Dorex2007 ($4.32 in chips) 
Seat 6: mooresie28 ($1.64 in chips) 
Seat 7: Any Nox ($2.75 in chips) 
Seat 8: goldlamboo ($1.98 in chips) 
Seat 9: SlavikPuha ($4.93 in chips) 
MPK-198: posts small blind $0.01
Sysrq03: posts big blind $0.02
EnormPengar: sits out 
*** HOLE CARDS ***
Dealt to Dorex2007 [2d Qs]
Dorex2007: folds 
mooresie28: folds 
Any Nox: folds 
goldlamboo: folds 
SlavikPuha: folds 
13170877: folds 
MPK-198: folds 
Uncalled bet ($0.01) returned to Sysrq03
Sysrq03 collected $0.02 from pot
*** SUMMARY ***
Total pot $0.02 | Rake $0 
Seat 1: 13170877 (button) folded before Flop (didn't bet)
Seat 2: MPK-198 (small blind) folded before Flop
Seat 3: Sysrq03 (big blind) collected ($0.02)
Seat 4: Dorex2007 folded before Flop (didn't bet)
Seat 6: mooresie28 folded before Flop (didn't bet)
Seat 7: Any Nox folded before Flop (didn't bet)
Seat 8: goldlamboo folded before Flop (didn't bet)
Seat 9: SlavikPuha folded before Flop (didn't bet)



PokerStars Hand #232652022604:  Hold'em No Limit ($0.01/$0.02 USD) - 2021/12/29 23:02:09 PT [2021/12/30 2:02:09 ET]
Table 'Elfriede IV' 9-max Seat #2 is the button
Seat 1: 13170877 ($0.46 in chips) 
Seat 2: MPK-198 ($3.12 in chips) 
Seat 3: Sysrq03 ($2.01 in chips) 
Seat 4: Dorex2007 ($4.32 in chips) 
Seat 6: mooresie28 ($1.64 in chips) 
Seat 7: Any Nox ($2.75 in chips) 
Seat 8: goldlamboo ($1.98 in chips) 
Seat 9: SlavikPuha ($4.93 in chips) 
Sysrq03: posts small blind $0.01
Dorex2007: posts big blind $0.02
EnormPengar: sits out 
*** HOLE CARDS ***
Dealt to Dorex2007 [6c As]
mooresie28: raises $0.02 to $0.04
Any Nox: folds 
goldlamboo: calls $0.04
SlavikPuha: calls $0.04
13170877: folds 
MPK-198: folds 
Sysrq03: folds 
Dorex2007: folds 
*** FLOP *** [5h 7c 2d]
mooresie28: checks 
goldlamboo: checks 
SlavikPuha: checks 
*** TURN *** [5h 7c 2d] [3h]
mooresie28: checks 
goldlamboo: checks 
SlavikPuha: checks 
*** RIVER *** [5h 7c 2d 3h] [9c]
mooresie28: checks 
goldlamboo: checks 
SlavikPuha: checks 
*** SHOW DOWN ***
mooresie28: shows [Kd Td] (high card King)
goldlamboo: mucks hand 
SlavikPuha: shows [Ks Qc] (high card King - Queen kicker)
SlavikPuha collected $0.14 from pot
*** SUMMARY ***
Total pot $0.15 | Rake $0.01 
Board [5h 7c 2d 3h 9c]
Seat 1: 13170877 folded before Flop (didn't bet)
Seat 2: MPK-198 (button) folded before Flop (didn't bet)
Seat 3: Sysrq03 (small blind) folded before Flop
Seat 4: Dorex2007 (big blind) folded before Flop
Seat 6: mooresie28 showed [Kd Td] and lost with high card King
Seat 7: Any Nox folded before Flop (didn't bet)
Seat 8: goldlamboo mucked [Kh 4h]
Seat 9: SlavikPuha showed [Ks Qc] and won ($0.14) with high card King



PokerStars Hand #232652029055:  Hold'em No Limit ($0.01/$0.02 USD) - 2021/12/29 23:02:55 PT [2021/12/30 2:02:55 ET]
Table 'Elfriede IV' 9-max Seat #3 is the button
Seat 1: 13170877 ($0.46 in chips) 
Seat 2: MPK-198 ($3.12 in chips) 
Seat 3: Sysrq03 ($2 in chips) 
Seat 4: Dorex2007 ($4.30 in chips) 
Seat 5: EnormPengar ($2 in chips) 
Seat 6: mooresie28 ($1.60 in chips) 
Seat 7: Any Nox ($2.75 in chips) 
Seat 8: goldlamboo ($1.94 in chips) 
Seat 9: SlavikPuha ($5.03 in chips) 
Dorex2007: posts small blind $0.01
EnormPengar: posts big blind $0.02
*** HOLE CARDS ***
Dealt to Dorex2007 [2h 5s]
mooresie28: folds 
Any Nox: folds 
goldlamboo: folds 
SlavikPuha: folds 
13170877: folds 
MPK-198: folds 
Sysrq03: folds 
Dorex2007: folds 
Uncalled bet ($0.01) returned to EnormPengar
EnormPengar collected $0.02 from pot
EnormPengar: doesn't show hand 
*** SUMMARY ***
Total pot $0.02 | Rake $0 
Seat 1: 13170877 folded before Flop (didn't bet)
Seat 2: MPK-198 folded before Flop (didn't bet)
Seat 3: Sysrq03 (button) folded before Flop (didn't bet)
Seat 4: Dorex2007 (small blind) folded before Flop
Seat 5: EnormPengar (big blind) collected ($0.02)
Seat 6: mooresie28 folded before Flop (didn't bet)
Seat 7: Any Nox folded before Flop (didn't bet)
Seat 8: goldlamboo folded before Flop (didn't bet)
Seat 9: SlavikPuha folded before Flop (didn't bet)



PokerStars Hand #232652031810:  Hold'em No Limit ($0.01/$0.02 USD) - 2021/12/29 23:03:14 PT [2021/12/30 2:03:14 ET]
Table 'Elfriede IV' 9-max Seat #4 is the button
Seat 1: 13170877 ($0.46 in chips) 
Seat 2: MPK-198 ($3.12 in chips) 
Seat 3: Sysrq03 ($2 in chips) 
Seat 4: Dorex2007 ($4.29 in chips) 
Seat 5: EnormPengar ($2.01 in chips) 
Seat 6: mooresie28 ($1.60 in chips) 
Seat 7: Any Nox ($2.75 in chips) 
Seat 8: goldlamboo ($1.94 in chips) 
Seat 9: SlavikPuha ($5.03 in chips) 
EnormPengar: posts small blind $0.01
mooresie28: posts big blind $0.02
*** HOLE CARDS ***
Dealt to Dorex2007 [3c 6s]
Any Nox: folds 
goldlamboo: folds 
SlavikPuha: folds 
13170877: folds 
MPK-198: folds 
Sysrq03: folds 
Dorex2007: folds 
EnormPengar has timed out
EnormPengar: folds 
Uncalled bet ($0.01) returned to mooresie28
mooresie28 collected $0.02 from pot
mooresie28: doesn't show hand 
*** SUMMARY ***
Total pot $0.02 | Rake $0 
Seat 1: 13170877 folded before Flop (didn't bet)
Seat 2: MPK-198 folded before Flop (didn't bet)
Seat 3: Sysrq03 folded before Flop (didn't bet)
Seat 4: Dorex2007 (button) folded before Flop (didn't bet)
Seat 5: EnormPengar (small blind) folded before Flop
Seat 6: mooresie28 (big blind) collected ($0.02)
Seat 7: Any Nox folded before Flop (didn't bet)
Seat 8: goldlamboo folded before Flop (didn't bet)
Seat 9: SlavikPuha folded before Flop (didn't bet)



PokerStars Hand #232652037176:  Hold'em No Limit ($0.01/$0.02 USD) - 2021/12/29 23:03:51 PT [2021/12/30 2:03:51 ET]
Table 'Elfriede IV' 9-max Seat #6 is the button
Seat 1: 13170877 ($0.46 in chips) 
Seat 2: MPK-198 ($3.12 in chips) 
Seat 3: Sysrq03 ($2 in chips) 
Seat 4: Dorex2007 ($4.29 in chips) 
Seat 6: mooresie28 ($1.61 in chips) 
Seat 7: Any Nox ($2.75 in chips) 
Seat 8: goldlamboo ($1.94 in chips) 
Seat 9: SlavikPuha ($5.03 in chips) 
Any Nox: posts small blind $0.01
goldlamboo: posts big blind $0.02
*** HOLE CARDS ***
Dealt to Dorex2007 [4d As]
SlavikPuha: folds 
13170877: folds 
MPK-198: folds 
Sysrq03: folds 
Dorex2007: folds 
mooresie28: folds 
Any Nox: raises $0.04 to $0.06
goldlamboo: folds 
Uncalled bet ($0.04) returned to Any Nox
Any Nox collected $0.04 from pot
Any Nox: doesn't show hand 
*** SUMMARY ***
Total pot $0.04 | Rake $0 
Seat 1: 13170877 folded before Flop (didn't bet)
Seat 2: MPK-198 folded before Flop (didn't bet)
Seat 3: Sysrq03 folded before Flop (didn't bet)
Seat 4: Dorex2007 folded before Flop (didn't bet)
Seat 6: mooresie28 (button) folded before Flop (didn't bet)
Seat 7: Any Nox (small blind) collected ($0.04)
Seat 8: goldlamboo (big blind) folded before Flop
Seat 9: SlavikPuha folded before Flop (didn't bet)



PokerStars Hand #232652040031:  Hold'em No Limit ($0.01/$0.02 USD) - 2021/12/29 23:04:10 PT [2021/12/30 2:04:10 ET]
Table 'Elfriede IV' 9-max Seat #7 is the button
Seat 1: 13170877 ($0.46 in chips) 
Seat 2: MPK-198 ($3.12 in chips) 
Seat 3: Sysrq03 ($2 in chips) 
Seat 4: Dorex2007 ($4.29 in chips) 
Seat 5: EnormPengar ($2 in chips) 
Seat 6: mooresie28 ($1.61 in chips) 
Seat 7: Any Nox ($2.77 in chips) 
Seat 8: goldlamboo ($1.92 in chips) 
Seat 9: SlavikPuha ($5.03 in chips) 
goldlamboo: posts small blind $0.01
SlavikPuha: posts big blind $0.02
*** HOLE CARDS ***
Dealt to Dorex2007 [3d 8c]
13170877: folds 
MPK-198: folds 
Sysrq03: raises $0.04 to $0.06
Dorex2007: folds 
EnormPengar: raises $0.06 to $0.12
mooresie28: folds 
Any Nox: folds 
goldlamboo: folds 
SlavikPuha: folds 
Sysrq03: calls $0.06
*** FLOP *** [9h 6d Jh]
Sysrq03: checks 
EnormPengar: bets $0.08
Sysrq03: folds 
Uncalled bet ($0.08) returned to EnormPengar
EnormPengar collected $0.26 from pot
EnormPengar: doesn't show hand 
*** SUMMARY ***
Total pot $0.27 | Rake $0.01 
Board [9h 6d Jh]
Seat 1: 13170877 folded before Flop (didn't bet)
Seat 2: MPK-198 folded before Flop (didn't bet)
Seat 3: Sysrq03 folded on the Flop
Seat 4: Dorex2007 folded before Flop (didn't bet)
Seat 5: EnormPengar collected ($0.26)
Seat 6: mooresie28 folded before Flop (didn't bet)
Seat 7: Any Nox (button) folded before Flop (didn't bet)
Seat 8: goldlamboo (small blind) folded before Flop
Seat 9: SlavikPuha (big blind) folded before Flop



PokerStars Hand #232652048066:  Hold'em No Limit ($0.01/$0.02 USD) - 2021/12/29 23:05:06 PT [2021/12/30 2:05:06 ET]
Table 'Elfriede IV' 9-max Seat #8 is the button
Seat 1: 13170877 ($0.46 in chips) 
Seat 2: MPK-198 ($3.12 in chips) 
Seat 3: Sysrq03 ($2 in chips) 
Seat 4: Dorex2007 ($4.29 in chips) 
Seat 5: EnormPengar ($2.14 in chips) 
Seat 6: mooresie28 ($1.61 in chips) 
Seat 7: Any Nox ($2.77 in chips) 
Seat 8: goldlamboo ($1.91 in chips) 
Seat 9: SlavikPuha ($5.01 in chips) 
SlavikPuha: posts small blind $0.01
13170877: posts big blind $0.02
*** HOLE CARDS ***
Dealt to Dorex2007 [Kh Jh]
MPK-198: folds 
Sysrq03: folds 
Dorex2007: raises $0.04 to $0.06
EnormPengar: folds 
mooresie28: folds 
Any Nox: folds 
goldlamboo: folds 
SlavikPuha: folds 
13170877: folds 
Uncalled bet ($0.04) returned to Dorex2007
Dorex2007 collected $0.05 from pot
Dorex2007: doesn't show hand 
*** SUMMARY ***
Total pot $0.05 | Rake $0 
Seat 1: 13170877 (big blind) folded before Flop
Seat 2: MPK-198 folded before Flop (didn't bet)
Seat 3: Sysrq03 folded before Flop (didn't bet)
Seat 4: Dorex2007 collected ($0.05)
Seat 5: EnormPengar folded before Flop (didn't bet)
Seat 6: mooresie28 folded before Flop (didn't bet)
Seat 7: Any Nox folded before Flop (didn't bet)
Seat 8: goldlamboo (button) folded before Flop (didn't bet)
Seat 9: SlavikPuha (small blind) folded before Flop



