PokerStars Hand #237469547004:  Hold'em No Limit ($0.02/$0.05 USD) - 2022/07/19 21:00:16 PT [2022/07/20 0:00:16 ET]
Table 'Nocturna III' 9-max Seat #3 is the button
Seat 1: JayJayJohnson ($13.79 in chips) 
Seat 2: darkenedhound ($1.02 in chips) 
Seat 3: Luigiams ($5.17 in chips) 
Seat 4: Almanza63 ($7.39 in chips) 
Seat 6: Eighcehole ($5 in chips) 
Seat 7: jesper332 ($3.61 in chips) 
Seat 8: Dorex2007 ($7.97 in chips) 
Seat 9: geniuss ($5.67 in chips) 
Almanza63: posts small blind $0.02
ThiagoKbelo: is sitting out 
Eighcehole: posts big blind $0.05
*** HOLE CARDS ***
Dealt to Dorex2007 [Kc 7s]
jesper332: raises $0.15 to $0.20
Dorex2007: folds 
geniuss: folds 
JayJayJohnson: folds 
darkenedhound: folds 
Luigiams: folds 
Almanza63: calls $0.18
Eighcehole: folds 
*** FLOP *** [2c Qc 6d]
Almanza63: checks 
jesper332: checks 
*** TURN *** [2c Qc 6d] [Qd]
Almanza63: bets $0.21
jesper332: calls $0.21
*** RIVER *** [2c Qc 6d Qd] [9s]
Almanza63: bets $1.55
jesper332: folds 
Uncalled bet ($1.55) returned to Almanza63
Almanza63 collected $0.83 from pot
*** SUMMARY ***
Total pot $0.87 | Rake $0.04 
Board [2c Qc 6d Qd 9s]
Seat 1: JayJayJohnson folded before Flop (didn't bet)
Seat 2: darkenedhound folded before Flop (didn't bet)
Seat 3: Luigiams (button) folded before Flop (didn't bet)
Seat 4: Almanza63 (small blind) collected ($0.83)
Seat 6: Eighcehole (big blind) folded before Flop
Seat 7: jesper332 folded on the River
Seat 8: Dorex2007 folded before Flop (didn't bet)
Seat 9: geniuss folded before Flop (didn't bet)



PokerStars Hand #237469555081:  Hold'em No Limit ($0.02/$0.05 USD) - 2022/07/19 21:01:20 PT [2022/07/20 0:01:20 ET]
Table 'Nocturna III' 9-max Seat #4 is the button
Seat 1: JayJayJohnson ($13.79 in chips) 
Seat 2: darkenedhound ($1.02 in chips) 
Seat 3: Luigiams ($5.17 in chips) 
Seat 4: Almanza63 ($7.81 in chips) 
Seat 6: Eighcehole ($4.95 in chips) 
Seat 7: jesper332 ($3.20 in chips) 
Seat 8: Dorex2007 ($7.97 in chips) 
Seat 9: geniuss ($5.67 in chips) 
Eighcehole: posts small blind $0.02
jesper332: posts big blind $0.05
*** HOLE CARDS ***
Dealt to Dorex2007 [3d 3c]
Dorex2007: calls $0.05
geniuss: folds 
JayJayJohnson: folds 
darkenedhound: folds 
Luigiams: folds 
Almanza63: folds 
Eighcehole: folds 
jesper332: checks 
*** FLOP *** [Kh 7d 6c]
jesper332: checks 
Dorex2007: checks 
*** TURN *** [Kh 7d 6c] [Jh]
jesper332: checks 
Dorex2007: checks 
*** RIVER *** [Kh 7d 6c Jh] [7h]
jesper332: checks 
Dorex2007: checks 
*** SHOW DOWN ***
jesper332: shows [5h Kc] (two pair, Kings and Sevens)
Dorex2007: mucks hand 
jesper332 collected $0.12 from pot
*** SUMMARY ***
Total pot $0.12 | Rake $0 
Board [Kh 7d 6c Jh 7h]
Seat 1: JayJayJohnson folded before Flop (didn't bet)
Seat 2: darkenedhound folded before Flop (didn't bet)
Seat 3: Luigiams folded before Flop (didn't bet)
Seat 4: Almanza63 (button) folded before Flop (didn't bet)
Seat 6: Eighcehole (small blind) folded before Flop
Seat 7: jesper332 (big blind) showed [5h Kc] and won ($0.12) with two pair, Kings and Sevens
Seat 8: Dorex2007 mucked [3d 3c]
Seat 9: geniuss folded before Flop (didn't bet)



PokerStars Hand #237469560340:  Hold'em No Limit ($0.02/$0.05 USD) - 2022/07/19 21:02:00 PT [2022/07/20 0:02:00 ET]
Table 'Nocturna III' 9-max Seat #6 is the button
Seat 1: JayJayJohnson ($13.79 in chips) 
Seat 2: darkenedhound ($1.02 in chips) 
Seat 3: Luigiams ($5.17 in chips) 
Seat 4: Almanza63 ($7.81 in chips) 
Seat 6: Eighcehole ($4.93 in chips) 
Seat 7: jesper332 ($3.27 in chips) 
Seat 8: Dorex2007 ($7.92 in chips) 
Seat 9: geniuss ($5.67 in chips) 
jesper332: posts small blind $0.02
Dorex2007: posts big blind $0.05
*** HOLE CARDS ***
Dealt to Dorex2007 [3s 7h]
geniuss: folds 
JayJayJohnson: folds 
darkenedhound: folds 
Luigiams: folds 
Almanza63: folds 
Eighcehole: raises $0.10 to $0.15
jesper332: folds 
Dorex2007: folds 
Uncalled bet ($0.10) returned to Eighcehole
Eighcehole collected $0.12 from pot
*** SUMMARY ***
Total pot $0.12 | Rake $0 
Seat 1: JayJayJohnson folded before Flop (didn't bet)
Seat 2: darkenedhound folded before Flop (didn't bet)
Seat 3: Luigiams folded before Flop (didn't bet)
Seat 4: Almanza63 folded before Flop (didn't bet)
Seat 6: Eighcehole (button) collected ($0.12)
Seat 7: jesper332 (small blind) folded before Flop
Seat 8: Dorex2007 (big blind) folded before Flop
Seat 9: geniuss folded before Flop (didn't bet)



PokerStars Hand #237469562784:  Hold'em No Limit ($0.02/$0.05 USD) - 2022/07/19 21:02:19 PT [2022/07/20 0:02:19 ET]
Table 'Nocturna III' 9-max Seat #7 is the button
Seat 1: JayJayJohnson ($13.79 in chips) 
Seat 2: darkenedhound ($1.02 in chips) 
Seat 3: Luigiams ($5.17 in chips) 
Seat 4: Almanza63 ($7.81 in chips) 
Seat 6: Eighcehole ($5 in chips) 
Seat 7: jesper332 ($3.25 in chips) 
Seat 8: Dorex2007 ($7.87 in chips) 
Seat 9: geniuss ($5.67 in chips) 
Dorex2007: posts small blind $0.02
geniuss: posts big blind $0.05
*** HOLE CARDS ***
Dealt to Dorex2007 [Jd 9s]
JayJayJohnson: folds 
darkenedhound: calls $0.05
Luigiams: raises $0.05 to $0.10
Almanza63: raises $0.35 to $0.45
Eighcehole: folds 
jesper332: folds 
Dorex2007: folds 
geniuss: folds 
darkenedhound: folds 
Luigiams: folds 
Uncalled bet ($0.35) returned to Almanza63
Almanza63 collected $0.32 from pot
*** SUMMARY ***
Total pot $0.32 | Rake $0 
Seat 1: JayJayJohnson folded before Flop (didn't bet)
Seat 2: darkenedhound folded before Flop
Seat 3: Luigiams folded before Flop
Seat 4: Almanza63 collected ($0.32)
Seat 6: Eighcehole folded before Flop (didn't bet)
Seat 7: jesper332 (button) folded before Flop (didn't bet)
Seat 8: Dorex2007 (small blind) folded before Flop
Seat 9: geniuss (big blind) folded before Flop



PokerStars Hand #237469566142:  Hold'em No Limit ($0.02/$0.05 USD) - 2022/07/19 21:02:45 PT [2022/07/20 0:02:45 ET]
Table 'Nocturna III' 9-max Seat #8 is the button
Seat 1: JayJayJohnson ($13.79 in chips) 
Seat 2: darkenedhound ($0.97 in chips) 
Seat 3: Luigiams ($5.07 in chips) 
Seat 4: Almanza63 ($8.03 in chips) 
Seat 6: Eighcehole ($5 in chips) 
Seat 7: jesper332 ($3.25 in chips) 
Seat 8: Dorex2007 ($7.85 in chips) 
Seat 9: geniuss ($5.62 in chips) 
geniuss: posts small blind $0.02
JayJayJohnson: posts big blind $0.05
*** HOLE CARDS ***
Dealt to Dorex2007 [9s Qh]
darkenedhound: folds 
Luigiams: calls $0.05
Almanza63: folds 
Eighcehole: folds 
jesper332: raises $0.20 to $0.25
Dorex2007: folds 
geniuss: folds 
JayJayJohnson: folds 
Luigiams: folds 
Uncalled bet ($0.20) returned to jesper332
jesper332 collected $0.17 from pot
*** SUMMARY ***
Total pot $0.17 | Rake $0 
Seat 1: JayJayJohnson (big blind) folded before Flop
Seat 2: darkenedhound folded before Flop (didn't bet)
Seat 3: Luigiams folded before Flop
Seat 4: Almanza63 folded before Flop (didn't bet)
Seat 6: Eighcehole folded before Flop (didn't bet)
Seat 7: jesper332 collected ($0.17)
Seat 8: Dorex2007 (button) folded before Flop (didn't bet)
Seat 9: geniuss (small blind) folded before Flop



PokerStars Hand #237469569830:  Hold'em No Limit ($0.02/$0.05 USD) - 2022/07/19 21:03:13 PT [2022/07/20 0:03:13 ET]
Table 'Nocturna III' 9-max Seat #9 is the button
Seat 1: JayJayJohnson ($13.74 in chips) 
Seat 2: darkenedhound ($0.97 in chips) 
Seat 3: Luigiams ($5.02 in chips) 
Seat 4: Almanza63 ($8.03 in chips) 
Seat 6: Eighcehole ($5 in chips) 
Seat 7: jesper332 ($3.37 in chips) 
Seat 8: Dorex2007 ($7.85 in chips) 
Seat 9: geniuss ($5.60 in chips) 
JayJayJohnson: posts small blind $0.02
darkenedhound: posts big blind $0.05
*** HOLE CARDS ***
Dealt to Dorex2007 [Qh Ac]
Luigiams: folds 
Almanza63: folds 
Eighcehole: folds 
jesper332: folds 
Dorex2007: raises $0.10 to $0.15
geniuss: folds 
JayJayJohnson: calls $0.13
darkenedhound: calls $0.10
*** FLOP *** [As 7c 2h]
JayJayJohnson: checks 
darkenedhound: checks 
Dorex2007: bets $0.29
JayJayJohnson: folds 
darkenedhound: folds 
Uncalled bet ($0.29) returned to Dorex2007
Dorex2007 collected $0.43 from pot
*** SUMMARY ***
Total pot $0.45 | Rake $0.02 
Board [As 7c 2h]
Seat 1: JayJayJohnson (small blind) folded on the Flop
Seat 2: darkenedhound (big blind) folded on the Flop
Seat 3: Luigiams folded before Flop (didn't bet)
Seat 4: Almanza63 folded before Flop (didn't bet)
Seat 6: Eighcehole folded before Flop (didn't bet)
Seat 7: jesper332 folded before Flop (didn't bet)
Seat 8: Dorex2007 collected ($0.43)
Seat 9: geniuss (button) folded before Flop (didn't bet)



PokerStars Hand #237469577152:  Hold'em No Limit ($0.02/$0.05 USD) - 2022/07/19 21:04:09 PT [2022/07/20 0:04:09 ET]
Table 'Nocturna III' 9-max Seat #1 is the button
Seat 1: JayJayJohnson ($13.59 in chips) 
Seat 2: darkenedhound ($0.82 in chips) 
Seat 3: Luigiams ($5.02 in chips) 
Seat 4: Almanza63 ($8.03 in chips) 
Seat 6: Eighcehole ($5 in chips) 
Seat 7: jesper332 ($3.37 in chips) 
Seat 8: Dorex2007 ($8.13 in chips) 
Seat 9: geniuss ($5.60 in chips) 
darkenedhound: posts small blind $0.02
Luigiams: posts big blind $0.05
*** HOLE CARDS ***
Dealt to Dorex2007 [Ks 8d]
Almanza63: folds 
Almanza63 leaves the table
Eighcehole: folds 
jesper332: folds 
Dorex2007: folds 
lopesdsa joins the table at seat #4 
geniuss: folds 
JayJayJohnson: folds 
darkenedhound: calls $0.03
Luigiams: checks 
*** FLOP *** [2s Kc 9s]
darkenedhound: checks 
Luigiams: checks 
*** TURN *** [2s Kc 9s] [Ah]
darkenedhound: bets $0.05
Luigiams: folds 
Uncalled bet ($0.05) returned to darkenedhound
darkenedhound collected $0.10 from pot
*** SUMMARY ***
Total pot $0.10 | Rake $0 
Board [2s Kc 9s Ah]
Seat 1: JayJayJohnson (button) folded before Flop (didn't bet)
Seat 2: darkenedhound (small blind) collected ($0.10)
Seat 3: Luigiams (big blind) folded on the Turn
Seat 4: Almanza63 folded before Flop (didn't bet)
Seat 6: Eighcehole folded before Flop (didn't bet)
Seat 7: jesper332 folded before Flop (didn't bet)
Seat 8: Dorex2007 folded before Flop (didn't bet)
Seat 9: geniuss folded before Flop (didn't bet)



PokerStars Hand #237469584895:  Hold'em No Limit ($0.02/$0.05 USD) - 2022/07/19 21:05:08 PT [2022/07/20 0:05:08 ET]
Table 'Nocturna III' 9-max Seat #2 is the button
Seat 1: JayJayJohnson ($13.59 in chips) 
Seat 2: darkenedhound ($0.87 in chips) 
Seat 3: Luigiams ($4.97 in chips) 
Seat 4: lopesdsa ($2 in chips) 
Seat 6: Eighcehole ($5 in chips) 
Seat 7: jesper332 ($3.37 in chips) 
Seat 8: Dorex2007 ($8.13 in chips) 
Seat 9: geniuss ($5.60 in chips) 
Luigiams: posts small blind $0.02
lopesdsa: posts big blind $0.05
*** HOLE CARDS ***
Dealt to Dorex2007 [8c 2c]
Eighcehole: folds 
jesper332: raises $0.05 to $0.10
Dorex2007: folds 
geniuss: folds 
JayJayJohnson: folds 
darkenedhound: folds 
Luigiams: calls $0.08
lopesdsa: calls $0.05
*** FLOP *** [Jh Tc 6s]
Luigiams: checks 
lopesdsa: checks 
jesper332: checks 
*** TURN *** [Jh Tc 6s] [5c]
Luigiams: checks 
lopesdsa: checks 
jesper332: bets $0.14
Luigiams: calls $0.14
lopesdsa: folds 
*** RIVER *** [Jh Tc 6s 5c] [Td]
Luigiams: checks 
jesper332: checks 
*** SHOW DOWN ***
Luigiams: shows [Qc 9d] (a pair of Tens)
jesper332: shows [Ks 3s] (a pair of Tens - King kicker)
jesper332 collected $0.56 from pot
*** SUMMARY ***
Total pot $0.58 | Rake $0.02 
Board [Jh Tc 6s 5c Td]
Seat 1: JayJayJohnson folded before Flop (didn't bet)
Seat 2: darkenedhound (button) folded before Flop (didn't bet)
Seat 3: Luigiams (small blind) showed [Qc 9d] and lost with a pair of Tens
Seat 4: lopesdsa (big blind) folded on the Turn
Seat 6: Eighcehole folded before Flop (didn't bet)
Seat 7: jesper332 showed [Ks 3s] and won ($0.56) with a pair of Tens
Seat 8: Dorex2007 folded before Flop (didn't bet)
Seat 9: geniuss folded before Flop (didn't bet)



PokerStars Hand #237469590945:  Hold'em No Limit ($0.02/$0.05 USD) - 2022/07/19 21:05:55 PT [2022/07/20 0:05:55 ET]
Table 'Nocturna III' 9-max Seat #3 is the button
Seat 1: JayJayJohnson ($13.59 in chips) 
Seat 2: darkenedhound ($0.87 in chips) 
Seat 3: Luigiams ($4.73 in chips) 
Seat 4: lopesdsa ($1.90 in chips) 
Seat 6: Eighcehole ($5 in chips) 
Seat 7: jesper332 ($3.69 in chips) 
Seat 8: Dorex2007 ($8.13 in chips) 
Seat 9: geniuss ($5.60 in chips) 
lopesdsa: posts small blind $0.02
Eighcehole: posts big blind $0.05
*** HOLE CARDS ***
Dealt to Dorex2007 [Ah 6h]
jesper332: folds 
Dorex2007: raises $0.05 to $0.10
geniuss: folds 
JayJayJohnson: folds 
darkenedhound: folds 
Luigiams: raises $0.15 to $0.25
lopesdsa: folds 
Eighcehole: folds 
Dorex2007: folds 
Uncalled bet ($0.15) returned to Luigiams
Luigiams collected $0.27 from pot
*** SUMMARY ***
Total pot $0.27 | Rake $0 
Seat 1: JayJayJohnson folded before Flop (didn't bet)
Seat 2: darkenedhound folded before Flop (didn't bet)
Seat 3: Luigiams (button) collected ($0.27)
Seat 4: lopesdsa (small blind) folded before Flop
Seat 6: Eighcehole (big blind) folded before Flop
Seat 7: jesper332 folded before Flop (didn't bet)
Seat 8: Dorex2007 folded before Flop
Seat 9: geniuss folded before Flop (didn't bet)



PokerStars Hand #237469595590:  Hold'em No Limit ($0.02/$0.05 USD) - 2022/07/19 21:06:30 PT [2022/07/20 0:06:30 ET]
Table 'Nocturna III' 9-max Seat #4 is the button
Seat 1: JayJayJohnson ($13.59 in chips) 
Seat 2: darkenedhound ($0.87 in chips) 
Seat 3: Luigiams ($4.90 in chips) 
Seat 4: lopesdsa ($1.88 in chips) 
Seat 6: Eighcehole ($4.95 in chips) 
Seat 7: jesper332 ($3.69 in chips) 
Seat 8: Dorex2007 ($8.03 in chips) 
Seat 9: geniuss ($5.60 in chips) 
Eighcehole: posts small blind $0.02
jesper332: posts big blind $0.05
*** HOLE CARDS ***
Dealt to Dorex2007 [Jd 7h]
Dorex2007 has timed out
Dorex2007: folds 
geniuss: folds 
JayJayJohnson: raises $0.10 to $0.15
darkenedhound: folds 
Luigiams: folds 
lopesdsa: folds 
Eighcehole: folds 
jesper332: calls $0.10
*** FLOP *** [2d Qc 3h]
jesper332: checks 
JayJayJohnson: bets $0.15
jesper332: calls $0.15
*** TURN *** [2d Qc 3h] [Jc]
jesper332: checks 
JayJayJohnson: checks 
*** RIVER *** [2d Qc 3h Jc] [Kc]
jesper332: checks 
JayJayJohnson: checks 
*** SHOW DOWN ***
jesper332: shows [Ac 5s] (high card Ace)
JayJayJohnson: shows [Js Ad] (a pair of Jacks)
JayJayJohnson collected $0.59 from pot
*** SUMMARY ***
Total pot $0.62 | Rake $0.03 
Board [2d Qc 3h Jc Kc]
Seat 1: JayJayJohnson showed [Js Ad] and won ($0.59) with a pair of Jacks
Seat 2: darkenedhound folded before Flop (didn't bet)
Seat 3: Luigiams folded before Flop (didn't bet)
Seat 4: lopesdsa (button) folded before Flop (didn't bet)
Seat 6: Eighcehole (small blind) folded before Flop
Seat 7: jesper332 (big blind) showed [Ac 5s] and lost with high card Ace
Seat 8: Dorex2007 folded before Flop (didn't bet)
Seat 9: geniuss folded before Flop (didn't bet)



PokerStars Hand #237469602807:  Hold'em No Limit ($0.02/$0.05 USD) - 2022/07/19 21:07:25 PT [2022/07/20 0:07:25 ET]
Table 'Nocturna III' 9-max Seat #6 is the button
Seat 1: JayJayJohnson ($13.88 in chips) 
Seat 2: darkenedhound ($0.87 in chips) 
Seat 3: Luigiams ($4.90 in chips) 
Seat 4: lopesdsa ($1.88 in chips) 
Seat 6: Eighcehole ($4.93 in chips) 
Seat 7: jesper332 ($3.39 in chips) 
Seat 8: Dorex2007 ($8.03 in chips) 
Seat 9: geniuss ($5.60 in chips) 
jesper332: posts small blind $0.02
Dorex2007: posts big blind $0.05
*** HOLE CARDS ***
Dealt to Dorex2007 [Qc 3c]
geniuss: folds 
JayJayJohnson: folds 
darkenedhound: calls $0.05
Luigiams: calls $0.05
lopesdsa: folds 
Eighcehole: raises $0.20 to $0.25
jesper332: raises $3.14 to $3.39 and is all-in
Dorex2007: folds 
darkenedhound: folds 
Luigiams: folds 
Eighcehole: folds 
Uncalled bet ($3.14) returned to jesper332
jesper332 collected $0.65 from pot
*** SUMMARY ***
Total pot $0.65 | Rake $0 
Seat 1: JayJayJohnson folded before Flop (didn't bet)
Seat 2: darkenedhound folded before Flop
Seat 3: Luigiams folded before Flop
Seat 4: lopesdsa folded before Flop (didn't bet)
Seat 6: Eighcehole (button) folded before Flop
Seat 7: jesper332 (small blind) collected ($0.65)
Seat 8: Dorex2007 (big blind) folded before Flop
Seat 9: geniuss folded before Flop (didn't bet)



PokerStars Hand #237469607584:  Hold'em No Limit ($0.02/$0.05 USD) - 2022/07/19 21:08:02 PT [2022/07/20 0:08:02 ET]
Table 'Nocturna III' 9-max Seat #7 is the button
Seat 1: JayJayJohnson ($13.88 in chips) 
Seat 2: darkenedhound ($0.82 in chips) 
Seat 3: Luigiams ($4.85 in chips) 
Seat 4: lopesdsa ($1.88 in chips) 
Seat 6: Eighcehole ($4.68 in chips) 
Seat 7: jesper332 ($3.79 in chips) 
Seat 8: Dorex2007 ($7.98 in chips) 
Seat 9: geniuss ($5.60 in chips) 
Dorex2007: posts small blind $0.02
geniuss: posts big blind $0.05
*** HOLE CARDS ***
Dealt to Dorex2007 [3c 9d]
JayJayJohnson: folds 
darkenedhound: calls $0.05
Luigiams: folds 
lopesdsa: folds 
Eighcehole: folds 
jesper332: folds 
Dorex2007: folds 
geniuss: raises $0.10 to $0.15
darkenedhound: calls $0.10
*** FLOP *** [8d 4d Ac]
geniuss: checks 
darkenedhound: checks 
*** TURN *** [8d 4d Ac] [Qc]
geniuss: checks 
darkenedhound: bets $0.10
geniuss: calls $0.10
*** RIVER *** [8d 4d Ac Qc] [Js]
geniuss: checks 
darkenedhound: checks 
*** SHOW DOWN ***
geniuss: shows [Kd Ks] (a pair of Kings)
darkenedhound: mucks hand 
geniuss collected $0.50 from pot
*** SUMMARY ***
Total pot $0.52 | Rake $0.02 
Board [8d 4d Ac Qc Js]
Seat 1: JayJayJohnson folded before Flop (didn't bet)
Seat 2: darkenedhound mucked [9h Qh]
Seat 3: Luigiams folded before Flop (didn't bet)
Seat 4: lopesdsa folded before Flop (didn't bet)
Seat 6: Eighcehole folded before Flop (didn't bet)
Seat 7: jesper332 (button) folded before Flop (didn't bet)
Seat 8: Dorex2007 (small blind) folded before Flop
Seat 9: geniuss (big blind) showed [Kd Ks] and won ($0.50) with a pair of Kings



PokerStars Hand #237469618510:  Hold'em No Limit ($0.02/$0.05 USD) - 2022/07/19 21:09:25 PT [2022/07/20 0:09:25 ET]
Table 'Nocturna III' 9-max Seat #8 is the button
Seat 1: JayJayJohnson ($13.88 in chips) 
Seat 2: darkenedhound ($0.57 in chips) 
Seat 3: Luigiams ($4.85 in chips) 
Seat 4: lopesdsa ($1.88 in chips) 
Seat 6: Eighcehole ($4.68 in chips) 
Seat 7: jesper332 ($3.79 in chips) 
Seat 8: Dorex2007 ($7.96 in chips) 
Seat 9: geniuss ($5.85 in chips) 
geniuss: posts small blind $0.02
JayJayJohnson: posts big blind $0.05
*** HOLE CARDS ***
Dealt to Dorex2007 [4d 9h]
darkenedhound: folds 
Luigiams: folds 
lopesdsa: folds 
Eighcehole: raises $0.10 to $0.15
jesper332: calls $0.15
Dorex2007: folds 
geniuss: calls $0.13
JayJayJohnson: calls $0.10
*** FLOP *** [5d 2h 7c]
geniuss: checks 
JayJayJohnson: checks 
Eighcehole: bets $0.20
jesper332: folds 
geniuss: folds 
JayJayJohnson: folds 
Uncalled bet ($0.20) returned to Eighcehole
Eighcehole collected $0.58 from pot
*** SUMMARY ***
Total pot $0.60 | Rake $0.02 
Board [5d 2h 7c]
Seat 1: JayJayJohnson (big blind) folded on the Flop
Seat 2: darkenedhound folded before Flop (didn't bet)
Seat 3: Luigiams folded before Flop (didn't bet)
Seat 4: lopesdsa folded before Flop (didn't bet)
Seat 6: Eighcehole collected ($0.58)
Seat 7: jesper332 folded on the Flop
Seat 8: Dorex2007 (button) folded before Flop (didn't bet)
Seat 9: geniuss (small blind) folded on the Flop



PokerStars Hand #237469630530:  Hold'em No Limit ($0.02/$0.05 USD) - 2022/07/19 21:10:04 PT [2022/07/20 0:10:04 ET]
Table 'Nocturna III' 9-max Seat #9 is the button
Seat 1: JayJayJohnson ($13.73 in chips) 
Seat 2: darkenedhound ($0.57 in chips) 
Seat 3: Luigiams ($4.85 in chips) 
Seat 4: lopesdsa ($1.88 in chips) 
Seat 6: Eighcehole ($5.11 in chips) 
Seat 7: jesper332 ($3.64 in chips) 
Seat 8: Dorex2007 ($7.96 in chips) 
Seat 9: geniuss ($5.70 in chips) 
JayJayJohnson: posts small blind $0.02
darkenedhound: posts big blind $0.05
*** HOLE CARDS ***
Dealt to Dorex2007 [5h 5c]
Luigiams: raises $0.05 to $0.10
lopesdsa: folds 
Eighcehole: folds 
jesper332: calls $0.10
Dorex2007: calls $0.10
geniuss: folds 
JayJayJohnson: folds 
darkenedhound: folds 
*** FLOP *** [6s 9h 8d]
Luigiams: checks 
jesper332: bets $0.17
Dorex2007: folds 
Luigiams: folds 
Uncalled bet ($0.17) returned to jesper332
jesper332 collected $0.35 from pot
*** SUMMARY ***
Total pot $0.37 | Rake $0.02 
Board [6s 9h 8d]
Seat 1: JayJayJohnson (small blind) folded before Flop
Seat 2: darkenedhound (big blind) folded before Flop
Seat 3: Luigiams folded on the Flop
Seat 4: lopesdsa folded before Flop (didn't bet)
Seat 6: Eighcehole folded before Flop (didn't bet)
Seat 7: jesper332 collected ($0.35)
Seat 8: Dorex2007 folded on the Flop
Seat 9: geniuss (button) folded before Flop (didn't bet)



PokerStars Hand #237469639413:  Hold'em No Limit ($0.02/$0.05 USD) - 2022/07/19 21:11:11 PT [2022/07/20 0:11:11 ET]
Table 'Nocturna III' 9-max Seat #1 is the button
Seat 1: JayJayJohnson ($13.71 in chips) 
Seat 2: darkenedhound ($0.52 in chips) 
Seat 4: lopesdsa ($1.88 in chips) 
Seat 6: Eighcehole ($5.11 in chips) 
Seat 7: jesper332 ($3.89 in chips) 
Seat 8: Dorex2007 ($7.86 in chips) 
Seat 9: geniuss ($5.70 in chips) 
darkenedhound: posts small blind $0.02
Luigiams: is sitting out 
lopesdsa: posts big blind $0.05
*** HOLE CARDS ***
Dealt to Dorex2007 [3c 5h]
Luigiams leaves the table
Mamamia337 joins the table at seat #3 
Eighcehole: folds 
jesper332: folds 
Dorex2007: folds 
geniuss: folds 
JayJayJohnson: raises $0.10 to $0.15
darkenedhound: folds 
lopesdsa: raises $0.15 to $0.30
JayJayJohnson: calls $0.15
*** FLOP *** [Ks Jh 6s]
lopesdsa: bets $0.20
JayJayJohnson: calls $0.20
*** TURN *** [Ks Jh 6s] [8h]
lopesdsa: checks 
ThiagoKbelo leaves the table
JayJayJohnson: checks 
*** RIVER *** [Ks Jh 6s 8h] [Qd]
lopesdsa: checks 
JayJayJohnson: checks 
*** SHOW DOWN ***
lopesdsa: shows [Jc Ac] (a pair of Jacks)
JayJayJohnson: mucks hand 
lopesdsa collected $0.98 from pot
*** SUMMARY ***
Total pot $1.02 | Rake $0.04 
Board [Ks Jh 6s 8h Qd]
Seat 1: JayJayJohnson (button) mucked [9d Ah]
Seat 2: darkenedhound (small blind) folded before Flop
Seat 4: lopesdsa (big blind) showed [Jc Ac] and won ($0.98) with a pair of Jacks
Seat 6: Eighcehole folded before Flop (didn't bet)
Seat 7: jesper332 folded before Flop (didn't bet)
Seat 8: Dorex2007 folded before Flop (didn't bet)
Seat 9: geniuss folded before Flop (didn't bet)



PokerStars Hand #237469645145:  Hold'em No Limit ($0.02/$0.05 USD) - 2022/07/19 21:11:55 PT [2022/07/20 0:11:55 ET]
Table 'Nocturna III' 9-max Seat #2 is the button
Seat 1: JayJayJohnson ($13.21 in chips) 
Seat 2: darkenedhound ($0.50 in chips) 
Seat 4: lopesdsa ($2.36 in chips) 
Seat 6: Eighcehole ($5.11 in chips) 
Seat 7: jesper332 ($3.89 in chips) 
Seat 8: Dorex2007 ($7.86 in chips) 
Seat 9: geniuss ($5.70 in chips) 
lopesdsa: posts small blind $0.02
Eighcehole: posts big blind $0.05
*** HOLE CARDS ***
Dealt to Dorex2007 [6s 7h]
jesper332: folds 
Dorex2007: folds 
geniuss: calls $0.05
JayJayJohnson: folds 
darkenedhound: raises $0.10 to $0.15
lopesdsa: folds 
Eighcehole: folds 
geniuss: calls $0.10
*** FLOP *** [3s 9s 5h]
geniuss: checks 
Nursemaster joins the table at seat #5 
darkenedhound: bets $0.17
geniuss: folds 
Uncalled bet ($0.17) returned to darkenedhound
darkenedhound collected $0.35 from pot
*** SUMMARY ***
Total pot $0.37 | Rake $0.02 
Board [3s 9s 5h]
Seat 1: JayJayJohnson folded before Flop (didn't bet)
Seat 2: darkenedhound (button) collected ($0.35)
Seat 4: lopesdsa (small blind) folded before Flop
Seat 6: Eighcehole (big blind) folded before Flop
Seat 7: jesper332 folded before Flop (didn't bet)
Seat 8: Dorex2007 folded before Flop (didn't bet)
Seat 9: geniuss folded on the Flop



PokerStars Hand #237469651639:  Hold'em No Limit ($0.02/$0.05 USD) - 2022/07/19 21:12:45 PT [2022/07/20 0:12:45 ET]
Table 'Nocturna III' 9-max Seat #4 is the button
Seat 1: JayJayJohnson ($13.21 in chips) 
Seat 2: darkenedhound ($0.70 in chips) 
Seat 4: lopesdsa ($2.34 in chips) 
Seat 6: Eighcehole ($5.06 in chips) 
Seat 7: jesper332 ($3.89 in chips) 
Seat 8: Dorex2007 ($7.86 in chips) 
Seat 9: geniuss ($5.55 in chips) 
Eighcehole: posts small blind $0.02
jesper332: posts big blind $0.05
Mamamia337: sits out 
*** HOLE CARDS ***
Dealt to Dorex2007 [7d 7s]
Dorex2007: calls $0.05
geniuss: folds 
JayJayJohnson: folds 
darkenedhound has timed out
darkenedhound: folds 
lopesdsa: raises $0.10 to $0.15
Eighcehole: raises $0.25 to $0.40
jesper332: folds 
Dorex2007: folds 
lopesdsa: folds 
Uncalled bet ($0.25) returned to Eighcehole
Eighcehole collected $0.40 from pot
*** SUMMARY ***
Total pot $0.40 | Rake $0 
Seat 1: JayJayJohnson folded before Flop (didn't bet)
Seat 2: darkenedhound folded before Flop (didn't bet)
Seat 4: lopesdsa (button) folded before Flop
Seat 6: Eighcehole (small blind) collected ($0.40)
Seat 7: jesper332 (big blind) folded before Flop
Seat 8: Dorex2007 folded before Flop
Seat 9: geniuss folded before Flop (didn't bet)



PokerStars Hand #237469656939:  Hold'em No Limit ($0.02/$0.05 USD) - 2022/07/19 21:13:25 PT [2022/07/20 0:13:25 ET]
Table 'Nocturna III' 9-max Seat #6 is the button
Seat 1: JayJayJohnson ($13.21 in chips) 
Seat 2: darkenedhound ($0.70 in chips) 
Seat 4: lopesdsa ($2.19 in chips) 
Seat 5: Nursemaster ($5 in chips) 
Seat 6: Eighcehole ($5.31 in chips) 
Seat 7: jesper332 ($3.84 in chips) 
Seat 8: Dorex2007 ($7.81 in chips) 
Seat 9: geniuss ($5.55 in chips) 
jesper332: posts small blind $0.02
Dorex2007: posts big blind $0.05
Mamamia337: sits out 
Nursemaster: posts big blind $0.05
*** HOLE CARDS ***
Dealt to Dorex2007 [7d 2c]
geniuss: folds 
JayJayJohnson: folds 
darkenedhound: raises $0.10 to $0.15
lopesdsa: folds 
Nursemaster: folds 
Eighcehole: folds 
jesper332: folds 
Dorex2007: folds 
Uncalled bet ($0.10) returned to darkenedhound
darkenedhound collected $0.17 from pot
*** SUMMARY ***
Total pot $0.17 | Rake $0 
Seat 1: JayJayJohnson folded before Flop (didn't bet)
Seat 2: darkenedhound collected ($0.17)
Seat 4: lopesdsa folded before Flop (didn't bet)
Seat 5: Nursemaster folded before Flop (didn't bet)
Seat 6: Eighcehole (button) folded before Flop (didn't bet)
Seat 7: jesper332 (small blind) folded before Flop
Seat 8: Dorex2007 (big blind) folded before Flop
Seat 9: geniuss folded before Flop (didn't bet)



PokerStars Hand #237469659896:  Hold'em No Limit ($0.02/$0.05 USD) - 2022/07/19 21:13:47 PT [2022/07/20 0:13:47 ET]
Table 'Nocturna III' 9-max Seat #7 is the button
Seat 1: JayJayJohnson ($13.21 in chips) 
Seat 2: darkenedhound ($0.82 in chips) 
Seat 4: lopesdsa ($2.19 in chips) 
Seat 5: Nursemaster ($5 in chips) 
Seat 6: Eighcehole ($5.31 in chips) 
Seat 7: jesper332 ($3.82 in chips) 
Seat 8: Dorex2007 ($7.76 in chips) 
Seat 9: geniuss ($5.55 in chips) 
Dorex2007: posts small blind $0.02
geniuss: posts big blind $0.05
Mamamia337: sits out 
*** HOLE CARDS ***
Dealt to Dorex2007 [Jd 6c]
JayJayJohnson: folds 
darkenedhound: folds 
lopesdsa: raises $0.10 to $0.15
Nursemaster: folds 
Eighcehole: folds 
jesper332: calls $0.15
Dorex2007: folds 
geniuss: folds 
*** FLOP *** [3h Ac 9h]
lopesdsa: bets $0.10
jesper332: calls $0.10
*** TURN *** [3h Ac 9h] [8s]
lopesdsa: bets $0.27
jesper332: calls $0.27
*** RIVER *** [3h Ac 9h 8s] [Qd]
lopesdsa: checks 
jesper332: checks 
*** SHOW DOWN ***
lopesdsa: shows [Ah Jc] (a pair of Aces)
jesper332: mucks hand 
lopesdsa collected $1.06 from pot
*** SUMMARY ***
Total pot $1.11 | Rake $0.05 
Board [3h Ac 9h 8s Qd]
Seat 1: JayJayJohnson folded before Flop (didn't bet)
Seat 2: darkenedhound folded before Flop (didn't bet)
Seat 4: lopesdsa showed [Ah Jc] and won ($1.06) with a pair of Aces
Seat 5: Nursemaster folded before Flop (didn't bet)
Seat 6: Eighcehole folded before Flop (didn't bet)
Seat 7: jesper332 (button) mucked [6h 8h]
Seat 8: Dorex2007 (small blind) folded before Flop
Seat 9: geniuss (big blind) folded before Flop



PokerStars Hand #237469665414:  Hold'em No Limit ($0.02/$0.05 USD) - 2022/07/19 21:14:29 PT [2022/07/20 0:14:29 ET]
Table 'Nocturna III' 9-max Seat #8 is the button
Seat 1: JayJayJohnson ($13.21 in chips) 
Seat 2: darkenedhound ($0.82 in chips) 
Seat 4: lopesdsa ($2.73 in chips) 
Seat 5: Nursemaster ($5 in chips) 
Seat 6: Eighcehole ($5.31 in chips) 
Seat 7: jesper332 ($3.30 in chips) 
Seat 8: Dorex2007 ($7.74 in chips) 
Seat 9: geniuss ($5.50 in chips) 
geniuss: posts small blind $0.02
JayJayJohnson: posts big blind $0.05
Mamamia337: sits out 
*** HOLE CARDS ***
Dealt to Dorex2007 [2h Qd]
darkenedhound: folds 
lopesdsa: folds 
Nursemaster: folds 
Eighcehole: folds 
jesper332: raises $0.05 to $0.10
Dorex2007: folds 
geniuss: folds 
JayJayJohnson: calls $0.05
*** FLOP *** [6h Jc Qs]
JayJayJohnson: checks 
jesper332: bets $0.10
JayJayJohnson: folds 
Uncalled bet ($0.10) returned to jesper332
jesper332 collected $0.21 from pot
*** SUMMARY ***
Total pot $0.22 | Rake $0.01 
Board [6h Jc Qs]
Seat 1: JayJayJohnson (big blind) folded on the Flop
Seat 2: darkenedhound folded before Flop (didn't bet)
Seat 4: lopesdsa folded before Flop (didn't bet)
Seat 5: Nursemaster folded before Flop (didn't bet)
Seat 6: Eighcehole folded before Flop (didn't bet)
Seat 7: jesper332 collected ($0.21)
Seat 8: Dorex2007 (button) folded before Flop (didn't bet)
Seat 9: geniuss (small blind) folded before Flop



PokerStars Hand #237469669904:  Hold'em No Limit ($0.02/$0.05 USD) - 2022/07/19 21:15:04 PT [2022/07/20 0:15:04 ET]
Table 'Nocturna III' 9-max Seat #9 is the button
Seat 1: JayJayJohnson ($13.11 in chips) 
Seat 2: darkenedhound ($0.82 in chips) 
Seat 4: lopesdsa ($2.73 in chips) 
Seat 5: Nursemaster ($5 in chips) 
Seat 6: Eighcehole ($5.31 in chips) 
Seat 7: jesper332 ($3.41 in chips) 
Seat 8: Dorex2007 ($7.74 in chips) 
Seat 9: geniuss ($5.48 in chips) 
JayJayJohnson: posts small blind $0.02
darkenedhound: posts big blind $0.05
Mamamia337: sits out 
*** HOLE CARDS ***
Dealt to Dorex2007 [9c 7c]
lopesdsa: raises $0.05 to $0.10
Nursemaster: calls $0.10
Eighcehole: folds 
jesper332: folds 
jesper332 leaves the table
Dorex2007: folds 
geniuss: folds 
JayJayJohnson: folds 
darkenedhound: calls $0.05
*** FLOP *** [Td As 3c]
darkenedhound: checks 
lopesdsa: bets $0.10
Nursemaster: folds 
darkenedhound: calls $0.10
*** TURN *** [Td As 3c] [2d]
darkenedhound: checks 
lopesdsa: bets $0.20
darkenedhound: folds 
Uncalled bet ($0.20) returned to lopesdsa
lopesdsa collected $0.50 from pot
*** SUMMARY ***
Total pot $0.52 | Rake $0.02 
Board [Td As 3c 2d]
Seat 1: JayJayJohnson (small blind) folded before Flop
Seat 2: darkenedhound (big blind) folded on the Turn
Seat 4: lopesdsa collected ($0.50)
Seat 5: Nursemaster folded on the Flop
Seat 6: Eighcehole folded before Flop (didn't bet)
Seat 7: jesper332 folded before Flop (didn't bet)
Seat 8: Dorex2007 folded before Flop (didn't bet)
Seat 9: geniuss (button) folded before Flop (didn't bet)



PokerStars Hand #237469677162:  Hold'em No Limit ($0.02/$0.05 USD) - 2022/07/19 21:15:59 PT [2022/07/20 0:15:59 ET]
Table 'Nocturna III' 9-max Seat #1 is the button
Seat 1: JayJayJohnson ($13.09 in chips) 
Seat 2: darkenedhound ($0.62 in chips) 
Seat 3: Mamamia337 ($5 in chips) 
Seat 4: lopesdsa ($3.03 in chips) 
Seat 5: Nursemaster ($5 in chips) 
Seat 6: Eighcehole ($5.31 in chips) 
Seat 8: Dorex2007 ($7.74 in chips) 
Seat 9: geniuss ($5.48 in chips) 
darkenedhound: posts small blind $0.02
Mamamia337: posts big blind $0.05
*** HOLE CARDS ***
Dealt to Dorex2007 [7s 5s]
lopesdsa: folds 
Nursemaster: folds 
Eighcehole: folds 
Dorex2007: folds 
geniuss: raises $0.10 to $0.15
JayJayJohnson: folds 
darkenedhound: folds 
Mamamia337: folds 
Uncalled bet ($0.10) returned to geniuss
geniuss collected $0.12 from pot
*** SUMMARY ***
Total pot $0.12 | Rake $0 
Seat 1: JayJayJohnson (button) folded before Flop (didn't bet)
Seat 2: darkenedhound (small blind) folded before Flop
Seat 3: Mamamia337 (big blind) folded before Flop
Seat 4: lopesdsa folded before Flop (didn't bet)
Seat 5: Nursemaster folded before Flop (didn't bet)
Seat 6: Eighcehole folded before Flop (didn't bet)
Seat 8: Dorex2007 folded before Flop (didn't bet)
Seat 9: geniuss collected ($0.12)



PokerStars Hand #237469680334:  Hold'em No Limit ($0.02/$0.05 USD) - 2022/07/19 21:16:23 PT [2022/07/20 0:16:23 ET]
Table 'Nocturna III' 9-max Seat #2 is the button
Seat 1: JayJayJohnson ($13.09 in chips) 
Seat 2: darkenedhound ($0.60 in chips) 
Seat 3: Mamamia337 ($4.95 in chips) 
Seat 4: lopesdsa ($3.03 in chips) 
Seat 5: Nursemaster ($5 in chips) 
Seat 6: Eighcehole ($5.31 in chips) 
Seat 8: Dorex2007 ($7.74 in chips) 
Seat 9: geniuss ($5.55 in chips) 
Mamamia337: posts small blind $0.02
lopesdsa: posts big blind $0.05
*** HOLE CARDS ***
Dealt to Dorex2007 [6s Jd]
Nursemaster: folds 
Eighcehole: folds 
Dorex2007: folds 
geniuss: folds 
JayJayJohnson: folds 
webmarrr joins the table at seat #7 
darkenedhound: folds 
Mamamia337: raises $0.07 to $0.12
lopesdsa: calls $0.07
*** FLOP *** [Ac 8d Js]
Mamamia337: bets $0.10
lopesdsa: raises $0.10 to $0.20
Mamamia337: raises $0.32 to $0.52
lopesdsa: folds 
Uncalled bet ($0.32) returned to Mamamia337
Mamamia337 collected $0.61 from pot
*** SUMMARY ***
Total pot $0.64 | Rake $0.03 
Board [Ac 8d Js]
Seat 1: JayJayJohnson folded before Flop (didn't bet)
Seat 2: darkenedhound (button) folded before Flop (didn't bet)
Seat 3: Mamamia337 (small blind) collected ($0.61)
Seat 4: lopesdsa (big blind) folded on the Flop
Seat 5: Nursemaster folded before Flop (didn't bet)
Seat 6: Eighcehole folded before Flop (didn't bet)
Seat 8: Dorex2007 folded before Flop (didn't bet)
Seat 9: geniuss folded before Flop (didn't bet)



PokerStars Hand #237469686152:  Hold'em No Limit ($0.02/$0.05 USD) - 2022/07/19 21:17:07 PT [2022/07/20 0:17:07 ET]
Table 'Nocturna III' 9-max Seat #3 is the button
Seat 1: JayJayJohnson ($13.09 in chips) 
Seat 2: darkenedhound ($0.60 in chips) 
Seat 3: Mamamia337 ($5.24 in chips) 
Seat 4: lopesdsa ($2.71 in chips) 
Seat 5: Nursemaster ($5 in chips) 
Seat 6: Eighcehole ($5.31 in chips) 
Seat 8: Dorex2007 ($7.74 in chips) 
Seat 9: geniuss ($5.55 in chips) 
lopesdsa: posts small blind $0.02
Nursemaster: posts big blind $0.05
webmarrr: sits out 
*** HOLE CARDS ***
Dealt to Dorex2007 [4s 5h]
Eighcehole: folds 
Dorex2007: folds 
geniuss: folds 
JayJayJohnson: folds 
darkenedhound: raises $0.05 to $0.10
Mamamia337: calls $0.10
lopesdsa: folds 
Nursemaster: folds 
*** FLOP *** [3h 5s Qs]
darkenedhound: checks 
Mamamia337: checks 
*** TURN *** [3h 5s Qs] [6h]
darkenedhound: checks 
Mamamia337: checks 
*** RIVER *** [3h 5s Qs 6h] [Js]
darkenedhound: checks 
Mamamia337: checks 
*** SHOW DOWN ***
darkenedhound: shows [Ks Td] (high card King)
Mamamia337: mucks hand 
darkenedhound collected $0.26 from pot
*** SUMMARY ***
Total pot $0.27 | Rake $0.01 
Board [3h 5s Qs 6h Js]
Seat 1: JayJayJohnson folded before Flop (didn't bet)
Seat 2: darkenedhound showed [Ks Td] and won ($0.26) with high card King
Seat 3: Mamamia337 (button) mucked [Kc 4c]
Seat 4: lopesdsa (small blind) folded before Flop
Seat 5: Nursemaster (big blind) folded before Flop
Seat 6: Eighcehole folded before Flop (didn't bet)
Seat 8: Dorex2007 folded before Flop (didn't bet)
Seat 9: geniuss folded before Flop (didn't bet)



PokerStars Hand #237469691440:  Hold'em No Limit ($0.02/$0.05 USD) - 2022/07/19 21:17:47 PT [2022/07/20 0:17:47 ET]
Table 'Nocturna III' 9-max Seat #4 is the button
Seat 1: JayJayJohnson ($13.09 in chips) 
Seat 2: darkenedhound ($0.76 in chips) 
Seat 3: Mamamia337 ($5.14 in chips) 
Seat 4: lopesdsa ($2.69 in chips) 
Seat 5: Nursemaster ($5 in chips) 
Seat 6: Eighcehole ($5.31 in chips) 
Seat 8: Dorex2007 ($7.74 in chips) 
Seat 9: geniuss ($5.55 in chips) 
Nursemaster: posts small blind $0.02
Eighcehole: posts big blind $0.05
webmarrr: sits out 
*** HOLE CARDS ***
Dealt to Dorex2007 [5c Qd]
Dorex2007: folds 
geniuss: folds 
JayJayJohnson: folds 
darkenedhound: raises $0.10 to $0.15
Mamamia337: folds 
lopesdsa: calls $0.15
Nursemaster: folds 
Eighcehole: folds 
*** FLOP *** [7c 9h 4c]
darkenedhound: bets $0.15
lopesdsa: calls $0.15
*** TURN *** [7c 9h 4c] [6s]
darkenedhound: checks 
lopesdsa: bets $0.32
darkenedhound: folds 
Uncalled bet ($0.32) returned to lopesdsa
lopesdsa collected $0.64 from pot
*** SUMMARY ***
Total pot $0.67 | Rake $0.03 
Board [7c 9h 4c 6s]
Seat 1: JayJayJohnson folded before Flop (didn't bet)
Seat 2: darkenedhound folded on the Turn
Seat 3: Mamamia337 folded before Flop (didn't bet)
Seat 4: lopesdsa (button) collected ($0.64)
Seat 5: Nursemaster (small blind) folded before Flop
Seat 6: Eighcehole (big blind) folded before Flop
Seat 8: Dorex2007 folded before Flop (didn't bet)
Seat 9: geniuss folded before Flop (didn't bet)



PokerStars Hand #237469696776:  Hold'em No Limit ($0.02/$0.05 USD) - 2022/07/19 21:18:28 PT [2022/07/20 0:18:28 ET]
Table 'Nocturna III' 9-max Seat #5 is the button
Seat 1: JayJayJohnson ($13.09 in chips) 
Seat 2: darkenedhound ($0.46 in chips) 
Seat 3: Mamamia337 ($5.14 in chips) 
Seat 4: lopesdsa ($3.03 in chips) 
Seat 5: Nursemaster ($5 in chips) 
Seat 6: Eighcehole ($5.26 in chips) 
Seat 7: webmarrr ($5 in chips) 
Seat 8: Dorex2007 ($7.74 in chips) 
Seat 9: geniuss ($5.55 in chips) 
Eighcehole: posts small blind $0.02
webmarrr: posts big blind $0.05
*** HOLE CARDS ***
Dealt to Dorex2007 [7h Tc]
Dorex2007: folds 
geniuss: folds 
JayJayJohnson: folds 
darkenedhound: folds 
Mamamia337: raises $0.07 to $0.12
lopesdsa: calls $0.12
Nursemaster: folds 
Eighcehole: raises $0.18 to $0.30
webmarrr: folds 
Mamamia337: calls $0.18
lopesdsa: folds 
*** FLOP *** [7s 2d 8s]
Eighcehole: checks 
Mamamia337: bets $0.22
Eighcehole: calls $0.22
*** TURN *** [7s 2d 8s] [5c]
Eighcehole: checks 
Mamamia337: bets $0.45
Eighcehole: folds 
Uncalled bet ($0.45) returned to Mamamia337
Mamamia337 collected $1.16 from pot
*** SUMMARY ***
Total pot $1.21 | Rake $0.05 
Board [7s 2d 8s 5c]
Seat 1: JayJayJohnson folded before Flop (didn't bet)
Seat 2: darkenedhound folded before Flop (didn't bet)
Seat 3: Mamamia337 collected ($1.16)
Seat 4: lopesdsa folded before Flop
Seat 5: Nursemaster (button) folded before Flop (didn't bet)
Seat 6: Eighcehole (small blind) folded on the Turn
Seat 7: webmarrr (big blind) folded before Flop
Seat 8: Dorex2007 folded before Flop (didn't bet)
Seat 9: geniuss folded before Flop (didn't bet)



PokerStars Hand #237469707206:  Hold'em No Limit ($0.02/$0.05 USD) - 2022/07/19 21:19:49 PT [2022/07/20 0:19:49 ET]
Table 'Nocturna III' 9-max Seat #6 is the button
Seat 1: JayJayJohnson ($13.09 in chips) 
Seat 2: darkenedhound ($0.46 in chips) 
Seat 3: Mamamia337 ($5.78 in chips) 
Seat 4: lopesdsa ($2.91 in chips) 
Seat 5: Nursemaster ($5 in chips) 
Seat 6: Eighcehole ($4.74 in chips) 
Seat 7: webmarrr ($5 in chips) 
Seat 8: Dorex2007 ($7.74 in chips) 
Seat 9: geniuss ($5.55 in chips) 
webmarrr: posts small blind $0.02
Dorex2007: posts big blind $0.05
*** HOLE CARDS ***
Dealt to Dorex2007 [6s 9h]
geniuss has timed out
geniuss: folds 
JayJayJohnson: folds 
darkenedhound: calls $0.05
Mamamia337: folds 
lopesdsa: calls $0.05
Nursemaster: raises $0.10 to $0.15
Eighcehole: calls $0.15
webmarrr: folds 
Dorex2007: folds 
darkenedhound: calls $0.10
lopesdsa: calls $0.10
*** FLOP *** [6d Ks 7h]
darkenedhound: checks 
lopesdsa: bets $0.10
Nursemaster: folds 
Eighcehole: calls $0.10
darkenedhound: raises $0.21 to $0.31 and is all-in
lopesdsa: calls $0.21
Eighcehole: calls $0.21
*** TURN *** [6d Ks 7h] [3d]
lopesdsa: checks 
Eighcehole: checks 
*** RIVER *** [6d Ks 7h 3d] [8c]
lopesdsa: checks 
Eighcehole: bets $0.35
lopesdsa: calls $0.35
*** SHOW DOWN ***
Eighcehole: shows [7s 8s] (two pair, Eights and Sevens)
lopesdsa: mucks hand 
Eighcehole collected $0.67 from side pot
darkenedhound: mucks hand 
Eighcehole collected $1.53 from main pot
*** SUMMARY ***
Total pot $2.30 Main pot $1.53. Side pot $0.67. | Rake $0.10 
Board [6d Ks 7h 3d 8c]
Seat 1: JayJayJohnson folded before Flop (didn't bet)
Seat 2: darkenedhound mucked [Th Kh]
Seat 3: Mamamia337 folded before Flop (didn't bet)
Seat 4: lopesdsa mucked [Kc Ts]
Seat 5: Nursemaster folded on the Flop
Seat 6: Eighcehole (button) showed [7s 8s] and won ($2.20) with two pair, Eights and Sevens
Seat 7: webmarrr (small blind) folded before Flop
Seat 8: Dorex2007 (big blind) folded before Flop
Seat 9: geniuss folded before Flop (didn't bet)



PokerStars Hand #237469720183:  Hold'em No Limit ($0.02/$0.05 USD) - 2022/07/19 21:21:29 PT [2022/07/20 0:21:29 ET]
Table 'Nocturna III' 9-max Seat #7 is the button
Seat 1: JayJayJohnson ($13.09 in chips) 
Seat 3: Mamamia337 ($5.78 in chips) 
Seat 4: lopesdsa ($2.10 in chips) 
Seat 5: Nursemaster ($5 in chips) 
Seat 6: Eighcehole ($6.13 in chips) 
Seat 7: webmarrr ($5 in chips) 
Seat 8: Dorex2007 ($7.69 in chips) 
Dorex2007: posts small blind $0.02
JayJayJohnson: posts big blind $0.05
*** HOLE CARDS ***
Dealt to Dorex2007 [6s Ts]
Mamamia337: folds 
lopesdsa: folds 
Nursemaster: folds 
Eighcehole: folds 
darkenedhound leaves the table
webmarrr: raises $0.07 to $0.12
Dorex2007: folds 
JayJayJohnson: folds 
Uncalled bet ($0.07) returned to webmarrr
webmarrr collected $0.12 from pot
*** SUMMARY ***
Total pot $0.12 | Rake $0 
Seat 1: JayJayJohnson (big blind) folded before Flop
Seat 3: Mamamia337 folded before Flop (didn't bet)
Seat 4: lopesdsa folded before Flop (didn't bet)
Seat 5: Nursemaster folded before Flop (didn't bet)
Seat 6: Eighcehole folded before Flop (didn't bet)
Seat 7: webmarrr (button) collected ($0.12)
Seat 8: Dorex2007 (small blind) folded before Flop



PokerStars Hand #237469722663:  Hold'em No Limit ($0.02/$0.05 USD) - 2022/07/19 21:21:48 PT [2022/07/20 0:21:48 ET]
Table 'Nocturna III' 9-max Seat #8 is the button
Seat 1: JayJayJohnson ($13.04 in chips) 
Seat 3: Mamamia337 ($5.78 in chips) 
Seat 4: lopesdsa ($2.10 in chips) 
Seat 5: Nursemaster ($5 in chips) 
Seat 6: Eighcehole ($6.13 in chips) 
Seat 7: webmarrr ($5.07 in chips) 
Seat 8: Dorex2007 ($7.67 in chips) 
JayJayJohnson: posts small blind $0.02
Mamamia337: posts big blind $0.05
*** HOLE CARDS ***
Dealt to Dorex2007 [7h Jc]
westhamas joins the table at seat #2 
lopesdsa: calls $0.05
Nursemaster: folds 
Eighcehole: folds 
webmarrr: folds 
Dorex2007: folds 
JayJayJohnson: folds 
Mamamia337: checks 
*** FLOP *** [6c Tc 9c]
Mamamia337: checks 
lopesdsa: bets $0.10
Mamamia337: folds 
Uncalled bet ($0.10) returned to lopesdsa
lopesdsa collected $0.12 from pot
*** SUMMARY ***
Total pot $0.12 | Rake $0 
Board [6c Tc 9c]
Seat 1: JayJayJohnson (small blind) folded before Flop
Seat 3: Mamamia337 (big blind) folded on the Flop
Seat 4: lopesdsa collected ($0.12)
Seat 5: Nursemaster folded before Flop (didn't bet)
Seat 6: Eighcehole folded before Flop (didn't bet)
Seat 7: webmarrr folded before Flop (didn't bet)
Seat 8: Dorex2007 (button) folded before Flop (didn't bet)



PokerStars Hand #237469725662:  Hold'em No Limit ($0.02/$0.05 USD) - 2022/07/19 21:22:11 PT [2022/07/20 0:22:11 ET]
Table 'Nocturna III' 9-max Seat #1 is the button
Seat 1: JayJayJohnson ($13.02 in chips) 
Seat 3: Mamamia337 ($5.73 in chips) 
Seat 4: lopesdsa ($2.17 in chips) 
Seat 5: Nursemaster ($5 in chips) 
Seat 6: Eighcehole ($6.13 in chips) 
Seat 7: webmarrr ($5.07 in chips) 
Seat 8: Dorex2007 ($7.67 in chips) 
Mamamia337: posts small blind $0.02
lopesdsa: posts big blind $0.05
*** HOLE CARDS ***
Dealt to Dorex2007 [Th 3d]
Nursemaster has timed out
Nursemaster: folds 
Eighcehole: folds 
webmarrr: folds 
Dorex2007: folds 
JayJayJohnson: folds 
Mamamia337: calls $0.03
lopesdsa: raises $0.10 to $0.15
Mamamia337: calls $0.10
*** FLOP *** [Jc 9c 4c]
Mamamia337: checks 
lopesdsa: bets $0.14
Mamamia337: calls $0.14
*** TURN *** [Jc 9c 4c] [5c]
Mamamia337: checks 
lopesdsa: checks 
*** RIVER *** [Jc 9c 4c 5c] [Td]
Mamamia337: bets $0.28
lopesdsa: folds 
Uncalled bet ($0.28) returned to Mamamia337
Mamamia337 collected $0.56 from pot
*** SUMMARY ***
Total pot $0.58 | Rake $0.02 
Board [Jc 9c 4c 5c Td]
Seat 1: JayJayJohnson (button) folded before Flop (didn't bet)
Seat 3: Mamamia337 (small blind) collected ($0.56)
Seat 4: lopesdsa (big blind) folded on the River
Seat 5: Nursemaster folded before Flop (didn't bet)
Seat 6: Eighcehole folded before Flop (didn't bet)
Seat 7: webmarrr folded before Flop (didn't bet)
Seat 8: Dorex2007 folded before Flop (didn't bet)



PokerStars Hand #237469732536:  Hold'em No Limit ($0.02/$0.05 USD) - 2022/07/19 21:23:04 PT [2022/07/20 0:23:04 ET]
Table 'Nocturna III' 9-max Seat #3 is the button
Seat 1: JayJayJohnson ($13.02 in chips) 
Seat 3: Mamamia337 ($6 in chips) 
Seat 4: lopesdsa ($1.88 in chips) 
Seat 5: Nursemaster ($5 in chips) 
Seat 6: Eighcehole ($6.13 in chips) 
Seat 7: webmarrr ($5.07 in chips) 
Seat 8: Dorex2007 ($7.67 in chips) 
lopesdsa: posts small blind $0.02
Nursemaster: posts big blind $0.05
geniuss: sits out 
westhamas: sits out 
*** HOLE CARDS ***
Dealt to Dorex2007 [Ac 3d]
Eighcehole: folds 
webmarrr: raises $0.10 to $0.15
Dorex2007: folds 
JayJayJohnson: folds 
Mamamia337: folds 
lopesdsa: folds 
Nursemaster: folds 
Uncalled bet ($0.10) returned to webmarrr
webmarrr collected $0.12 from pot
*** SUMMARY ***
Total pot $0.12 | Rake $0 
Seat 1: JayJayJohnson folded before Flop (didn't bet)
Seat 3: Mamamia337 (button) folded before Flop (didn't bet)
Seat 4: lopesdsa (small blind) folded before Flop
Seat 5: Nursemaster (big blind) folded before Flop
Seat 6: Eighcehole folded before Flop (didn't bet)
Seat 7: webmarrr collected ($0.12)
Seat 8: Dorex2007 folded before Flop (didn't bet)



PokerStars Hand #237469735251:  Hold'em No Limit ($0.02/$0.05 USD) - 2022/07/19 21:23:25 PT [2022/07/20 0:23:25 ET]
Table 'Nocturna III' 9-max Seat #4 is the button
Seat 1: JayJayJohnson ($13.02 in chips) 
Seat 3: Mamamia337 ($6 in chips) 
Seat 4: lopesdsa ($1.86 in chips) 
Seat 5: Nursemaster ($5 in chips) 
Seat 6: Eighcehole ($6.13 in chips) 
Seat 7: webmarrr ($5.14 in chips) 
Seat 8: Dorex2007 ($7.67 in chips) 
Nursemaster: posts small blind $0.02
Eighcehole: posts big blind $0.05
geniuss: sits out 
westhamas: sits out 
*** HOLE CARDS ***
Dealt to Dorex2007 [Qd 4s]
webmarrr: folds 
Dorex2007: folds 
JayJayJohnson: folds 
Mamamia337: folds 
lopesdsa: folds 
Nursemaster: folds 
Uncalled bet ($0.03) returned to Eighcehole
Eighcehole collected $0.04 from pot
*** SUMMARY ***
Total pot $0.04 | Rake $0 
Seat 1: JayJayJohnson folded before Flop (didn't bet)
Seat 3: Mamamia337 folded before Flop (didn't bet)
Seat 4: lopesdsa (button) folded before Flop (didn't bet)
Seat 5: Nursemaster (small blind) folded before Flop
Seat 6: Eighcehole (big blind) collected ($0.04)
Seat 7: webmarrr folded before Flop (didn't bet)
Seat 8: Dorex2007 folded before Flop (didn't bet)



PokerStars Hand #237469736400:  Hold'em No Limit ($0.02/$0.05 USD) - 2022/07/19 21:23:34 PT [2022/07/20 0:23:34 ET]
Table 'Nocturna III' 9-max Seat #5 is the button
Seat 1: JayJayJohnson ($13.02 in chips) 
Seat 3: Mamamia337 ($6 in chips) 
Seat 4: lopesdsa ($1.86 in chips) 
Seat 5: Nursemaster ($5 in chips) 
Seat 6: Eighcehole ($6.15 in chips) 
Seat 7: webmarrr ($5.14 in chips) 
Seat 8: Dorex2007 ($7.67 in chips) 
Eighcehole: posts small blind $0.02
webmarrr: posts big blind $0.05
geniuss: sits out 
westhamas: sits out 
*** HOLE CARDS ***
Dealt to Dorex2007 [8s Ad]
Dorex2007: folds 
JayJayJohnson: folds 
Mamamia337: folds 
lopesdsa: folds 
Nursemaster: folds 
Eighcehole: raises $0.05 to $0.10
webmarrr: folds 
Uncalled bet ($0.05) returned to Eighcehole
Eighcehole collected $0.10 from pot
*** SUMMARY ***
Total pot $0.10 | Rake $0 
Seat 1: JayJayJohnson folded before Flop (didn't bet)
Seat 3: Mamamia337 folded before Flop (didn't bet)
Seat 4: lopesdsa folded before Flop (didn't bet)
Seat 5: Nursemaster (button) folded before Flop (didn't bet)
Seat 6: Eighcehole (small blind) collected ($0.10)
Seat 7: webmarrr (big blind) folded before Flop
Seat 8: Dorex2007 folded before Flop (didn't bet)



PokerStars Hand #237469739356:  Hold'em No Limit ($0.02/$0.05 USD) - 2022/07/19 21:23:57 PT [2022/07/20 0:23:57 ET]
Table 'Nocturna III' 9-max Seat #6 is the button
Seat 1: JayJayJohnson ($13.02 in chips) 
Seat 3: Mamamia337 ($6 in chips) 
Seat 4: lopesdsa ($1.86 in chips) 
Seat 5: Nursemaster ($5 in chips) 
Seat 6: Eighcehole ($6.20 in chips) 
Seat 7: webmarrr ($5.09 in chips) 
Seat 8: Dorex2007 ($7.67 in chips) 
webmarrr: posts small blind $0.02
Dorex2007: posts big blind $0.05
geniuss: sits out 
westhamas: sits out 
*** HOLE CARDS ***
Dealt to Dorex2007 [8d Qs]
JayJayJohnson: folds 
Mamamia337: folds 
lopesdsa: folds 
Nursemaster: raises $0.10 to $0.15
Eighcehole: folds 
webmarrr: folds 
Dorex2007: folds 
Uncalled bet ($0.10) returned to Nursemaster
Nursemaster collected $0.12 from pot
*** SUMMARY ***
Total pot $0.12 | Rake $0 
Seat 1: JayJayJohnson folded before Flop (didn't bet)
Seat 3: Mamamia337 folded before Flop (didn't bet)
Seat 4: lopesdsa folded before Flop (didn't bet)
Seat 5: Nursemaster collected ($0.12)
Seat 6: Eighcehole (button) folded before Flop (didn't bet)
Seat 7: webmarrr (small blind) folded before Flop
Seat 8: Dorex2007 (big blind) folded before Flop



PokerStars Hand #237469750733:  Hold'em No Limit ($0.02/$0.05 USD) - 2022/07/19 21:24:31 PT [2022/07/20 0:24:31 ET]
Table 'Nocturna III' 9-max Seat #7 is the button
Seat 1: JayJayJohnson ($13.02 in chips) 
Seat 3: Mamamia337 ($6 in chips) 
Seat 4: lopesdsa ($1.86 in chips) 
Seat 5: Nursemaster ($5.07 in chips) 
Seat 6: Eighcehole ($6.20 in chips) 
Seat 7: webmarrr ($5.07 in chips) 
Seat 8: Dorex2007 ($7.62 in chips) 
Seat 9: geniuss ($5.55 in chips) 
Dorex2007: posts small blind $0.02
geniuss: posts big blind $0.05
westhamas: sits out 
*** HOLE CARDS ***
Dealt to Dorex2007 [9c Th]
JayJayJohnson: folds 
Mamamia337: folds 
lopesdsa: calls $0.05
Nursemaster: folds 
Eighcehole: raises $0.10 to $0.15
webmarrr: calls $0.15
Dorex2007: folds 
geniuss: folds 
lopesdsa: calls $0.10
*** FLOP *** [6s Kc 8c]
lopesdsa: checks 
Eighcehole: checks 
webmarrr: checks 
*** TURN *** [6s Kc 8c] [Ts]
lopesdsa: checks 
Eighcehole: bets $0.20
webmarrr: calls $0.20
lopesdsa: calls $0.20
*** RIVER *** [6s Kc 8c Ts] [8s]
lopesdsa: checks 
Eighcehole: bets $1.10
webmarrr: folds 
lopesdsa: folds 
Uncalled bet ($1.10) returned to Eighcehole
Eighcehole collected $1.07 from pot
*** SUMMARY ***
Total pot $1.12 | Rake $0.05 
Board [6s Kc 8c Ts 8s]
Seat 1: JayJayJohnson folded before Flop (didn't bet)
Seat 3: Mamamia337 folded before Flop (didn't bet)
Seat 4: lopesdsa folded on the River
Seat 5: Nursemaster folded before Flop (didn't bet)
Seat 6: Eighcehole collected ($1.07)
Seat 7: webmarrr (button) folded on the River
Seat 8: Dorex2007 (small blind) folded before Flop
Seat 9: geniuss (big blind) folded before Flop



PokerStars Hand #237469760732:  Hold'em No Limit ($0.02/$0.05 USD) - 2022/07/19 21:25:51 PT [2022/07/20 0:25:51 ET]
Table 'Nocturna III' 9-max Seat #8 is the button
Seat 1: JayJayJohnson ($13.02 in chips) 
Seat 3: Mamamia337 ($6 in chips) 
Seat 4: lopesdsa ($1.51 in chips) 
Seat 5: Nursemaster ($5.07 in chips) 
Seat 6: Eighcehole ($6.92 in chips) 
Seat 7: webmarrr ($5 in chips) 
Seat 8: Dorex2007 ($7.60 in chips) 
Seat 9: geniuss ($5.50 in chips) 
geniuss: posts small blind $0.02
JayJayJohnson: posts big blind $0.05
westhamas: sits out 
*** HOLE CARDS ***
Dealt to Dorex2007 [5d Tc]
Mamamia337: folds 
lopesdsa: raises $0.10 to $0.15
Nursemaster: folds 
Eighcehole: folds 
webmarrr: folds 
Dorex2007: folds 
geniuss: folds 
JayJayJohnson: calls $0.10
*** FLOP *** [9h 7d Jh]
JayJayJohnson: checks 
lopesdsa: checks 
*** TURN *** [9h 7d Jh] [2h]
JayJayJohnson: bets $0.15
lopesdsa: calls $0.15
*** RIVER *** [9h 7d Jh 2h] [8h]
JayJayJohnson: checks 
lopesdsa: bets $0.29
JayJayJohnson: folds 
Uncalled bet ($0.29) returned to lopesdsa
lopesdsa collected $0.59 from pot
*** SUMMARY ***
Total pot $0.62 | Rake $0.03 
Board [9h 7d Jh 2h 8h]
Seat 1: JayJayJohnson (big blind) folded on the River
Seat 3: Mamamia337 folded before Flop (didn't bet)
Seat 4: lopesdsa collected ($0.59)
Seat 5: Nursemaster folded before Flop (didn't bet)
Seat 6: Eighcehole folded before Flop (didn't bet)
Seat 7: webmarrr folded before Flop (didn't bet)
Seat 8: Dorex2007 (button) folded before Flop (didn't bet)
Seat 9: geniuss (small blind) folded before Flop



PokerStars Hand #237469765704:  Hold'em No Limit ($0.02/$0.05 USD) - 2022/07/19 21:26:31 PT [2022/07/20 0:26:31 ET]
Table 'Nocturna III' 9-max Seat #9 is the button
Seat 1: JayJayJohnson ($12.72 in chips) 
Seat 2: westhamas ($5 in chips) 
Seat 3: Mamamia337 ($6 in chips) 
Seat 4: lopesdsa ($1.80 in chips) 
Seat 5: Nursemaster ($5.07 in chips) 
Seat 6: Eighcehole ($6.92 in chips) 
Seat 7: webmarrr ($5 in chips) 
Seat 8: Dorex2007 ($7.60 in chips) 
Seat 9: geniuss ($5.48 in chips) 
JayJayJohnson: posts small blind $0.02
westhamas: posts big blind $0.05
*** HOLE CARDS ***
Dealt to Dorex2007 [9d As]
Mamamia337 has timed out
Mamamia337: folds 
lopesdsa: raises $0.10 to $0.15
Nursemaster: folds 
Eighcehole: folds 
webmarrr: folds 
Dorex2007: folds 
geniuss: folds 
JayJayJohnson: folds 
westhamas: folds 
Uncalled bet ($0.10) returned to lopesdsa
lopesdsa collected $0.12 from pot
*** SUMMARY ***
Total pot $0.12 | Rake $0 
Seat 1: JayJayJohnson (small blind) folded before Flop
Seat 2: westhamas (big blind) folded before Flop
Seat 3: Mamamia337 folded before Flop (didn't bet)
Seat 4: lopesdsa collected ($0.12)
Seat 5: Nursemaster folded before Flop (didn't bet)
Seat 6: Eighcehole folded before Flop (didn't bet)
Seat 7: webmarrr folded before Flop (didn't bet)
Seat 8: Dorex2007 folded before Flop (didn't bet)
Seat 9: geniuss (button) folded before Flop (didn't bet)



PokerStars Hand #237469770043:  Hold'em No Limit ($0.02/$0.05 USD) - 2022/07/19 21:27:04 PT [2022/07/20 0:27:04 ET]
Table 'Nocturna III' 9-max Seat #1 is the button
Seat 1: JayJayJohnson ($12.70 in chips) 
Seat 2: westhamas ($4.95 in chips) 
Seat 3: Mamamia337 ($6 in chips) 
Seat 4: lopesdsa ($1.87 in chips) 
Seat 5: Nursemaster ($5.07 in chips) 
Seat 6: Eighcehole ($6.92 in chips) 
Seat 7: webmarrr ($5 in chips) 
Seat 8: Dorex2007 ($7.60 in chips) 
Seat 9: geniuss ($5.48 in chips) 
westhamas: posts small blind $0.02
Mamamia337: posts big blind $0.05
*** HOLE CARDS ***
Dealt to Dorex2007 [9h 3h]
lopesdsa: folds 
Nursemaster: folds 
Eighcehole: folds 
webmarrr: raises $0.10 to $0.15
Dorex2007: folds 
geniuss: folds 
JayJayJohnson: folds 
westhamas: folds 
Mamamia337: folds 
Uncalled bet ($0.10) returned to webmarrr
webmarrr collected $0.12 from pot
*** SUMMARY ***
Total pot $0.12 | Rake $0 
Seat 1: JayJayJohnson (button) folded before Flop (didn't bet)
Seat 2: westhamas (small blind) folded before Flop
Seat 3: Mamamia337 (big blind) folded before Flop
Seat 4: lopesdsa folded before Flop (didn't bet)
Seat 5: Nursemaster folded before Flop (didn't bet)
Seat 6: Eighcehole folded before Flop (didn't bet)
Seat 7: webmarrr collected ($0.12)
Seat 8: Dorex2007 folded before Flop (didn't bet)
Seat 9: geniuss folded before Flop (didn't bet)



PokerStars Hand #237469772280:  Hold'em No Limit ($0.02/$0.05 USD) - 2022/07/19 21:27:22 PT [2022/07/20 0:27:22 ET]
Table 'Nocturna III' 9-max Seat #2 is the button
Seat 1: JayJayJohnson ($12.70 in chips) 
Seat 2: westhamas ($4.93 in chips) 
Seat 3: Mamamia337 ($5.95 in chips) 
Seat 4: lopesdsa ($1.87 in chips) 
Seat 5: Nursemaster ($5.07 in chips) 
Seat 6: Eighcehole ($6.92 in chips) 
Seat 7: webmarrr ($5.07 in chips) 
Seat 8: Dorex2007 ($7.60 in chips) 
Seat 9: geniuss ($5.48 in chips) 
Mamamia337: posts small blind $0.02
lopesdsa: posts big blind $0.05
*** HOLE CARDS ***
Dealt to Dorex2007 [4d 9s]
Nursemaster: folds 
Eighcehole: folds 
webmarrr: folds 
Dorex2007: folds 
geniuss: folds 
JayJayJohnson: folds 
westhamas: folds 
Mamamia337: calls $0.03
lopesdsa: raises $0.10 to $0.15
Mamamia337: calls $0.10
*** FLOP *** [Ad 3d 3s]
Mamamia337: checks 
lopesdsa: bets $0.29
Mamamia337: folds 
Uncalled bet ($0.29) returned to lopesdsa
lopesdsa collected $0.29 from pot
*** SUMMARY ***
Total pot $0.30 | Rake $0.01 
Board [Ad 3d 3s]
Seat 1: JayJayJohnson folded before Flop (didn't bet)
Seat 2: westhamas (button) folded before Flop (didn't bet)
Seat 3: Mamamia337 (small blind) folded on the Flop
Seat 4: lopesdsa (big blind) collected ($0.29)
Seat 5: Nursemaster folded before Flop (didn't bet)
Seat 6: Eighcehole folded before Flop (didn't bet)
Seat 7: webmarrr folded before Flop (didn't bet)
Seat 8: Dorex2007 folded before Flop (didn't bet)
Seat 9: geniuss folded before Flop (didn't bet)



PokerStars Hand #237469776995:  Hold'em No Limit ($0.02/$0.05 USD) - 2022/07/19 21:27:59 PT [2022/07/20 0:27:59 ET]
Table 'Nocturna III' 9-max Seat #3 is the button
Seat 1: JayJayJohnson ($12.70 in chips) 
Seat 2: westhamas ($4.93 in chips) 
Seat 3: Mamamia337 ($5.80 in chips) 
Seat 4: lopesdsa ($2.01 in chips) 
Seat 5: Nursemaster ($5.07 in chips) 
Seat 6: Eighcehole ($6.92 in chips) 
Seat 7: webmarrr ($5.07 in chips) 
Seat 8: Dorex2007 ($7.60 in chips) 
Seat 9: geniuss ($5.48 in chips) 
lopesdsa: posts small blind $0.02
Nursemaster: posts big blind $0.05
*** HOLE CARDS ***
Dealt to Dorex2007 [Kh 7h]
Eighcehole: folds 
webmarrr: folds 
Dorex2007: folds 
geniuss: folds 
JayJayJohnson: folds 
westhamas: folds 
Mamamia337: folds 
lopesdsa: calls $0.03
Nursemaster: raises $0.10 to $0.15
lopesdsa: folds 
Uncalled bet ($0.10) returned to Nursemaster
Nursemaster collected $0.10 from pot
*** SUMMARY ***
Total pot $0.10 | Rake $0 
Seat 1: JayJayJohnson folded before Flop (didn't bet)
Seat 2: westhamas folded before Flop (didn't bet)
Seat 3: Mamamia337 (button) folded before Flop (didn't bet)
Seat 4: lopesdsa (small blind) folded before Flop
Seat 5: Nursemaster (big blind) collected ($0.10)
Seat 6: Eighcehole folded before Flop (didn't bet)
Seat 7: webmarrr folded before Flop (didn't bet)
Seat 8: Dorex2007 folded before Flop (didn't bet)
Seat 9: geniuss folded before Flop (didn't bet)



PokerStars Hand #237469780438:  Hold'em No Limit ($0.02/$0.05 USD) - 2022/07/19 21:28:27 PT [2022/07/20 0:28:27 ET]
Table 'Nocturna III' 9-max Seat #4 is the button
Seat 1: JayJayJohnson ($12.70 in chips) 
Seat 2: westhamas ($4.93 in chips) 
Seat 3: Mamamia337 ($5.80 in chips) 
Seat 4: lopesdsa ($1.96 in chips) 
Seat 5: Nursemaster ($5.12 in chips) 
Seat 6: Eighcehole ($6.92 in chips) 
Seat 7: webmarrr ($5.07 in chips) 
Seat 8: Dorex2007 ($7.60 in chips) 
Seat 9: geniuss ($5.48 in chips) 
Nursemaster: posts small blind $0.02
Eighcehole: posts big blind $0.05
*** HOLE CARDS ***
Dealt to Dorex2007 [Th Ks]
webmarrr: folds 
Dorex2007: folds 
geniuss: folds 
JayJayJohnson: folds 
westhamas: folds 
Mamamia337: folds 
lopesdsa: raises $0.10 to $0.15
Nursemaster: folds 
Eighcehole: folds 
Uncalled bet ($0.10) returned to lopesdsa
Nursemaster leaves the table
lopesdsa collected $0.12 from pot
*** SUMMARY ***
Total pot $0.12 | Rake $0 
Seat 1: JayJayJohnson folded before Flop (didn't bet)
Seat 2: westhamas folded before Flop (didn't bet)
Seat 3: Mamamia337 folded before Flop (didn't bet)
Seat 4: lopesdsa (button) collected ($0.12)
Seat 5: Nursemaster (small blind) folded before Flop
Seat 6: Eighcehole (big blind) folded before Flop
Seat 7: webmarrr folded before Flop (didn't bet)
Seat 8: Dorex2007 folded before Flop (didn't bet)
Seat 9: geniuss folded before Flop (didn't bet)



PokerStars Hand #237469784691:  Hold'em No Limit ($0.02/$0.05 USD) - 2022/07/19 21:29:01 PT [2022/07/20 0:29:01 ET]
Table 'Nocturna III' 9-max Seat #6 is the button
Seat 1: JayJayJohnson ($12.70 in chips) 
Seat 2: westhamas ($4.93 in chips) 
Seat 3: Mamamia337 ($5.80 in chips) 
Seat 4: lopesdsa ($2.03 in chips) 
Seat 6: Eighcehole ($6.87 in chips) 
Seat 7: webmarrr ($5.07 in chips) 
Seat 8: Dorex2007 ($7.60 in chips) 
Seat 9: geniuss ($5.48 in chips) 
webmarrr: posts small blind $0.02
Dorex2007: posts big blind $0.05
*** HOLE CARDS ***
Dealt to Dorex2007 [6s Qc]
geniuss: folds 
JayJayJohnson: folds 
westhamas: raises $0.10 to $0.15
Mamamia337: calls $0.15
lopesdsa: folds 
Eighcehole: folds 
webmarrr: folds 
Dorex2007: folds 
*** FLOP *** [Ad Ah 8d]
westhamas: checks 
Mamamia337: checks 
*** TURN *** [Ad Ah 8d] [7s]
westhamas: checks 
Mamamia337: checks 
*** RIVER *** [Ad Ah 8d 7s] [4s]
westhamas: checks 
Mamamia337: checks 
*** SHOW DOWN ***
westhamas: shows [9h Jh] (a pair of Aces)
Mamamia337: shows [Js Ts] (a pair of Aces - Jack+Ten kicker)
Mamamia337 collected $0.35 from pot
*** SUMMARY ***
Total pot $0.37 | Rake $0.02 
Board [Ad Ah 8d 7s 4s]
Seat 1: JayJayJohnson folded before Flop (didn't bet)
Seat 2: westhamas showed [9h Jh] and lost with a pair of Aces
Seat 3: Mamamia337 showed [Js Ts] and won ($0.35) with a pair of Aces
Seat 4: lopesdsa folded before Flop (didn't bet)
Seat 6: Eighcehole (button) folded before Flop (didn't bet)
Seat 7: webmarrr (small blind) folded before Flop
Seat 8: Dorex2007 (big blind) folded before Flop
Seat 9: geniuss folded before Flop (didn't bet)



PokerStars Hand #237469790555:  Hold'em No Limit ($0.02/$0.05 USD) - 2022/07/19 21:29:49 PT [2022/07/20 0:29:49 ET]
Table 'Nocturna III' 9-max Seat #7 is the button
Seat 1: JayJayJohnson ($12.70 in chips) 
Seat 2: westhamas ($4.78 in chips) 
Seat 3: Mamamia337 ($6 in chips) 
Seat 4: lopesdsa ($2.03 in chips) 
Seat 6: Eighcehole ($6.87 in chips) 
Seat 7: webmarrr ($5.05 in chips) 
Seat 8: Dorex2007 ($7.55 in chips) 
Seat 9: geniuss ($5.48 in chips) 
Dorex2007: posts small blind $0.02
geniuss: posts big blind $0.05
*** HOLE CARDS ***
Dealt to Dorex2007 [3d Qh]
JayJayJohnson: folds 
westhamas: folds 
Mamamia337: folds 
lopesdsa: folds 
Eighcehole: folds 
webmarrr: raises $0.07 to $0.12
Dorex2007: folds 
geniuss: folds 
Uncalled bet ($0.07) returned to webmarrr
webmarrr collected $0.12 from pot
*** SUMMARY ***
Total pot $0.12 | Rake $0 
Seat 1: JayJayJohnson folded before Flop (didn't bet)
Seat 2: westhamas folded before Flop (didn't bet)
Seat 3: Mamamia337 folded before Flop (didn't bet)
Seat 4: lopesdsa folded before Flop (didn't bet)
Seat 6: Eighcehole folded before Flop (didn't bet)
Seat 7: webmarrr (button) collected ($0.12)
Seat 8: Dorex2007 (small blind) folded before Flop
Seat 9: geniuss (big blind) folded before Flop



PokerStars Hand #237469792735:  Hold'em No Limit ($0.02/$0.05 USD) - 2022/07/19 21:30:07 PT [2022/07/20 0:30:07 ET]
Table 'Nocturna III' 9-max Seat #8 is the button
Seat 1: JayJayJohnson ($12.70 in chips) 
Seat 2: westhamas ($4.78 in chips) 
Seat 3: Mamamia337 ($6 in chips) 
Seat 4: lopesdsa ($2.03 in chips) 
Seat 6: Eighcehole ($6.87 in chips) 
Seat 7: webmarrr ($5.12 in chips) 
Seat 8: Dorex2007 ($7.53 in chips) 
Seat 9: geniuss ($5.43 in chips) 
geniuss: posts small blind $0.02
JayJayJohnson: posts big blind $0.05
*** HOLE CARDS ***
Dealt to Dorex2007 [Th 6c]
westhamas: folds 
Mamamia337: folds 
lopesdsa: folds 
laurentis9 joins the table at seat #5 
Eighcehole: raises $0.10 to $0.15
webmarrr: folds 
Dorex2007: folds 
geniuss: folds 
JayJayJohnson: folds 
Uncalled bet ($0.10) returned to Eighcehole
Eighcehole collected $0.12 from pot
*** SUMMARY ***
Total pot $0.12 | Rake $0 
Seat 1: JayJayJohnson (big blind) folded before Flop
Seat 2: westhamas folded before Flop (didn't bet)
Seat 3: Mamamia337 folded before Flop (didn't bet)
Seat 4: lopesdsa folded before Flop (didn't bet)
Seat 6: Eighcehole collected ($0.12)
Seat 7: webmarrr folded before Flop (didn't bet)
Seat 8: Dorex2007 (button) folded before Flop (didn't bet)
Seat 9: geniuss (small blind) folded before Flop



PokerStars Hand #237469795854:  Hold'em No Limit ($0.02/$0.05 USD) - 2022/07/19 21:30:31 PT [2022/07/20 0:30:31 ET]
Table 'Nocturna III' 9-max Seat #9 is the button
Seat 1: JayJayJohnson ($12.65 in chips) 
Seat 2: westhamas ($4.78 in chips) 
Seat 3: Mamamia337 ($6 in chips) 
Seat 4: lopesdsa ($2.03 in chips) 
Seat 5: laurentis9 ($5 in chips) 
Seat 6: Eighcehole ($6.94 in chips) 
Seat 7: webmarrr ($5.12 in chips) 
Seat 8: Dorex2007 ($7.53 in chips) 
Seat 9: geniuss ($5.41 in chips) 
JayJayJohnson: posts small blind $0.02
westhamas: posts big blind $0.05
laurentis9: posts big blind $0.05
*** HOLE CARDS ***
Dealt to Dorex2007 [9s Jd]
Mamamia337: folds 
lopesdsa: folds 
laurentis9: checks 
Eighcehole: folds 
webmarrr: folds 
Dorex2007: folds 
geniuss: folds 
JayJayJohnson: folds 
westhamas: checks 
*** FLOP *** [7s 5h 3h]
westhamas: checks 
laurentis9: checks 
*** TURN *** [7s 5h 3h] [2s]
westhamas: checks 
laurentis9: checks 
*** RIVER *** [7s 5h 3h 2s] [Qd]
westhamas: checks 
laurentis9: checks 
*** SHOW DOWN ***
westhamas: shows [8h Kh] (high card King)
laurentis9: mucks hand 
westhamas collected $0.12 from pot
*** SUMMARY ***
Total pot $0.12 | Rake $0 
Board [7s 5h 3h 2s Qd]
Seat 1: JayJayJohnson (small blind) folded before Flop
Seat 2: westhamas (big blind) showed [8h Kh] and won ($0.12) with high card King
Seat 3: Mamamia337 folded before Flop (didn't bet)
Seat 4: lopesdsa folded before Flop (didn't bet)
Seat 5: laurentis9 mucked [6c Td]
Seat 6: Eighcehole folded before Flop (didn't bet)
Seat 7: webmarrr folded before Flop (didn't bet)
Seat 8: Dorex2007 folded before Flop (didn't bet)
Seat 9: geniuss (button) folded before Flop (didn't bet)



PokerStars Hand #237469799971:  Hold'em No Limit ($0.02/$0.05 USD) - 2022/07/19 21:31:05 PT [2022/07/20 0:31:05 ET]
Table 'Nocturna III' 9-max Seat #1 is the button
Seat 1: JayJayJohnson ($12.63 in chips) 
Seat 2: westhamas ($4.85 in chips) 
Seat 3: Mamamia337 ($6 in chips) 
Seat 4: lopesdsa ($2.03 in chips) 
Seat 5: laurentis9 ($4.95 in chips) 
Seat 6: Eighcehole ($6.94 in chips) 
Seat 7: webmarrr ($5.12 in chips) 
Seat 8: Dorex2007 ($7.53 in chips) 
Seat 9: geniuss ($5.41 in chips) 
westhamas: posts small blind $0.02
Mamamia337: posts big blind $0.05
*** HOLE CARDS ***
Dealt to Dorex2007 [Td As]
lopesdsa: folds 
laurentis9: calls $0.05
Eighcehole: folds 
webmarrr: folds 
Dorex2007: folds 
geniuss: raises $0.10 to $0.15
JayJayJohnson: folds 
westhamas: folds 
Mamamia337: folds 
laurentis9: calls $0.10
*** FLOP *** [5s Qc 4s]
laurentis9: checks 
geniuss: bets $0.25
laurentis9: calls $0.25
*** TURN *** [5s Qc 4s] [6s]
laurentis9: checks 
geniuss: checks 
*** RIVER *** [5s Qc 4s 6s] [Jc]
laurentis9: bets $0.83
geniuss: calls $0.83
*** SHOW DOWN ***
laurentis9: shows [Ks 4c] (a pair of Fours)
geniuss: shows [Ah Qh] (a pair of Queens)
geniuss collected $2.43 from pot
*** SUMMARY ***
Total pot $2.53 | Rake $0.10 
Board [5s Qc 4s 6s Jc]
Seat 1: JayJayJohnson (button) folded before Flop (didn't bet)
Seat 2: westhamas (small blind) folded before Flop
Seat 3: Mamamia337 (big blind) folded before Flop
Seat 4: lopesdsa folded before Flop (didn't bet)
Seat 5: laurentis9 showed [Ks 4c] and lost with a pair of Fours
Seat 6: Eighcehole folded before Flop (didn't bet)
Seat 7: webmarrr folded before Flop (didn't bet)
Seat 8: Dorex2007 folded before Flop (didn't bet)
Seat 9: geniuss showed [Ah Qh] and won ($2.43) with a pair of Queens



PokerStars Hand #237469805493:  Hold'em No Limit ($0.02/$0.05 USD) - 2022/07/19 21:31:48 PT [2022/07/20 0:31:48 ET]
Table 'Nocturna III' 9-max Seat #2 is the button
Seat 1: JayJayJohnson ($12.63 in chips) 
Seat 2: westhamas ($4.83 in chips) 
Seat 3: Mamamia337 ($5.95 in chips) 
Seat 4: lopesdsa ($2.03 in chips) 
Seat 5: laurentis9 ($3.72 in chips) 
Seat 6: Eighcehole ($6.94 in chips) 
Seat 7: webmarrr ($5.12 in chips) 
Seat 8: Dorex2007 ($7.53 in chips) 
Seat 9: geniuss ($6.61 in chips) 
Mamamia337: posts small blind $0.02
lopesdsa: posts big blind $0.05
*** HOLE CARDS ***
Dealt to Dorex2007 [9h 3c]
laurentis9: folds 
Eighcehole: folds 
webmarrr: folds 
Dorex2007: folds 
geniuss: folds 
JayJayJohnson: folds 
westhamas: folds 
Mamamia337: raises $0.10 to $0.15
lopesdsa: raises $0.10 to $0.25
Mamamia337: calls $0.10
*** FLOP *** [Kh 8d 7s]
Mamamia337: bets $0.25
lopesdsa: folds 
Uncalled bet ($0.25) returned to Mamamia337
Mamamia337 collected $0.48 from pot
*** SUMMARY ***
Total pot $0.50 | Rake $0.02 
Board [Kh 8d 7s]
Seat 1: JayJayJohnson folded before Flop (didn't bet)
Seat 2: westhamas (button) folded before Flop (didn't bet)
Seat 3: Mamamia337 (small blind) collected ($0.48)
Seat 4: lopesdsa (big blind) folded on the Flop
Seat 5: laurentis9 folded before Flop (didn't bet)
Seat 6: Eighcehole folded before Flop (didn't bet)
Seat 7: webmarrr folded before Flop (didn't bet)
Seat 8: Dorex2007 folded before Flop (didn't bet)
Seat 9: geniuss folded before Flop (didn't bet)



PokerStars Hand #237469809579:  Hold'em No Limit ($0.02/$0.05 USD) - 2022/07/19 21:32:21 PT [2022/07/20 0:32:21 ET]
Table 'Nocturna III' 9-max Seat #3 is the button
Seat 1: JayJayJohnson ($12.63 in chips) 
Seat 2: westhamas ($4.83 in chips) 
Seat 3: Mamamia337 ($6.18 in chips) 
Seat 4: lopesdsa ($1.78 in chips) 
Seat 5: laurentis9 ($3.72 in chips) 
Seat 6: Eighcehole ($6.94 in chips) 
Seat 7: webmarrr ($5.12 in chips) 
Seat 8: Dorex2007 ($7.53 in chips) 
Seat 9: geniuss ($6.61 in chips) 
lopesdsa: posts small blind $0.02
laurentis9: posts big blind $0.05
*** HOLE CARDS ***
Dealt to Dorex2007 [8d 6d]
Eighcehole: folds 
webmarrr: raises $0.10 to $0.15
Dorex2007: folds 
geniuss: folds 
JayJayJohnson: folds 
westhamas: folds 
Mamamia337: folds 
lopesdsa: calls $0.13
laurentis9: folds 
*** FLOP *** [Ad 4h 8c]
lopesdsa: checks 
webmarrr: bets $0.11
lopesdsa: raises $0.56 to $0.67
webmarrr: folds 
Uncalled bet ($0.56) returned to lopesdsa
lopesdsa collected $0.55 from pot
*** SUMMARY ***
Total pot $0.57 | Rake $0.02 
Board [Ad 4h 8c]
Seat 1: JayJayJohnson folded before Flop (didn't bet)
Seat 2: westhamas folded before Flop (didn't bet)
Seat 3: Mamamia337 (button) folded before Flop (didn't bet)
Seat 4: lopesdsa (small blind) collected ($0.55)
Seat 5: laurentis9 (big blind) folded before Flop
Seat 6: Eighcehole folded before Flop (didn't bet)
Seat 7: webmarrr folded on the Flop
Seat 8: Dorex2007 folded before Flop (didn't bet)
Seat 9: geniuss folded before Flop (didn't bet)



PokerStars Hand #237469814540:  Hold'em No Limit ($0.02/$0.05 USD) - 2022/07/19 21:33:02 PT [2022/07/20 0:33:02 ET]
Table 'Nocturna III' 9-max Seat #4 is the button
Seat 1: JayJayJohnson ($12.63 in chips) 
Seat 2: westhamas ($4.83 in chips) 
Seat 3: Mamamia337 ($6.18 in chips) 
Seat 4: lopesdsa ($2.07 in chips) 
Seat 5: laurentis9 ($3.67 in chips) 
Seat 6: Eighcehole ($6.94 in chips) 
Seat 7: webmarrr ($5 in chips) 
Seat 8: Dorex2007 ($7.53 in chips) 
Seat 9: geniuss ($6.61 in chips) 
laurentis9: posts small blind $0.02
Eighcehole: posts big blind $0.05
*** HOLE CARDS ***
Dealt to Dorex2007 [Jd 9s]
webmarrr: folds 
Dorex2007: folds 
geniuss: folds 
JayJayJohnson: folds 
JayJayJohnson leaves the table
westhamas: folds 
Mamamia337: folds 
lopesdsa: folds 
laurentis9: folds 
Uncalled bet ($0.03) returned to Eighcehole
Eighcehole collected $0.04 from pot
*** SUMMARY ***
Total pot $0.04 | Rake $0 
Seat 1: JayJayJohnson folded before Flop (didn't bet)
Seat 2: westhamas folded before Flop (didn't bet)
Seat 3: Mamamia337 folded before Flop (didn't bet)
Seat 4: lopesdsa (button) folded before Flop (didn't bet)
Seat 5: laurentis9 (small blind) folded before Flop
Seat 6: Eighcehole (big blind) collected ($0.04)
Seat 7: webmarrr folded before Flop (didn't bet)
Seat 8: Dorex2007 folded before Flop (didn't bet)
Seat 9: geniuss folded before Flop (didn't bet)



PokerStars Hand #237469816963:  Hold'em No Limit ($0.02/$0.05 USD) - 2022/07/19 21:33:21 PT [2022/07/20 0:33:21 ET]
Table 'Nocturna III' 9-max Seat #5 is the button
Seat 2: westhamas ($4.83 in chips) 
Seat 3: Mamamia337 ($6.18 in chips) 
Seat 4: lopesdsa ($2.07 in chips) 
Seat 5: laurentis9 ($3.65 in chips) 
Seat 6: Eighcehole ($6.96 in chips) 
Seat 7: webmarrr ($5 in chips) 
Seat 8: Dorex2007 ($7.53 in chips) 
Seat 9: geniuss ($6.61 in chips) 
Eighcehole: posts small blind $0.02
webmarrr: posts big blind $0.05
*** HOLE CARDS ***
Dealt to Dorex2007 [Ts 4h]
paragraf joins the table at seat #1 
Dorex2007: folds 
geniuss: folds 
westhamas: raises $0.10 to $0.15
Mamamia337: folds 
lopesdsa: folds 
laurentis9: folds 
Eighcehole: folds 
webmarrr: folds 
Uncalled bet ($0.10) returned to westhamas
westhamas collected $0.12 from pot
*** SUMMARY ***
Total pot $0.12 | Rake $0 
Seat 2: westhamas collected ($0.12)
Seat 3: Mamamia337 folded before Flop (didn't bet)
Seat 4: lopesdsa folded before Flop (didn't bet)
Seat 5: laurentis9 (button) folded before Flop (didn't bet)
Seat 6: Eighcehole (small blind) folded before Flop
Seat 7: webmarrr (big blind) folded before Flop
Seat 8: Dorex2007 folded before Flop (didn't bet)
Seat 9: geniuss folded before Flop (didn't bet)



PokerStars Hand #237469820372:  Hold'em No Limit ($0.02/$0.05 USD) - 2022/07/19 21:33:48 PT [2022/07/20 0:33:48 ET]
Table 'Nocturna III' 9-max Seat #6 is the button
Seat 1: paragraf ($3 in chips) 
Seat 2: westhamas ($4.90 in chips) 
Seat 3: Mamamia337 ($6.18 in chips) 
Seat 4: lopesdsa ($2.07 in chips) 
Seat 5: laurentis9 ($3.65 in chips) 
Seat 6: Eighcehole ($6.94 in chips) 
Seat 7: webmarrr ($5 in chips) 
Seat 8: Dorex2007 ($7.53 in chips) 
Seat 9: geniuss ($6.61 in chips) 
webmarrr: posts small blind $0.02
Dorex2007: posts big blind $0.05
paragraf: posts big blind $0.05
*** HOLE CARDS ***
Dealt to Dorex2007 [4h 2c]
geniuss: folds 
paragraf: checks 
westhamas: folds 
Mamamia337: calls $0.05
lopesdsa: folds 
laurentis9: calls $0.05
Eighcehole: folds 
webmarrr: folds 
Dorex2007: checks 
*** FLOP *** [3c Ts As]
Dorex2007: checks 
paragraf: checks 
Mamamia337: checks 
laurentis9: checks 
*** TURN *** [3c Ts As] [7h]
Dorex2007: checks 
paragraf: checks 
Mamamia337: bets $0.10
laurentis9: calls $0.10
Dorex2007: folds 
paragraf: folds 
*** RIVER *** [3c Ts As 7h] [Ah]
Mamamia337: bets $0.10
laurentis9: folds 
Uncalled bet ($0.10) returned to Mamamia337
Mamamia337 collected $0.40 from pot
*** SUMMARY ***
Total pot $0.42 | Rake $0.02 
Board [3c Ts As 7h Ah]
Seat 1: paragraf folded on the Turn (didn't bet)
Seat 2: westhamas folded before Flop (didn't bet)
Seat 3: Mamamia337 collected ($0.40)
Seat 4: lopesdsa folded before Flop (didn't bet)
Seat 5: laurentis9 folded on the River
Seat 6: Eighcehole (button) folded before Flop (didn't bet)
Seat 7: webmarrr (small blind) folded before Flop
Seat 8: Dorex2007 (big blind) folded on the Turn
Seat 9: geniuss folded before Flop (didn't bet)



PokerStars Hand #237469827839:  Hold'em No Limit ($0.02/$0.05 USD) - 2022/07/19 21:34:49 PT [2022/07/20 0:34:49 ET]
Table 'Nocturna III' 9-max Seat #7 is the button
Seat 1: paragraf ($2.95 in chips) 
Seat 2: westhamas ($4.90 in chips) 
Seat 3: Mamamia337 ($6.43 in chips) 
Seat 4: lopesdsa ($2.07 in chips) 
Seat 5: laurentis9 ($3.50 in chips) 
Seat 6: Eighcehole ($6.94 in chips) 
Seat 7: webmarrr ($5 in chips) 
Seat 8: Dorex2007 ($7.48 in chips) 
Seat 9: geniuss ($6.61 in chips) 
Dorex2007: posts small blind $0.02
geniuss: posts big blind $0.05
*** HOLE CARDS ***
Dealt to Dorex2007 [Td 7d]
paragraf: folds 
westhamas: folds 
Mamamia337: folds 
lopesdsa: folds 
laurentis9: folds 
Eighcehole: folds 
webmarrr: raises $0.07 to $0.12
Dorex2007: folds 
geniuss: raises $0.18 to $0.30
webmarrr: folds 
Uncalled bet ($0.18) returned to geniuss
geniuss collected $0.26 from pot
*** SUMMARY ***
Total pot $0.26 | Rake $0 
Seat 1: paragraf folded before Flop (didn't bet)
Seat 2: westhamas folded before Flop (didn't bet)
Seat 3: Mamamia337 folded before Flop (didn't bet)
Seat 4: lopesdsa folded before Flop (didn't bet)
Seat 5: laurentis9 folded before Flop (didn't bet)
Seat 6: Eighcehole folded before Flop (didn't bet)
Seat 7: webmarrr (button) folded before Flop
Seat 8: Dorex2007 (small blind) folded before Flop
Seat 9: geniuss (big blind) collected ($0.26)



PokerStars Hand #237469832266:  Hold'em No Limit ($0.02/$0.05 USD) - 2022/07/19 21:35:24 PT [2022/07/20 0:35:24 ET]
Table 'Nocturna III' 9-max Seat #8 is the button
Seat 1: paragraf ($2.95 in chips) 
Seat 2: westhamas ($4.90 in chips) 
Seat 3: Mamamia337 ($6.43 in chips) 
Seat 4: lopesdsa ($2.07 in chips) 
Seat 5: laurentis9 ($3.50 in chips) 
Seat 6: Eighcehole ($6.94 in chips) 
Seat 7: webmarrr ($5 in chips) 
Seat 8: Dorex2007 ($7.46 in chips) 
Seat 9: geniuss ($6.75 in chips) 
geniuss: posts small blind $0.02
paragraf: posts big blind $0.05
*** HOLE CARDS ***
Dealt to Dorex2007 [7h 4c]
westhamas: folds 
Mamamia337: folds 
lopesdsa: raises $0.05 to $0.10
laurentis9: folds 
Eighcehole: folds 
webmarrr: folds 
Dorex2007: folds 
geniuss: folds 
paragraf: calls $0.05
*** FLOP *** [7s 2h 8c]
paragraf: bets $0.10
lopesdsa: calls $0.10
*** TURN *** [7s 2h 8c] [4h]
paragraf: checks 
lopesdsa: checks 
*** RIVER *** [7s 2h 8c 4h] [Qc]
paragraf: bets $0.15
lopesdsa: raises $0.40 to $0.55
paragraf: calls $0.40
*** SHOW DOWN ***
lopesdsa: shows [9c Ad] (high card Ace)
paragraf: shows [4s 2s] (two pair, Fours and Deuces)
paragraf collected $1.44 from pot
*** SUMMARY ***
Total pot $1.52 | Rake $0.08 
Board [7s 2h 8c 4h Qc]
Seat 1: paragraf (big blind) showed [4s 2s] and won ($1.44) with two pair, Fours and Deuces
Seat 2: westhamas folded before Flop (didn't bet)
Seat 3: Mamamia337 folded before Flop (didn't bet)
Seat 4: lopesdsa showed [9c Ad] and lost with high card Ace
Seat 5: laurentis9 folded before Flop (didn't bet)
Seat 6: Eighcehole folded before Flop (didn't bet)
Seat 7: webmarrr folded before Flop (didn't bet)
Seat 8: Dorex2007 (button) folded before Flop (didn't bet)
Seat 9: geniuss (small blind) folded before Flop



PokerStars Hand #237469837829:  Hold'em No Limit ($0.02/$0.05 USD) - 2022/07/19 21:36:10 PT [2022/07/20 0:36:10 ET]
Table 'Nocturna III' 9-max Seat #9 is the button
Seat 1: paragraf ($3.64 in chips) 
Seat 2: westhamas ($4.90 in chips) 
Seat 3: Mamamia337 ($6.43 in chips) 
Seat 4: lopesdsa ($1.32 in chips) 
Seat 5: laurentis9 ($3.50 in chips) 
Seat 6: Eighcehole ($6.94 in chips) 
Seat 7: webmarrr ($5 in chips) 
Seat 8: Dorex2007 ($7.46 in chips) 
Seat 9: geniuss ($6.73 in chips) 
paragraf: posts small blind $0.02
westhamas: posts big blind $0.05
*** HOLE CARDS ***
Dealt to Dorex2007 [Qs 6c]
Mamamia337: folds 
lopesdsa: folds 
laurentis9: folds 
Eighcehole: folds 
webmarrr: raises $0.10 to $0.15
Dorex2007: folds 
geniuss: folds 
paragraf: folds 
westhamas: folds 
Uncalled bet ($0.10) returned to webmarrr
webmarrr collected $0.12 from pot
*** SUMMARY ***
Total pot $0.12 | Rake $0 
Seat 1: paragraf (small blind) folded before Flop
Seat 2: westhamas (big blind) folded before Flop
Seat 3: Mamamia337 folded before Flop (didn't bet)
Seat 4: lopesdsa folded before Flop (didn't bet)
Seat 5: laurentis9 folded before Flop (didn't bet)
Seat 6: Eighcehole folded before Flop (didn't bet)
Seat 7: webmarrr collected ($0.12)
Seat 8: Dorex2007 folded before Flop (didn't bet)
Seat 9: geniuss (button) folded before Flop (didn't bet)



PokerStars Hand #237469841407:  Hold'em No Limit ($0.02/$0.05 USD) - 2022/07/19 21:36:36 PT [2022/07/20 0:36:36 ET]
Table 'Nocturna III' 9-max Seat #1 is the button
Seat 1: paragraf ($3.62 in chips) 
Seat 2: westhamas ($4.85 in chips) 
Seat 3: Mamamia337 ($6.43 in chips) 
Seat 4: lopesdsa ($1.32 in chips) 
Seat 5: laurentis9 ($3.50 in chips) 
Seat 6: Eighcehole ($6.94 in chips) 
Seat 7: webmarrr ($5.07 in chips) 
Seat 8: Dorex2007 ($7.46 in chips) 
Seat 9: geniuss ($6.73 in chips) 
westhamas: posts small blind $0.02
Mamamia337: posts big blind $0.05
*** HOLE CARDS ***
Dealt to Dorex2007 [5s 7h]
lopesdsa: calls $0.05
laurentis9: folds 
Eighcehole: folds 
webmarrr: folds 
Dorex2007: folds 
geniuss: folds 
paragraf: folds 
westhamas: folds 
Mamamia337: checks 
*** FLOP *** [As Tc 8d]
Mamamia337: checks 
lopesdsa: bets $0.10
Mamamia337: folds 
Uncalled bet ($0.10) returned to lopesdsa
lopesdsa collected $0.12 from pot
*** SUMMARY ***
Total pot $0.12 | Rake $0 
Board [As Tc 8d]
Seat 1: paragraf (button) folded before Flop (didn't bet)
Seat 2: westhamas (small blind) folded before Flop
Seat 3: Mamamia337 (big blind) folded on the Flop
Seat 4: lopesdsa collected ($0.12)
Seat 5: laurentis9 folded before Flop (didn't bet)
Seat 6: Eighcehole folded before Flop (didn't bet)
Seat 7: webmarrr folded before Flop (didn't bet)
Seat 8: Dorex2007 folded before Flop (didn't bet)
Seat 9: geniuss folded before Flop (didn't bet)



PokerStars Hand #237469844928:  Hold'em No Limit ($0.02/$0.05 USD) - 2022/07/19 21:37:04 PT [2022/07/20 0:37:04 ET]
Table 'Nocturna III' 9-max Seat #2 is the button
Seat 1: paragraf ($3.62 in chips) 
Seat 2: westhamas ($4.83 in chips) 
Seat 3: Mamamia337 ($6.38 in chips) 
Seat 4: lopesdsa ($1.39 in chips) 
Seat 5: laurentis9 ($3.50 in chips) 
Seat 6: Eighcehole ($6.94 in chips) 
Seat 7: webmarrr ($5.07 in chips) 
Seat 8: Dorex2007 ($7.46 in chips) 
Seat 9: geniuss ($6.73 in chips) 
Mamamia337: posts small blind $0.02
lopesdsa: posts big blind $0.05
*** HOLE CARDS ***
Dealt to Dorex2007 [5d 3d]
laurentis9: calls $0.05
Eighcehole: folds 
webmarrr: folds 
Dorex2007: folds 
geniuss: folds 
paragraf: folds 
westhamas: folds 
Mamamia337: calls $0.03
lopesdsa: checks 
*** FLOP *** [4h Jh Kc]
Mamamia337: checks 
lopesdsa: checks 
laurentis9: checks 
*** TURN *** [4h Jh Kc] [Ad]
Mamamia337: bets $0.05
lopesdsa: calls $0.05
laurentis9: calls $0.05
*** RIVER *** [4h Jh Kc Ad] [Js]
Mamamia337: checks 
lopesdsa: checks 
laurentis9: checks 
*** SHOW DOWN ***
Mamamia337: shows [As 4c] (two pair, Aces and Jacks)
lopesdsa: mucks hand 
laurentis9: shows [Ac 3h] (two pair, Aces and Jacks)
Mamamia337 collected $0.15 from pot
laurentis9 collected $0.14 from pot
*** SUMMARY ***
Total pot $0.30 | Rake $0.01 
Board [4h Jh Kc Ad Js]
Seat 1: paragraf folded before Flop (didn't bet)
Seat 2: westhamas (button) folded before Flop (didn't bet)
Seat 3: Mamamia337 (small blind) showed [As 4c] and won ($0.15) with two pair, Aces and Jacks
Seat 4: lopesdsa (big blind) mucked [7h 9h]
Seat 5: laurentis9 showed [Ac 3h] and won ($0.14) with two pair, Aces and Jacks
Seat 6: Eighcehole folded before Flop (didn't bet)
Seat 7: webmarrr folded before Flop (didn't bet)
Seat 8: Dorex2007 folded before Flop (didn't bet)
Seat 9: geniuss folded before Flop (didn't bet)



PokerStars Hand #237469850793:  Hold'em No Limit ($0.02/$0.05 USD) - 2022/07/19 21:37:51 PT [2022/07/20 0:37:51 ET]
Table 'Nocturna III' 9-max Seat #3 is the button
Seat 1: paragraf ($3.62 in chips) 
Seat 2: westhamas ($4.83 in chips) 
Seat 3: Mamamia337 ($6.43 in chips) 
Seat 4: lopesdsa ($1.29 in chips) 
Seat 5: laurentis9 ($3.54 in chips) 
Seat 6: Eighcehole ($6.94 in chips) 
Seat 7: webmarrr ($5.07 in chips) 
Seat 8: Dorex2007 ($7.46 in chips) 
Seat 9: geniuss ($6.73 in chips) 
lopesdsa: posts small blind $0.02
laurentis9: posts big blind $0.05
*** HOLE CARDS ***
Dealt to Dorex2007 [9s 4s]
Eighcehole: folds 
webmarrr: folds 
Dorex2007: folds 
geniuss: folds 
paragraf: folds 
westhamas: folds 
Mamamia337: raises $0.10 to $0.15
lopesdsa: folds 
laurentis9: folds 
Uncalled bet ($0.10) returned to Mamamia337
Mamamia337 collected $0.12 from pot
*** SUMMARY ***
Total pot $0.12 | Rake $0 
Seat 1: paragraf folded before Flop (didn't bet)
Seat 2: westhamas folded before Flop (didn't bet)
Seat 3: Mamamia337 (button) collected ($0.12)
Seat 4: lopesdsa (small blind) folded before Flop
Seat 5: laurentis9 (big blind) folded before Flop
Seat 6: Eighcehole folded before Flop (didn't bet)
Seat 7: webmarrr folded before Flop (didn't bet)
Seat 8: Dorex2007 folded before Flop (didn't bet)
Seat 9: geniuss folded before Flop (didn't bet)



PokerStars Hand #237469853824:  Hold'em No Limit ($0.02/$0.05 USD) - 2022/07/19 21:38:15 PT [2022/07/20 0:38:15 ET]
Table 'Nocturna III' 9-max Seat #4 is the button
Seat 1: paragraf ($3.62 in chips) 
Seat 2: westhamas ($4.83 in chips) 
Seat 3: Mamamia337 ($6.50 in chips) 
Seat 4: lopesdsa ($1.27 in chips) 
Seat 5: laurentis9 ($3.49 in chips) 
Seat 6: Eighcehole ($6.94 in chips) 
Seat 7: webmarrr ($5.07 in chips) 
Seat 8: Dorex2007 ($7.46 in chips) 
Seat 9: geniuss ($6.73 in chips) 
laurentis9: posts small blind $0.02
Eighcehole: posts big blind $0.05
*** HOLE CARDS ***
Dealt to Dorex2007 [Tc 6h]
webmarrr: folds 
Dorex2007: folds 
geniuss: folds 
paragraf: folds 
westhamas: folds 
Mamamia337: raises $0.07 to $0.12
lopesdsa: folds 
laurentis9: folds 
Eighcehole: folds 
Uncalled bet ($0.07) returned to Mamamia337
Mamamia337 collected $0.12 from pot
*** SUMMARY ***
Total pot $0.12 | Rake $0 
Seat 1: paragraf folded before Flop (didn't bet)
Seat 2: westhamas folded before Flop (didn't bet)
Seat 3: Mamamia337 collected ($0.12)
Seat 4: lopesdsa (button) folded before Flop (didn't bet)
Seat 5: laurentis9 (small blind) folded before Flop
Seat 6: Eighcehole (big blind) folded before Flop
Seat 7: webmarrr folded before Flop (didn't bet)
Seat 8: Dorex2007 folded before Flop (didn't bet)
Seat 9: geniuss folded before Flop (didn't bet)



PokerStars Hand #237469863145:  Hold'em No Limit ($0.02/$0.05 USD) - 2022/07/19 21:38:42 PT [2022/07/20 0:38:42 ET]
Table 'Nocturna III' 9-max Seat #5 is the button
Seat 1: paragraf ($3.62 in chips) 
Seat 2: westhamas ($4.83 in chips) 
Seat 3: Mamamia337 ($6.57 in chips) 
Seat 4: lopesdsa ($1.27 in chips) 
Seat 5: laurentis9 ($3.47 in chips) 
Seat 6: Eighcehole ($6.89 in chips) 
Seat 7: webmarrr ($5.07 in chips) 
Seat 8: Dorex2007 ($7.46 in chips) 
Seat 9: geniuss ($6.73 in chips) 
Eighcehole: posts small blind $0.02
webmarrr: posts big blind $0.05
*** HOLE CARDS ***
Dealt to Dorex2007 [Js 8c]
Dorex2007: folds 
geniuss: folds 
paragraf: calls $0.05
westhamas: folds 
Mamamia337: folds 
lopesdsa: raises $0.10 to $0.15
laurentis9: folds 
Eighcehole: folds 
webmarrr: folds 
paragraf: calls $0.10
*** FLOP *** [5s 4s 7h]
paragraf: bets $0.10
lopesdsa: calls $0.10
*** TURN *** [5s 4s 7h] [4d]
paragraf: bets $0.10
lopesdsa: calls $0.10
*** RIVER *** [5s 4s 7h 4d] [9c]
paragraf: bets $0.10
lopesdsa: calls $0.10
*** SHOW DOWN ***
paragraf: shows [7d 8d] (two pair, Sevens and Fours)
lopesdsa: mucks hand 
paragraf collected $0.92 from pot
*** SUMMARY ***
Total pot $0.97 | Rake $0.05 
Board [5s 4s 7h 4d 9c]
Seat 1: paragraf showed [7d 8d] and won ($0.92) with two pair, Sevens and Fours
Seat 2: westhamas folded before Flop (didn't bet)
Seat 3: Mamamia337 folded before Flop (didn't bet)
Seat 4: lopesdsa mucked [3h Ah]
Seat 5: laurentis9 (button) folded before Flop (didn't bet)
Seat 6: Eighcehole (small blind) folded before Flop
Seat 7: webmarrr (big blind) folded before Flop
Seat 8: Dorex2007 folded before Flop (didn't bet)
Seat 9: geniuss folded before Flop (didn't bet)



PokerStars Hand #237469868950:  Hold'em No Limit ($0.02/$0.05 USD) - 2022/07/19 21:39:30 PT [2022/07/20 0:39:30 ET]
Table 'Nocturna III' 9-max Seat #6 is the button
Seat 1: paragraf ($4.09 in chips) 
Seat 2: westhamas ($4.83 in chips) 
Seat 3: Mamamia337 ($6.57 in chips) 
Seat 4: lopesdsa ($0.82 in chips) 
Seat 5: laurentis9 ($3.47 in chips) 
Seat 6: Eighcehole ($6.87 in chips) 
Seat 7: webmarrr ($5.02 in chips) 
Seat 8: Dorex2007 ($7.46 in chips) 
Seat 9: geniuss ($6.73 in chips) 
webmarrr: posts small blind $0.02
Dorex2007: posts big blind $0.05
*** HOLE CARDS ***
Dealt to Dorex2007 [Ad Th]
geniuss: folds 
paragraf: calls $0.05
westhamas: raises $0.12 to $0.17
Mamamia337: folds 
lopesdsa: folds 
laurentis9: folds 
Eighcehole: folds 
webmarrr: folds 
Dorex2007: folds 
paragraf: folds 
Uncalled bet ($0.12) returned to westhamas
westhamas collected $0.17 from pot
*** SUMMARY ***
Total pot $0.17 | Rake $0 
Seat 1: paragraf folded before Flop
Seat 2: westhamas collected ($0.17)
Seat 3: Mamamia337 folded before Flop (didn't bet)
Seat 4: lopesdsa folded before Flop (didn't bet)
Seat 5: laurentis9 folded before Flop (didn't bet)
Seat 6: Eighcehole (button) folded before Flop (didn't bet)
Seat 7: webmarrr (small blind) folded before Flop
Seat 8: Dorex2007 (big blind) folded before Flop
Seat 9: geniuss folded before Flop (didn't bet)



PokerStars Hand #237469871754:  Hold'em No Limit ($0.02/$0.05 USD) - 2022/07/19 21:39:52 PT [2022/07/20 0:39:52 ET]
Table 'Nocturna III' 9-max Seat #7 is the button
Seat 1: paragraf ($4.04 in chips) 
Seat 2: westhamas ($4.95 in chips) 
Seat 3: Mamamia337 ($6.57 in chips) 
Seat 4: lopesdsa ($0.82 in chips) 
Seat 5: laurentis9 ($3.47 in chips) 
Seat 6: Eighcehole ($6.87 in chips) 
Seat 7: webmarrr ($5 in chips) 
Seat 8: Dorex2007 ($7.41 in chips) 
Seat 9: geniuss ($6.73 in chips) 
Dorex2007: posts small blind $0.02
geniuss: posts big blind $0.05
*** HOLE CARDS ***
Dealt to Dorex2007 [4h Ks]
paragraf: folds 
westhamas: raises $0.10 to $0.15
Mamamia337: folds 
lopesdsa: folds 
laurentis9: folds 
Eighcehole: folds 
webmarrr: folds 
Dorex2007: folds 
geniuss: folds 
Uncalled bet ($0.10) returned to westhamas
westhamas collected $0.12 from pot
*** SUMMARY ***
Total pot $0.12 | Rake $0 
Seat 1: paragraf folded before Flop (didn't bet)
Seat 2: westhamas collected ($0.12)
Seat 3: Mamamia337 folded before Flop (didn't bet)
Seat 4: lopesdsa folded before Flop (didn't bet)
Seat 5: laurentis9 folded before Flop (didn't bet)
Seat 6: Eighcehole folded before Flop (didn't bet)
Seat 7: webmarrr (button) folded before Flop (didn't bet)
Seat 8: Dorex2007 (small blind) folded before Flop
Seat 9: geniuss (big blind) folded before Flop



PokerStars Hand #237469874343:  Hold'em No Limit ($0.02/$0.05 USD) - 2022/07/19 21:40:14 PT [2022/07/20 0:40:14 ET]
Table 'Nocturna III' 9-max Seat #8 is the button
Seat 1: paragraf ($4.04 in chips) 
Seat 2: westhamas ($5.02 in chips) 
Seat 3: Mamamia337 ($6.57 in chips) 
Seat 4: lopesdsa ($0.82 in chips) 
Seat 5: laurentis9 ($3.47 in chips) 
Seat 6: Eighcehole ($6.87 in chips) 
Seat 7: webmarrr ($5 in chips) 
Seat 8: Dorex2007 ($7.39 in chips) 
Seat 9: geniuss ($6.68 in chips) 
geniuss: posts small blind $0.02
paragraf: posts big blind $0.05
*** HOLE CARDS ***
Dealt to Dorex2007 [Ah Qd]
westhamas: folds 
Mamamia337: folds 
lopesdsa: folds 
laurentis9: folds 
Eighcehole: raises $0.10 to $0.15
webmarrr: folds 
Dorex2007: calls $0.15
geniuss: folds 
paragraf: calls $0.10
*** FLOP *** [Ac 4c Kc]
paragraf: checks 
Eighcehole: checks 
Dorex2007: bets $0.30
paragraf: folds 
Eighcehole: folds 
Uncalled bet ($0.30) returned to Dorex2007
Dorex2007 collected $0.45 from pot
*** SUMMARY ***
Total pot $0.47 | Rake $0.02 
Board [Ac 4c Kc]
Seat 1: paragraf (big blind) folded on the Flop
Seat 2: westhamas folded before Flop (didn't bet)
Seat 3: Mamamia337 folded before Flop (didn't bet)
Seat 4: lopesdsa folded before Flop (didn't bet)
Seat 5: laurentis9 folded before Flop (didn't bet)
Seat 6: Eighcehole folded on the Flop
Seat 7: webmarrr folded before Flop (didn't bet)
Seat 8: Dorex2007 (button) collected ($0.45)
Seat 9: geniuss (small blind) folded before Flop



PokerStars Hand #237469878440:  Hold'em No Limit ($0.02/$0.05 USD) - 2022/07/19 21:40:47 PT [2022/07/20 0:40:47 ET]
Table 'Nocturna III' 9-max Seat #9 is the button
Seat 1: paragraf ($3.89 in chips) 
Seat 2: westhamas ($5.02 in chips) 
Seat 3: Mamamia337 ($6.57 in chips) 
Seat 4: lopesdsa ($0.82 in chips) 
Seat 5: laurentis9 ($3.47 in chips) 
Seat 6: Eighcehole ($6.72 in chips) 
Seat 7: webmarrr ($5 in chips) 
Seat 8: Dorex2007 ($7.69 in chips) 
Seat 9: geniuss ($6.66 in chips) 
paragraf: posts small blind $0.02
westhamas: posts big blind $0.05
*** HOLE CARDS ***
Dealt to Dorex2007 [5s 9d]
Mamamia337: folds 
lopesdsa: folds 
laurentis9: folds 
Eighcehole: folds 
webmarrr: folds 
Dorex2007: folds 
geniuss: folds 
paragraf: folds 
Uncalled bet ($0.03) returned to westhamas
westhamas collected $0.04 from pot
*** SUMMARY ***
Total pot $0.04 | Rake $0 
Seat 1: paragraf (small blind) folded before Flop
Seat 2: westhamas (big blind) collected ($0.04)
Seat 3: Mamamia337 folded before Flop (didn't bet)
Seat 4: lopesdsa folded before Flop (didn't bet)
Seat 5: laurentis9 folded before Flop (didn't bet)
Seat 6: Eighcehole folded before Flop (didn't bet)
Seat 7: webmarrr folded before Flop (didn't bet)
Seat 8: Dorex2007 folded before Flop (didn't bet)
Seat 9: geniuss (button) folded before Flop (didn't bet)



PokerStars Hand #237469880946:  Hold'em No Limit ($0.02/$0.05 USD) - 2022/07/19 21:41:08 PT [2022/07/20 0:41:08 ET]
Table 'Nocturna III' 9-max Seat #1 is the button
Seat 1: paragraf ($3.87 in chips) 
Seat 2: westhamas ($5.04 in chips) 
Seat 3: Mamamia337 ($6.57 in chips) 
Seat 4: lopesdsa ($0.82 in chips) 
Seat 5: laurentis9 ($3.47 in chips) 
Seat 6: Eighcehole ($6.72 in chips) 
Seat 7: webmarrr ($5 in chips) 
Seat 8: Dorex2007 ($7.69 in chips) 
Seat 9: geniuss ($6.66 in chips) 
westhamas: posts small blind $0.02
Mamamia337: posts big blind $0.05
*** HOLE CARDS ***
Dealt to Dorex2007 [4h Kd]
lopesdsa: folds 
laurentis9: folds 
Eighcehole: raises $0.10 to $0.15
webmarrr: folds 
Dorex2007: folds 
geniuss: folds 
paragraf: calls $0.15
westhamas: folds 
Mamamia337: folds 
*** FLOP *** [Jc 4s 2c]
Eighcehole: bets $0.20
paragraf: raises $0.20 to $0.40
Eighcehole: calls $0.20
*** TURN *** [Jc 4s 2c] [4c]
Eighcehole: checks 
paragraf: bets $0.40
Eighcehole: folds 
Uncalled bet ($0.40) returned to paragraf
paragraf collected $1.11 from pot
*** SUMMARY ***
Total pot $1.17 | Rake $0.06 
Board [Jc 4s 2c 4c]
Seat 1: paragraf (button) collected ($1.11)
Seat 2: westhamas (small blind) folded before Flop
Seat 3: Mamamia337 (big blind) folded before Flop
Seat 4: lopesdsa folded before Flop (didn't bet)
Seat 5: laurentis9 folded before Flop (didn't bet)
Seat 6: Eighcehole folded on the Turn
Seat 7: webmarrr folded before Flop (didn't bet)
Seat 8: Dorex2007 folded before Flop (didn't bet)
Seat 9: geniuss folded before Flop (didn't bet)



PokerStars Hand #237469888508:  Hold'em No Limit ($0.02/$0.05 USD) - 2022/07/19 21:42:09 PT [2022/07/20 0:42:09 ET]
Table 'Nocturna III' 9-max Seat #2 is the button
Seat 1: paragraf ($4.43 in chips) 
Seat 2: westhamas ($5.02 in chips) 
Seat 3: Mamamia337 ($6.52 in chips) 
Seat 4: lopesdsa ($0.82 in chips) 
Seat 5: laurentis9 ($3.47 in chips) 
Seat 6: Eighcehole ($6.17 in chips) 
Seat 7: webmarrr ($5 in chips) 
Seat 8: Dorex2007 ($7.69 in chips) 
Seat 9: geniuss ($6.66 in chips) 
Mamamia337: posts small blind $0.02
lopesdsa: posts big blind $0.05
*** HOLE CARDS ***
Dealt to Dorex2007 [9s 7c]
laurentis9: folds 
Eighcehole: folds 
webmarrr: folds 
Dorex2007: folds 
geniuss: folds 
paragraf: calls $0.05
westhamas: folds 
Mamamia337: raises $0.15 to $0.20
lopesdsa: folds 
paragraf: calls $0.15
*** FLOP *** [4c Ts Js]
Mamamia337: bets $0.13
lopesdsa is disconnected 
paragraf: calls $0.13
*** TURN *** [4c Ts Js] [9h]
Mamamia337: checks 
paragraf: bets $0.20
Mamamia337: calls $0.20
*** RIVER *** [4c Ts Js 9h] [2h]
Mamamia337: checks 
paragraf: checks 
*** SHOW DOWN ***
Mamamia337: shows [Ac Ks] (high card Ace)
paragraf: shows [Qs Jh] (a pair of Jacks)
paragraf collected $1.05 from pot
*** SUMMARY ***
Total pot $1.11 | Rake $0.06 
Board [4c Ts Js 9h 2h]
Seat 1: paragraf showed [Qs Jh] and won ($1.05) with a pair of Jacks
Seat 2: westhamas (button) folded before Flop (didn't bet)
Seat 3: Mamamia337 (small blind) showed [Ac Ks] and lost with high card Ace
Seat 4: lopesdsa (big blind) folded before Flop
Seat 5: laurentis9 folded before Flop (didn't bet)
Seat 6: Eighcehole folded before Flop (didn't bet)
Seat 7: webmarrr folded before Flop (didn't bet)
Seat 8: Dorex2007 folded before Flop (didn't bet)
Seat 9: geniuss folded before Flop (didn't bet)



PokerStars Hand #237469894372:  Hold'em No Limit ($0.02/$0.05 USD) - 2022/07/19 21:42:57 PT [2022/07/20 0:42:57 ET]
Table 'Nocturna III' 9-max Seat #3 is the button
Seat 1: paragraf ($4.95 in chips) 
Seat 2: westhamas ($5.02 in chips) 
Seat 3: Mamamia337 ($5.99 in chips) 
Seat 5: laurentis9 ($3.47 in chips) 
Seat 6: Eighcehole ($6.17 in chips) 
Seat 7: webmarrr ($5 in chips) 
Seat 8: Dorex2007 ($7.69 in chips) 
Seat 9: geniuss ($6.66 in chips) 
lopesdsa has timed out while disconnected
lopesdsa: is sitting out 
laurentis9: posts small blind $0.02
Eighcehole: posts big blind $0.05
*** HOLE CARDS ***
Dealt to Dorex2007 [Ts 3d]
webmarrr: folds 
Dorex2007: folds 
geniuss: folds 
paragraf: folds 
westhamas: folds 
Mamamia337: folds 
laurentis9: folds 
Uncalled bet ($0.03) returned to Eighcehole
Eighcehole collected $0.04 from pot
*** SUMMARY ***
Total pot $0.04 | Rake $0 
Seat 1: paragraf folded before Flop (didn't bet)
Seat 2: westhamas folded before Flop (didn't bet)
Seat 3: Mamamia337 (button) folded before Flop (didn't bet)
Seat 5: laurentis9 (small blind) folded before Flop
Seat 6: Eighcehole (big blind) collected ($0.04)
Seat 7: webmarrr folded before Flop (didn't bet)
Seat 8: Dorex2007 folded before Flop (didn't bet)
Seat 9: geniuss folded before Flop (didn't bet)



PokerStars Hand #237469896943:  Hold'em No Limit ($0.02/$0.05 USD) - 2022/07/19 21:43:18 PT [2022/07/20 0:43:18 ET]
Table 'Nocturna III' 9-max Seat #5 is the button
Seat 1: paragraf ($4.95 in chips) 
Seat 2: westhamas ($5.02 in chips) 
Seat 3: Mamamia337 ($5.99 in chips) 
Seat 5: laurentis9 ($3.45 in chips) 
Seat 6: Eighcehole ($6.19 in chips) 
Seat 7: webmarrr ($5 in chips) 
Seat 8: Dorex2007 ($7.69 in chips) 
Seat 9: geniuss ($6.66 in chips) 
Eighcehole: posts small blind $0.02
webmarrr: posts big blind $0.05
*** HOLE CARDS ***
Dealt to Dorex2007 [2s Ks]
Dorex2007: folds 
geniuss: folds 
paragraf: calls $0.05
westhamas: folds 
Mamamia337: raises $0.17 to $0.22
laurentis9: folds 
Eighcehole: folds 
webmarrr: folds 
paragraf: folds 
Uncalled bet ($0.17) returned to Mamamia337
Mamamia337 collected $0.17 from pot
*** SUMMARY ***
Total pot $0.17 | Rake $0 
Seat 1: paragraf folded before Flop
Seat 2: westhamas folded before Flop (didn't bet)
Seat 3: Mamamia337 collected ($0.17)
Seat 5: laurentis9 (button) folded before Flop (didn't bet)
Seat 6: Eighcehole (small blind) folded before Flop
Seat 7: webmarrr (big blind) folded before Flop
Seat 8: Dorex2007 folded before Flop (didn't bet)
Seat 9: geniuss folded before Flop (didn't bet)



PokerStars Hand #237469900084:  Hold'em No Limit ($0.02/$0.05 USD) - 2022/07/19 21:43:44 PT [2022/07/20 0:43:44 ET]
Table 'Nocturna III' 9-max Seat #6 is the button
Seat 1: paragraf ($4.90 in chips) 
Seat 2: westhamas ($5.02 in chips) 
Seat 3: Mamamia337 ($6.11 in chips) 
Seat 5: laurentis9 ($3.45 in chips) 
Seat 6: Eighcehole ($6.17 in chips) 
Seat 7: webmarrr ($5 in chips) 
Seat 8: Dorex2007 ($7.69 in chips) 
Seat 9: geniuss ($6.66 in chips) 
webmarrr: posts small blind $0.02
Dorex2007: posts big blind $0.05
*** HOLE CARDS ***
Dealt to Dorex2007 [Ad 6d]
geniuss: folds 
paragraf: folds 
westhamas: folds 
Mamamia337: folds 
laurentis9: calls $0.05
Eighcehole: calls $0.05
webmarrr: folds 
Dorex2007: checks 
*** FLOP *** [9h 2h Jh]
Dorex2007: checks 
laurentis9: bets $0.16
Eighcehole: folds 
Dorex2007: folds 
Uncalled bet ($0.16) returned to laurentis9
laurentis9 collected $0.16 from pot
*** SUMMARY ***
Total pot $0.17 | Rake $0.01 
Board [9h 2h Jh]
Seat 1: paragraf folded before Flop (didn't bet)
Seat 2: westhamas folded before Flop (didn't bet)
Seat 3: Mamamia337 folded before Flop (didn't bet)
Seat 5: laurentis9 collected ($0.16)
Seat 6: Eighcehole (button) folded on the Flop
Seat 7: webmarrr (small blind) folded before Flop
Seat 8: Dorex2007 (big blind) folded on the Flop
Seat 9: geniuss folded before Flop (didn't bet)



PokerStars Hand #237469904715:  Hold'em No Limit ($0.02/$0.05 USD) - 2022/07/19 21:44:22 PT [2022/07/20 0:44:22 ET]
Table 'Nocturna III' 9-max Seat #7 is the button
Seat 2: westhamas ($5.02 in chips) 
Seat 3: Mamamia337 ($6.11 in chips) 
Seat 5: laurentis9 ($3.56 in chips) 
Seat 6: Eighcehole ($6.12 in chips) 
Seat 7: webmarrr ($5 in chips) 
Seat 8: Dorex2007 ($7.64 in chips) 
Seat 9: geniuss ($6.66 in chips) 
Dorex2007: posts small blind $0.02
geniuss: posts big blind $0.05
*** HOLE CARDS ***
Dealt to Dorex2007 [2d 6h]
paragraf leaves the table
westhamas: raises $0.09 to $0.14
Mamamia337: folds 
laurentis9: folds 
Eighcehole: folds 
webmarrr: folds 
Dorex2007: folds 
geniuss: raises $0.26 to $0.40
westhamas: calls $0.26
*** FLOP *** [Qc 4s Ac]
geniuss: checks 
westhamas: bets $0.53
geniuss: calls $0.53
*** TURN *** [Qc 4s Ac] [8h]
geniuss: checks 
westhamas: checks 
*** RIVER *** [Qc 4s Ac 8h] [3s]
geniuss: bets $1.55
westhamas: folds 
Uncalled bet ($1.55) returned to geniuss
geniuss collected $1.80 from pot
*** SUMMARY ***
Total pot $1.88 | Rake $0.08 
Board [Qc 4s Ac 8h 3s]
Seat 2: westhamas folded on the River
Seat 3: Mamamia337 folded before Flop (didn't bet)
Seat 5: laurentis9 folded before Flop (didn't bet)
Seat 6: Eighcehole folded before Flop (didn't bet)
Seat 7: webmarrr (button) folded before Flop (didn't bet)
Seat 8: Dorex2007 (small blind) folded before Flop
Seat 9: geniuss (big blind) collected ($1.80)



PokerStars Hand #237469913587:  Hold'em No Limit ($0.02/$0.05 USD) - 2022/07/19 21:45:35 PT [2022/07/20 0:45:35 ET]
Table 'Nocturna III' 9-max Seat #8 is the button
Seat 2: westhamas ($4.09 in chips) 
Seat 3: Mamamia337 ($6.11 in chips) 
Seat 5: laurentis9 ($3.56 in chips) 
Seat 6: Eighcehole ($6.12 in chips) 
Seat 7: webmarrr ($5 in chips) 
Seat 8: Dorex2007 ($7.62 in chips) 
Seat 9: geniuss ($7.53 in chips) 
geniuss: posts small blind $0.02
westhamas: posts big blind $0.05
*** HOLE CARDS ***
Dealt to Dorex2007 [6h Kc]
Mamamia337: folds 
laurentis9: folds 
Eighcehole: folds 
webmarrr: folds 
Dorex2007: folds 
geniuss: folds 
Uncalled bet ($0.03) returned to westhamas
westhamas collected $0.04 from pot
*** SUMMARY ***
Total pot $0.04 | Rake $0 
Seat 2: westhamas (big blind) collected ($0.04)
Seat 3: Mamamia337 folded before Flop (didn't bet)
Seat 5: laurentis9 folded before Flop (didn't bet)
Seat 6: Eighcehole folded before Flop (didn't bet)
Seat 7: webmarrr folded before Flop (didn't bet)
Seat 8: Dorex2007 (button) folded before Flop (didn't bet)
Seat 9: geniuss (small blind) folded before Flop



PokerStars Hand #237469915809:  Hold'em No Limit ($0.02/$0.05 USD) - 2022/07/19 21:45:54 PT [2022/07/20 0:45:54 ET]
Table 'Nocturna III' 9-max Seat #9 is the button
Seat 2: westhamas ($4.11 in chips) 
Seat 3: Mamamia337 ($6.11 in chips) 
Seat 5: laurentis9 ($3.56 in chips) 
Seat 6: Eighcehole ($6.12 in chips) 
Seat 7: webmarrr ($5 in chips) 
Seat 8: Dorex2007 ($7.62 in chips) 
Seat 9: geniuss ($7.51 in chips) 
westhamas: posts small blind $0.02
Mamamia337: posts big blind $0.05
*** HOLE CARDS ***
Dealt to Dorex2007 [Ad 3d]
laurentis9: folds 
Eighcehole: folds 
webmarrr: folds 
Dorex2007: raises $0.05 to $0.10
geniuss: folds 
westhamas: folds 
Mamamia337: folds 
Uncalled bet ($0.05) returned to Dorex2007
Dorex2007 collected $0.12 from pot
*** SUMMARY ***
Total pot $0.12 | Rake $0 
Seat 2: westhamas (small blind) folded before Flop
Seat 3: Mamamia337 (big blind) folded before Flop
Seat 5: laurentis9 folded before Flop (didn't bet)
Seat 6: Eighcehole folded before Flop (didn't bet)
Seat 7: webmarrr folded before Flop (didn't bet)
Seat 8: Dorex2007 collected ($0.12)
Seat 9: geniuss (button) folded before Flop (didn't bet)



PokerStars Hand #237469918268:  Hold'em No Limit ($0.02/$0.05 USD) - 2022/07/19 21:46:14 PT [2022/07/20 0:46:14 ET]
Table 'Nocturna III' 9-max Seat #2 is the button
Seat 2: westhamas ($4.09 in chips) 
Seat 3: Mamamia337 ($6.06 in chips) 
Seat 5: laurentis9 ($3.56 in chips) 
Seat 6: Eighcehole ($6.12 in chips) 
Seat 7: webmarrr ($5 in chips) 
Seat 8: Dorex2007 ($7.69 in chips) 
Seat 9: geniuss ($7.51 in chips) 
Mamamia337: posts small blind $0.02
laurentis9: posts big blind $0.05
*** HOLE CARDS ***
Dealt to Dorex2007 [8d Kc]
Eighcehole: raises $0.05 to $0.10
webmarrr: folds 
Dorex2007: folds 
webby170 joins the table at seat #1 
geniuss: folds 
westhamas: folds 
Mamamia337: folds 
laurentis9: calls $0.05
*** FLOP *** [7d Js 5s]
laurentis9: checks 
Eighcehole: bets $0.10
laurentis9: folds 
Uncalled bet ($0.10) returned to Eighcehole
Eighcehole collected $0.21 from pot
*** SUMMARY ***
Total pot $0.22 | Rake $0.01 
Board [7d Js 5s]
Seat 2: westhamas (button) folded before Flop (didn't bet)
Seat 3: Mamamia337 (small blind) folded before Flop
Seat 5: laurentis9 (big blind) folded on the Flop
Seat 6: Eighcehole collected ($0.21)
Seat 7: webmarrr folded before Flop (didn't bet)
Seat 8: Dorex2007 folded before Flop (didn't bet)
Seat 9: geniuss folded before Flop (didn't bet)



PokerStars Hand #237469922206:  Hold'em No Limit ($0.02/$0.05 USD) - 2022/07/19 21:46:46 PT [2022/07/20 0:46:46 ET]
Table 'Nocturna III' 9-max Seat #3 is the button
Seat 1: webby170 ($5 in chips) 
Seat 2: westhamas ($4.09 in chips) 
Seat 3: Mamamia337 ($6.04 in chips) 
Seat 5: laurentis9 ($3.46 in chips) 
Seat 6: Eighcehole ($6.23 in chips) 
Seat 7: webmarrr ($5 in chips) 
Seat 8: Dorex2007 ($7.69 in chips) 
Seat 9: geniuss ($7.51 in chips) 
laurentis9: posts small blind $0.02
Eighcehole: posts big blind $0.05
webby170: posts big blind $0.05
*** HOLE CARDS ***
Dealt to Dorex2007 [8s 6c]
webmarrr: folds 
Dorex2007: folds 
geniuss: folds 
webby170: raises $0.05 to $0.10
westhamas: folds 
Mamamia337: folds 
laurentis9: calls $0.08
Eighcehole: folds 
*** FLOP *** [2s 5h 6h]
laurentis9: checks 
webby170: checks 
*** TURN *** [2s 5h 6h] [3s]
laurentis9: checks 
webby170: checks 
*** RIVER *** [2s 5h 6h 3s] [5s]
laurentis9: checks 
webby170: bets $0.24
laurentis9: folds 
Uncalled bet ($0.24) returned to webby170
webby170 collected $0.24 from pot
*** SUMMARY ***
Total pot $0.25 | Rake $0.01 
Board [2s 5h 6h 3s 5s]
Seat 1: webby170 collected ($0.24)
Seat 2: westhamas folded before Flop (didn't bet)
Seat 3: Mamamia337 (button) folded before Flop (didn't bet)
Seat 5: laurentis9 (small blind) folded on the River
Seat 6: Eighcehole (big blind) folded before Flop
Seat 7: webmarrr folded before Flop (didn't bet)
Seat 8: Dorex2007 folded before Flop (didn't bet)
Seat 9: geniuss folded before Flop (didn't bet)



PokerStars Hand #237469928518:  Hold'em No Limit ($0.02/$0.05 USD) - 2022/07/19 21:47:38 PT [2022/07/20 0:47:38 ET]
Table 'Nocturna III' 9-max Seat #5 is the button
Seat 1: webby170 ($5.14 in chips) 
Seat 2: westhamas ($4.09 in chips) 
Seat 3: Mamamia337 ($6.04 in chips) 
Seat 5: laurentis9 ($3.36 in chips) 
Seat 6: Eighcehole ($6.18 in chips) 
Seat 7: webmarrr ($5 in chips) 
Seat 8: Dorex2007 ($7.69 in chips) 
Seat 9: geniuss ($7.51 in chips) 
Eighcehole: posts small blind $0.02
webmarrr: posts big blind $0.05
*** HOLE CARDS ***
Dealt to Dorex2007 [Tc 4s]
Dorex2007: folds 
geniuss: folds 
webby170: folds 
westhamas: folds 
Mamamia337: folds 
laurentis9: calls $0.05
Eighcehole: calls $0.03
webmarrr: checks 
*** FLOP *** [Jh 7s 6c]
Eighcehole: checks 
webmarrr: bets $0.11
laurentis9: calls $0.11
Eighcehole: calls $0.11
*** TURN *** [Jh 7s 6c] [6d]
Eighcehole: checks 
webmarrr: bets $0.28
laurentis9: calls $0.28
Eighcehole: calls $0.28
*** RIVER *** [Jh 7s 6c 6d] [3h]
Eighcehole: checks 
webmarrr: bets $0.42
laurentis9: calls $0.42
Eighcehole: folds 
*** SHOW DOWN ***
webmarrr: shows [Ah Jc] (two pair, Jacks and Sixes)
laurentis9: mucks hand 
webmarrr collected $2.07 from pot
*** SUMMARY ***
Total pot $2.16 | Rake $0.09 
Board [Jh 7s 6c 6d 3h]
Seat 1: webby170 folded before Flop (didn't bet)
Seat 2: westhamas folded before Flop (didn't bet)
Seat 3: Mamamia337 folded before Flop (didn't bet)
Seat 5: laurentis9 (button) mucked [Qc Jd]
Seat 6: Eighcehole (small blind) folded on the River
Seat 7: webmarrr (big blind) showed [Ah Jc] and won ($2.07) with two pair, Jacks and Sixes
Seat 8: Dorex2007 folded before Flop (didn't bet)
Seat 9: geniuss folded before Flop (didn't bet)



PokerStars Hand #237469935951:  Hold'em No Limit ($0.02/$0.05 USD) - 2022/07/19 21:48:41 PT [2022/07/20 0:48:41 ET]
Table 'Nocturna III' 9-max Seat #6 is the button
Seat 1: webby170 ($5.14 in chips) 
Seat 2: westhamas ($4.09 in chips) 
Seat 3: Mamamia337 ($6.04 in chips) 
Seat 5: laurentis9 ($2.50 in chips) 
Seat 6: Eighcehole ($5.74 in chips) 
Seat 7: webmarrr ($6.21 in chips) 
Seat 8: Dorex2007 ($7.69 in chips) 
Seat 9: geniuss ($7.51 in chips) 
webmarrr: posts small blind $0.02
Dorex2007: posts big blind $0.05
*** HOLE CARDS ***
Dealt to Dorex2007 [9d 8h]
geniuss: folds 
webby170: folds 
westhamas: folds 
Mamamia337: calls $0.05
laurentis9: calls $0.05
Eighcehole: folds 
webmarrr: calls $0.03
Dorex2007: checks 
*** FLOP *** [Ah 5c 8c]
webmarrr: checks 
Dorex2007: checks 
Mamamia337: checks 
laurentis9: bets $0.10
webmarrr: folds 
Dorex2007: folds 
Mamamia337: folds 
Uncalled bet ($0.10) returned to laurentis9
laurentis9 collected $0.19 from pot
*** SUMMARY ***
Total pot $0.20 | Rake $0.01 
Board [Ah 5c 8c]
Seat 1: webby170 folded before Flop (didn't bet)
Seat 2: westhamas folded before Flop (didn't bet)
Seat 3: Mamamia337 folded on the Flop
Seat 5: laurentis9 collected ($0.19)
Seat 6: Eighcehole (button) folded before Flop (didn't bet)
Seat 7: webmarrr (small blind) folded on the Flop
Seat 8: Dorex2007 (big blind) folded on the Flop
Seat 9: geniuss folded before Flop (didn't bet)



PokerStars Hand #237469941662:  Hold'em No Limit ($0.02/$0.05 USD) - 2022/07/19 21:49:28 PT [2022/07/20 0:49:28 ET]
Table 'Nocturna III' 9-max Seat #7 is the button
Seat 1: webby170 ($5.14 in chips) 
Seat 2: westhamas ($4.09 in chips) 
Seat 3: Mamamia337 ($5.99 in chips) 
Seat 5: laurentis9 ($2.64 in chips) 
Seat 6: Eighcehole ($5.74 in chips) 
Seat 7: webmarrr ($6.16 in chips) 
Seat 8: Dorex2007 ($7.64 in chips) 
Seat 9: geniuss ($7.51 in chips) 
Dorex2007: posts small blind $0.02
geniuss: posts big blind $0.05
*** HOLE CARDS ***
Dealt to Dorex2007 [Ks 8d]
webby170: folds 
westhamas: folds 
Mamamia337: calls $0.05
laurentis9: folds 
Eighcehole: folds 
webmarrr: folds 
Dorex2007: folds 
geniuss: checks 
*** FLOP *** [8s 6s 9d]
geniuss: checks 
Mamamia337: checks 
*** TURN *** [8s 6s 9d] [5s]
geniuss: checks 
Mamamia337: checks 
*** RIVER *** [8s 6s 9d 5s] [5c]
geniuss: checks 
Mamamia337: checks 
*** SHOW DOWN ***
geniuss: shows [8c Kh] (two pair, Eights and Fives)
Mamamia337: mucks hand 
geniuss collected $0.12 from pot
*** SUMMARY ***
Total pot $0.12 | Rake $0 
Board [8s 6s 9d 5s 5c]
Seat 1: webby170 folded before Flop (didn't bet)
Seat 2: westhamas folded before Flop (didn't bet)
Seat 3: Mamamia337 mucked [Qd Kc]
Seat 5: laurentis9 folded before Flop (didn't bet)
Seat 6: Eighcehole folded before Flop (didn't bet)
Seat 7: webmarrr (button) folded before Flop (didn't bet)
Seat 8: Dorex2007 (small blind) folded before Flop
Seat 9: geniuss (big blind) showed [8c Kh] and won ($0.12) with two pair, Eights and Fives



PokerStars Hand #237469946449:  Hold'em No Limit ($0.02/$0.05 USD) - 2022/07/19 21:50:08 PT [2022/07/20 0:50:08 ET]
Table 'Nocturna III' 9-max Seat #8 is the button
Seat 1: webby170 ($5.14 in chips) 
Seat 2: westhamas ($4.09 in chips) 
Seat 3: Mamamia337 ($5.94 in chips) 
Seat 5: laurentis9 ($2.64 in chips) 
Seat 6: Eighcehole ($5.74 in chips) 
Seat 7: webmarrr ($6.16 in chips) 
Seat 8: Dorex2007 ($7.62 in chips) 
Seat 9: geniuss ($7.58 in chips) 
geniuss: posts small blind $0.02
webby170: posts big blind $0.05
*** HOLE CARDS ***
Dealt to Dorex2007 [4d Jd]
westhamas: raises $0.10 to $0.15
Mamamia337: folds 
laurentis9: folds 
laurentis9 leaves the table
Eighcehole: folds 
webmarrr: folds 
Dorex2007: folds 
geniuss: folds 
webby170: folds 
Uncalled bet ($0.10) returned to westhamas
westhamas collected $0.12 from pot
*** SUMMARY ***
Total pot $0.12 | Rake $0 
Seat 1: webby170 (big blind) folded before Flop
Seat 2: westhamas collected ($0.12)
Seat 3: Mamamia337 folded before Flop (didn't bet)
Seat 5: laurentis9 folded before Flop (didn't bet)
Seat 6: Eighcehole folded before Flop (didn't bet)
Seat 7: webmarrr folded before Flop (didn't bet)
Seat 8: Dorex2007 (button) folded before Flop (didn't bet)
Seat 9: geniuss (small blind) folded before Flop



PokerStars Hand #237469949280:  Hold'em No Limit ($0.02/$0.05 USD) - 2022/07/19 21:50:32 PT [2022/07/20 0:50:32 ET]
Table 'Nocturna III' 9-max Seat #9 is the button
Seat 1: webby170 ($5.09 in chips) 
Seat 2: westhamas ($4.16 in chips) 
Seat 3: Mamamia337 ($5.94 in chips) 
Seat 6: Eighcehole ($5.74 in chips) 
Seat 7: webmarrr ($6.16 in chips) 
Seat 8: Dorex2007 ($7.62 in chips) 
Seat 9: geniuss ($7.56 in chips) 
webby170: posts small blind $0.02
westhamas: posts big blind $0.05
*** HOLE CARDS ***
Dealt to Dorex2007 [5c 2c]
CJ2003 joins the table at seat #5 
Mamamia337: raises $0.12 to $0.17
Eighcehole: raises $0.23 to $0.40
webmarrr: folds 
Dorex2007: folds 
geniuss: folds 
webby170 has timed out
webby170: folds 
westhamas: folds 
Mamamia337: calls $0.23
*** FLOP *** [4d 2d Kh]
Mamamia337: checks 
Eighcehole: bets $0.41
Mamamia337: calls $0.41
*** TURN *** [4d 2d Kh] [5d]
Mamamia337: checks 
Eighcehole: bets $0.81
Mamamia337: calls $0.81
*** RIVER *** [4d 2d Kh 5d] [2s]
Mamamia337: checks 
Eighcehole: bets $4.12 and is all-in
Mamamia337: calls $4.12
*** SHOW DOWN ***
Eighcehole: shows [Qs As] (a pair of Deuces)
Mamamia337: shows [Jd Ad] (a flush, Ace high)
Mamamia337 collected $11.07 from pot
*** SUMMARY ***
Total pot $11.55 | Rake $0.48 
Board [4d 2d Kh 5d 2s]
Seat 1: webby170 (small blind) folded before Flop
Seat 2: westhamas (big blind) folded before Flop
Seat 3: Mamamia337 showed [Jd Ad] and won ($11.07) with a flush, Ace high
Seat 6: Eighcehole showed [Qs As] and lost with a pair of Deuces
Seat 7: webmarrr folded before Flop (didn't bet)
Seat 8: Dorex2007 folded before Flop (didn't bet)
Seat 9: geniuss (button) folded before Flop (didn't bet)



PokerStars Hand #237469961178:  Hold'em No Limit ($0.02/$0.05 USD) - 2022/07/19 21:52:12 PT [2022/07/20 0:52:12 ET]
Table 'Nocturna III' 9-max Seat #2 is the button
Seat 2: westhamas ($4.11 in chips) 
Seat 3: Mamamia337 ($11.27 in chips) 
Seat 5: CJ2003 ($2 in chips) 
Seat 7: webmarrr ($6.16 in chips) 
Seat 8: Dorex2007 ($7.62 in chips) 
Seat 9: geniuss ($7.56 in chips) 
Mamamia337: posts small blind $0.02
CJ2003: posts big blind $0.05
*** HOLE CARDS ***
Dealt to Dorex2007 [3c 2c]
webmarrr: raises $0.10 to $0.15
Dorex2007: folds 
Eighcehole leaves the table
geniuss: folds 
westhamas: calls $0.15
Mamamia337: calls $0.13
CJ2003: folds 
*** FLOP *** [5c 9c 7d]
Mamamia337: checks 
webmarrr: checks 
lopesdsa leaves the table
westhamas: bets $0.32
Mamamia337: folds 
webmarrr: folds 
Uncalled bet ($0.32) returned to westhamas
westhamas collected $0.48 from pot
*** SUMMARY ***
Total pot $0.50 | Rake $0.02 
Board [5c 9c 7d]
Seat 2: westhamas (button) collected ($0.48)
Seat 3: Mamamia337 (small blind) folded on the Flop
Seat 5: CJ2003 (big blind) folded before Flop
Seat 7: webmarrr folded on the Flop
Seat 8: Dorex2007 folded before Flop (didn't bet)
Seat 9: geniuss folded before Flop (didn't bet)



PokerStars Hand #237469965619:  Hold'em No Limit ($0.02/$0.05 USD) - 2022/07/19 21:52:50 PT [2022/07/20 0:52:50 ET]
Table 'Nocturna III' 9-max Seat #3 is the button
Seat 2: westhamas ($4.44 in chips) 
Seat 3: Mamamia337 ($11.12 in chips) 
Seat 5: CJ2003 ($1.95 in chips) 
Seat 8: Dorex2007 ($7.62 in chips) 
Seat 9: geniuss ($7.56 in chips) 
CJ2003: posts small blind $0.02
webmarrr: is sitting out 
Dorex2007: posts big blind $0.05
*** HOLE CARDS ***
Dealt to Dorex2007 [8s 3d]
webmarrr leaves the table
geniuss: folds 
westhamas: folds 
Mamamia337: folds 
CJ2003: calls $0.03
Dorex2007: checks 
*** FLOP *** [Qh 3s Td]
CJ2003: checks 
Dorex2007: checks 
*** TURN *** [Qh 3s Td] [Js]
CJ2003: checks 
Dorex2007: checks 
*** RIVER *** [Qh 3s Td Js] [Jc]
CJ2003: checks 
Dorex2007: checks 
*** SHOW DOWN ***
CJ2003: shows [6s 9h] (a pair of Jacks)
Dorex2007: shows [8s 3d] (two pair, Jacks and Threes)
Dorex2007 collected $0.10 from pot
*** SUMMARY ***
Total pot $0.10 | Rake $0 
Board [Qh 3s Td Js Jc]
Seat 2: westhamas folded before Flop (didn't bet)
Seat 3: Mamamia337 (button) folded before Flop (didn't bet)
Seat 5: CJ2003 (small blind) showed [6s 9h] and lost with a pair of Jacks
Seat 8: Dorex2007 (big blind) showed [8s 3d] and won ($0.10) with two pair, Jacks and Threes
Seat 9: geniuss folded before Flop (didn't bet)



PokerStars Hand #237469970025:  Hold'em No Limit ($0.02/$0.05 USD) - 2022/07/19 21:53:27 PT [2022/07/20 0:53:27 ET]
Table 'Nocturna III' 9-max Seat #5 is the button
Seat 2: westhamas ($4.44 in chips) 
Seat 3: Mamamia337 ($11.12 in chips) 
Seat 5: CJ2003 ($1.90 in chips) 
Seat 8: Dorex2007 ($7.67 in chips) 
Seat 9: geniuss ($7.56 in chips) 
Dorex2007: posts small blind $0.02
geniuss: posts big blind $0.05
*** HOLE CARDS ***
Dealt to Dorex2007 [Qh 2c]
westhamas: folds 
Mamamia337: calls $0.05
CJ2003: folds 
Dorex2007: folds 
geniuss: checks 
*** FLOP *** [Qd 2d 4h]
geniuss: checks 
Mamamia337: checks 
*** TURN *** [Qd 2d 4h] [Th]
geniuss: checks 
Mamamia337: checks 
*** RIVER *** [Qd 2d 4h Th] [8s]
geniuss: checks 
Mamamia337: checks 
*** SHOW DOWN ***
geniuss: shows [9d 2s] (a pair of Deuces)
Mamamia337: mucks hand 
geniuss collected $0.12 from pot
*** SUMMARY ***
Total pot $0.12 | Rake $0 
Board [Qd 2d 4h Th 8s]
Seat 2: westhamas folded before Flop (didn't bet)
Seat 3: Mamamia337 mucked [7s As]
Seat 5: CJ2003 (button) folded before Flop (didn't bet)
Seat 8: Dorex2007 (small blind) folded before Flop
Seat 9: geniuss (big blind) showed [9d 2s] and won ($0.12) with a pair of Deuces



PokerStars Hand #237469977887:  Hold'em No Limit ($0.02/$0.05 USD) - 2022/07/19 21:54:32 PT [2022/07/20 0:54:32 ET]
Table 'Nocturna III' 9-max Seat #8 is the button
Seat 2: westhamas ($4.44 in chips) 
Seat 3: Mamamia337 ($11.07 in chips) 
Seat 5: CJ2003 ($1.90 in chips) 
Seat 8: Dorex2007 ($7.65 in chips) 
Seat 9: geniuss ($7.63 in chips) 
geniuss: posts small blind $0.02
westhamas: posts big blind $0.05
*** HOLE CARDS ***
Dealt to Dorex2007 [3c 6c]
Mamamia337: raises $0.12 to $0.17
CJ2003: folds 
Dorex2007: folds 
geniuss: folds 
westhamas: folds 
Uncalled bet ($0.12) returned to Mamamia337
Mamamia337 collected $0.12 from pot
*** SUMMARY ***
Total pot $0.12 | Rake $0 
Seat 2: westhamas (big blind) folded before Flop
Seat 3: Mamamia337 collected ($0.12)
Seat 5: CJ2003 folded before Flop (didn't bet)
Seat 8: Dorex2007 (button) folded before Flop (didn't bet)
Seat 9: geniuss (small blind) folded before Flop



PokerStars Hand #237469983060:  Hold'em No Limit ($0.02/$0.05 USD) - 2022/07/19 21:55:16 PT [2022/07/20 0:55:16 ET]
Table 'Nocturna III' 9-max Seat #9 is the button
Seat 2: westhamas ($4.39 in chips) 
Seat 5: CJ2003 ($1.90 in chips) 
Seat 8: Dorex2007 ($7.65 in chips) 
Seat 9: geniuss ($7.61 in chips) 
westhamas: posts small blind $0.02
Mamamia337: is sitting out 
CJ2003: posts big blind $0.05
*** HOLE CARDS ***
Dealt to Dorex2007 [Kh 9s]
Dorex2007: folds 
Mamamia337 leaves the table
geniuss: raises $0.07 to $0.12
westhamas: calls $0.10
CJ2003: folds 
*** FLOP *** [4h 6c 5c]
westhamas: checks 
geniuss: checks 
*** TURN *** [4h 6c 5c] [7s]
westhamas: bets $0.14
geniuss: folds 
Uncalled bet ($0.14) returned to westhamas
westhamas collected $0.28 from pot
*** SUMMARY ***
Total pot $0.29 | Rake $0.01 
Board [4h 6c 5c 7s]
Seat 2: westhamas (small blind) collected ($0.28)
Seat 5: CJ2003 (big blind) folded before Flop
Seat 8: Dorex2007 folded before Flop (didn't bet)
Seat 9: geniuss (button) folded on the Turn



PokerStars Hand #237469987298:  Hold'em No Limit ($0.02/$0.05 USD) - 2022/07/19 21:55:56 PT [2022/07/20 0:55:56 ET]
Table 'Nocturna III' 9-max Seat #2 is the button
Seat 2: westhamas ($4.55 in chips) 
Seat 5: CJ2003 ($1.85 in chips) 
Seat 8: Dorex2007 ($7.65 in chips) 
Seat 9: geniuss ($7.49 in chips) 
CJ2003: posts small blind $0.02
Dorex2007: posts big blind $0.05
*** HOLE CARDS ***
Dealt to Dorex2007 [Jh 9c]
geniuss: calls $0.05
westhamas: folds 
CJ2003: calls $0.03
Dorex2007: checks 
*** FLOP *** [2s 3d 6h]
CJ2003: checks 
Dorex2007: checks 
geniuss: checks 
*** TURN *** [2s 3d 6h] [Kc]
CJ2003: checks 
Dorex2007: checks 
geniuss: bets $0.14
CJ2003: folds 
Dorex2007: folds 
Uncalled bet ($0.14) returned to geniuss
geniuss collected $0.14 from pot
*** SUMMARY ***
Total pot $0.15 | Rake $0.01 
Board [2s 3d 6h Kc]
Seat 2: westhamas (button) folded before Flop (didn't bet)
Seat 5: CJ2003 (small blind) folded on the Turn
Seat 8: Dorex2007 (big blind) folded on the Turn
Seat 9: geniuss collected ($0.14)



PokerStars Hand #237469991441:  Hold'em No Limit ($0.02/$0.05 USD) - 2022/07/19 21:56:36 PT [2022/07/20 0:56:36 ET]
Table 'Nocturna III' 9-max Seat #5 is the button
Seat 2: westhamas ($4.55 in chips) 
Seat 5: CJ2003 ($1.80 in chips) 
Seat 8: Dorex2007 ($7.60 in chips) 
Seat 9: geniuss ($7.58 in chips) 
Dorex2007: posts small blind $0.02
geniuss: posts big blind $0.05
*** HOLE CARDS ***
Dealt to Dorex2007 [6h 8d]
westhamas: folds 
CJ2003: calls $0.05
Dorex2007: folds 
geniuss: checks 
*** FLOP *** [9s 5s 4h]
geniuss: checks 
CJ2003: checks 
*** TURN *** [9s 5s 4h] [2s]
Dorex2007: posts small blind $0.02
geniuss: posts big blind $0.05
*** HOLE CARDS ***
Dealt to Dorex2007 [6h 8d] [6h 8d]
westhamas: folds 
CJ2003: calls $0.05
Dorex2007: folds 
geniuss: checks 
*** FLOP *** [9s 5s 4h 2s] [9s 5s 4h]
geniuss: checks 
CJ2003: checks 
*** TURN *** [9s 5s 4h 2s 9s 5s 4h] [2s]
Dorex2007 leaves the table
geniuss: checks 
CJ2003: checks 
*** RIVER *** [9s 5s 4h 2s 9s 5s 4h 2s] [3s]
geniuss: checks 
CJ2003: bets $0.12
geniuss: folds 
Uncalled bet ($0.12) returned to CJ2003
CJ2003 collected $0.12 from pot
*** SUMMARY ***
Total pot $0.12 | Rake $0 
Board [9s 5s 4h 2s 9s 5s 4h 2s 3s]
Seat 2: westhamas folded before Flop (didn't bet)
Seat 5: CJ2003 (button) collected ($0.12)
Seat 8: Dorex2007 (small blind) folded before Flop
Seat 9: geniuss (big blind) folded on the River



