PokerStars Hand #225019888562:  Hold'em No Limit ($0.01/$0.02 USD) - 2021/03/20 16:19:16 PT [2021/03/20 19:19:16 ET]
Table 'Peacock VI' 9-max Seat #8 is the button
Seat 1: eagles_nest9 ($2.16 in chips) 
Seat 4: belialpit ($4.47 in chips) 
Seat 5: PokerwhizPro ($1.29 in chips) 
Seat 6: FilMiami ($4.43 in chips) 
Seat 7: Dorex2007 ($1.50 in chips) 
Seat 8: JAGUAR F-778 ($8.38 in chips) 
Seat 9: WooDoo-1968 ($1.94 in chips) 
WooDoo-1968: posts small blind $0.01
eagles_nest9: posts big blind $0.02
Dorex2007: posts big blind $0.02
*** HOLE CARDS ***
Dealt to Dorex2007 [Qc 4h]
belialpit: folds 
PokerwhizPro: raises $1.27 to $1.29 and is all-in
FilMiami: folds 
Dorex2007: folds 
JAGUAR F-778: folds 
WooDoo-1968: folds 
eagles_nest9: folds 
Uncalled bet ($1.27) returned to PokerwhizPro
PokerwhizPro collected $0.07 from pot
PokerwhizPro: doesn't show hand 
*** SUMMARY ***
Total pot $0.07 | Rake $0 
Seat 1: eagles_nest9 (big blind) folded before Flop
Seat 4: belialpit folded before Flop (didn't bet)
Seat 5: PokerwhizPro collected ($0.07)
Seat 6: FilMiami folded before Flop (didn't bet)
Seat 7: Dorex2007 folded before Flop (didn't bet)
Seat 8: JAGUAR F-778 (button) folded before Flop (didn't bet)
Seat 9: WooDoo-1968 (small blind) folded before Flop



PokerStars Hand #225019906672:  Hold'em No Limit ($0.01/$0.02 USD) - 2021/03/20 16:19:48 PT [2021/03/20 19:19:48 ET]
Table 'Peacock VI' 9-max Seat #9 is the button
Seat 1: eagles_nest9 ($2.14 in chips) 
Seat 4: belialpit ($4.47 in chips) 
Seat 5: PokerwhizPro ($1.34 in chips) 
Seat 6: FilMiami ($4.43 in chips) 
Seat 7: Dorex2007 ($1.48 in chips) 
Seat 8: JAGUAR F-778 ($8.38 in chips) 
Seat 9: WooDoo-1968 ($1.93 in chips) 
eagles_nest9: posts small blind $0.01
belialpit: posts big blind $0.02
*** HOLE CARDS ***
Dealt to Dorex2007 [9c 4d]
PokerwhizPro: folds 
FilMiami: folds 
Dorex2007: folds 
JAGUAR F-778: folds 
WooDoo-1968: folds 
eagles_nest9: folds 
Uncalled bet ($0.01) returned to belialpit
belialpit collected $0.02 from pot
belialpit: doesn't show hand 
*** SUMMARY ***
Total pot $0.02 | Rake $0 
Seat 1: eagles_nest9 (small blind) folded before Flop
Seat 4: belialpit (big blind) collected ($0.02)
Seat 5: PokerwhizPro folded before Flop (didn't bet)
Seat 6: FilMiami folded before Flop (didn't bet)
Seat 7: Dorex2007 folded before Flop (didn't bet)
Seat 8: JAGUAR F-778 folded before Flop (didn't bet)
Seat 9: WooDoo-1968 (button) folded before Flop (didn't bet)



PokerStars Hand #225019916578:  Hold'em No Limit ($0.01/$0.02 USD) - 2021/03/20 16:20:05 PT [2021/03/20 19:20:05 ET]
Table 'Peacock VI' 9-max Seat #1 is the button
Seat 1: eagles_nest9 ($2.13 in chips) 
Seat 4: belialpit ($4.48 in chips) 
Seat 5: PokerwhizPro ($1.34 in chips) 
Seat 6: FilMiami ($4.43 in chips) 
Seat 7: Dorex2007 ($1.48 in chips) 
Seat 8: JAGUAR F-778 ($8.38 in chips) 
Seat 9: WooDoo-1968 ($1.93 in chips) 
belialpit: posts small blind $0.01
PokerwhizPro: posts big blind $0.02
*** HOLE CARDS ***
Dealt to Dorex2007 [6d 6h]
FilMiami has timed out
FilMiami: folds 
Dorex2007: calls $0.02
JAGUAR F-778: folds 
WooDoo-1968: folds 
eagles_nest9: folds 
belialpit: folds 
PokerwhizPro: checks 
*** FLOP *** [5d 3c Tc]
FilMiami leaves the table
PokerwhizPro: checks 
ashleydoneill joins the table at seat #6 
Dorex2007: checks 
*** TURN *** [5d 3c Tc] [Qs]
PokerwhizPro: checks 
Dorex2007: checks 
*** RIVER *** [5d 3c Tc Qs] [2h]
PokerwhizPro: checks 
Dorex2007: checks 
*** SHOW DOWN ***
PokerwhizPro: shows [8s 9h] (high card Queen)
Dorex2007: shows [6d 6h] (a pair of Sixes)
Dorex2007 collected $0.05 from pot
ashleydoneill leaves the table
*** SUMMARY ***
Total pot $0.05 | Rake $0 
Board [5d 3c Tc Qs 2h]
Seat 1: eagles_nest9 (button) folded before Flop (didn't bet)
Seat 4: belialpit (small blind) folded before Flop
Seat 5: PokerwhizPro (big blind) showed [8s 9h] and lost with high card Queen
Seat 6: FilMiami folded before Flop (didn't bet)
Seat 7: Dorex2007 showed [6d 6h] and won ($0.05) with a pair of Sixes
Seat 8: JAGUAR F-778 folded before Flop (didn't bet)
Seat 9: WooDoo-1968 folded before Flop (didn't bet)



PokerStars Hand #225019946203:  Hold'em No Limit ($0.01/$0.02 USD) - 2021/03/20 16:20:58 PT [2021/03/20 19:20:58 ET]
Table 'Peacock VI' 9-max Seat #4 is the button
Seat 1: eagles_nest9 ($2.13 in chips) 
Seat 4: belialpit ($4.47 in chips) 
Seat 5: PokerwhizPro ($1.32 in chips) 
Seat 7: Dorex2007 ($1.51 in chips) 
Seat 8: JAGUAR F-778 ($8.38 in chips) 
Seat 9: WooDoo-1968 ($1.93 in chips) 
PokerwhizPro: posts small blind $0.01
Dorex2007: posts big blind $0.02
*** HOLE CARDS ***
Dealt to Dorex2007 [Ks 8s]
JAGUAR F-778: folds 
WooDoo-1968: folds 
eagles_nest9: folds 
belialpit: raises $0.04 to $0.06
PokerwhizPro: raises $1.26 to $1.32 and is all-in
Dorex2007: folds 
belialpit: folds 
Uncalled bet ($1.26) returned to PokerwhizPro
PokerwhizPro collected $0.14 from pot
PokerwhizPro: doesn't show hand 
*** SUMMARY ***
Total pot $0.14 | Rake $0 
Seat 1: eagles_nest9 folded before Flop (didn't bet)
Seat 4: belialpit (button) folded before Flop
Seat 5: PokerwhizPro (small blind) collected ($0.14)
Seat 7: Dorex2007 (big blind) folded before Flop
Seat 8: JAGUAR F-778 folded before Flop (didn't bet)
Seat 9: WooDoo-1968 folded before Flop (didn't bet)



PokerStars Hand #225019957854:  Hold'em No Limit ($0.01/$0.02 USD) - 2021/03/20 16:21:18 PT [2021/03/20 19:21:18 ET]
Table 'Peacock VI' 9-max Seat #5 is the button
Seat 1: eagles_nest9 ($2.13 in chips) 
Seat 4: belialpit ($4.41 in chips) 
Seat 5: PokerwhizPro ($1.40 in chips) 
Seat 7: Dorex2007 ($1.49 in chips) 
Seat 8: JAGUAR F-778 ($8.38 in chips) 
Seat 9: WooDoo-1968 ($1.93 in chips) 
Dorex2007: posts small blind $0.01
JAGUAR F-778: posts big blind $0.02
*** HOLE CARDS ***
Dealt to Dorex2007 [Jc 2d]
WooDoo-1968: folds 
eagles_nest9: folds 
belialpit: raises $0.04 to $0.06
PokerwhizPro: calls $0.06
Dorex2007: folds 
JAGUAR F-778: calls $0.04
*** FLOP *** [7s Qh Kd]
JAGUAR F-778: checks 
belialpit: checks 
PokerwhizPro: checks 
*** TURN *** [7s Qh Kd] [8h]
JAGUAR F-778: bets $0.14
belialpit: folds 
PokerwhizPro: calls $0.14
*** RIVER *** [7s Qh Kd 8h] [5s]
JAGUAR F-778: bets $0.35
PokerwhizPro: folds 
Uncalled bet ($0.35) returned to JAGUAR F-778
JAGUAR F-778 collected $0.45 from pot
JAGUAR F-778: doesn't show hand 
*** SUMMARY ***
Total pot $0.47 | Rake $0.02 
Board [7s Qh Kd 8h 5s]
Seat 1: eagles_nest9 folded before Flop (didn't bet)
Seat 4: belialpit folded on the Turn
Seat 5: PokerwhizPro (button) folded on the River
Seat 7: Dorex2007 (small blind) folded before Flop
Seat 8: JAGUAR F-778 (big blind) collected ($0.45)
Seat 9: WooDoo-1968 folded before Flop (didn't bet)



PokerStars Hand #225019980975:  Hold'em No Limit ($0.01/$0.02 USD) - 2021/03/20 16:22:00 PT [2021/03/20 19:22:00 ET]
Table 'Peacock VI' 9-max Seat #7 is the button
Seat 1: eagles_nest9 ($2.13 in chips) 
Seat 4: belialpit ($4.35 in chips) 
Seat 5: PokerwhizPro ($1.20 in chips) 
Seat 7: Dorex2007 ($1.48 in chips) 
Seat 8: JAGUAR F-778 ($8.63 in chips) 
Seat 9: WooDoo-1968 ($1.93 in chips) 
JAGUAR F-778: posts small blind $0.01
WooDoo-1968: posts big blind $0.02
*** HOLE CARDS ***
Dealt to Dorex2007 [5s 5h]
eagles_nest9: folds 
belialpit: calls $0.02
PokerwhizPro: calls $0.02
Dorex2007: calls $0.02
JAGUAR F-778: calls $0.01
WooDoo-1968: checks 
*** FLOP *** [3c 2c Kh]
JAGUAR F-778: checks 
WooDoo-1968: checks 
belialpit: checks 
PokerwhizPro: checks 
Dorex2007: bets $0.07
JAGUAR F-778: folds 
WooDoo-1968: folds 
belialpit: folds 
PokerwhizPro: calls $0.07
*** TURN *** [3c 2c Kh] [4h]
PokerwhizPro: checks 
WooDoo-1968 leaves the table
Dorex2007: checks 
*** RIVER *** [3c 2c Kh 4h] [9s]
PokerwhizPro: bets $0.23
Dorex2007: folds 
Uncalled bet ($0.23) returned to PokerwhizPro
PokerwhizPro collected $0.23 from pot
PokerwhizPro: doesn't show hand 
*** SUMMARY ***
Total pot $0.24 | Rake $0.01 
Board [3c 2c Kh 4h 9s]
Seat 1: eagles_nest9 folded before Flop (didn't bet)
Seat 4: belialpit folded on the Flop
Seat 5: PokerwhizPro collected ($0.23)
Seat 7: Dorex2007 (button) folded on the River
Seat 8: JAGUAR F-778 (small blind) folded on the Flop
Seat 9: WooDoo-1968 (big blind) folded on the Flop



PokerStars Hand #225020004653:  Hold'em No Limit ($0.01/$0.02 USD) - 2021/03/20 16:22:42 PT [2021/03/20 19:22:42 ET]
Table 'Peacock VI' 9-max Seat #8 is the button
Seat 4: belialpit ($4.33 in chips) 
Seat 5: PokerwhizPro ($1.34 in chips) 
Seat 7: Dorex2007 ($1.39 in chips) 
Seat 8: JAGUAR F-778 ($8.61 in chips) 
belialpit: posts small blind $0.01
PokerwhizPro: posts big blind $0.02
*** HOLE CARDS ***
Dealt to Dorex2007 [Td Qh]
Dorex2007: folds 
JAGUAR F-778: raises $0.05 to $0.07
belialpit: calls $0.06
PokerwhizPro: calls $0.05
*** FLOP *** [5h Ts 6c]
belialpit: checks 
PokerwhizPro: bets $1.27 and is all-in
JAGUAR F-778: folds 
belialpit: folds 
Uncalled bet ($1.27) returned to PokerwhizPro
PokerwhizPro collected $0.20 from pot
PokerwhizPro: doesn't show hand 
*** SUMMARY ***
Total pot $0.21 | Rake $0.01 
Board [5h Ts 6c]
Seat 4: belialpit (small blind) folded on the Flop
Seat 5: PokerwhizPro (big blind) collected ($0.20)
Seat 7: Dorex2007 folded before Flop (didn't bet)
Seat 8: JAGUAR F-778 (button) folded on the Flop



PokerStars Hand #225020020255:  Hold'em No Limit ($0.01/$0.02 USD) - 2021/03/20 16:23:10 PT [2021/03/20 19:23:10 ET]
Table 'Peacock VI' 9-max Seat #4 is the button
Seat 4: belialpit ($4.26 in chips) 
Seat 5: PokerwhizPro ($1.47 in chips) 
Seat 7: Dorex2007 ($1.39 in chips) 
Seat 8: JAGUAR F-778 ($8.54 in chips) 
PokerwhizPro: posts small blind $0.01
Dorex2007: posts big blind $0.02
*** HOLE CARDS ***
Dealt to Dorex2007 [9h 2c]
JAGUAR F-778: folds 
belialpit: raises $0.04 to $0.06
PokerwhizPro: calls $0.05
Dorex2007: folds 
*** FLOP *** [9s Kd Jd]
PokerwhizPro: checks 
belialpit: bets $0.07
PokerwhizPro: calls $0.07
*** TURN *** [9s Kd Jd] [Ks]
PokerwhizPro: checks 
belialpit: checks 
*** RIVER *** [9s Kd Jd Ks] [Th]
PokerwhizPro: bets $0.27
belialpit: folds 
Uncalled bet ($0.27) returned to PokerwhizPro
PokerwhizPro collected $0.27 from pot
PokerwhizPro: doesn't show hand 
*** SUMMARY ***
Total pot $0.28 | Rake $0.01 
Board [9s Kd Jd Ks Th]
Seat 4: belialpit (button) folded on the River
Seat 5: PokerwhizPro (small blind) collected ($0.27)
Seat 7: Dorex2007 (big blind) folded before Flop
Seat 8: JAGUAR F-778 folded before Flop (didn't bet)



PokerStars Hand #225020035158:  Hold'em No Limit ($0.01/$0.02 USD) - 2021/03/20 16:23:37 PT [2021/03/20 19:23:37 ET]
Table 'Peacock VI' 9-max Seat #5 is the button
Seat 4: belialpit ($4.13 in chips) 
Seat 5: PokerwhizPro ($1.61 in chips) 
Seat 7: Dorex2007 ($1.37 in chips) 
Seat 8: JAGUAR F-778 ($8.54 in chips) 
Dorex2007: posts small blind $0.01
JAGUAR F-778: posts big blind $0.02
*** HOLE CARDS ***
Dealt to Dorex2007 [7c Ac]
belialpit: folds 
PokerwhizPro: calls $0.02
Dorex2007: calls $0.01
JAGUAR F-778: checks 
*** FLOP *** [Jd 3c Js]
Dorex2007: checks 
JAGUAR F-778: checks 
PokerwhizPro: checks 
*** TURN *** [Jd 3c Js] [Kh]
eagles_nest9 leaves the table
Dorex2007: checks 
JAGUAR F-778: checks 
PokerwhizPro: checks 
*** RIVER *** [Jd 3c Js Kh] [2d]
Dorex2007: checks 
JAGUAR F-778: checks 
PokerwhizPro: bets $0.06
Dorex2007: folds 
JAGUAR F-778: folds 
Uncalled bet ($0.06) returned to PokerwhizPro
PokerwhizPro collected $0.06 from pot
PokerwhizPro: doesn't show hand 
*** SUMMARY ***
Total pot $0.06 | Rake $0 
Board [Jd 3c Js Kh 2d]
Seat 4: belialpit folded before Flop (didn't bet)
Seat 5: PokerwhizPro (button) collected ($0.06)
Seat 7: Dorex2007 (small blind) folded on the River
Seat 8: JAGUAR F-778 (big blind) folded on the River



