PokerStars Hand #233190254202:  Hold'em No Limit ($0.01/$0.02 USD) - 2022/01/16 8:00:44 PT [2022/01/16 11:00:44 ET]
Table 'Thessalia' 9-max Seat #5 is the button
Seat 1: Xabitpoker ($2.82 in chips) 
Seat 2: Cem1955 ($1.61 in chips) 
Seat 3: superfitt20 ($1.93 in chips) 
Seat 4: Dorex2007 ($2 in chips) 
Seat 5: abufirs ($2.60 in chips) 
Seat 6: Saeed0021 ($0.52 in chips) 
Seat 7: Zuban442 ($1.05 in chips) 
Seat 8: Wild-1995 ($2.18 in chips) 
Seat 9: Vadim Gomel ($2.38 in chips) 
Saeed0021: posts small blind $0.01
Zuban442: posts big blind $0.02
Dorex2007: posts big blind $0.02
*** HOLE CARDS ***
Dealt to Dorex2007 [6h Kh]
Wild-1995: folds 
Vadim Gomel: folds 
Xabitpoker: folds 
Cem1955: folds 
superfitt20: calls $0.02
Dorex2007: checks 
abufirs: calls $0.02
Saeed0021: raises $0.08 to $0.10
Zuban442: calls $0.08
superfitt20: folds 
Dorex2007: folds 
abufirs: folds 
*** FLOP *** [Qh 2c 3h]
Saeed0021: checks 
Zuban442: checks 
*** TURN *** [Qh 2c 3h] [4s]
Saeed0021: bets $0.12
Zuban442: raises $0.12 to $0.24
Saeed0021: raises $0.12 to $0.36
Zuban442: raises $0.59 to $0.95 and is all-in
Saeed0021: calls $0.06 and is all-in
Uncalled bet ($0.53) returned to Zuban442
*** RIVER *** [Qh 2c 3h 4s] [8c]
*** SHOW DOWN ***
Saeed0021: shows [Ah As] (a pair of Aces)
Zuban442: shows [Qc Qd] (three of a kind, Queens)
Zuban442 collected $1.06 from pot
*** SUMMARY ***
Total pot $1.10 | Rake $0.04 
Board [Qh 2c 3h 4s 8c]
Seat 1: Xabitpoker folded before Flop (didn't bet)
Seat 2: Cem1955 folded before Flop (didn't bet)
Seat 3: superfitt20 folded before Flop
Seat 4: Dorex2007 folded before Flop (didn't bet)
Seat 5: abufirs (button) folded before Flop
Seat 6: Saeed0021 (small blind) showed [Ah As] and lost with a pair of Aces
Seat 7: Zuban442 (big blind) showed [Qc Qd] and won ($1.06) with three of a kind, Queens
Seat 8: Wild-1995 folded before Flop (didn't bet)
Seat 9: Vadim Gomel folded before Flop (didn't bet)



PokerStars Hand #233190288552:  Hold'em No Limit ($0.01/$0.02 USD) - 2022/01/16 8:01:56 PT [2022/01/16 11:01:56 ET]
Table 'Thessalia' 9-max Seat #7 is the button
Seat 1: Xabitpoker ($2.82 in chips) 
Seat 2: Cem1955 ($1.61 in chips) 
Seat 3: superfitt20 ($1.91 in chips) 
Seat 4: Dorex2007 ($2 in chips) 
Seat 5: abufirs ($2.58 in chips) 
Seat 7: Zuban442 ($1.59 in chips) 
Seat 8: Wild-1995 ($2.18 in chips) 
Seat 9: Vadim Gomel ($2.38 in chips) 
Wild-1995: posts small blind $0.01
Vadim Gomel: posts big blind $0.02
*** HOLE CARDS ***
Dealt to Dorex2007 [Ah 9s]
Saeed0021 leaves the table
Xabitpoker: folds 
Cem1955: folds 
superfitt20: calls $0.02
Dorex2007: folds 
abufirs: folds 
Zuban442: folds 
Wild-1995: folds 
Vadim Gomel: checks 
*** FLOP *** [3d 3s Qs]
ahamiyatsiz joins the table at seat #6 
Vadim Gomel: checks 
superfitt20: checks 
*** TURN *** [3d 3s Qs] [Ad]
Vadim Gomel: checks 
superfitt20: checks 
*** RIVER *** [3d 3s Qs Ad] [Ac]
Vadim Gomel: checks 
superfitt20: bets $0.06
Vadim Gomel: folds 
Uncalled bet ($0.06) returned to superfitt20
superfitt20 collected $0.05 from pot
superfitt20: doesn't show hand 
*** SUMMARY ***
Total pot $0.05 | Rake $0 
Board [3d 3s Qs Ad Ac]
Seat 1: Xabitpoker folded before Flop (didn't bet)
Seat 2: Cem1955 folded before Flop (didn't bet)
Seat 3: superfitt20 collected ($0.05)
Seat 4: Dorex2007 folded before Flop (didn't bet)
Seat 5: abufirs folded before Flop (didn't bet)
Seat 7: Zuban442 (button) folded before Flop (didn't bet)
Seat 8: Wild-1995 (small blind) folded before Flop
Seat 9: Vadim Gomel (big blind) folded on the River



PokerStars Hand #233190304832:  Hold'em No Limit ($0.01/$0.02 USD) - 2022/01/16 8:02:28 PT [2022/01/16 11:02:28 ET]
Table 'Thessalia' 9-max Seat #8 is the button
Seat 1: Xabitpoker ($2.82 in chips) 
Seat 2: Cem1955 ($1.61 in chips) 
Seat 3: superfitt20 ($1.94 in chips) 
Seat 4: Dorex2007 ($2 in chips) 
Seat 5: abufirs ($2.58 in chips) 
Seat 7: Zuban442 ($1.59 in chips) 
Seat 8: Wild-1995 ($2.17 in chips) 
Seat 9: Vadim Gomel ($2.36 in chips) 
Vadim Gomel: posts small blind $0.01
Xabitpoker: posts big blind $0.02
ahamiyatsiz: sits out 
*** HOLE CARDS ***
Dealt to Dorex2007 [6c 9d]
Cem1955: folds 
superfitt20: calls $0.02
Dorex2007: folds 
abufirs: calls $0.02
Zuban442: folds 
Wild-1995: raises $0.06 to $0.08
Vadim Gomel: calls $0.07
Xabitpoker: calls $0.06
superfitt20: folds 
abufirs: folds 
*** FLOP *** [5c 9h 5h]
Vadim Gomel: bets $0.14
Xabitpoker: folds 
Wild-1995: raises $0.14 to $0.28
Vadim Gomel: calls $0.14
*** TURN *** [5c 9h 5h] [Qc]
Vadim Gomel: checks 
Wild-1995: checks 
*** RIVER *** [5c 9h 5h Qc] [2c]
Vadim Gomel: checks 
Wild-1995: bets $0.41
Vadim Gomel: folds 
Uncalled bet ($0.41) returned to Wild-1995
Wild-1995 collected $0.81 from pot
Wild-1995: doesn't show hand 
*** SUMMARY ***
Total pot $0.84 | Rake $0.03 
Board [5c 9h 5h Qc 2c]
Seat 1: Xabitpoker (big blind) folded on the Flop
Seat 2: Cem1955 folded before Flop (didn't bet)
Seat 3: superfitt20 folded before Flop
Seat 4: Dorex2007 folded before Flop (didn't bet)
Seat 5: abufirs folded before Flop
Seat 7: Zuban442 folded before Flop (didn't bet)
Seat 8: Wild-1995 (button) collected ($0.81)
Seat 9: Vadim Gomel (small blind) folded on the River



PokerStars Hand #233190353881:  Hold'em No Limit ($0.01/$0.02 USD) - 2022/01/16 8:04:04 PT [2022/01/16 11:04:04 ET]
Table 'Thessalia' 9-max Seat #9 is the button
Seat 1: Xabitpoker ($2.74 in chips) 
Seat 2: Cem1955 ($1.61 in chips) 
Seat 3: superfitt20 ($1.92 in chips) 
Seat 4: Dorex2007 ($2 in chips) 
Seat 5: abufirs ($2.56 in chips) 
Seat 7: Zuban442 ($1.59 in chips) 
Seat 8: Wild-1995 ($2.62 in chips) 
Seat 9: Vadim Gomel ($2 in chips) 
Xabitpoker: posts small blind $0.01
Cem1955: posts big blind $0.02
ahamiyatsiz: sits out 
*** HOLE CARDS ***
Dealt to Dorex2007 [Kc As]
superfitt20: calls $0.02
Dorex2007: raises $0.10 to $0.12
abufirs: folds 
Zuban442: folds 
Wild-1995: folds 
Vadim Gomel: calls $0.12
Xabitpoker: folds 
Cem1955: folds 
superfitt20: folds 
*** FLOP *** [3d Qs Ac]
Dorex2007: checks 
Vadim Gomel: checks 
*** TURN *** [3d Qs Ac] [2s]
Dorex2007: bets $0.28
Vadim Gomel: folds 
Uncalled bet ($0.28) returned to Dorex2007
Dorex2007 collected $0.28 from pot
Dorex2007: doesn't show hand 
*** SUMMARY ***
Total pot $0.29 | Rake $0.01 
Board [3d Qs Ac 2s]
Seat 1: Xabitpoker (small blind) folded before Flop
Seat 2: Cem1955 (big blind) folded before Flop
Seat 3: superfitt20 folded before Flop
Seat 4: Dorex2007 collected ($0.28)
Seat 5: abufirs folded before Flop (didn't bet)
Seat 7: Zuban442 folded before Flop (didn't bet)
Seat 8: Wild-1995 folded before Flop (didn't bet)
Seat 9: Vadim Gomel (button) folded on the Turn



PokerStars Hand #233190375099:  Hold'em No Limit ($0.01/$0.02 USD) - 2022/01/16 8:04:45 PT [2022/01/16 11:04:45 ET]
Table 'Thessalia' 9-max Seat #1 is the button
Seat 1: Xabitpoker ($2.73 in chips) 
Seat 2: Cem1955 ($1.59 in chips) 
Seat 3: superfitt20 ($1.90 in chips) 
Seat 4: Dorex2007 ($2.16 in chips) 
Seat 5: abufirs ($2.56 in chips) 
Seat 7: Zuban442 ($1.59 in chips) 
Seat 8: Wild-1995 ($2.62 in chips) 
Seat 9: Vadim Gomel ($2 in chips) 
Cem1955: posts small blind $0.01
superfitt20: posts big blind $0.02
ahamiyatsiz: sits out 
*** HOLE CARDS ***
Dealt to Dorex2007 [Th 5s]
Dorex2007: folds 
abufirs: folds 
Zuban442: folds 
Wild-1995: folds 
Vadim Gomel: folds 
Xabitpoker: folds 
Cem1955: calls $0.01
superfitt20: checks 
*** FLOP *** [9d 7s 7d]
Cem1955: checks 
superfitt20: bets $0.02
Cem1955: calls $0.02
*** TURN *** [9d 7s 7d] [Tc]
Cem1955: checks 
superfitt20: bets $0.10
Cem1955: folds 
Uncalled bet ($0.10) returned to superfitt20
superfitt20 collected $0.08 from pot
superfitt20: doesn't show hand 
*** SUMMARY ***
Total pot $0.08 | Rake $0 
Board [9d 7s 7d Tc]
Seat 1: Xabitpoker (button) folded before Flop (didn't bet)
Seat 2: Cem1955 (small blind) folded on the Turn
Seat 3: superfitt20 (big blind) collected ($0.08)
Seat 4: Dorex2007 folded before Flop (didn't bet)
Seat 5: abufirs folded before Flop (didn't bet)
Seat 7: Zuban442 folded before Flop (didn't bet)
Seat 8: Wild-1995 folded before Flop (didn't bet)
Seat 9: Vadim Gomel folded before Flop (didn't bet)



PokerStars Hand #233190397223:  Hold'em No Limit ($0.01/$0.02 USD) - 2022/01/16 8:05:26 PT [2022/01/16 11:05:26 ET]
Table 'Thessalia' 9-max Seat #2 is the button
Seat 1: Xabitpoker ($2.73 in chips) 
Seat 2: Cem1955 ($1.55 in chips) 
Seat 3: superfitt20 ($1.94 in chips) 
Seat 4: Dorex2007 ($2.16 in chips) 
Seat 5: abufirs ($2.56 in chips) 
Seat 7: Zuban442 ($1.59 in chips) 
Seat 8: Wild-1995 ($2.62 in chips) 
Seat 9: Vadim Gomel ($2 in chips) 
superfitt20: posts small blind $0.01
Dorex2007: posts big blind $0.02
ahamiyatsiz: sits out 
*** HOLE CARDS ***
Dealt to Dorex2007 [8s 3d]
abufirs: folds 
Zuban442: folds 
Wild-1995: folds 
Vadim Gomel: folds 
Xabitpoker: raises $0.04 to $0.06
Cem1955: folds 
superfitt20: folds 
Dorex2007: folds 
Uncalled bet ($0.04) returned to Xabitpoker
Xabitpoker collected $0.05 from pot
Xabitpoker: doesn't show hand 
*** SUMMARY ***
Total pot $0.05 | Rake $0 
Seat 1: Xabitpoker collected ($0.05)
Seat 2: Cem1955 (button) folded before Flop (didn't bet)
Seat 3: superfitt20 (small blind) folded before Flop
Seat 4: Dorex2007 (big blind) folded before Flop
Seat 5: abufirs folded before Flop (didn't bet)
Seat 7: Zuban442 folded before Flop (didn't bet)
Seat 8: Wild-1995 folded before Flop (didn't bet)
Seat 9: Vadim Gomel folded before Flop (didn't bet)



PokerStars Hand #233190407959:  Hold'em No Limit ($0.01/$0.02 USD) - 2022/01/16 8:05:45 PT [2022/01/16 11:05:45 ET]
Table 'Thessalia' 9-max Seat #3 is the button
Seat 1: Xabitpoker ($2.76 in chips) 
Seat 2: Cem1955 ($1.55 in chips) 
Seat 3: superfitt20 ($1.93 in chips) 
Seat 4: Dorex2007 ($2.14 in chips) 
Seat 5: abufirs ($2.56 in chips) 
Seat 7: Zuban442 ($1.59 in chips) 
Seat 8: Wild-1995 ($2.62 in chips) 
Seat 9: Vadim Gomel ($2 in chips) 
Dorex2007: posts small blind $0.01
abufirs: posts big blind $0.02
ahamiyatsiz: sits out 
*** HOLE CARDS ***
Dealt to Dorex2007 [8d 5d]
Zuban442: folds 
Wild-1995: folds 
Vadim Gomel: raises $0.04 to $0.06
Xabitpoker: folds 
Cem1955: folds 
superfitt20: folds 
Dorex2007: folds 
abufirs: folds 
Uncalled bet ($0.04) returned to Vadim Gomel
Vadim Gomel collected $0.05 from pot
Vadim Gomel: doesn't show hand 
*** SUMMARY ***
Total pot $0.05 | Rake $0 
Seat 1: Xabitpoker folded before Flop (didn't bet)
Seat 2: Cem1955 folded before Flop (didn't bet)
Seat 3: superfitt20 (button) folded before Flop (didn't bet)
Seat 4: Dorex2007 (small blind) folded before Flop
Seat 5: abufirs (big blind) folded before Flop
Seat 7: Zuban442 folded before Flop (didn't bet)
Seat 8: Wild-1995 folded before Flop (didn't bet)
Seat 9: Vadim Gomel collected ($0.05)



PokerStars Hand #233190417414:  Hold'em No Limit ($0.01/$0.02 USD) - 2022/01/16 8:06:03 PT [2022/01/16 11:06:03 ET]
Table 'Thessalia' 9-max Seat #4 is the button
Seat 1: Xabitpoker ($2.76 in chips) 
Seat 2: Cem1955 ($1.55 in chips) 
Seat 3: superfitt20 ($1.93 in chips) 
Seat 4: Dorex2007 ($2.13 in chips) 
Seat 5: abufirs ($2.54 in chips) 
Seat 6: ahamiyatsiz ($0.80 in chips) 
Seat 7: Zuban442 ($1.59 in chips) 
Seat 8: Wild-1995 ($2.62 in chips) 
Seat 9: Vadim Gomel ($2.03 in chips) 
abufirs: posts small blind $0.01
ahamiyatsiz: posts big blind $0.02
*** HOLE CARDS ***
Dealt to Dorex2007 [As Tc]
Zuban442: folds 
Wild-1995: folds 
Vadim Gomel: folds 
Xabitpoker: folds 
Cem1955: calls $0.02
superfitt20: folds 
Dorex2007: folds 
abufirs: calls $0.01
ahamiyatsiz: checks 
*** FLOP *** [6h 5s 2d]
abufirs: checks 
ahamiyatsiz: checks 
Cem1955: bets $0.06
abufirs: folds 
ahamiyatsiz: calls $0.06
*** TURN *** [6h 5s 2d] [Kd]
ahamiyatsiz: checks 
Cem1955: bets $1.47 and is all-in
ahamiyatsiz: calls $0.72 and is all-in
Uncalled bet ($0.75) returned to Cem1955
*** RIVER *** [6h 5s 2d Kd] [9c]
*** SHOW DOWN ***
ahamiyatsiz: shows [7d 4d] (high card King)
Cem1955: shows [6d 6c] (three of a kind, Sixes)
Cem1955 cashed out the hand for $1.08 | Cash Out Fee $0.01
*** SUMMARY ***
Total pot $1.62 | Rake $0.06 
Board [6h 5s 2d Kd 9c]
Seat 1: Xabitpoker folded before Flop (didn't bet)
Seat 2: Cem1955 showed [6d 6c] and won ($1.56) with three of a kind, Sixes (pot not awarded as player cashed out)
Seat 3: superfitt20 folded before Flop (didn't bet)
Seat 4: Dorex2007 (button) folded before Flop (didn't bet)
Seat 5: abufirs (small blind) folded on the Flop
Seat 6: ahamiyatsiz (big blind) showed [7d 4d] and lost with high card King
Seat 7: Zuban442 folded before Flop (didn't bet)
Seat 8: Wild-1995 folded before Flop (didn't bet)
Seat 9: Vadim Gomel folded before Flop (didn't bet)



PokerStars Hand #233190451964:  Hold'em No Limit ($0.01/$0.02 USD) - 2022/01/16 8:07:06 PT [2022/01/16 11:07:06 ET]
Table 'Thessalia' 9-max Seat #5 is the button
Seat 2: Cem1955 ($1.83 in chips) 
Seat 3: superfitt20 ($1.93 in chips) 
Seat 4: Dorex2007 ($2.13 in chips) 
Seat 5: abufirs ($2.52 in chips) 
Seat 7: Zuban442 ($1.59 in chips) 
Seat 9: Vadim Gomel ($2.03 in chips) 
Zuban442: posts small blind $0.01
Wild-1995: is sitting out 
Vadim Gomel: posts big blind $0.02
*** HOLE CARDS ***
Dealt to Dorex2007 [4c Qd]
Cem1955: folds 
Wild-1995 leaves the table
superfitt20: calls $0.02
Dorex2007: folds 
abufirs: folds 
Adam_W888 joins the table at seat #8 
Zuban442: folds 
Vadim Gomel: checks 
*** FLOP *** [Jc Ad 4d]
Vadim Gomel: checks 
superfitt20: checks 
*** TURN *** [Jc Ad 4d] [7s]
Vadim Gomel: bets $0.03
superfitt20: folds 
Uncalled bet ($0.03) returned to Vadim Gomel
Vadim Gomel collected $0.05 from pot
Vadim Gomel: doesn't show hand 
*** SUMMARY ***
Total pot $0.05 | Rake $0 
Board [Jc Ad 4d 7s]
Seat 2: Cem1955 folded before Flop (didn't bet)
Seat 3: superfitt20 folded on the Turn
Seat 4: Dorex2007 folded before Flop (didn't bet)
Seat 5: abufirs (button) folded before Flop (didn't bet)
Seat 7: Zuban442 (small blind) folded before Flop
Seat 9: Vadim Gomel (big blind) collected ($0.05)



PokerStars Hand #233190470980:  Hold'em No Limit ($0.01/$0.02 USD) - 2022/01/16 8:07:40 PT [2022/01/16 11:07:40 ET]
Table 'Thessalia' 9-max Seat #7 is the button
Seat 2: Cem1955 ($1.83 in chips) 
Seat 3: superfitt20 ($1.91 in chips) 
Seat 4: Dorex2007 ($2.13 in chips) 
Seat 5: abufirs ($2.52 in chips) 
Seat 7: Zuban442 ($1.58 in chips) 
Seat 9: Vadim Gomel ($2.06 in chips) 
Vadim Gomel: posts small blind $0.01
Cem1955: posts big blind $0.02
ahamiyatsiz: sits out 
*** HOLE CARDS ***
Dealt to Dorex2007 [Kc 2s]
superfitt20: calls $0.02
Dorex2007: folds 
abufirs: calls $0.02
Zuban442: calls $0.02
Vadim Gomel: folds 
Cem1955: checks 
*** FLOP *** [5h Qh Js]
Cem1955: checks 
superfitt20: checks 
abufirs: checks 
Zuban442: checks 
*** TURN *** [5h Qh Js] [Jh]
Cem1955: checks 
superfitt20: checks 
abufirs: bets $0.09
Zuban442: calls $0.09
Cem1955: folds 
superfitt20: folds 
*** RIVER *** [5h Qh Js Jh] [Ah]
abufirs: bets $0.08
Zuban442: raises $0.21 to $0.29
abufirs: folds 
Uncalled bet ($0.21) returned to Zuban442
Zuban442 collected $0.41 from pot
Zuban442: doesn't show hand 
*** SUMMARY ***
Total pot $0.43 | Rake $0.02 
Board [5h Qh Js Jh Ah]
Seat 2: Cem1955 (big blind) folded on the Turn
Seat 3: superfitt20 folded on the Turn
Seat 4: Dorex2007 folded before Flop (didn't bet)
Seat 5: abufirs folded on the River
Seat 7: Zuban442 (button) collected ($0.41)
Seat 9: Vadim Gomel (small blind) folded before Flop



PokerStars Hand #233190503182:  Hold'em No Limit ($0.01/$0.02 USD) - 2022/01/16 8:08:39 PT [2022/01/16 11:08:39 ET]
Table 'Thessalia' 9-max Seat #9 is the button
Seat 2: Cem1955 ($1.81 in chips) 
Seat 3: superfitt20 ($1.89 in chips) 
Seat 4: Dorex2007 ($2.13 in chips) 
Seat 5: abufirs ($2.33 in chips) 
Seat 7: Zuban442 ($1.80 in chips) 
Seat 8: Adam_W888 ($2 in chips) 
Seat 9: Vadim Gomel ($2.05 in chips) 
Cem1955: posts small blind $0.01
superfitt20: posts big blind $0.02
ahamiyatsiz: sits out 
Adam_W888: posts big blind $0.02
*** HOLE CARDS ***
Dealt to Dorex2007 [As 6s]
Dorex2007: raises $0.04 to $0.06
abufirs: folds 
Zuban442: folds 
Adam_W888: folds 
Vadim Gomel: folds 
Cem1955: calls $0.05
superfitt20: folds 
*** FLOP *** [Qs 7h 7c]
Cem1955: checks 
Dorex2007: checks 
*** TURN *** [Qs 7h 7c] [4s]
Cem1955: checks 
Dorex2007: checks 
*** RIVER *** [Qs 7h 7c 4s] [4c]
Cem1955: checks 
Dorex2007: checks 
*** SHOW DOWN ***
Cem1955: shows [8c Ad] (two pair, Sevens and Fours)
Dorex2007: shows [As 6s] (two pair, Sevens and Fours)
Cem1955 collected $0.08 from pot
Dorex2007 collected $0.07 from pot
*** SUMMARY ***
Total pot $0.16 | Rake $0.01 
Board [Qs 7h 7c 4s 4c]
Seat 2: Cem1955 (small blind) showed [8c Ad] and won ($0.08) with two pair, Sevens and Fours
Seat 3: superfitt20 (big blind) folded before Flop
Seat 4: Dorex2007 showed [As 6s] and won ($0.07) with two pair, Sevens and Fours
Seat 5: abufirs folded before Flop (didn't bet)
Seat 7: Zuban442 folded before Flop (didn't bet)
Seat 8: Adam_W888 folded before Flop (didn't bet)
Seat 9: Vadim Gomel (button) folded before Flop (didn't bet)



PokerStars Hand #233190520344:  Hold'em No Limit ($0.01/$0.02 USD) - 2022/01/16 8:09:11 PT [2022/01/16 11:09:11 ET]
Table 'Thessalia' 9-max Seat #2 is the button
Seat 2: Cem1955 ($1.83 in chips) 
Seat 3: superfitt20 ($1.87 in chips) 
Seat 4: Dorex2007 ($2.14 in chips) 
Seat 5: abufirs ($2.33 in chips) 
Seat 7: Zuban442 ($1.80 in chips) 
Seat 8: Adam_W888 ($1.98 in chips) 
Seat 9: Vadim Gomel ($2.05 in chips) 
superfitt20: posts small blind $0.01
Dorex2007: posts big blind $0.02
ahamiyatsiz: sits out 
Xabitpoker: sits out 
*** HOLE CARDS ***
Dealt to Dorex2007 [9c Jc]
abufirs: calls $0.02
Zuban442: folds 
Adam_W888: folds 
Vadim Gomel: folds 
Cem1955: folds 
superfitt20: calls $0.01
Dorex2007: checks 
*** FLOP *** [8d Td 9d]
superfitt20: checks 
Dorex2007: bets $0.03
abufirs: calls $0.03
superfitt20: folds 
*** TURN *** [8d Td 9d] [2s]
Dorex2007: checks 
abufirs: checks 
*** RIVER *** [8d Td 9d 2s] [Ac]
Dorex2007: bets $0.06
abufirs: folds 
Uncalled bet ($0.06) returned to Dorex2007
Dorex2007 collected $0.12 from pot
Dorex2007: doesn't show hand 
*** SUMMARY ***
Total pot $0.12 | Rake $0 
Board [8d Td 9d 2s Ac]
Seat 2: Cem1955 (button) folded before Flop (didn't bet)
Seat 3: superfitt20 (small blind) folded on the Flop
Seat 4: Dorex2007 (big blind) collected ($0.12)
Seat 5: abufirs folded on the River
Seat 7: Zuban442 folded before Flop (didn't bet)
Seat 8: Adam_W888 folded before Flop (didn't bet)
Seat 9: Vadim Gomel folded before Flop (didn't bet)



PokerStars Hand #233190554713:  Hold'em No Limit ($0.01/$0.02 USD) - 2022/01/16 8:10:12 PT [2022/01/16 11:10:12 ET]
Table 'Thessalia' 9-max Seat #3 is the button
Seat 2: Cem1955 ($1.83 in chips) 
Seat 3: superfitt20 ($1.85 in chips) 
Seat 4: Dorex2007 ($2.21 in chips) 
Seat 5: abufirs ($2.28 in chips) 
Seat 7: Zuban442 ($1.80 in chips) 
Seat 8: Adam_W888 ($1.98 in chips) 
Seat 9: Vadim Gomel ($2.05 in chips) 
Dorex2007: posts small blind $0.01
abufirs: posts big blind $0.02
ahamiyatsiz: sits out 
Xabitpoker: sits out 
*** HOLE CARDS ***
Dealt to Dorex2007 [Qs 8c]
Zuban442: folds 
Adam_W888: folds 
Vadim Gomel: folds 
Cem1955: folds 
superfitt20: calls $0.02
Dorex2007: folds 
abufirs: checks 
*** FLOP *** [4s 5c Kc]
abufirs: checks 
superfitt20: checks 
*** TURN *** [4s 5c Kc] [5h]
abufirs: bets $0.04
superfitt20: calls $0.04
*** RIVER *** [4s 5c Kc 5h] [6d]
abufirs: checks 
superfitt20: checks 
*** SHOW DOWN ***
abufirs: shows [4h Ah] (two pair, Fives and Fours)
superfitt20: shows [Ks 9s] (two pair, Kings and Fives)
superfitt20 collected $0.13 from pot
*** SUMMARY ***
Total pot $0.13 | Rake $0 
Board [4s 5c Kc 5h 6d]
Seat 2: Cem1955 folded before Flop (didn't bet)
Seat 3: superfitt20 (button) showed [Ks 9s] and won ($0.13) with two pair, Kings and Fives
Seat 4: Dorex2007 (small blind) folded before Flop
Seat 5: abufirs (big blind) showed [4h Ah] and lost with two pair, Fives and Fours
Seat 7: Zuban442 folded before Flop (didn't bet)
Seat 8: Adam_W888 folded before Flop (didn't bet)
Seat 9: Vadim Gomel folded before Flop (didn't bet)



PokerStars Hand #233190567979:  Hold'em No Limit ($0.01/$0.02 USD) - 2022/01/16 8:10:36 PT [2022/01/16 11:10:36 ET]
Table 'Thessalia' 9-max Seat #4 is the button
Seat 2: Cem1955 ($1.83 in chips) 
Seat 3: superfitt20 ($1.92 in chips) 
Seat 4: Dorex2007 ($2.20 in chips) 
Seat 5: abufirs ($2.22 in chips) 
Seat 6: ahamiyatsiz ($0.82 in chips) 
Seat 7: Zuban442 ($1.80 in chips) 
Seat 8: Adam_W888 ($1.98 in chips) 
Seat 9: Vadim Gomel ($2.05 in chips) 
abufirs: posts small blind $0.01
ahamiyatsiz: posts big blind $0.02
Xabitpoker: sits out 
*** HOLE CARDS ***
Dealt to Dorex2007 [Qc 8c]
Zuban442: folds 
Adam_W888: raises $0.04 to $0.06
Vadim Gomel: folds 
Cem1955: calls $0.06
superfitt20: folds 
Dorex2007: folds 
abufirs: folds 
ahamiyatsiz: calls $0.04
*** FLOP *** [Qs 3s 3h]
ahamiyatsiz: checks 
Adam_W888: checks 
Cem1955: checks 
*** TURN *** [Qs 3s 3h] [5c]
ahamiyatsiz: checks 
Adam_W888: checks 
Cem1955: checks 
*** RIVER *** [Qs 3s 3h 5c] [As]
ahamiyatsiz: checks 
Adam_W888: checks 
Cem1955: bets $0.02
ahamiyatsiz: folds 
Adam_W888: folds 
Uncalled bet ($0.02) returned to Cem1955
Cem1955 collected $0.18 from pot
Cem1955: doesn't show hand 
*** SUMMARY ***
Total pot $0.19 | Rake $0.01 
Board [Qs 3s 3h 5c As]
Seat 2: Cem1955 collected ($0.18)
Seat 3: superfitt20 folded before Flop (didn't bet)
Seat 4: Dorex2007 (button) folded before Flop (didn't bet)
Seat 5: abufirs (small blind) folded before Flop
Seat 6: ahamiyatsiz (big blind) folded on the River
Seat 7: Zuban442 folded before Flop (didn't bet)
Seat 8: Adam_W888 folded on the River
Seat 9: Vadim Gomel folded before Flop (didn't bet)



PokerStars Hand #233190596167:  Hold'em No Limit ($0.01/$0.02 USD) - 2022/01/16 8:11:27 PT [2022/01/16 11:11:27 ET]
Table 'Thessalia' 9-max Seat #5 is the button
Seat 2: Cem1955 ($1.95 in chips) 
Seat 3: superfitt20 ($1.92 in chips) 
Seat 4: Dorex2007 ($2.20 in chips) 
Seat 5: abufirs ($2.21 in chips) 
Seat 6: ahamiyatsiz ($0.76 in chips) 
Seat 7: Zuban442 ($1.80 in chips) 
Seat 8: Adam_W888 ($1.92 in chips) 
Seat 9: Vadim Gomel ($2.05 in chips) 
ahamiyatsiz: posts small blind $0.01
Zuban442: posts big blind $0.02
Xabitpoker: sits out 
*** HOLE CARDS ***
Dealt to Dorex2007 [9d Ad]
Adam_W888: folds 
Vadim Gomel: raises $0.04 to $0.06
Cem1955: folds 
superfitt20: folds 
Dorex2007: folds 
abufirs: calls $0.06
ahamiyatsiz: folds 
Zuban442: folds 
*** FLOP *** [Jc 7s Jh]
Vadim Gomel: bets $0.07
abufirs: calls $0.07
*** TURN *** [Jc 7s Jh] [8c]
Vadim Gomel: bets $0.21
abufirs: folds 
Uncalled bet ($0.21) returned to Vadim Gomel
Vadim Gomel collected $0.28 from pot
Vadim Gomel: doesn't show hand 
*** SUMMARY ***
Total pot $0.29 | Rake $0.01 
Board [Jc 7s Jh 8c]
Seat 2: Cem1955 folded before Flop (didn't bet)
Seat 3: superfitt20 folded before Flop (didn't bet)
Seat 4: Dorex2007 folded before Flop (didn't bet)
Seat 5: abufirs (button) folded on the Turn
Seat 6: ahamiyatsiz (small blind) folded before Flop
Seat 7: Zuban442 (big blind) folded before Flop
Seat 8: Adam_W888 folded before Flop (didn't bet)
Seat 9: Vadim Gomel collected ($0.28)



PokerStars Hand #233190630480:  Hold'em No Limit ($0.01/$0.02 USD) - 2022/01/16 8:12:12 PT [2022/01/16 11:12:12 ET]
Table 'Thessalia' 9-max Seat #6 is the button
Seat 2: Cem1955 ($1.95 in chips) 
Seat 3: superfitt20 ($1.92 in chips) 
Seat 4: Dorex2007 ($2.20 in chips) 
Seat 5: abufirs ($2.08 in chips) 
Seat 6: ahamiyatsiz ($0.75 in chips) 
Seat 7: Zuban442 ($1.78 in chips) 
Seat 8: Adam_W888 ($1.92 in chips) 
Seat 9: Vadim Gomel ($2.20 in chips) 
Zuban442: posts small blind $0.01
Adam_W888: posts big blind $0.02
Xabitpoker: sits out 
*** HOLE CARDS ***
Dealt to Dorex2007 [4c 2c]
Vadim Gomel: folds 
Cem1955: calls $0.02
superfitt20: calls $0.02
Dorex2007: folds 
abufirs: calls $0.02
ahamiyatsiz: raises $0.73 to $0.75 and is all-in
Zuban442: folds 
Adam_W888: folds 
Cem1955: folds 
superfitt20: folds 
abufirs: folds 
Uncalled bet ($0.73) returned to ahamiyatsiz
ahamiyatsiz collected $0.11 from pot
ahamiyatsiz: doesn't show hand 
*** SUMMARY ***
Total pot $0.11 | Rake $0 
Seat 2: Cem1955 folded before Flop
Seat 3: superfitt20 folded before Flop
Seat 4: Dorex2007 folded before Flop (didn't bet)
Seat 5: abufirs folded before Flop
Seat 6: ahamiyatsiz (button) collected ($0.11)
Seat 7: Zuban442 (small blind) folded before Flop
Seat 8: Adam_W888 (big blind) folded before Flop
Seat 9: Vadim Gomel folded before Flop (didn't bet)



PokerStars Hand #233190642786:  Hold'em No Limit ($0.01/$0.02 USD) - 2022/01/16 8:12:34 PT [2022/01/16 11:12:34 ET]
Table 'Thessalia' 9-max Seat #7 is the button
Seat 2: Cem1955 ($1.93 in chips) 
Seat 3: superfitt20 ($1.90 in chips) 
Seat 4: Dorex2007 ($2.20 in chips) 
Seat 5: abufirs ($2.06 in chips) 
Seat 6: ahamiyatsiz ($0.84 in chips) 
Seat 7: Zuban442 ($1.77 in chips) 
Seat 8: Adam_W888 ($1.90 in chips) 
Seat 9: Vadim Gomel ($2.20 in chips) 
Adam_W888: posts small blind $0.01
Vadim Gomel: posts big blind $0.02
Xabitpoker: sits out 
*** HOLE CARDS ***
Dealt to Dorex2007 [2s 9h]
Cem1955: folds 
superfitt20: folds 
Dorex2007: folds 
abufirs: folds 
ahamiyatsiz: folds 
Zuban442: raises $0.02 to $0.04
Adam_W888: folds 
Vadim Gomel: folds 
Uncalled bet ($0.02) returned to Zuban442
Zuban442 collected $0.05 from pot
Zuban442: doesn't show hand 
*** SUMMARY ***
Total pot $0.05 | Rake $0 
Seat 2: Cem1955 folded before Flop (didn't bet)
Seat 3: superfitt20 folded before Flop (didn't bet)
Seat 4: Dorex2007 folded before Flop (didn't bet)
Seat 5: abufirs folded before Flop (didn't bet)
Seat 6: ahamiyatsiz folded before Flop (didn't bet)
Seat 7: Zuban442 (button) collected ($0.05)
Seat 8: Adam_W888 (small blind) folded before Flop
Seat 9: Vadim Gomel (big blind) folded before Flop



PokerStars Hand #233190652405:  Hold'em No Limit ($0.01/$0.02 USD) - 2022/01/16 8:12:51 PT [2022/01/16 11:12:51 ET]
Table 'Thessalia' 9-max Seat #8 is the button
Seat 1: Xabitpoker ($2.76 in chips) 
Seat 2: Cem1955 ($1.93 in chips) 
Seat 3: superfitt20 ($1.90 in chips) 
Seat 4: Dorex2007 ($2.20 in chips) 
Seat 5: abufirs ($2.06 in chips) 
Seat 6: ahamiyatsiz ($0.84 in chips) 
Seat 7: Zuban442 ($1.80 in chips) 
Seat 8: Adam_W888 ($1.89 in chips) 
Seat 9: Vadim Gomel ($2.18 in chips) 
Vadim Gomel: posts small blind $0.01
Xabitpoker: posts big blind $0.02
*** HOLE CARDS ***
Dealt to Dorex2007 [Ks 9d]
Cem1955: folds 
superfitt20: folds 
Dorex2007: folds 
abufirs: raises $0.04 to $0.06
ahamiyatsiz: folds 
Zuban442: folds 
Adam_W888: calls $0.06
Vadim Gomel: folds 
Xabitpoker: folds 
*** FLOP *** [Qd 4s 3h]
abufirs: checks 
Adam_W888: checks 
*** TURN *** [Qd 4s 3h] [Js]
abufirs: bets $0.07
Adam_W888: folds 
Uncalled bet ($0.07) returned to abufirs
abufirs collected $0.14 from pot
abufirs: doesn't show hand 
*** SUMMARY ***
Total pot $0.15 | Rake $0.01 
Board [Qd 4s 3h Js]
Seat 1: Xabitpoker (big blind) folded before Flop
Seat 2: Cem1955 folded before Flop (didn't bet)
Seat 3: superfitt20 folded before Flop (didn't bet)
Seat 4: Dorex2007 folded before Flop (didn't bet)
Seat 5: abufirs collected ($0.14)
Seat 6: ahamiyatsiz folded before Flop (didn't bet)
Seat 7: Zuban442 folded before Flop (didn't bet)
Seat 8: Adam_W888 (button) folded on the Turn
Seat 9: Vadim Gomel (small blind) folded before Flop



PokerStars Hand #233190675140:  Hold'em No Limit ($0.01/$0.02 USD) - 2022/01/16 8:13:32 PT [2022/01/16 11:13:32 ET]
Table 'Thessalia' 9-max Seat #9 is the button
Seat 1: Xabitpoker ($2.74 in chips) 
Seat 2: Cem1955 ($1.93 in chips) 
Seat 3: superfitt20 ($1.90 in chips) 
Seat 4: Dorex2007 ($2.20 in chips) 
Seat 5: abufirs ($2.14 in chips) 
Seat 6: ahamiyatsiz ($0.84 in chips) 
Seat 7: Zuban442 ($1.80 in chips) 
Seat 8: Adam_W888 ($1.83 in chips) 
Seat 9: Vadim Gomel ($2.17 in chips) 
Xabitpoker: posts small blind $0.01
Cem1955: posts big blind $0.02
*** HOLE CARDS ***
Dealt to Dorex2007 [Ah Th]
superfitt20: calls $0.02
Dorex2007: raises $0.04 to $0.06
abufirs: folds 
ahamiyatsiz: folds 
Zuban442: folds 
Adam_W888: folds 
Vadim Gomel: folds 
Xabitpoker: folds 
Cem1955: folds 
superfitt20: folds 
Uncalled bet ($0.04) returned to Dorex2007
Dorex2007 collected $0.07 from pot
Dorex2007: doesn't show hand 
*** SUMMARY ***
Total pot $0.07 | Rake $0 
Seat 1: Xabitpoker (small blind) folded before Flop
Seat 2: Cem1955 (big blind) folded before Flop
Seat 3: superfitt20 folded before Flop
Seat 4: Dorex2007 collected ($0.07)
Seat 5: abufirs folded before Flop (didn't bet)
Seat 6: ahamiyatsiz folded before Flop (didn't bet)
Seat 7: Zuban442 folded before Flop (didn't bet)
Seat 8: Adam_W888 folded before Flop (didn't bet)
Seat 9: Vadim Gomel (button) folded before Flop (didn't bet)



PokerStars Hand #233190692809:  Hold'em No Limit ($0.01/$0.02 USD) - 2022/01/16 8:14:04 PT [2022/01/16 11:14:04 ET]
Table 'Thessalia' 9-max Seat #1 is the button
Seat 1: Xabitpoker ($2.73 in chips) 
Seat 2: Cem1955 ($1.91 in chips) 
Seat 3: superfitt20 ($1.88 in chips) 
Seat 4: Dorex2007 ($2.25 in chips) 
Seat 5: abufirs ($2.14 in chips) 
Seat 6: ahamiyatsiz ($0.84 in chips) 
Seat 7: Zuban442 ($1.80 in chips) 
Seat 8: Adam_W888 ($1.83 in chips) 
Seat 9: Vadim Gomel ($2.17 in chips) 
Cem1955: posts small blind $0.01
superfitt20: posts big blind $0.02
*** HOLE CARDS ***
Dealt to Dorex2007 [Ac 3s]
Dorex2007: folds 
abufirs: folds 
ahamiyatsiz: folds 
Zuban442: folds 
Adam_W888: folds 
Vadim Gomel: folds 
Xabitpoker: folds 
Cem1955: calls $0.01
superfitt20: checks 
*** FLOP *** [2h 5h 5s]
Cem1955: checks 
superfitt20: checks 
*** TURN *** [2h 5h 5s] [Kd]
Cem1955: checks 
superfitt20: checks 
*** RIVER *** [2h 5h 5s Kd] [Qs]
Cem1955: checks 
superfitt20: checks 
*** SHOW DOWN ***
Cem1955: shows [6s 8s] (a pair of Fives)
superfitt20: shows [As Ts] (a pair of Fives - Ace kicker)
superfitt20 collected $0.04 from pot
*** SUMMARY ***
Total pot $0.04 | Rake $0 
Board [2h 5h 5s Kd Qs]
Seat 1: Xabitpoker (button) folded before Flop (didn't bet)
Seat 2: Cem1955 (small blind) showed [6s 8s] and lost with a pair of Fives
Seat 3: superfitt20 (big blind) showed [As Ts] and won ($0.04) with a pair of Fives
Seat 4: Dorex2007 folded before Flop (didn't bet)
Seat 5: abufirs folded before Flop (didn't bet)
Seat 6: ahamiyatsiz folded before Flop (didn't bet)
Seat 7: Zuban442 folded before Flop (didn't bet)
Seat 8: Adam_W888 folded before Flop (didn't bet)
Seat 9: Vadim Gomel folded before Flop (didn't bet)



PokerStars Hand #233190712246:  Hold'em No Limit ($0.01/$0.02 USD) - 2022/01/16 8:14:38 PT [2022/01/16 11:14:38 ET]
Table 'Thessalia' 9-max Seat #2 is the button
Seat 1: Xabitpoker ($2.73 in chips) 
Seat 2: Cem1955 ($1.89 in chips) 
Seat 3: superfitt20 ($1.90 in chips) 
Seat 4: Dorex2007 ($2.25 in chips) 
Seat 5: abufirs ($2.14 in chips) 
Seat 6: ahamiyatsiz ($0.84 in chips) 
Seat 7: Zuban442 ($1.80 in chips) 
Seat 8: Adam_W888 ($1.83 in chips) 
Seat 9: Vadim Gomel ($2.17 in chips) 
superfitt20: posts small blind $0.01
Dorex2007: posts big blind $0.02
*** HOLE CARDS ***
Dealt to Dorex2007 [8d 6s]
abufirs has timed out
abufirs: folds 
ahamiyatsiz: folds 
Zuban442: folds 
Adam_W888: folds 
Vadim Gomel: raises $0.04 to $0.06
Xabitpoker: calls $0.06
Cem1955: folds 
superfitt20: folds 
Dorex2007: folds 
*** FLOP *** [7h Jd 3d]
Vadim Gomel: bets $0.07
Xabitpoker: calls $0.07
*** TURN *** [7h Jd 3d] [4s]
Vadim Gomel: checks 
Xabitpoker: checks 
*** RIVER *** [7h Jd 3d 4s] [7d]
Vadim Gomel: checks 
Xabitpoker: bets $0.06
Vadim Gomel: folds 
Uncalled bet ($0.06) returned to Xabitpoker
Xabitpoker collected $0.28 from pot
Xabitpoker: doesn't show hand 
*** SUMMARY ***
Total pot $0.29 | Rake $0.01 
Board [7h Jd 3d 4s 7d]
Seat 1: Xabitpoker collected ($0.28)
Seat 2: Cem1955 (button) folded before Flop (didn't bet)
Seat 3: superfitt20 (small blind) folded before Flop
Seat 4: Dorex2007 (big blind) folded before Flop
Seat 5: abufirs folded before Flop (didn't bet)
Seat 6: ahamiyatsiz folded before Flop (didn't bet)
Seat 7: Zuban442 folded before Flop (didn't bet)
Seat 8: Adam_W888 folded before Flop (didn't bet)
Seat 9: Vadim Gomel folded on the River



PokerStars Hand #233190774886:  Hold'em No Limit ($0.01/$0.02 USD) - 2022/01/16 8:16:29 PT [2022/01/16 11:16:29 ET]
Table 'Thessalia' 9-max Seat #3 is the button
Seat 1: Xabitpoker ($2.88 in chips) 
Seat 2: Cem1955 ($1.89 in chips) 
Seat 3: superfitt20 ($1.89 in chips) 
Seat 4: Dorex2007 ($2.23 in chips) 
Seat 5: abufirs ($2.14 in chips) 
Seat 6: ahamiyatsiz ($0.84 in chips) 
Seat 7: Zuban442 ($1.80 in chips) 
Seat 8: Adam_W888 ($1.83 in chips) 
Seat 9: Vadim Gomel ($2.04 in chips) 
Dorex2007: posts small blind $0.01
abufirs: posts big blind $0.02
*** HOLE CARDS ***
Dealt to Dorex2007 [4c Tc]
ahamiyatsiz: folds 
Zuban442: folds 
Adam_W888: folds 
Vadim Gomel: folds 
Xabitpoker: raises $0.04 to $0.06
Cem1955: folds 
superfitt20: folds 
Dorex2007: folds 
abufirs: calls $0.04
*** FLOP *** [Kd Kc Js]
abufirs: checks 
Xabitpoker: bets $0.07
abufirs: folds 
Uncalled bet ($0.07) returned to Xabitpoker
Xabitpoker collected $0.13 from pot
Xabitpoker: doesn't show hand 
*** SUMMARY ***
Total pot $0.13 | Rake $0 
Board [Kd Kc Js]
Seat 1: Xabitpoker collected ($0.13)
Seat 2: Cem1955 folded before Flop (didn't bet)
Seat 3: superfitt20 (button) folded before Flop (didn't bet)
Seat 4: Dorex2007 (small blind) folded before Flop
Seat 5: abufirs (big blind) folded on the Flop
Seat 6: ahamiyatsiz folded before Flop (didn't bet)
Seat 7: Zuban442 folded before Flop (didn't bet)
Seat 8: Adam_W888 folded before Flop (didn't bet)
Seat 9: Vadim Gomel folded before Flop (didn't bet)



PokerStars Hand #233190806514:  Hold'em No Limit ($0.01/$0.02 USD) - 2022/01/16 8:17:25 PT [2022/01/16 11:17:25 ET]
Table 'Thessalia' 9-max Seat #4 is the button
Seat 1: Xabitpoker ($2.95 in chips) 
Seat 2: Cem1955 ($1.89 in chips) 
Seat 3: superfitt20 ($1.89 in chips) 
Seat 4: Dorex2007 ($2.22 in chips) 
Seat 5: abufirs ($2.08 in chips) 
Seat 6: ahamiyatsiz ($0.84 in chips) 
Seat 7: Zuban442 ($1.80 in chips) 
Seat 8: Adam_W888 ($1.83 in chips) 
Seat 9: Vadim Gomel ($2.04 in chips) 
abufirs: posts small blind $0.01
ahamiyatsiz: posts big blind $0.02
*** HOLE CARDS ***
Dealt to Dorex2007 [Qd Ad]
Zuban442: folds 
Adam_W888: raises $0.04 to $0.06
Vadim Gomel: folds 
Xabitpoker: folds 
Cem1955: folds 
superfitt20: folds 
Dorex2007: calls $0.06
abufirs: folds 
ahamiyatsiz: folds 
*** FLOP *** [Ac 7s 2c]
Adam_W888: checks 
Dorex2007: bets $0.09
Adam_W888: calls $0.09
*** TURN *** [Ac 7s 2c] [8h]
Adam_W888: checks 
Dorex2007: checks 
*** RIVER *** [Ac 7s 2c 8h] [7c]
Adam_W888: checks 
Dorex2007: bets $0.16
Adam_W888: folds 
Uncalled bet ($0.16) returned to Dorex2007
Dorex2007 collected $0.32 from pot
Dorex2007: doesn't show hand 
*** SUMMARY ***
Total pot $0.33 | Rake $0.01 
Board [Ac 7s 2c 8h 7c]
Seat 1: Xabitpoker folded before Flop (didn't bet)
Seat 2: Cem1955 folded before Flop (didn't bet)
Seat 3: superfitt20 folded before Flop (didn't bet)
Seat 4: Dorex2007 (button) collected ($0.32)
Seat 5: abufirs (small blind) folded before Flop
Seat 6: ahamiyatsiz (big blind) folded before Flop
Seat 7: Zuban442 folded before Flop (didn't bet)
Seat 8: Adam_W888 folded on the River
Seat 9: Vadim Gomel folded before Flop (didn't bet)



PokerStars Hand #233190832176:  Hold'em No Limit ($0.01/$0.02 USD) - 2022/01/16 8:18:11 PT [2022/01/16 11:18:11 ET]
Table 'Thessalia' 9-max Seat #5 is the button
Seat 1: Xabitpoker ($2.95 in chips) 
Seat 2: Cem1955 ($1.89 in chips) 
Seat 3: superfitt20 ($1.89 in chips) 
Seat 4: Dorex2007 ($2.39 in chips) 
Seat 5: abufirs ($2.07 in chips) 
Seat 6: ahamiyatsiz ($0.82 in chips) 
Seat 7: Zuban442 ($1.80 in chips) 
Seat 8: Adam_W888 ($1.68 in chips) 
Seat 9: Vadim Gomel ($2.04 in chips) 
ahamiyatsiz: posts small blind $0.01
Zuban442: posts big blind $0.02
*** HOLE CARDS ***
Dealt to Dorex2007 [9s 7c]
Adam_W888: raises $0.06 to $0.08
Vadim Gomel: calls $0.08
Xabitpoker: folds 
Cem1955: folds 
superfitt20: folds 
Dorex2007: folds 
abufirs: folds 
ahamiyatsiz: folds 
Zuban442: folds 
*** FLOP *** [3h 7h 2s]
Adam_W888: bets $0.09
Vadim Gomel: folds 
Uncalled bet ($0.09) returned to Adam_W888
Adam_W888 collected $0.18 from pot
Adam_W888: doesn't show hand 
*** SUMMARY ***
Total pot $0.19 | Rake $0.01 
Board [3h 7h 2s]
Seat 1: Xabitpoker folded before Flop (didn't bet)
Seat 2: Cem1955 folded before Flop (didn't bet)
Seat 3: superfitt20 folded before Flop (didn't bet)
Seat 4: Dorex2007 folded before Flop (didn't bet)
Seat 5: abufirs (button) folded before Flop (didn't bet)
Seat 6: ahamiyatsiz (small blind) folded before Flop
Seat 7: Zuban442 (big blind) folded before Flop
Seat 8: Adam_W888 collected ($0.18)
Seat 9: Vadim Gomel folded on the Flop



PokerStars Hand #233190856095:  Hold'em No Limit ($0.01/$0.02 USD) - 2022/01/16 8:18:53 PT [2022/01/16 11:18:53 ET]
Table 'Thessalia' 9-max Seat #6 is the button
Seat 1: Xabitpoker ($2.95 in chips) 
Seat 2: Cem1955 ($1.89 in chips) 
Seat 3: superfitt20 ($1.89 in chips) 
Seat 4: Dorex2007 ($2.39 in chips) 
Seat 5: abufirs ($2.07 in chips) 
Seat 6: ahamiyatsiz ($0.81 in chips) 
Seat 7: Zuban442 ($1.78 in chips) 
Seat 8: Adam_W888 ($1.78 in chips) 
Seat 9: Vadim Gomel ($2 in chips) 
Zuban442: posts small blind $0.01
Adam_W888: posts big blind $0.02
*** HOLE CARDS ***
Dealt to Dorex2007 [Qh 9d]
Vadim Gomel: raises $0.04 to $0.06
Xabitpoker: folds 
Cem1955: folds 
superfitt20: folds 
Dorex2007: folds 
abufirs: folds 
ahamiyatsiz: folds 
Zuban442: folds 
Adam_W888: folds 
Uncalled bet ($0.04) returned to Vadim Gomel
Vadim Gomel collected $0.05 from pot
Vadim Gomel: doesn't show hand 
*** SUMMARY ***
Total pot $0.05 | Rake $0 
Seat 1: Xabitpoker folded before Flop (didn't bet)
Seat 2: Cem1955 folded before Flop (didn't bet)
Seat 3: superfitt20 folded before Flop (didn't bet)
Seat 4: Dorex2007 folded before Flop (didn't bet)
Seat 5: abufirs folded before Flop (didn't bet)
Seat 6: ahamiyatsiz (button) folded before Flop (didn't bet)
Seat 7: Zuban442 (small blind) folded before Flop
Seat 8: Adam_W888 (big blind) folded before Flop
Seat 9: Vadim Gomel collected ($0.05)



PokerStars Hand #233190867724:  Hold'em No Limit ($0.01/$0.02 USD) - 2022/01/16 8:19:14 PT [2022/01/16 11:19:14 ET]
Table 'Thessalia' 9-max Seat #7 is the button
Seat 1: Xabitpoker ($2.95 in chips) 
Seat 2: Cem1955 ($1.89 in chips) 
Seat 3: superfitt20 ($1.89 in chips) 
Seat 4: Dorex2007 ($2.39 in chips) 
Seat 5: abufirs ($2.07 in chips) 
Seat 6: ahamiyatsiz ($0.81 in chips) 
Seat 7: Zuban442 ($1.77 in chips) 
Seat 8: Adam_W888 ($1.76 in chips) 
Seat 9: Vadim Gomel ($2.03 in chips) 
Adam_W888: posts small blind $0.01
Vadim Gomel: posts big blind $0.02
*** HOLE CARDS ***
Dealt to Dorex2007 [2c 9s]
Xabitpoker: folds 
Cem1955: folds 
superfitt20: folds 
Dorex2007: folds 
abufirs: calls $0.02
ahamiyatsiz: calls $0.02
Zuban442: raises $0.09 to $0.11
Adam_W888: folds 
Vadim Gomel: raises $0.09 to $0.20
abufirs: folds 
ahamiyatsiz: folds 
Zuban442: calls $0.09
*** FLOP *** [5c 8h Qh]
Vadim Gomel: checks 
Zuban442: bets $0.21
Vadim Gomel: calls $0.21
*** TURN *** [5c 8h Qh] [Ad]
Vadim Gomel: checks 
Zuban442: checks 
*** RIVER *** [5c 8h Qh Ad] [Jh]
Vadim Gomel: checks 
Zuban442: checks 
*** SHOW DOWN ***
Vadim Gomel: shows [Ac Kc] (a pair of Aces)
Zuban442: mucks hand 
Vadim Gomel collected $0.84 from pot
*** SUMMARY ***
Total pot $0.87 | Rake $0.03 
Board [5c 8h Qh Ad Jh]
Seat 1: Xabitpoker folded before Flop (didn't bet)
Seat 2: Cem1955 folded before Flop (didn't bet)
Seat 3: superfitt20 folded before Flop (didn't bet)
Seat 4: Dorex2007 folded before Flop (didn't bet)
Seat 5: abufirs folded before Flop
Seat 6: ahamiyatsiz folded before Flop
Seat 7: Zuban442 (button) mucked [Kh Ks]
Seat 8: Adam_W888 (small blind) folded before Flop
Seat 9: Vadim Gomel (big blind) showed [Ac Kc] and won ($0.84) with a pair of Aces



PokerStars Hand #233190920309:  Hold'em No Limit ($0.01/$0.02 USD) - 2022/01/16 8:20:33 PT [2022/01/16 11:20:33 ET]
Table 'Thessalia' 9-max Seat #8 is the button
Seat 1: Xabitpoker ($2.95 in chips) 
Seat 2: Cem1955 ($1.89 in chips) 
Seat 3: superfitt20 ($1.89 in chips) 
Seat 4: Dorex2007 ($2.39 in chips) 
Seat 5: abufirs ($2.05 in chips) 
Seat 6: ahamiyatsiz ($0.79 in chips) 
Seat 7: Zuban442 ($1.36 in chips) 
Seat 8: Adam_W888 ($1.75 in chips) 
Seat 9: Vadim Gomel ($2.46 in chips) 
Vadim Gomel: posts small blind $0.01
Xabitpoker: posts big blind $0.02
*** HOLE CARDS ***
Dealt to Dorex2007 [4c 6d]
Cem1955: folds 
superfitt20: calls $0.02
Dorex2007: folds 
abufirs: folds 
ahamiyatsiz: folds 
Zuban442: folds 
Adam_W888: folds 
Vadim Gomel: raises $0.06 to $0.08
Xabitpoker: folds 
superfitt20: calls $0.06
*** FLOP *** [Ad Ks 3d]
Vadim Gomel: bets $0.09
superfitt20: folds 
Uncalled bet ($0.09) returned to Vadim Gomel
Vadim Gomel collected $0.17 from pot
Vadim Gomel: doesn't show hand 
*** SUMMARY ***
Total pot $0.18 | Rake $0.01 
Board [Ad Ks 3d]
Seat 1: Xabitpoker (big blind) folded before Flop
Seat 2: Cem1955 folded before Flop (didn't bet)
Seat 3: superfitt20 folded on the Flop
Seat 4: Dorex2007 folded before Flop (didn't bet)
Seat 5: abufirs folded before Flop (didn't bet)
Seat 6: ahamiyatsiz folded before Flop (didn't bet)
Seat 7: Zuban442 folded before Flop (didn't bet)
Seat 8: Adam_W888 (button) folded before Flop (didn't bet)
Seat 9: Vadim Gomel (small blind) collected ($0.17)



PokerStars Hand #233190942127:  Hold'em No Limit ($0.01/$0.02 USD) - 2022/01/16 8:21:11 PT [2022/01/16 11:21:11 ET]
Table 'Thessalia' 9-max Seat #9 is the button
Seat 1: Xabitpoker ($2.93 in chips) 
Seat 2: Cem1955 ($1.89 in chips) 
Seat 3: superfitt20 ($1.81 in chips) 
Seat 4: Dorex2007 ($2.39 in chips) 
Seat 5: abufirs ($2.05 in chips) 
Seat 6: ahamiyatsiz ($0.79 in chips) 
Seat 7: Zuban442 ($1.36 in chips) 
Seat 8: Adam_W888 ($1.75 in chips) 
Seat 9: Vadim Gomel ($2.55 in chips) 
Xabitpoker: posts small blind $0.01
Cem1955: posts big blind $0.02
*** HOLE CARDS ***
Dealt to Dorex2007 [7s 8c]
superfitt20: calls $0.02
Dorex2007: folds 
abufirs: folds 
ahamiyatsiz: folds 
Zuban442: folds 
Adam_W888: raises $0.04 to $0.06
Vadim Gomel: folds 
Xabitpoker: folds 
Cem1955: folds 
superfitt20: calls $0.04
*** FLOP *** [Th As 6c]
superfitt20: checks 
Adam_W888: checks 
*** TURN *** [Th As 6c] [3d]
superfitt20: checks 
Adam_W888: checks 
*** RIVER *** [Th As 6c 3d] [6h]
superfitt20: checks 
Adam_W888: checks 
*** SHOW DOWN ***
superfitt20: shows [Kh Jc] (a pair of Sixes)
Adam_W888: mucks hand 
superfitt20 collected $0.14 from pot
*** SUMMARY ***
Total pot $0.15 | Rake $0.01 
Board [Th As 6c 3d 6h]
Seat 1: Xabitpoker (small blind) folded before Flop
Seat 2: Cem1955 (big blind) folded before Flop
Seat 3: superfitt20 showed [Kh Jc] and won ($0.14) with a pair of Sixes
Seat 4: Dorex2007 folded before Flop (didn't bet)
Seat 5: abufirs folded before Flop (didn't bet)
Seat 6: ahamiyatsiz folded before Flop (didn't bet)
Seat 7: Zuban442 folded before Flop (didn't bet)
Seat 8: Adam_W888 mucked [2d Kd]
Seat 9: Vadim Gomel (button) folded before Flop (didn't bet)



PokerStars Hand #233190968119:  Hold'em No Limit ($0.01/$0.02 USD) - 2022/01/16 8:21:57 PT [2022/01/16 11:21:57 ET]
Table 'Thessalia' 9-max Seat #1 is the button
Seat 1: Xabitpoker ($2.92 in chips) 
Seat 2: Cem1955 ($1.87 in chips) 
Seat 3: superfitt20 ($1.89 in chips) 
Seat 4: Dorex2007 ($2.39 in chips) 
Seat 5: abufirs ($2.05 in chips) 
Seat 6: ahamiyatsiz ($0.79 in chips) 
Seat 7: Zuban442 ($1.36 in chips) 
Seat 8: Adam_W888 ($1.69 in chips) 
Seat 9: Vadim Gomel ($2.55 in chips) 
Cem1955: posts small blind $0.01
superfitt20: posts big blind $0.02
*** HOLE CARDS ***
Dealt to Dorex2007 [6c 7h]
Dorex2007: folds 
abufirs: folds 
ahamiyatsiz: folds 
Zuban442: raises $0.04 to $0.06
Adam_W888: calls $0.06
Vadim Gomel: raises $0.18 to $0.24
Xabitpoker: folds 
Cem1955: folds 
superfitt20: folds 
Zuban442: calls $0.18
Adam_W888: folds 
*** FLOP *** [5c 7c Kd]
Zuban442: checks 
Vadim Gomel: checks 
*** TURN *** [5c 7c Kd] [5d]
Zuban442: checks 
Vadim Gomel: bets $0.28
Zuban442: raises $0.28 to $0.56
Vadim Gomel: folds 
Uncalled bet ($0.28) returned to Zuban442
Zuban442 collected $1.09 from pot
Zuban442: doesn't show hand 
*** SUMMARY ***
Total pot $1.13 | Rake $0.04 
Board [5c 7c Kd 5d]
Seat 1: Xabitpoker (button) folded before Flop (didn't bet)
Seat 2: Cem1955 (small blind) folded before Flop
Seat 3: superfitt20 (big blind) folded before Flop
Seat 4: Dorex2007 folded before Flop (didn't bet)
Seat 5: abufirs folded before Flop (didn't bet)
Seat 6: ahamiyatsiz folded before Flop (didn't bet)
Seat 7: Zuban442 collected ($1.09)
Seat 8: Adam_W888 folded before Flop
Seat 9: Vadim Gomel folded on the Turn



PokerStars Hand #233191052027:  Hold'em No Limit ($0.01/$0.02 USD) - 2022/01/16 8:24:25 PT [2022/01/16 11:24:25 ET]
Table 'Thessalia' 9-max Seat #5 is the button
Seat 1: Xabitpoker ($2.92 in chips) 
Seat 2: Cem1955 ($1.86 in chips) 
Seat 3: superfitt20 ($2.06 in chips) 
Seat 4: Dorex2007 ($2.39 in chips) 
Seat 5: abufirs ($1.87 in chips) 
Seat 6: ahamiyatsiz ($0.77 in chips) 
Seat 7: Zuban442 ($1.99 in chips) 
Seat 8: Adam_W888 ($1.63 in chips) 
Seat 9: Vadim Gomel ($2 in chips) 
ahamiyatsiz: posts small blind $0.01
Zuban442: posts big blind $0.02
Dorex2007: posts small & big blinds $0.03
*** HOLE CARDS ***
Dealt to Dorex2007 [3h Kc]
Adam_W888: folds 
Vadim Gomel: folds 
Xabitpoker: folds 
Cem1955: folds 
superfitt20: calls $0.02
Dorex2007: checks 
abufirs: folds 
ahamiyatsiz: calls $0.01
Zuban442: checks 
*** FLOP *** [6h Ac 7s]
ahamiyatsiz: checks 
Zuban442: checks 
superfitt20: checks 
Dorex2007: checks 
*** TURN *** [6h Ac 7s] [2d]
ahamiyatsiz: checks 
Zuban442: checks 
superfitt20: checks 
Dorex2007: checks 
*** RIVER *** [6h Ac 7s 2d] [Tc]
ahamiyatsiz: checks 
Zuban442: checks 
superfitt20: checks 
Dorex2007: checks 
*** SHOW DOWN ***
ahamiyatsiz: shows [9s Ks] (high card Ace)
Zuban442: mucks hand 
superfitt20: mucks hand 
Dorex2007: mucks hand 
ahamiyatsiz collected $0.09 from pot
*** SUMMARY ***
Total pot $0.09 | Rake $0 
Board [6h Ac 7s 2d Tc]
Seat 1: Xabitpoker folded before Flop (didn't bet)
Seat 2: Cem1955 folded before Flop (didn't bet)
Seat 3: superfitt20 mucked [4c Qd]
Seat 4: Dorex2007 mucked [3h Kc]
Seat 5: abufirs (button) folded before Flop (didn't bet)
Seat 6: ahamiyatsiz (small blind) showed [9s Ks] and won ($0.09) with high card Ace
Seat 7: Zuban442 (big blind) mucked [5d Kd]
Seat 8: Adam_W888 folded before Flop (didn't bet)
Seat 9: Vadim Gomel folded before Flop (didn't bet)



PokerStars Hand #233191089941:  Hold'em No Limit ($0.01/$0.02 USD) - 2022/01/16 8:25:32 PT [2022/01/16 11:25:32 ET]
Table 'Thessalia' 9-max Seat #6 is the button
Seat 1: Xabitpoker ($2.92 in chips) 
Seat 2: Cem1955 ($1.86 in chips) 
Seat 3: superfitt20 ($2.04 in chips) 
Seat 4: Dorex2007 ($2.36 in chips) 
Seat 5: abufirs ($1.87 in chips) 
Seat 6: ahamiyatsiz ($0.84 in chips) 
Seat 7: Zuban442 ($1.97 in chips) 
Seat 8: Adam_W888 ($1.63 in chips) 
Seat 9: Vadim Gomel ($2 in chips) 
Zuban442: posts small blind $0.01
Adam_W888: posts big blind $0.02
*** HOLE CARDS ***
Dealt to Dorex2007 [Jc Kc]
Vadim Gomel: folds 
Xabitpoker: folds 
Cem1955: folds 
superfitt20: calls $0.02
Dorex2007 has timed out
Dorex2007: folds 
abufirs: calls $0.02
ahamiyatsiz: folds 
Zuban442: folds 
Adam_W888: checks 
*** FLOP *** [Th 7s 5h]
Adam_W888: checks 
superfitt20: checks 
abufirs: bets $0.07
Adam_W888: calls $0.07
superfitt20: calls $0.07
*** TURN *** [Th 7s 5h] [Qh]
Adam_W888: checks 
superfitt20: checks 
abufirs: bets $0.18
Adam_W888: calls $0.18
superfitt20: folds 
*** RIVER *** [Th 7s 5h Qh] [3s]
Adam_W888: checks 
abufirs: checks 
*** SHOW DOWN ***
Adam_W888: shows [8h 9s] (high card Queen)
abufirs: shows [Tc Qc] (two pair, Queens and Tens)
abufirs collected $0.62 from pot
*** SUMMARY ***
Total pot $0.64 | Rake $0.02 
Board [Th 7s 5h Qh 3s]
Seat 1: Xabitpoker folded before Flop (didn't bet)
Seat 2: Cem1955 folded before Flop (didn't bet)
Seat 3: superfitt20 folded on the Turn
Seat 4: Dorex2007 folded before Flop (didn't bet)
Seat 5: abufirs showed [Tc Qc] and won ($0.62) with two pair, Queens and Tens
Seat 6: ahamiyatsiz (button) folded before Flop (didn't bet)
Seat 7: Zuban442 (small blind) folded before Flop
Seat 8: Adam_W888 (big blind) showed [8h 9s] and lost with high card Queen
Seat 9: Vadim Gomel folded before Flop (didn't bet)



PokerStars Hand #233191129298:  Hold'em No Limit ($0.01/$0.02 USD) - 2022/01/16 8:26:41 PT [2022/01/16 11:26:41 ET]
Table 'Thessalia' 9-max Seat #7 is the button
Seat 1: Xabitpoker ($2.92 in chips) 
Seat 2: Cem1955 ($1.86 in chips) 
Seat 3: superfitt20 ($1.95 in chips) 
Seat 4: Dorex2007 ($2.36 in chips) 
Seat 5: abufirs ($2.22 in chips) 
Seat 6: ahamiyatsiz ($0.84 in chips) 
Seat 7: Zuban442 ($1.96 in chips) 
Seat 8: Adam_W888 ($1.36 in chips) 
Adam_W888: posts small blind $0.01
Vadim Gomel: is sitting out 
Xabitpoker: posts big blind $0.02
*** HOLE CARDS ***
Dealt to Dorex2007 [9s 3s]
Cem1955: folds 
superfitt20: folds 
Dorex2007: folds 
abufirs: raises $0.06 to $0.08
ahamiyatsiz: folds 
Zuban442: folds 
Adam_W888: folds 
Xabitpoker: folds 
Uncalled bet ($0.06) returned to abufirs
Vadim Gomel leaves the table
abufirs collected $0.05 from pot
*** SUMMARY ***
Total pot $0.05 | Rake $0 
Seat 1: Xabitpoker (big blind) folded before Flop
Seat 2: Cem1955 folded before Flop (didn't bet)
Seat 3: superfitt20 folded before Flop (didn't bet)
Seat 4: Dorex2007 folded before Flop (didn't bet)
Seat 5: abufirs collected ($0.05)
Seat 6: ahamiyatsiz folded before Flop (didn't bet)
Seat 7: Zuban442 (button) folded before Flop (didn't bet)
Seat 8: Adam_W888 (small blind) folded before Flop



PokerStars Hand #233191145042:  Hold'em No Limit ($0.01/$0.02 USD) - 2022/01/16 8:27:09 PT [2022/01/16 11:27:09 ET]
Table 'Thessalia' 9-max Seat #8 is the button
Seat 1: Xabitpoker ($2.90 in chips) 
Seat 2: Cem1955 ($1.86 in chips) 
Seat 3: superfitt20 ($1.95 in chips) 
Seat 4: Dorex2007 ($2.36 in chips) 
Seat 5: abufirs ($2.25 in chips) 
Seat 6: ahamiyatsiz ($0.84 in chips) 
Seat 7: Zuban442 ($1.96 in chips) 
Seat 8: Adam_W888 ($1.35 in chips) 
Xabitpoker: posts small blind $0.01
Cem1955: posts big blind $0.02
*** HOLE CARDS ***
Dealt to Dorex2007 [Jh 3d]
superfitt20: calls $0.02
nikki565 joins the table at seat #9 
Dorex2007: folds 
abufirs: folds 
ahamiyatsiz: folds 
Zuban442: folds 
Adam_W888: raises $0.06 to $0.08
Xabitpoker: folds 
Cem1955: folds 
superfitt20: folds 
Uncalled bet ($0.06) returned to Adam_W888
Adam_W888 collected $0.07 from pot
Adam_W888: doesn't show hand 
*** SUMMARY ***
Total pot $0.07 | Rake $0 
Seat 1: Xabitpoker (small blind) folded before Flop
Seat 2: Cem1955 (big blind) folded before Flop
Seat 3: superfitt20 folded before Flop
Seat 4: Dorex2007 folded before Flop (didn't bet)
Seat 5: abufirs folded before Flop (didn't bet)
Seat 6: ahamiyatsiz folded before Flop (didn't bet)
Seat 7: Zuban442 folded before Flop (didn't bet)
Seat 8: Adam_W888 (button) collected ($0.07)



PokerStars Hand #233191157967:  Hold'em No Limit ($0.01/$0.02 USD) - 2022/01/16 8:27:32 PT [2022/01/16 11:27:32 ET]
Table 'Thessalia' 9-max Seat #1 is the button
Seat 1: Xabitpoker ($2.89 in chips) 
Seat 2: Cem1955 ($1.84 in chips) 
Seat 3: superfitt20 ($1.93 in chips) 
Seat 4: Dorex2007 ($2.36 in chips) 
Seat 5: abufirs ($2.25 in chips) 
Seat 6: ahamiyatsiz ($0.84 in chips) 
Seat 7: Zuban442 ($1.96 in chips) 
Seat 8: Adam_W888 ($1.40 in chips) 
Cem1955: posts small blind $0.01
superfitt20: posts big blind $0.02
nikki565: sits out 
*** HOLE CARDS ***
Dealt to Dorex2007 [As Jd]
Dorex2007: folds 
abufirs: calls $0.02
ahamiyatsiz: folds 
Zuban442: folds 
Adam_W888: folds 
Xabitpoker: folds 
Cem1955: calls $0.01
superfitt20: checks 
*** FLOP *** [7d 5c 7s]
Cem1955: checks 
superfitt20: checks 
abufirs: checks 
*** TURN *** [7d 5c 7s] [Td]
Cem1955: checks 
superfitt20: checks 
abufirs: checks 
*** RIVER *** [7d 5c 7s Td] [2s]
Cem1955: checks 
superfitt20: bets $0.20
abufirs: folds 
Cem1955: folds 
Uncalled bet ($0.20) returned to superfitt20
superfitt20 collected $0.06 from pot
superfitt20: doesn't show hand 
*** SUMMARY ***
Total pot $0.06 | Rake $0 
Board [7d 5c 7s Td 2s]
Seat 1: Xabitpoker (button) folded before Flop (didn't bet)
Seat 2: Cem1955 (small blind) folded on the River
Seat 3: superfitt20 (big blind) collected ($0.06)
Seat 4: Dorex2007 folded before Flop (didn't bet)
Seat 5: abufirs folded on the River
Seat 6: ahamiyatsiz folded before Flop (didn't bet)
Seat 7: Zuban442 folded before Flop (didn't bet)
Seat 8: Adam_W888 folded before Flop (didn't bet)



PokerStars Hand #233191186569:  Hold'em No Limit ($0.01/$0.02 USD) - 2022/01/16 8:28:22 PT [2022/01/16 11:28:22 ET]
Table 'Thessalia' 9-max Seat #2 is the button
Seat 1: Xabitpoker ($2.89 in chips) 
Seat 2: Cem1955 ($1.82 in chips) 
Seat 3: superfitt20 ($1.97 in chips) 
Seat 4: Dorex2007 ($2.36 in chips) 
Seat 5: abufirs ($2.23 in chips) 
Seat 6: ahamiyatsiz ($0.84 in chips) 
Seat 7: Zuban442 ($1.96 in chips) 
Seat 8: Adam_W888 ($1.40 in chips) 
Seat 9: nikki565 ($1.60 in chips) 
superfitt20: posts small blind $0.01
Dorex2007: posts big blind $0.02
nikki565: posts big blind $0.02
*** HOLE CARDS ***
Dealt to Dorex2007 [9h 9c]
abufirs: calls $0.02
ahamiyatsiz: folds 
Zuban442: folds 
Adam_W888: folds 
nikki565: checks 
Xabitpoker has timed out
Xabitpoker: folds 
Cem1955: folds 
superfitt20: calls $0.01
Dorex2007: checks 
*** FLOP *** [Kc 7h Js]
superfitt20: checks 
Dorex2007: checks 
abufirs: checks 
nikki565: checks 
*** TURN *** [Kc 7h Js] [2d]
superfitt20: checks 
Dorex2007: checks 
abufirs: checks 
nikki565: bets $0.02
superfitt20: folds 
Dorex2007: folds 
abufirs: calls $0.02
*** RIVER *** [Kc 7h Js 2d] [4d]
abufirs: checks 
nikki565: bets $0.08
abufirs: folds 
Uncalled bet ($0.08) returned to nikki565
nikki565 collected $0.12 from pot
nikki565: doesn't show hand 
*** SUMMARY ***
Total pot $0.12 | Rake $0 
Board [Kc 7h Js 2d 4d]
Seat 1: Xabitpoker folded before Flop (didn't bet)
Seat 2: Cem1955 (button) folded before Flop (didn't bet)
Seat 3: superfitt20 (small blind) folded on the Turn
Seat 4: Dorex2007 (big blind) folded on the Turn
Seat 5: abufirs folded on the River
Seat 6: ahamiyatsiz folded before Flop (didn't bet)
Seat 7: Zuban442 folded before Flop (didn't bet)
Seat 8: Adam_W888 folded before Flop (didn't bet)
Seat 9: nikki565 collected ($0.12)



PokerStars Hand #233191226615:  Hold'em No Limit ($0.01/$0.02 USD) - 2022/01/16 8:29:33 PT [2022/01/16 11:29:33 ET]
Table 'Thessalia' 9-max Seat #3 is the button
Seat 2: Cem1955 ($1.82 in chips) 
Seat 3: superfitt20 ($1.95 in chips) 
Seat 4: Dorex2007 ($2.34 in chips) 
Seat 5: abufirs ($2.19 in chips) 
Seat 6: ahamiyatsiz ($0.84 in chips) 
Seat 7: Zuban442 ($1.96 in chips) 
Seat 8: Adam_W888 ($1.40 in chips) 
Seat 9: nikki565 ($1.68 in chips) 
Dorex2007: posts small blind $0.01
abufirs: posts big blind $0.02
*** HOLE CARDS ***
Dealt to Dorex2007 [5s 5h]
ahamiyatsiz: folds 
Zuban442: folds 
Adam_W888: folds 
nikki565: calls $0.02
Cem1955: folds 
superfitt20: calls $0.02
Dorex2007: calls $0.01
abufirs: checks 
*** FLOP *** [Qc Tc 6s]
Dorex2007: checks 
abufirs: checks 
nikki565: checks 
superfitt20: checks 
*** TURN *** [Qc Tc 6s] [5c]
Dorex2007: bets $0.08
abufirs: folds 
nikki565: folds 
superfitt20: folds 
Uncalled bet ($0.08) returned to Dorex2007
Dorex2007 collected $0.08 from pot
Dorex2007: doesn't show hand 
*** SUMMARY ***
Total pot $0.08 | Rake $0 
Board [Qc Tc 6s 5c]
Seat 2: Cem1955 folded before Flop (didn't bet)
Seat 3: superfitt20 (button) folded on the Turn
Seat 4: Dorex2007 (small blind) collected ($0.08)
Seat 5: abufirs (big blind) folded on the Turn
Seat 6: ahamiyatsiz folded before Flop (didn't bet)
Seat 7: Zuban442 folded before Flop (didn't bet)
Seat 8: Adam_W888 folded before Flop (didn't bet)
Seat 9: nikki565 folded on the Turn



PokerStars Hand #233191250280:  Hold'em No Limit ($0.01/$0.02 USD) - 2022/01/16 8:30:14 PT [2022/01/16 11:30:14 ET]
Table 'Thessalia' 9-max Seat #4 is the button
Seat 2: Cem1955 ($1.82 in chips) 
Seat 3: superfitt20 ($1.93 in chips) 
Seat 4: Dorex2007 ($2.40 in chips) 
Seat 5: abufirs ($2.17 in chips) 
Seat 6: ahamiyatsiz ($0.84 in chips) 
Seat 7: Zuban442 ($1.96 in chips) 
Seat 8: Adam_W888 ($1.40 in chips) 
Seat 9: nikki565 ($1.66 in chips) 
abufirs: posts small blind $0.01
ahamiyatsiz: posts big blind $0.02
*** HOLE CARDS ***
Dealt to Dorex2007 [7c 6s]
Zuban442: folds 
Adam_W888: raises $0.04 to $0.06
nikki565: folds 
Cem1955: folds 
superfitt20: folds 
Dorex2007: folds 
abufirs: calls $0.05
ahamiyatsiz: folds 
*** FLOP *** [Kh 2c 9d]
abufirs: checks 
Adam_W888: bets $0.07
abufirs: folds 
Uncalled bet ($0.07) returned to Adam_W888
Adam_W888 collected $0.14 from pot
Adam_W888: doesn't show hand 
*** SUMMARY ***
Total pot $0.14 | Rake $0 
Board [Kh 2c 9d]
Seat 2: Cem1955 folded before Flop (didn't bet)
Seat 3: superfitt20 folded before Flop (didn't bet)
Seat 4: Dorex2007 (button) folded before Flop (didn't bet)
Seat 5: abufirs (small blind) folded on the Flop
Seat 6: ahamiyatsiz (big blind) folded before Flop
Seat 7: Zuban442 folded before Flop (didn't bet)
Seat 8: Adam_W888 collected ($0.14)
Seat 9: nikki565 folded before Flop (didn't bet)



PokerStars Hand #233191266132:  Hold'em No Limit ($0.01/$0.02 USD) - 2022/01/16 8:30:42 PT [2022/01/16 11:30:42 ET]
Table 'Thessalia' 9-max Seat #5 is the button
Seat 2: Cem1955 ($1.82 in chips) 
Seat 3: superfitt20 ($1.93 in chips) 
Seat 4: Dorex2007 ($2.40 in chips) 
Seat 5: abufirs ($2.11 in chips) 
Seat 6: ahamiyatsiz ($0.82 in chips) 
Seat 7: Zuban442 ($1.96 in chips) 
Seat 8: Adam_W888 ($1.48 in chips) 
Seat 9: nikki565 ($1.66 in chips) 
ahamiyatsiz: posts small blind $0.01
Zuban442: posts big blind $0.02
*** HOLE CARDS ***
Dealt to Dorex2007 [9d 7h]
Adam_W888: folds 
nikki565: calls $0.02
Cem1955: folds 
superfitt20: calls $0.02
Dorex2007 has timed out
Dorex2007: folds 
abufirs: calls $0.02
ahamiyatsiz: folds 
Zuban442: checks 
*** FLOP *** [Jh Kd Jc]
Zuban442: checks 
nikki565: checks 
superfitt20: checks 
abufirs: checks 
*** TURN *** [Jh Kd Jc] [Js]
Zuban442: checks 
nikki565: checks 
superfitt20: checks 
abufirs: checks 
*** RIVER *** [Jh Kd Jc Js] [8h]
Zuban442: checks 
nikki565: checks 
superfitt20: bets $0.20
abufirs: calls $0.20
Zuban442: folds 
nikki565: folds 
*** SHOW DOWN ***
superfitt20: shows [Qc Kc] (a full house, Jacks full of Kings)
abufirs: mucks hand 
superfitt20 collected $0.47 from pot
*** SUMMARY ***
Total pot $0.49 | Rake $0.02 
Board [Jh Kd Jc Js 8h]
Seat 2: Cem1955 folded before Flop (didn't bet)
Seat 3: superfitt20 showed [Qc Kc] and won ($0.47) with a full house, Jacks full of Kings
Seat 4: Dorex2007 folded before Flop (didn't bet)
Seat 5: abufirs (button) mucked [Tc 8c]
Seat 6: ahamiyatsiz (small blind) folded before Flop
Seat 7: Zuban442 (big blind) folded on the River
Seat 8: Adam_W888 folded before Flop (didn't bet)
Seat 9: nikki565 folded on the River



PokerStars Hand #233191302789:  Hold'em No Limit ($0.01/$0.02 USD) - 2022/01/16 8:31:46 PT [2022/01/16 11:31:46 ET]
Table 'Thessalia' 9-max Seat #6 is the button
Seat 2: Cem1955 ($1.82 in chips) 
Seat 3: superfitt20 ($2.18 in chips) 
Seat 4: Dorex2007 ($2.40 in chips) 
Seat 5: abufirs ($1.89 in chips) 
Seat 6: ahamiyatsiz ($0.81 in chips) 
Seat 7: Zuban442 ($1.94 in chips) 
Seat 8: Adam_W888 ($1.48 in chips) 
Seat 9: nikki565 ($1.64 in chips) 
Zuban442: posts small blind $0.01
Adam_W888: posts big blind $0.02
*** HOLE CARDS ***
Dealt to Dorex2007 [8h 6d]
nikki565: folds 
Cem1955: folds 
superfitt20: calls $0.02
Dorex2007: folds 
abufirs: raises $0.04 to $0.06
ahamiyatsiz: folds 
Zuban442: folds 
Adam_W888: folds 
superfitt20: folds 
Uncalled bet ($0.04) returned to abufirs
abufirs collected $0.07 from pot
abufirs: doesn't show hand 
*** SUMMARY ***
Total pot $0.07 | Rake $0 
Seat 2: Cem1955 folded before Flop (didn't bet)
Seat 3: superfitt20 folded before Flop
Seat 4: Dorex2007 folded before Flop (didn't bet)
Seat 5: abufirs collected ($0.07)
Seat 6: ahamiyatsiz (button) folded before Flop (didn't bet)
Seat 7: Zuban442 (small blind) folded before Flop
Seat 8: Adam_W888 (big blind) folded before Flop
Seat 9: nikki565 folded before Flop (didn't bet)



PokerStars Hand #233191315491:  Hold'em No Limit ($0.01/$0.02 USD) - 2022/01/16 8:32:08 PT [2022/01/16 11:32:08 ET]
Table 'Thessalia' 9-max Seat #7 is the button
Seat 2: Cem1955 ($1.82 in chips) 
Seat 3: superfitt20 ($2.16 in chips) 
Seat 4: Dorex2007 ($2.40 in chips) 
Seat 5: abufirs ($1.94 in chips) 
Seat 6: ahamiyatsiz ($0.81 in chips) 
Seat 7: Zuban442 ($1.93 in chips) 
Seat 8: Adam_W888 ($1.46 in chips) 
Seat 9: nikki565 ($1.64 in chips) 
Adam_W888: posts small blind $0.01
nikki565: posts big blind $0.02
*** HOLE CARDS ***
Dealt to Dorex2007 [4d Td]
Cem1955: folds 
superfitt20: calls $0.02
Dorex2007: folds 
abufirs: calls $0.02
ahamiyatsiz: raises $0.09 to $0.11
Zuban442: folds 
Adam_W888: calls $0.10
nikki565: calls $0.09
superfitt20: folds 
abufirs: folds 
*** FLOP *** [3d 2c 9s]
Adam_W888: checks 
nikki565: bets $0.10
ahamiyatsiz: raises $0.28 to $0.38
Adam_W888: folds 
nikki565: folds 
Uncalled bet ($0.28) returned to ahamiyatsiz
ahamiyatsiz collected $0.55 from pot
ahamiyatsiz: doesn't show hand 
*** SUMMARY ***
Total pot $0.57 | Rake $0.02 
Board [3d 2c 9s]
Seat 2: Cem1955 folded before Flop (didn't bet)
Seat 3: superfitt20 folded before Flop
Seat 4: Dorex2007 folded before Flop (didn't bet)
Seat 5: abufirs folded before Flop
Seat 6: ahamiyatsiz collected ($0.55)
Seat 7: Zuban442 (button) folded before Flop (didn't bet)
Seat 8: Adam_W888 (small blind) folded on the Flop
Seat 9: nikki565 (big blind) folded on the Flop



PokerStars Hand #233191337024:  Hold'em No Limit ($0.01/$0.02 USD) - 2022/01/16 8:32:45 PT [2022/01/16 11:32:45 ET]
Table 'Thessalia' 9-max Seat #8 is the button
Seat 2: Cem1955 ($1.82 in chips) 
Seat 3: superfitt20 ($2.14 in chips) 
Seat 4: Dorex2007 ($2.40 in chips) 
Seat 5: abufirs ($1.92 in chips) 
Seat 6: ahamiyatsiz ($1.15 in chips) 
Seat 7: Zuban442 ($1.93 in chips) 
Seat 8: Adam_W888 ($1.35 in chips) 
Seat 9: nikki565 ($1.43 in chips) 
nikki565: posts small blind $0.01
Cem1955: posts big blind $0.02
*** HOLE CARDS ***
Dealt to Dorex2007 [6h Td]
superfitt20: calls $0.02
Dorex2007: folds 
abufirs: raises $0.02 to $0.04
ahamiyatsiz: calls $0.04
Zuban442: folds 
Adam_W888: folds 
nikki565: calls $0.03
Cem1955: folds 
superfitt20: calls $0.02
*** FLOP *** [Kd Tc 8c]
nikki565: checks 
superfitt20: checks 
abufirs: checks 
ahamiyatsiz: checks 
*** TURN *** [Kd Tc 8c] [7s]
nikki565: checks 
superfitt20: checks 
abufirs: bets $0.08
ahamiyatsiz: folds 
nikki565: calls $0.08
superfitt20: folds 
*** RIVER *** [Kd Tc 8c 7s] [3s]
nikki565: checks 
abufirs: checks 
*** SHOW DOWN ***
nikki565: shows [2c 5c] (high card King)
abufirs: shows [Ad Th] (a pair of Tens)
abufirs collected $0.33 from pot
*** SUMMARY ***
Total pot $0.34 | Rake $0.01 
Board [Kd Tc 8c 7s 3s]
Seat 2: Cem1955 (big blind) folded before Flop
Seat 3: superfitt20 folded on the Turn
Seat 4: Dorex2007 folded before Flop (didn't bet)
Seat 5: abufirs showed [Ad Th] and won ($0.33) with a pair of Tens
Seat 6: ahamiyatsiz folded on the Turn
Seat 7: Zuban442 folded before Flop (didn't bet)
Seat 8: Adam_W888 (button) folded before Flop (didn't bet)
Seat 9: nikki565 (small blind) showed [2c 5c] and lost with high card King



PokerStars Hand #233191370580:  Hold'em No Limit ($0.01/$0.02 USD) - 2022/01/16 8:33:43 PT [2022/01/16 11:33:43 ET]
Table 'Thessalia' 9-max Seat #9 is the button
Seat 2: Cem1955 ($1.80 in chips) 
Seat 3: superfitt20 ($2.10 in chips) 
Seat 4: Dorex2007 ($2.40 in chips) 
Seat 5: abufirs ($2.13 in chips) 
Seat 6: ahamiyatsiz ($1.11 in chips) 
Seat 7: Zuban442 ($1.93 in chips) 
Seat 8: Adam_W888 ($1.35 in chips) 
Seat 9: nikki565 ($1.31 in chips) 
Cem1955: posts small blind $0.01
superfitt20: posts big blind $0.02
*** HOLE CARDS ***
Dealt to Dorex2007 [6s 8d]
Dorex2007: folds 
abufirs: folds 
ahamiyatsiz: folds 
Zuban442: folds 
Adam_W888: folds 
nikki565: raises $0.06 to $0.08
Cem1955: folds 
superfitt20: calls $0.06
*** FLOP *** [Qh 4c 8s]
superfitt20: checks 
nikki565: checks 
*** TURN *** [Qh 4c 8s] [Ks]
superfitt20: checks 
nikki565: checks 
*** RIVER *** [Qh 4c 8s Ks] [Qc]
superfitt20: checks 
nikki565: checks 
*** SHOW DOWN ***
superfitt20: shows [8c 9c] (two pair, Queens and Eights)
nikki565: mucks hand 
superfitt20 collected $0.16 from pot
*** SUMMARY ***
Total pot $0.17 | Rake $0.01 
Board [Qh 4c 8s Ks Qc]
Seat 2: Cem1955 (small blind) folded before Flop
Seat 3: superfitt20 (big blind) showed [8c 9c] and won ($0.16) with two pair, Queens and Eights
Seat 4: Dorex2007 folded before Flop (didn't bet)
Seat 5: abufirs folded before Flop (didn't bet)
Seat 6: ahamiyatsiz folded before Flop (didn't bet)
Seat 7: Zuban442 folded before Flop (didn't bet)
Seat 8: Adam_W888 folded before Flop (didn't bet)
Seat 9: nikki565 (button) mucked [Ah Jd]



PokerStars Hand #233191391075:  Hold'em No Limit ($0.01/$0.02 USD) - 2022/01/16 8:34:19 PT [2022/01/16 11:34:19 ET]
Table 'Thessalia' 9-max Seat #2 is the button
Seat 2: Cem1955 ($1.79 in chips) 
Seat 3: superfitt20 ($2.18 in chips) 
Seat 4: Dorex2007 ($2.40 in chips) 
Seat 5: abufirs ($2.13 in chips) 
Seat 6: ahamiyatsiz ($1.11 in chips) 
Seat 7: Zuban442 ($1.93 in chips) 
Seat 8: Adam_W888 ($1.35 in chips) 
Seat 9: nikki565 ($1.23 in chips) 
superfitt20: posts small blind $0.01
Dorex2007: posts big blind $0.02
*** HOLE CARDS ***
Dealt to Dorex2007 [2h 6c]
abufirs: calls $0.02
ahamiyatsiz: folds 
Zuban442: folds 
Adam_W888: folds 
nikki565: calls $0.02
Cem1955: raises $0.09 to $0.11
superfitt20: folds 
Dorex2007: folds 
abufirs: folds 
nikki565: folds 
Uncalled bet ($0.09) returned to Cem1955
Cem1955 collected $0.09 from pot
Cem1955: doesn't show hand 
*** SUMMARY ***
Total pot $0.09 | Rake $0 
Seat 2: Cem1955 (button) collected ($0.09)
Seat 3: superfitt20 (small blind) folded before Flop
Seat 4: Dorex2007 (big blind) folded before Flop
Seat 5: abufirs folded before Flop
Seat 6: ahamiyatsiz folded before Flop (didn't bet)
Seat 7: Zuban442 folded before Flop (didn't bet)
Seat 8: Adam_W888 folded before Flop (didn't bet)
Seat 9: nikki565 folded before Flop



PokerStars Hand #233191403947:  Hold'em No Limit ($0.01/$0.02 USD) - 2022/01/16 8:34:42 PT [2022/01/16 11:34:42 ET]
Table 'Thessalia' 9-max Seat #3 is the button
Seat 2: Cem1955 ($1.86 in chips) 
Seat 3: superfitt20 ($2.17 in chips) 
Seat 4: Dorex2007 ($2.38 in chips) 
Seat 5: abufirs ($2.11 in chips) 
Seat 6: ahamiyatsiz ($1.11 in chips) 
Seat 7: Zuban442 ($1.93 in chips) 
Seat 8: Adam_W888 ($1.35 in chips) 
Seat 9: nikki565 ($1.21 in chips) 
Dorex2007: posts small blind $0.01
abufirs: posts big blind $0.02
*** HOLE CARDS ***
Dealt to Dorex2007 [2c 9c]
ahamiyatsiz: folds 
Zuban442: folds 
Adam_W888: folds 
nikki565: raises $0.06 to $0.08
Cem1955: folds 
superfitt20: folds 
Dorex2007: folds 
abufirs: folds 
Uncalled bet ($0.06) returned to nikki565
nikki565 collected $0.05 from pot
nikki565: doesn't show hand 
*** SUMMARY ***
Total pot $0.05 | Rake $0 
Seat 2: Cem1955 folded before Flop (didn't bet)
Seat 3: superfitt20 (button) folded before Flop (didn't bet)
Seat 4: Dorex2007 (small blind) folded before Flop
Seat 5: abufirs (big blind) folded before Flop
Seat 6: ahamiyatsiz folded before Flop (didn't bet)
Seat 7: Zuban442 folded before Flop (didn't bet)
Seat 8: Adam_W888 folded before Flop (didn't bet)
Seat 9: nikki565 collected ($0.05)



PokerStars Hand #233191422857:  Hold'em No Limit ($0.01/$0.02 USD) - 2022/01/16 8:35:10 PT [2022/01/16 11:35:10 ET]
Table 'Thessalia' 9-max Seat #4 is the button
Seat 2: Cem1955 ($1.86 in chips) 
Seat 3: superfitt20 ($2.17 in chips) 
Seat 4: Dorex2007 ($2.37 in chips) 
Seat 5: abufirs ($2.09 in chips) 
Seat 6: ahamiyatsiz ($1.11 in chips) 
Seat 7: Zuban442 ($1.93 in chips) 
Seat 8: Adam_W888 ($1.35 in chips) 
Seat 9: nikki565 ($1.24 in chips) 
abufirs: posts small blind $0.01
ahamiyatsiz: posts big blind $0.02
*** HOLE CARDS ***
Dealt to Dorex2007 [Tc 3c]
Zuban442: folds 
Adam_W888: folds 
nikki565: folds 
Cem1955: folds 
superfitt20: calls $0.02
Dorex2007: folds 
abufirs: folds 
ahamiyatsiz: checks 
*** FLOP *** [2s Ac Qs]
ahamiyatsiz: checks 
superfitt20: checks 
*** TURN *** [2s Ac Qs] [Qd]
ahamiyatsiz: checks 
superfitt20: checks 
*** RIVER *** [2s Ac Qs Qd] [2d]
ahamiyatsiz: checks 
superfitt20: checks 
*** SHOW DOWN ***
ahamiyatsiz: shows [3s 9c] (two pair, Queens and Deuces)
superfitt20: shows [6h 8h] (two pair, Queens and Deuces)
ahamiyatsiz collected $0.03 from pot
superfitt20 collected $0.02 from pot
*** SUMMARY ***
Total pot $0.05 | Rake $0 
Board [2s Ac Qs Qd 2d]
Seat 2: Cem1955 folded before Flop (didn't bet)
Seat 3: superfitt20 showed [6h 8h] and won ($0.02) with two pair, Queens and Deuces
Seat 4: Dorex2007 (button) folded before Flop (didn't bet)
Seat 5: abufirs (small blind) folded before Flop
Seat 6: ahamiyatsiz (big blind) showed [3s 9c] and won ($0.03) with two pair, Queens and Deuces
Seat 7: Zuban442 folded before Flop (didn't bet)
Seat 8: Adam_W888 folded before Flop (didn't bet)
Seat 9: nikki565 folded before Flop (didn't bet)



PokerStars Hand #233191436918:  Hold'em No Limit ($0.01/$0.02 USD) - 2022/01/16 8:35:35 PT [2022/01/16 11:35:35 ET]
Table 'Thessalia' 9-max Seat #5 is the button
Seat 2: Cem1955 ($1.86 in chips) 
Seat 3: superfitt20 ($2.17 in chips) 
Seat 4: Dorex2007 ($2.37 in chips) 
Seat 5: abufirs ($2.08 in chips) 
Seat 6: ahamiyatsiz ($1.12 in chips) 
Seat 7: Zuban442 ($1.93 in chips) 
Seat 8: Adam_W888 ($1.35 in chips) 
Seat 9: nikki565 ($1.24 in chips) 
ahamiyatsiz: posts small blind $0.01
Zuban442: posts big blind $0.02
*** HOLE CARDS ***
Dealt to Dorex2007 [3d Kh]
Adam_W888: folds 
nikki565: folds 
Cem1955: calls $0.02
superfitt20: folds 
Dorex2007: folds 
abufirs: calls $0.02
ahamiyatsiz: folds 
Zuban442: checks 
*** FLOP *** [Jh Td 5d]
Zuban442: checks 
Cem1955: checks 
abufirs: checks 
*** TURN *** [Jh Td 5d] [6h]
Zuban442: checks 
Cem1955: checks 
abufirs: checks 
*** RIVER *** [Jh Td 5d 6h] [Qc]
Zuban442: checks 
Cem1955: checks 
abufirs: checks 
*** SHOW DOWN ***
Zuban442: shows [9c 7d] (high card Queen)
Cem1955: shows [2h 2c] (a pair of Deuces)
abufirs: shows [4s 4h] (a pair of Fours)
abufirs collected $0.07 from pot
*** SUMMARY ***
Total pot $0.07 | Rake $0 
Board [Jh Td 5d 6h Qc]
Seat 2: Cem1955 showed [2h 2c] and lost with a pair of Deuces
Seat 3: superfitt20 folded before Flop (didn't bet)
Seat 4: Dorex2007 folded before Flop (didn't bet)
Seat 5: abufirs (button) showed [4s 4h] and won ($0.07) with a pair of Fours
Seat 6: ahamiyatsiz (small blind) folded before Flop
Seat 7: Zuban442 (big blind) showed [9c 7d] and lost with high card Queen
Seat 8: Adam_W888 folded before Flop (didn't bet)
Seat 9: nikki565 folded before Flop (didn't bet)



PokerStars Hand #233191462413:  Hold'em No Limit ($0.01/$0.02 USD) - 2022/01/16 8:36:19 PT [2022/01/16 11:36:19 ET]
Table 'Thessalia' 9-max Seat #6 is the button
Seat 2: Cem1955 ($1.84 in chips) 
Seat 3: superfitt20 ($2.17 in chips) 
Seat 4: Dorex2007 ($2.37 in chips) 
Seat 5: abufirs ($2.13 in chips) 
Seat 6: ahamiyatsiz ($1.11 in chips) 
Seat 7: Zuban442 ($1.91 in chips) 
Seat 8: Adam_W888 ($1.35 in chips) 
Seat 9: nikki565 ($1.24 in chips) 
Zuban442: posts small blind $0.01
Adam_W888: posts big blind $0.02
*** HOLE CARDS ***
Dealt to Dorex2007 [4s Jh]
nikki565: calls $0.02
Cem1955: folds 
superfitt20: calls $0.02
Dorex2007: folds 
abufirs: folds 
ahamiyatsiz: folds 
Zuban442: folds 
Adam_W888: checks 
*** FLOP *** [Tc 3s Jc]
Adam_W888: checks 
nikki565: bets $0.10
superfitt20: folds 
Adam_W888: folds 
Uncalled bet ($0.10) returned to nikki565
nikki565 collected $0.07 from pot
nikki565: doesn't show hand 
*** SUMMARY ***
Total pot $0.07 | Rake $0 
Board [Tc 3s Jc]
Seat 2: Cem1955 folded before Flop (didn't bet)
Seat 3: superfitt20 folded on the Flop
Seat 4: Dorex2007 folded before Flop (didn't bet)
Seat 5: abufirs folded before Flop (didn't bet)
Seat 6: ahamiyatsiz (button) folded before Flop (didn't bet)
Seat 7: Zuban442 (small blind) folded before Flop
Seat 8: Adam_W888 (big blind) folded on the Flop
Seat 9: nikki565 collected ($0.07)



PokerStars Hand #233191480516:  Hold'em No Limit ($0.01/$0.02 USD) - 2022/01/16 8:36:51 PT [2022/01/16 11:36:51 ET]
Table 'Thessalia' 9-max Seat #8 is the button
Seat 2: Cem1955 ($1.84 in chips) 
Seat 3: superfitt20 ($2.15 in chips) 
Seat 4: Dorex2007 ($2.37 in chips) 
Seat 5: abufirs ($2.13 in chips) 
Seat 6: ahamiyatsiz ($1.11 in chips) 
Seat 8: Adam_W888 ($1.33 in chips) 
Seat 9: nikki565 ($1.29 in chips) 
nikki565: posts small blind $0.01
Cem1955: posts big blind $0.02
*** HOLE CARDS ***
Dealt to Dorex2007 [2s 5c]
superfitt20: folds 
Dorex2007: folds 
abufirs: folds 
ahamiyatsiz: raises $0.04 to $0.06
Adam_W888: folds 
nikki565: folds 
Cem1955: folds 
Uncalled bet ($0.04) returned to ahamiyatsiz
ahamiyatsiz collected $0.05 from pot
ahamiyatsiz: doesn't show hand 
*** SUMMARY ***
Total pot $0.05 | Rake $0 
Seat 2: Cem1955 (big blind) folded before Flop
Seat 3: superfitt20 folded before Flop (didn't bet)
Seat 4: Dorex2007 folded before Flop (didn't bet)
Seat 5: abufirs folded before Flop (didn't bet)
Seat 6: ahamiyatsiz collected ($0.05)
Seat 8: Adam_W888 (button) folded before Flop (didn't bet)
Seat 9: nikki565 (small blind) folded before Flop



PokerStars Hand #233191490817:  Hold'em No Limit ($0.01/$0.02 USD) - 2022/01/16 8:37:09 PT [2022/01/16 11:37:09 ET]
Table 'Thessalia' 9-max Seat #9 is the button
Seat 2: Cem1955 ($1.82 in chips) 
Seat 3: superfitt20 ($2.15 in chips) 
Seat 4: Dorex2007 ($2.37 in chips) 
Seat 5: abufirs ($2.13 in chips) 
Seat 6: ahamiyatsiz ($1.14 in chips) 
Seat 8: Adam_W888 ($1.33 in chips) 
Seat 9: nikki565 ($1.28 in chips) 
Cem1955: posts small blind $0.01
superfitt20: posts big blind $0.02
*** HOLE CARDS ***
Dealt to Dorex2007 [Kh 2d]
Dorex2007: folds 
abufirs: calls $0.02
ahamiyatsiz: folds 
Adam_W888: folds 
nikki565: folds 
Cem1955: raises $0.20 to $0.22
superfitt20: folds 
abufirs: folds 
Uncalled bet ($0.20) returned to Cem1955
Cem1955 collected $0.06 from pot
Cem1955: doesn't show hand 
*** SUMMARY ***
Total pot $0.06 | Rake $0 
Seat 2: Cem1955 (small blind) collected ($0.06)
Seat 3: superfitt20 (big blind) folded before Flop
Seat 4: Dorex2007 folded before Flop (didn't bet)
Seat 5: abufirs folded before Flop
Seat 6: ahamiyatsiz folded before Flop (didn't bet)
Seat 8: Adam_W888 folded before Flop (didn't bet)
Seat 9: nikki565 (button) folded before Flop (didn't bet)



PokerStars Hand #233191504204:  Hold'em No Limit ($0.01/$0.02 USD) - 2022/01/16 8:37:32 PT [2022/01/16 11:37:32 ET]
Table 'Thessalia' 9-max Seat #2 is the button
Seat 2: Cem1955 ($1.86 in chips) 
Seat 3: superfitt20 ($2.13 in chips) 
Seat 4: Dorex2007 ($2.37 in chips) 
Seat 5: abufirs ($2.11 in chips) 
Seat 6: ahamiyatsiz ($1.14 in chips) 
Seat 8: Adam_W888 ($1.33 in chips) 
Seat 9: nikki565 ($1.28 in chips) 
superfitt20: posts small blind $0.01
Dorex2007: posts big blind $0.02
*** HOLE CARDS ***
Dealt to Dorex2007 [9c 6h]
abufirs: calls $0.02
ahamiyatsiz: folds 
Adam_W888: folds 
nikki565: calls $0.02
Cem1955: folds 
superfitt20: calls $0.01
Dorex2007: checks 
*** FLOP *** [2s Qs Ah]
superfitt20: checks 
Dorex2007: checks 
abufirs: bets $0.06
nikki565: folds 
superfitt20: folds 
Dorex2007: folds 
Uncalled bet ($0.06) returned to abufirs
abufirs collected $0.08 from pot
abufirs: doesn't show hand 
*** SUMMARY ***
Total pot $0.08 | Rake $0 
Board [2s Qs Ah]
Seat 2: Cem1955 (button) folded before Flop (didn't bet)
Seat 3: superfitt20 (small blind) folded on the Flop
Seat 4: Dorex2007 (big blind) folded on the Flop
Seat 5: abufirs collected ($0.08)
Seat 6: ahamiyatsiz folded before Flop (didn't bet)
Seat 8: Adam_W888 folded before Flop (didn't bet)
Seat 9: nikki565 folded on the Flop



PokerStars Hand #233191522564:  Hold'em No Limit ($0.01/$0.02 USD) - 2022/01/16 8:38:04 PT [2022/01/16 11:38:04 ET]
Table 'Thessalia' 9-max Seat #3 is the button
Seat 2: Cem1955 ($1.86 in chips) 
Seat 3: superfitt20 ($2.11 in chips) 
Seat 4: Dorex2007 ($2.35 in chips) 
Seat 5: abufirs ($2.17 in chips) 
Seat 6: ahamiyatsiz ($1.14 in chips) 
Seat 8: Adam_W888 ($1.33 in chips) 
Seat 9: nikki565 ($1.26 in chips) 
Dorex2007: posts small blind $0.01
abufirs: posts big blind $0.02
*** HOLE CARDS ***
Dealt to Dorex2007 [4c Jh]
ahamiyatsiz: folds 
Adam_W888: folds 
nikki565: folds 
Cem1955: folds 
superfitt20: calls $0.02
Dorex2007: folds 
abufirs: checks 
*** FLOP *** [4h 9s 7h]
abufirs: checks 
superfitt20: checks 
*** TURN *** [4h 9s 7h] [9h]
abufirs: checks 
superfitt20: checks 
*** RIVER *** [4h 9s 7h 9h] [7d]
abufirs: checks 
superfitt20: checks 
*** SHOW DOWN ***
abufirs: shows [Td Qs] (two pair, Nines and Sevens)
superfitt20: shows [2s Qd] (two pair, Nines and Sevens)
abufirs collected $0.03 from pot
superfitt20 collected $0.02 from pot
*** SUMMARY ***
Total pot $0.05 | Rake $0 
Board [4h 9s 7h 9h 7d]
Seat 2: Cem1955 folded before Flop (didn't bet)
Seat 3: superfitt20 (button) showed [2s Qd] and won ($0.02) with two pair, Nines and Sevens
Seat 4: Dorex2007 (small blind) folded before Flop
Seat 5: abufirs (big blind) showed [Td Qs] and won ($0.03) with two pair, Nines and Sevens
Seat 6: ahamiyatsiz folded before Flop (didn't bet)
Seat 8: Adam_W888 folded before Flop (didn't bet)
Seat 9: nikki565 folded before Flop (didn't bet)



PokerStars Hand #233191536754:  Hold'em No Limit ($0.01/$0.02 USD) - 2022/01/16 8:38:29 PT [2022/01/16 11:38:29 ET]
Table 'Thessalia' 9-max Seat #4 is the button
Seat 2: Cem1955 ($1.86 in chips) 
Seat 3: superfitt20 ($2.11 in chips) 
Seat 4: Dorex2007 ($2.34 in chips) 
Seat 5: abufirs ($2.18 in chips) 
Seat 6: ahamiyatsiz ($1.14 in chips) 
Seat 8: Adam_W888 ($1.33 in chips) 
Seat 9: nikki565 ($1.26 in chips) 
abufirs: posts small blind $0.01
ahamiyatsiz: posts big blind $0.02
*** HOLE CARDS ***
Dealt to Dorex2007 [7c Tc]
Adam_W888: raises $0.04 to $0.06
nikki565: folds 
Cem1955: folds 
superfitt20: folds 
Dorex2007: folds 
abufirs: folds 
ahamiyatsiz: folds 
Uncalled bet ($0.04) returned to Adam_W888
Adam_W888 collected $0.05 from pot
Adam_W888: doesn't show hand 
*** SUMMARY ***
Total pot $0.05 | Rake $0 
Seat 2: Cem1955 folded before Flop (didn't bet)
Seat 3: superfitt20 folded before Flop (didn't bet)
Seat 4: Dorex2007 (button) folded before Flop (didn't bet)
Seat 5: abufirs (small blind) folded before Flop
Seat 6: ahamiyatsiz (big blind) folded before Flop
Seat 8: Adam_W888 collected ($0.05)
Seat 9: nikki565 folded before Flop (didn't bet)



PokerStars Hand #233191551336:  Hold'em No Limit ($0.01/$0.02 USD) - 2022/01/16 8:38:55 PT [2022/01/16 11:38:55 ET]
Table 'Thessalia' 9-max Seat #5 is the button
Seat 2: Cem1955 ($1.86 in chips) 
Seat 3: superfitt20 ($2.11 in chips) 
Seat 4: Dorex2007 ($2.34 in chips) 
Seat 5: abufirs ($2.17 in chips) 
Seat 6: ahamiyatsiz ($1.12 in chips) 
Seat 8: Adam_W888 ($1.36 in chips) 
Seat 9: nikki565 ($1.26 in chips) 
ahamiyatsiz: posts small blind $0.01
Adam_W888: posts big blind $0.02
*** HOLE CARDS ***
Dealt to Dorex2007 [9d Jd]
nikki565: folds 
Cem1955: folds 
superfitt20: calls $0.02
Dorex2007: folds 
abufirs: folds 
ahamiyatsiz: calls $0.01
Adam_W888: checks 
*** FLOP *** [Th 3h 3d]
ahamiyatsiz: checks 
Adam_W888: checks 
superfitt20: checks 
*** TURN *** [Th 3h 3d] [6c]
ahamiyatsiz: bets $0.02
Adam_W888: folds 
superfitt20: raises $0.02 to $0.04
ahamiyatsiz: calls $0.02
*** RIVER *** [Th 3h 3d 6c] [Kh]
ahamiyatsiz: checks 
superfitt20: checks 
*** SHOW DOWN ***
ahamiyatsiz: shows [5h 5s] (two pair, Fives and Threes)
superfitt20: shows [Qs Qc] (two pair, Queens and Threes)
superfitt20 collected $0.14 from pot
*** SUMMARY ***
Total pot $0.14 | Rake $0 
Board [Th 3h 3d 6c Kh]
Seat 2: Cem1955 folded before Flop (didn't bet)
Seat 3: superfitt20 showed [Qs Qc] and won ($0.14) with two pair, Queens and Threes
Seat 4: Dorex2007 folded before Flop (didn't bet)
Seat 5: abufirs (button) folded before Flop (didn't bet)
Seat 6: ahamiyatsiz (small blind) showed [5h 5s] and lost with two pair, Fives and Threes
Seat 8: Adam_W888 (big blind) folded on the Turn
Seat 9: nikki565 folded before Flop (didn't bet)



PokerStars Hand #233191583865:  Hold'em No Limit ($0.01/$0.02 USD) - 2022/01/16 8:39:51 PT [2022/01/16 11:39:51 ET]
Table 'Thessalia' 9-max Seat #6 is the button
Seat 2: Cem1955 ($1.86 in chips) 
Seat 3: superfitt20 ($2.19 in chips) 
Seat 4: Dorex2007 ($2.34 in chips) 
Seat 5: abufirs ($2.17 in chips) 
Seat 6: ahamiyatsiz ($1.06 in chips) 
Seat 8: Adam_W888 ($1.34 in chips) 
Seat 9: nikki565 ($1.26 in chips) 
Adam_W888: posts small blind $0.01
nikki565: posts big blind $0.02
*** HOLE CARDS ***
Dealt to Dorex2007 [9d Tc]
Cem1955: folds 
superfitt20: calls $0.02
Dorex2007: folds 
abufirs: folds 
ahamiyatsiz: calls $0.02
Adam_W888: calls $0.01
nikki565: checks 
*** FLOP *** [Qs 3c Qd]
Adam_W888: checks 
nikki565: checks 
superfitt20: checks 
ahamiyatsiz: bets $0.04
Adam_W888: folds 
nikki565: folds 
superfitt20: folds 
Uncalled bet ($0.04) returned to ahamiyatsiz
ahamiyatsiz collected $0.08 from pot
ahamiyatsiz: doesn't show hand 
*** SUMMARY ***
Total pot $0.08 | Rake $0 
Board [Qs 3c Qd]
Seat 2: Cem1955 folded before Flop (didn't bet)
Seat 3: superfitt20 folded on the Flop
Seat 4: Dorex2007 folded before Flop (didn't bet)
Seat 5: abufirs folded before Flop (didn't bet)
Seat 6: ahamiyatsiz (button) collected ($0.08)
Seat 8: Adam_W888 (small blind) folded on the Flop
Seat 9: nikki565 (big blind) folded on the Flop



PokerStars Hand #233191609988:  Hold'em No Limit ($0.01/$0.02 USD) - 2022/01/16 8:40:36 PT [2022/01/16 11:40:36 ET]
Table 'Thessalia' 9-max Seat #8 is the button
Seat 2: Cem1955 ($1.86 in chips) 
Seat 3: superfitt20 ($2.17 in chips) 
Seat 4: Dorex2007 ($2.34 in chips) 
Seat 5: abufirs ($2.17 in chips) 
Seat 6: ahamiyatsiz ($1.12 in chips) 
Seat 8: Adam_W888 ($1.32 in chips) 
Seat 9: nikki565 ($1.24 in chips) 
nikki565: posts small blind $0.01
Cem1955: posts big blind $0.02
*** HOLE CARDS ***
Dealt to Dorex2007 [Ts Qh]
superfitt20: folds 
Dorex2007: folds 
abufirs: folds 
ahamiyatsiz: folds 
Adam_W888: folds 
nikki565: calls $0.01
Cem1955: checks 
*** FLOP *** [4h 7s Ad]
nikki565: checks 
Cem1955: checks 
*** TURN *** [4h 7s Ad] [Ac]
nikki565: checks 
Cem1955: checks 
*** RIVER *** [4h 7s Ad Ac] [Qc]
nikki565: checks 
Cem1955: checks 
*** SHOW DOWN ***
nikki565: shows [3h Kh] (a pair of Aces)
Cem1955: mucks hand 
nikki565 collected $0.04 from pot
*** SUMMARY ***
Total pot $0.04 | Rake $0 
Board [4h 7s Ad Ac Qc]
Seat 2: Cem1955 (big blind) mucked [3s 6s]
Seat 3: superfitt20 folded before Flop (didn't bet)
Seat 4: Dorex2007 folded before Flop (didn't bet)
Seat 5: abufirs folded before Flop (didn't bet)
Seat 6: ahamiyatsiz folded before Flop (didn't bet)
Seat 8: Adam_W888 (button) folded before Flop (didn't bet)
Seat 9: nikki565 (small blind) showed [3h Kh] and won ($0.04) with a pair of Aces



PokerStars Hand #233191630681:  Hold'em No Limit ($0.01/$0.02 USD) - 2022/01/16 8:41:12 PT [2022/01/16 11:41:12 ET]
Table 'Thessalia' 9-max Seat #9 is the button
Seat 2: Cem1955 ($1.84 in chips) 
Seat 3: superfitt20 ($2.17 in chips) 
Seat 4: Dorex2007 ($2.34 in chips) 
Seat 5: abufirs ($2.17 in chips) 
Seat 6: ahamiyatsiz ($1.12 in chips) 
Seat 8: Adam_W888 ($1.32 in chips) 
Seat 9: nikki565 ($1.26 in chips) 
Cem1955: posts small blind $0.01
superfitt20: posts big blind $0.02
*** HOLE CARDS ***
Dealt to Dorex2007 [Jc 3s]
Dorex2007: folds 
abufirs: calls $0.02
ahamiyatsiz: calls $0.02
Adam_W888: folds 
nikki565: calls $0.02
Cem1955: calls $0.01
superfitt20: checks 
*** FLOP *** [4h Ks Kc]
Cem1955: checks 
superfitt20: checks 
abufirs: checks 
ahamiyatsiz: checks 
nikki565: checks 
*** TURN *** [4h Ks Kc] [Td]
Cem1955: checks 
superfitt20: checks 
abufirs: checks 
ahamiyatsiz: checks 
nikki565: checks 
*** RIVER *** [4h Ks Kc Td] [Qc]
Cem1955: checks 
superfitt20: bets $0.06
abufirs: folds 
ahamiyatsiz: folds 
nikki565: folds 
Cem1955: folds 
Uncalled bet ($0.06) returned to superfitt20
superfitt20 collected $0.10 from pot
superfitt20: doesn't show hand 
*** SUMMARY ***
Total pot $0.10 | Rake $0 
Board [4h Ks Kc Td Qc]
Seat 2: Cem1955 (small blind) folded on the River
Seat 3: superfitt20 (big blind) collected ($0.10)
Seat 4: Dorex2007 folded before Flop (didn't bet)
Seat 5: abufirs folded on the River
Seat 6: ahamiyatsiz folded on the River
Seat 8: Adam_W888 folded before Flop (didn't bet)
Seat 9: nikki565 (button) folded on the River



PokerStars Hand #233191669718:  Hold'em No Limit ($0.01/$0.02 USD) - 2022/01/16 8:42:19 PT [2022/01/16 11:42:19 ET]
Table 'Thessalia' 9-max Seat #2 is the button
Seat 2: Cem1955 ($1.82 in chips) 
Seat 3: superfitt20 ($2.25 in chips) 
Seat 4: Dorex2007 ($2.34 in chips) 
Seat 5: abufirs ($2.15 in chips) 
Seat 6: ahamiyatsiz ($1.10 in chips) 
Seat 8: Adam_W888 ($1.32 in chips) 
Seat 9: nikki565 ($1.24 in chips) 
superfitt20: posts small blind $0.01
Dorex2007: posts big blind $0.02
*** HOLE CARDS ***
Dealt to Dorex2007 [5d 4h]
abufirs: folds 
ahamiyatsiz: folds 
Adam_W888: folds 
nikki565: calls $0.02
Cem1955: folds 
superfitt20: calls $0.01
Dorex2007: checks 
*** FLOP *** [Jh 2s Ad]
superfitt20: checks 
Dorex2007: checks 
nikki565: checks 
*** TURN *** [Jh 2s Ad] [Tc]
superfitt20: checks 
Dorex2007: checks 
nikki565: checks 
*** RIVER *** [Jh 2s Ad Tc] [Jd]
superfitt20: checks 
Dorex2007: checks 
nikki565: checks 
*** SHOW DOWN ***
superfitt20: shows [4c 5s] (a pair of Jacks)
Dorex2007: shows [5d 4h] (a pair of Jacks)
nikki565: shows [8d Qd] (a pair of Jacks - Ace+Queen kicker)
nikki565 collected $0.06 from pot
*** SUMMARY ***
Total pot $0.06 | Rake $0 
Board [Jh 2s Ad Tc Jd]
Seat 2: Cem1955 (button) folded before Flop (didn't bet)
Seat 3: superfitt20 (small blind) showed [4c 5s] and lost with a pair of Jacks
Seat 4: Dorex2007 (big blind) showed [5d 4h] and lost with a pair of Jacks
Seat 5: abufirs folded before Flop (didn't bet)
Seat 6: ahamiyatsiz folded before Flop (didn't bet)
Seat 8: Adam_W888 folded before Flop (didn't bet)
Seat 9: nikki565 showed [8d Qd] and won ($0.06) with a pair of Jacks



PokerStars Hand #233191706817:  Hold'em No Limit ($0.01/$0.02 USD) - 2022/01/16 8:43:23 PT [2022/01/16 11:43:23 ET]
Table 'Thessalia' 9-max Seat #4 is the button
Seat 2: Cem1955 ($1.82 in chips) 
Seat 4: Dorex2007 ($2.32 in chips) 
Seat 5: abufirs ($2.15 in chips) 
Seat 6: ahamiyatsiz ($1.10 in chips) 
Seat 9: nikki565 ($1.28 in chips) 
abufirs: posts small blind $0.01
ahamiyatsiz: posts big blind $0.02
Zuban442: sits out 
*** HOLE CARDS ***
Dealt to Dorex2007 [8s 5h]
nikki565: folds 
Cem1955: folds 
superfitt20 leaves the table
Dorex2007: folds 
abufirs: folds 
Uncalled bet ($0.01) returned to ahamiyatsiz
ahamiyatsiz collected $0.02 from pot
ahamiyatsiz: doesn't show hand 
*** SUMMARY ***
Total pot $0.02 | Rake $0 
Seat 2: Cem1955 folded before Flop (didn't bet)
Seat 4: Dorex2007 (button) folded before Flop (didn't bet)
Seat 5: abufirs (small blind) folded before Flop
Seat 6: ahamiyatsiz (big blind) collected ($0.02)
Seat 9: nikki565 folded before Flop (didn't bet)



PokerStars Hand #233191710689:  Hold'em No Limit ($0.01/$0.02 USD) - 2022/01/16 8:43:30 PT [2022/01/16 11:43:30 ET]
Table 'Thessalia' 9-max Seat #5 is the button
Seat 2: Cem1955 ($1.82 in chips) 
Seat 4: Dorex2007 ($2.32 in chips) 
Seat 5: abufirs ($2.14 in chips) 
Seat 6: ahamiyatsiz ($1.11 in chips) 
Seat 7: Zuban442 ($1.90 in chips) 
Seat 9: nikki565 ($1.28 in chips) 
ahamiyatsiz: posts small blind $0.01
Zuban442: posts big blind $0.02
*** HOLE CARDS ***
Dealt to Dorex2007 [9c 8s]
nikki565: folds 
Cem1955: folds 
Dorex2007: folds 
abufirs: raises $0.04 to $0.06
ahamiyatsiz: raises $0.12 to $0.18
Zuban442: folds 
abufirs: folds 
Uncalled bet ($0.12) returned to ahamiyatsiz
ahamiyatsiz collected $0.14 from pot
ahamiyatsiz: doesn't show hand 
*** SUMMARY ***
Total pot $0.14 | Rake $0 
Seat 2: Cem1955 folded before Flop (didn't bet)
Seat 4: Dorex2007 folded before Flop (didn't bet)
Seat 5: abufirs (button) folded before Flop
Seat 6: ahamiyatsiz (small blind) collected ($0.14)
Seat 7: Zuban442 (big blind) folded before Flop
Seat 9: nikki565 folded before Flop (didn't bet)



PokerStars Hand #233191731733:  Hold'em No Limit ($0.01/$0.02 USD) - 2022/01/16 8:44:06 PT [2022/01/16 11:44:06 ET]
Table 'Thessalia' 9-max Seat #6 is the button
Seat 2: Cem1955 ($1.82 in chips) 
Seat 4: Dorex2007 ($2.32 in chips) 
Seat 5: abufirs ($2.08 in chips) 
Seat 6: ahamiyatsiz ($1.19 in chips) 
Seat 7: Zuban442 ($1.88 in chips) 
Seat 9: nikki565 ($1.28 in chips) 
Zuban442: posts small blind $0.01
nikki565: posts big blind $0.02
*** HOLE CARDS ***
Dealt to Dorex2007 [Qc Jd]
Cem1955: folds 
Dorex2007: raises $0.04 to $0.06
abufirs: folds 
ahamiyatsiz: folds 
Zuban442: folds 
nikki565: folds 
Uncalled bet ($0.04) returned to Dorex2007
Dorex2007 collected $0.05 from pot
Dorex2007: doesn't show hand 
*** SUMMARY ***
Total pot $0.05 | Rake $0 
Seat 2: Cem1955 folded before Flop (didn't bet)
Seat 4: Dorex2007 collected ($0.05)
Seat 5: abufirs folded before Flop (didn't bet)
Seat 6: ahamiyatsiz (button) folded before Flop (didn't bet)
Seat 7: Zuban442 (small blind) folded before Flop
Seat 9: nikki565 (big blind) folded before Flop



PokerStars Hand #233191743605:  Hold'em No Limit ($0.01/$0.02 USD) - 2022/01/16 8:44:26 PT [2022/01/16 11:44:26 ET]
Table 'Thessalia' 9-max Seat #7 is the button
Seat 2: Cem1955 ($1.82 in chips) 
Seat 4: Dorex2007 ($2.35 in chips) 
Seat 5: abufirs ($2.08 in chips) 
Seat 6: ahamiyatsiz ($1.19 in chips) 
Seat 7: Zuban442 ($1.87 in chips) 
Seat 9: nikki565 ($1.26 in chips) 
nikki565: posts small blind $0.01
Cem1955: posts big blind $0.02
*** HOLE CARDS ***
Dealt to Dorex2007 [Qh Ts]
Dorex2007: folds 
abufirs: folds 
ahamiyatsiz: folds 
Zuban442: folds 
Zuban442 leaves the table
nikki565: folds 
Uncalled bet ($0.01) returned to Cem1955
Cem1955 collected $0.02 from pot
Xabitpoker leaves the table
Cem1955: doesn't show hand 
*** SUMMARY ***
Total pot $0.02 | Rake $0 
Seat 2: Cem1955 (big blind) collected ($0.02)
Seat 4: Dorex2007 folded before Flop (didn't bet)
Seat 5: abufirs folded before Flop (didn't bet)
Seat 6: ahamiyatsiz folded before Flop (didn't bet)
Seat 7: Zuban442 (button) folded before Flop (didn't bet)
Seat 9: nikki565 (small blind) folded before Flop



PokerStars Hand #233191751975:  Hold'em No Limit ($0.01/$0.02 USD) - 2022/01/16 8:44:41 PT [2022/01/16 11:44:41 ET]
Table 'Thessalia' 9-max Seat #9 is the button
Seat 2: Cem1955 ($1.83 in chips) 
Seat 4: Dorex2007 ($2.35 in chips) 
Seat 5: abufirs ($2.08 in chips) 
Seat 6: ahamiyatsiz ($1.19 in chips) 
Seat 9: nikki565 ($1.25 in chips) 
Cem1955: posts small blind $0.01
Dorex2007: posts big blind $0.02
*** HOLE CARDS ***
Dealt to Dorex2007 [6c Jh]
abufirs: folds 
asico21 joins the table at seat #7 
ahamiyatsiz: folds 
nikki565: folds 
Cem1955: folds 
Uncalled bet ($0.01) returned to Dorex2007
Dorex2007 collected $0.02 from pot
Dorex2007: doesn't show hand 
*** SUMMARY ***
Total pot $0.02 | Rake $0 
Seat 2: Cem1955 (small blind) folded before Flop
Seat 4: Dorex2007 (big blind) collected ($0.02)
Seat 5: abufirs folded before Flop (didn't bet)
Seat 6: ahamiyatsiz folded before Flop (didn't bet)
Seat 9: nikki565 (button) folded before Flop (didn't bet)



PokerStars Hand #233191757754:  Hold'em No Limit ($0.01/$0.02 USD) - 2022/01/16 8:44:51 PT [2022/01/16 11:44:51 ET]
Table 'Thessalia' 9-max Seat #2 is the button
Seat 2: Cem1955 ($1.82 in chips) 
Seat 4: Dorex2007 ($2.36 in chips) 
Seat 5: abufirs ($2.08 in chips) 
Seat 6: ahamiyatsiz ($1.19 in chips) 
Seat 9: nikki565 ($1.25 in chips) 
Dorex2007: posts small blind $0.01
abufirs: posts big blind $0.02
asico21: sits out 
*** HOLE CARDS ***
Dealt to Dorex2007 [2s Kc]
ahamiyatsiz: folds 
nikki565: folds 
Cem1955: folds 
Dorex2007: folds 
Uncalled bet ($0.01) returned to abufirs
abufirs collected $0.02 from pot
abufirs: doesn't show hand 
*** SUMMARY ***
Total pot $0.02 | Rake $0 
Seat 2: Cem1955 (button) folded before Flop (didn't bet)
Seat 4: Dorex2007 (small blind) folded before Flop
Seat 5: abufirs (big blind) collected ($0.02)
Seat 6: ahamiyatsiz folded before Flop (didn't bet)
Seat 9: nikki565 folded before Flop (didn't bet)



PokerStars Hand #233191771718:  Hold'em No Limit ($0.01/$0.02 USD) - 2022/01/16 8:44:59 PT [2022/01/16 11:44:59 ET]
Table 'Thessalia' 9-max Seat #4 is the button
Seat 2: Cem1955 ($1.82 in chips) 
Seat 4: Dorex2007 ($2.35 in chips) 
Seat 5: abufirs ($2.09 in chips) 
Seat 6: ahamiyatsiz ($1.19 in chips) 
Seat 9: nikki565 ($1.25 in chips) 
abufirs: posts small blind $0.01
ahamiyatsiz: posts big blind $0.02
asico21: sits out 
*** HOLE CARDS ***
Dealt to Dorex2007 [9c Kd]
nikki565: folds 
Cem1955: folds 
Dorex2007: folds 
abufirs: raises $0.04 to $0.06
ahamiyatsiz: folds 
Uncalled bet ($0.04) returned to abufirs
abufirs collected $0.04 from pot
abufirs: doesn't show hand 
*** SUMMARY ***
Total pot $0.04 | Rake $0 
Seat 2: Cem1955 folded before Flop (didn't bet)
Seat 4: Dorex2007 (button) folded before Flop (didn't bet)
Seat 5: abufirs (small blind) collected ($0.04)
Seat 6: ahamiyatsiz (big blind) folded before Flop
Seat 9: nikki565 folded before Flop (didn't bet)



PokerStars Hand #233191782510:  Hold'em No Limit ($0.01/$0.02 USD) - 2022/01/16 8:45:18 PT [2022/01/16 11:45:18 ET]
Table 'Thessalia' 9-max Seat #5 is the button
Seat 2: Cem1955 ($1.82 in chips) 
Seat 4: Dorex2007 ($2.35 in chips) 
Seat 5: abufirs ($2.11 in chips) 
Seat 6: ahamiyatsiz ($1.17 in chips) 
Seat 7: asico21 ($1.60 in chips) 
Seat 9: nikki565 ($1.25 in chips) 
ahamiyatsiz: posts small blind $0.01
asico21: posts big blind $0.02
*** HOLE CARDS ***
Dealt to Dorex2007 [Jh 7s]
nikki565: folds 
Cem1955: folds 
Dorex2007: folds 
abufirs: calls $0.02
ahamiyatsiz: folds 
asico21: checks 
*** FLOP *** [Qc 2s Qs]
asico21: checks 
abufirs: checks 
*** TURN *** [Qc 2s Qs] [3s]
asico21: checks 
abufirs: checks 
*** RIVER *** [Qc 2s Qs 3s] [Th]
asico21: checks 
abufirs: checks 
*** SHOW DOWN ***
asico21: shows [9d 5h] (a pair of Queens)
abufirs: shows [7d Ac] (a pair of Queens - Ace kicker)
abufirs collected $0.05 from pot
*** SUMMARY ***
Total pot $0.05 | Rake $0 
Board [Qc 2s Qs 3s Th]
Seat 2: Cem1955 folded before Flop (didn't bet)
Seat 4: Dorex2007 folded before Flop (didn't bet)
Seat 5: abufirs (button) showed [7d Ac] and won ($0.05) with a pair of Queens
Seat 6: ahamiyatsiz (small blind) folded before Flop
Seat 7: asico21 (big blind) showed [9d 5h] and lost with a pair of Queens
Seat 9: nikki565 folded before Flop (didn't bet)



PokerStars Hand #233191802464:  Hold'em No Limit ($0.01/$0.02 USD) - 2022/01/16 8:45:52 PT [2022/01/16 11:45:52 ET]
Table 'Thessalia' 9-max Seat #6 is the button
Seat 2: Cem1955 ($1.82 in chips) 
Seat 4: Dorex2007 ($2.35 in chips) 
Seat 5: abufirs ($2.14 in chips) 
Seat 6: ahamiyatsiz ($1.16 in chips) 
Seat 7: asico21 ($1.58 in chips) 
Seat 8: Adam_W888 ($1.32 in chips) 
Seat 9: nikki565 ($1.25 in chips) 
asico21: posts small blind $0.01
Adam_W888: posts big blind $0.02
*** HOLE CARDS ***
Dealt to Dorex2007 [Td 9s]
nikki565: folds 
Cem1955: folds 
Dorex2007: folds 
abufirs: folds 
ahamiyatsiz: folds 
asico21: raises $0.03 to $0.05
Adam_W888: folds 
Uncalled bet ($0.03) returned to asico21
Adam_W888 leaves the table
asico21 collected $0.04 from pot
*** SUMMARY ***
Total pot $0.04 | Rake $0 
Seat 2: Cem1955 folded before Flop (didn't bet)
Seat 4: Dorex2007 folded before Flop (didn't bet)
Seat 5: abufirs folded before Flop (didn't bet)
Seat 6: ahamiyatsiz (button) folded before Flop (didn't bet)
Seat 7: asico21 (small blind) collected ($0.04)
Seat 8: Adam_W888 (big blind) folded before Flop
Seat 9: nikki565 folded before Flop (didn't bet)



PokerStars Hand #233191814158:  Hold'em No Limit ($0.01/$0.02 USD) - 2022/01/16 8:46:12 PT [2022/01/16 11:46:12 ET]
Table 'Thessalia' 9-max Seat #7 is the button
Seat 2: Cem1955 ($1.82 in chips) 
Seat 4: Dorex2007 ($2.35 in chips) 
Seat 5: abufirs ($2.14 in chips) 
Seat 6: ahamiyatsiz ($1.16 in chips) 
Seat 7: asico21 ($1.60 in chips) 
Seat 9: nikki565 ($1.25 in chips) 
nikki565: posts small blind $0.01
Cem1955: posts big blind $0.02
*** HOLE CARDS ***
Dealt to Dorex2007 [Ts Ks]
pokerIman27 joins the table at seat #1 
Dorex2007: raises $0.04 to $0.06
abufirs: folds 
ahamiyatsiz: folds 
asico21: folds 
nikki565: folds 
Cem1955: folds 
Uncalled bet ($0.04) returned to Dorex2007
Dorex2007 collected $0.05 from pot
Dorex2007: doesn't show hand 
*** SUMMARY ***
Total pot $0.05 | Rake $0 
Seat 2: Cem1955 (big blind) folded before Flop
Seat 4: Dorex2007 collected ($0.05)
Seat 5: abufirs folded before Flop (didn't bet)
Seat 6: ahamiyatsiz folded before Flop (didn't bet)
Seat 7: asico21 (button) folded before Flop (didn't bet)
Seat 9: nikki565 (small blind) folded before Flop



PokerStars Hand #233191827642:  Hold'em No Limit ($0.01/$0.02 USD) - 2022/01/16 8:46:35 PT [2022/01/16 11:46:35 ET]
Table 'Thessalia' 9-max Seat #9 is the button
Seat 2: Cem1955 ($1.80 in chips) 
Seat 4: Dorex2007 ($2.38 in chips) 
Seat 5: abufirs ($2.14 in chips) 
Seat 6: ahamiyatsiz ($1.16 in chips) 
Seat 7: asico21 ($1.60 in chips) 
Seat 9: nikki565 ($1.24 in chips) 
Cem1955: posts small blind $0.01
Dorex2007: posts big blind $0.02
*** HOLE CARDS ***
Dealt to Dorex2007 [5d Qc]
abufirs: folds 
ahamiyatsiz: raises $0.04 to $0.06
asico21: folds 
nikki565: folds 
Cem1955: folds 
RuS PoKeR69 joins the table at seat #8 
Dorex2007: folds 
Uncalled bet ($0.04) returned to ahamiyatsiz
ahamiyatsiz collected $0.05 from pot
david22690 joins the table at seat #3 
ahamiyatsiz: doesn't show hand 
*** SUMMARY ***
Total pot $0.05 | Rake $0 
Seat 2: Cem1955 (small blind) folded before Flop
Seat 4: Dorex2007 (big blind) folded before Flop
Seat 5: abufirs folded before Flop (didn't bet)
Seat 6: ahamiyatsiz collected ($0.05)
Seat 7: asico21 folded before Flop (didn't bet)
Seat 9: nikki565 (button) folded before Flop (didn't bet)



PokerStars Hand #233191834785:  Hold'em No Limit ($0.01/$0.02 USD) - 2022/01/16 8:46:47 PT [2022/01/16 11:46:47 ET]
Table 'Thessalia' 9-max Seat #2 is the button
Seat 1: pokerIman27 ($1.60 in chips) 
Seat 2: Cem1955 ($1.79 in chips) 
Seat 4: Dorex2007 ($2.36 in chips) 
Seat 5: abufirs ($2.14 in chips) 
Seat 6: ahamiyatsiz ($1.19 in chips) 
Seat 7: asico21 ($1.60 in chips) 
Seat 8: RuS PoKeR69 ($0.80 in chips) 
Seat 9: nikki565 ($1.24 in chips) 
Dorex2007: posts small blind $0.01
abufirs: posts big blind $0.02
RuS PoKeR69: posts big blind $0.02
pokerIman27: posts big blind $0.02
*** HOLE CARDS ***
Dealt to Dorex2007 [Ah Js]
ahamiyatsiz: raises $0.06 to $0.08
asico21: folds 
RuS PoKeR69: folds 
nikki565: folds 
pokerIman27: folds 
Cem1955: folds 
Dorex2007: folds 
abufirs: calls $0.06
*** FLOP *** [6c Ts 4h]
abufirs: checks 
ahamiyatsiz: bets $0.12
abufirs: folds 
Uncalled bet ($0.12) returned to ahamiyatsiz
ahamiyatsiz collected $0.20 from pot
ahamiyatsiz: doesn't show hand 
*** SUMMARY ***
Total pot $0.21 | Rake $0.01 
Board [6c Ts 4h]
Seat 1: pokerIman27 folded before Flop (didn't bet)
Seat 2: Cem1955 (button) folded before Flop (didn't bet)
Seat 4: Dorex2007 (small blind) folded before Flop
Seat 5: abufirs (big blind) folded on the Flop
Seat 6: ahamiyatsiz collected ($0.20)
Seat 7: asico21 folded before Flop (didn't bet)
Seat 8: RuS PoKeR69 folded before Flop (didn't bet)
Seat 9: nikki565 folded before Flop (didn't bet)



PokerStars Hand #233191851730:  Hold'em No Limit ($0.01/$0.02 USD) - 2022/01/16 8:47:16 PT [2022/01/16 11:47:16 ET]
Table 'Thessalia' 9-max Seat #4 is the button
Seat 1: pokerIman27 ($1.58 in chips) 
Seat 2: Cem1955 ($1.79 in chips) 
Seat 4: Dorex2007 ($2.35 in chips) 
Seat 5: abufirs ($2.06 in chips) 
Seat 6: ahamiyatsiz ($1.31 in chips) 
Seat 7: asico21 ($1.60 in chips) 
Seat 8: RuS PoKeR69 ($0.78 in chips) 
Seat 9: nikki565 ($1.24 in chips) 
abufirs: posts small blind $0.01
ahamiyatsiz: posts big blind $0.02
david22690: sits out 
*** HOLE CARDS ***
Dealt to Dorex2007 [Qh 5s]
asico21: raises $0.04 to $0.06
RuS PoKeR69: folds 
nikki565: calls $0.06
pokerIman27: folds 
Cem1955: folds 
Dorex2007: folds 
abufirs: folds 
ahamiyatsiz: folds 
*** FLOP *** [5h 4h 8c]
asico21: bets $0.08
nikki565: calls $0.08
*** TURN *** [5h 4h 8c] [8h]
asico21: bets $0.09
nikki565: calls $0.09
*** RIVER *** [5h 4h 8c 8h] [Js]
asico21: bets $0.28
nikki565: folds 
Uncalled bet ($0.28) returned to asico21
asico21 collected $0.47 from pot
*** SUMMARY ***
Total pot $0.49 | Rake $0.02 
Board [5h 4h 8c 8h Js]
Seat 1: pokerIman27 folded before Flop (didn't bet)
Seat 2: Cem1955 folded before Flop (didn't bet)
Seat 4: Dorex2007 (button) folded before Flop (didn't bet)
Seat 5: abufirs (small blind) folded before Flop
Seat 6: ahamiyatsiz (big blind) folded before Flop
Seat 7: asico21 collected ($0.47)
Seat 8: RuS PoKeR69 folded before Flop (didn't bet)
Seat 9: nikki565 folded on the River



PokerStars Hand #233191879921:  Hold'em No Limit ($0.01/$0.02 USD) - 2022/01/16 8:48:04 PT [2022/01/16 11:48:04 ET]
Table 'Thessalia' 9-max Seat #5 is the button
Seat 1: pokerIman27 ($1.58 in chips) 
Seat 2: Cem1955 ($1.79 in chips) 
Seat 4: Dorex2007 ($2.35 in chips) 
Seat 5: abufirs ($2.05 in chips) 
Seat 6: ahamiyatsiz ($1.29 in chips) 
Seat 7: asico21 ($1.84 in chips) 
Seat 8: RuS PoKeR69 ($0.78 in chips) 
Seat 9: nikki565 ($1.01 in chips) 
ahamiyatsiz: posts small blind $0.01
asico21: posts big blind $0.02
david22690: sits out 
*** HOLE CARDS ***
Dealt to Dorex2007 [6h 9d]
RuS PoKeR69: folds 
nikki565: calls $0.02
pokerIman27: calls $0.02
Cem1955: folds 
Dorex2007: folds 
abufirs: calls $0.02
ahamiyatsiz: calls $0.01
asico21: checks 
*** FLOP *** [Jh 5c Qd]
ahamiyatsiz: checks 
asico21: bets $0.03
nikki565: folds 
pokerIman27: calls $0.03
abufirs: calls $0.03
ahamiyatsiz: folds 
*** TURN *** [Jh 5c Qd] [6s]
asico21: bets $0.05
pokerIman27: calls $0.05
abufirs: calls $0.05
*** RIVER *** [Jh 5c Qd 6s] [Qh]
asico21: bets $0.20
pokerIman27: calls $0.20
abufirs: folds 
*** SHOW DOWN ***
asico21: shows [4s Qc] (three of a kind, Queens)
pokerIman27: shows [Tc Qs] (three of a kind, Queens - Jack+Ten kicker)
pokerIman27 collected $0.71 from pot
*** SUMMARY ***
Total pot $0.74 | Rake $0.03 
Board [Jh 5c Qd 6s Qh]
Seat 1: pokerIman27 showed [Tc Qs] and won ($0.71) with three of a kind, Queens
Seat 2: Cem1955 folded before Flop (didn't bet)
Seat 4: Dorex2007 folded before Flop (didn't bet)
Seat 5: abufirs (button) folded on the River
Seat 6: ahamiyatsiz (small blind) folded on the Flop
Seat 7: asico21 (big blind) showed [4s Qc] and lost with three of a kind, Queens
Seat 8: RuS PoKeR69 folded before Flop (didn't bet)
Seat 9: nikki565 folded on the Flop



PokerStars Hand #233191916899:  Hold'em No Limit ($0.01/$0.02 USD) - 2022/01/16 8:48:55 PT [2022/01/16 11:48:55 ET]
Table 'Thessalia' 9-max Seat #6 is the button
Seat 1: pokerIman27 ($1.99 in chips) 
Seat 2: Cem1955 ($1.79 in chips) 
Seat 4: Dorex2007 ($2.35 in chips) 
Seat 5: abufirs ($1.95 in chips) 
Seat 6: ahamiyatsiz ($1.27 in chips) 
Seat 7: asico21 ($1.54 in chips) 
Seat 8: RuS PoKeR69 ($0.78 in chips) 
Seat 9: nikki565 ($0.99 in chips) 
asico21: posts small blind $0.01
RuS PoKeR69: posts big blind $0.02
david22690: sits out 
*** HOLE CARDS ***
Dealt to Dorex2007 [Kc 8s]
nikki565: raises $0.06 to $0.08
pokerIman27: folds 
Cem1955: folds 
Dorex2007: folds 
abufirs: folds 
ahamiyatsiz: calls $0.08
asico21: folds 
RuS PoKeR69: calls $0.06
*** FLOP *** [8c 5s 7c]
RuS PoKeR69: checks 
nikki565: checks 
ahamiyatsiz: bets $0.02
RuS PoKeR69: calls $0.02
nikki565: calls $0.02
*** TURN *** [8c 5s 7c] [2s]
RuS PoKeR69: checks 
nikki565: checks 
ahamiyatsiz: bets $0.15
RuS PoKeR69: folds 
nikki565: folds 
Uncalled bet ($0.15) returned to ahamiyatsiz
ahamiyatsiz collected $0.30 from pot
ahamiyatsiz: doesn't show hand 
*** SUMMARY ***
Total pot $0.31 | Rake $0.01 
Board [8c 5s 7c 2s]
Seat 1: pokerIman27 folded before Flop (didn't bet)
Seat 2: Cem1955 folded before Flop (didn't bet)
Seat 4: Dorex2007 folded before Flop (didn't bet)
Seat 5: abufirs folded before Flop (didn't bet)
Seat 6: ahamiyatsiz (button) collected ($0.30)
Seat 7: asico21 (small blind) folded before Flop
Seat 8: RuS PoKeR69 (big blind) folded on the Turn
Seat 9: nikki565 folded on the Turn



PokerStars Hand #233191960914:  Hold'em No Limit ($0.01/$0.02 USD) - 2022/01/16 8:50:11 PT [2022/01/16 11:50:11 ET]
Table 'Thessalia' 9-max Seat #7 is the button
Seat 1: pokerIman27 ($1.99 in chips) 
Seat 2: Cem1955 ($1.79 in chips) 
Seat 4: Dorex2007 ($2.35 in chips) 
Seat 5: abufirs ($1.95 in chips) 
Seat 6: ahamiyatsiz ($1.47 in chips) 
Seat 7: asico21 ($1.53 in chips) 
Seat 8: RuS PoKeR69 ($0.68 in chips) 
Seat 9: nikki565 ($0.89 in chips) 
RuS PoKeR69: posts small blind $0.01
nikki565: posts big blind $0.02
david22690: sits out 
*** HOLE CARDS ***
Dealt to Dorex2007 [7d 9s]
pokerIman27: folds 
Cem1955: folds 
Dorex2007: folds 
abufirs: folds 
ahamiyatsiz: folds 
asico21: folds 
RuS PoKeR69: raises $0.02 to $0.04
nikki565: calls $0.02
*** FLOP *** [9d 7h 4s]
RuS PoKeR69: bets $0.04
nikki565: folds 
Uncalled bet ($0.04) returned to RuS PoKeR69
RuS PoKeR69 collected $0.08 from pot
RuS PoKeR69: doesn't show hand 
*** SUMMARY ***
Total pot $0.08 | Rake $0 
Board [9d 7h 4s]
Seat 1: pokerIman27 folded before Flop (didn't bet)
Seat 2: Cem1955 folded before Flop (didn't bet)
Seat 4: Dorex2007 folded before Flop (didn't bet)
Seat 5: abufirs folded before Flop (didn't bet)
Seat 6: ahamiyatsiz folded before Flop (didn't bet)
Seat 7: asico21 (button) folded before Flop (didn't bet)
Seat 8: RuS PoKeR69 (small blind) collected ($0.08)
Seat 9: nikki565 (big blind) folded on the Flop



PokerStars Hand #233191974414:  Hold'em No Limit ($0.01/$0.02 USD) - 2022/01/16 8:50:34 PT [2022/01/16 11:50:34 ET]
Table 'Thessalia' 9-max Seat #8 is the button
Seat 1: pokerIman27 ($1.99 in chips) 
Seat 2: Cem1955 ($1.79 in chips) 
Seat 4: Dorex2007 ($2.35 in chips) 
Seat 5: abufirs ($1.95 in chips) 
Seat 6: ahamiyatsiz ($1.47 in chips) 
Seat 7: asico21 ($1.53 in chips) 
Seat 8: RuS PoKeR69 ($0.72 in chips) 
Seat 9: nikki565 ($0.85 in chips) 
nikki565: posts small blind $0.01
pokerIman27: posts big blind $0.02
david22690: sits out 
*** HOLE CARDS ***
Dealt to Dorex2007 [Kc 2h]
Cem1955: folds 
Dorex2007: folds 
abufirs: folds 
ahamiyatsiz: folds 
asico21: folds 
RuS PoKeR69: folds 
nikki565: calls $0.01
pokerIman27: checks 
*** FLOP *** [5h Tc Ah]
nikki565: bets $0.08
pokerIman27: folds 
Uncalled bet ($0.08) returned to nikki565
nikki565 collected $0.04 from pot
nikki565: doesn't show hand 
*** SUMMARY ***
Total pot $0.04 | Rake $0 
Board [5h Tc Ah]
Seat 1: pokerIman27 (big blind) folded on the Flop
Seat 2: Cem1955 folded before Flop (didn't bet)
Seat 4: Dorex2007 folded before Flop (didn't bet)
Seat 5: abufirs folded before Flop (didn't bet)
Seat 6: ahamiyatsiz folded before Flop (didn't bet)
Seat 7: asico21 folded before Flop (didn't bet)
Seat 8: RuS PoKeR69 (button) folded before Flop (didn't bet)
Seat 9: nikki565 (small blind) collected ($0.04)



PokerStars Hand #233191991248:  Hold'em No Limit ($0.01/$0.02 USD) - 2022/01/16 8:51:03 PT [2022/01/16 11:51:03 ET]
Table 'Thessalia' 9-max Seat #9 is the button
Seat 1: pokerIman27 ($1.97 in chips) 
Seat 2: Cem1955 ($1.79 in chips) 
Seat 4: Dorex2007 ($2.35 in chips) 
Seat 5: abufirs ($2 in chips) 
Seat 6: ahamiyatsiz ($1.47 in chips) 
Seat 7: asico21 ($1.53 in chips) 
Seat 8: RuS PoKeR69 ($0.72 in chips) 
Seat 9: nikki565 ($0.87 in chips) 
pokerIman27: posts small blind $0.01
Cem1955: posts big blind $0.02
david22690: sits out 
*** HOLE CARDS ***
Dealt to Dorex2007 [Tc 2d]
Dorex2007: folds 
abufirs: folds 
ahamiyatsiz: folds 
asico21: folds 
RuS PoKeR69: raises $0.02 to $0.04
nikki565: folds 
pokerIman27: folds 
Cem1955: calls $0.02
*** FLOP *** [5c 5d Qs]
Cem1955: checks 
RuS PoKeR69: checks 
*** TURN *** [5c 5d Qs] [6s]
Cem1955: bets $0.09
RuS PoKeR69: folds 
Uncalled bet ($0.09) returned to Cem1955
Cem1955 collected $0.09 from pot
Cem1955: doesn't show hand 
*** SUMMARY ***
Total pot $0.09 | Rake $0 
Board [5c 5d Qs 6s]
Seat 1: pokerIman27 (small blind) folded before Flop
Seat 2: Cem1955 (big blind) collected ($0.09)
Seat 4: Dorex2007 folded before Flop (didn't bet)
Seat 5: abufirs folded before Flop (didn't bet)
Seat 6: ahamiyatsiz folded before Flop (didn't bet)
Seat 7: asico21 folded before Flop (didn't bet)
Seat 8: RuS PoKeR69 folded on the Turn
Seat 9: nikki565 (button) folded before Flop (didn't bet)



PokerStars Hand #233192012371:  Hold'em No Limit ($0.01/$0.02 USD) - 2022/01/16 8:51:39 PT [2022/01/16 11:51:39 ET]
Table 'Thessalia' 9-max Seat #1 is the button
Seat 1: pokerIman27 ($1.96 in chips) 
Seat 2: Cem1955 ($1.84 in chips) 
Seat 3: david22690 ($0.80 in chips) 
Seat 4: Dorex2007 ($2.35 in chips) 
Seat 5: abufirs ($2 in chips) 
Seat 6: ahamiyatsiz ($1.47 in chips) 
Seat 7: asico21 ($1.53 in chips) 
Seat 8: RuS PoKeR69 ($0.68 in chips) 
Seat 9: nikki565 ($0.87 in chips) 
Cem1955: posts small blind $0.01
david22690: posts big blind $0.02
*** HOLE CARDS ***
Dealt to Dorex2007 [8h 4c]
Dorex2007: folds 
abufirs: folds 
ahamiyatsiz: folds 
asico21: calls $0.02
RuS PoKeR69: raises $0.02 to $0.04
nikki565: folds 
pokerIman27 has timed out
pokerIman27: folds 
Cem1955: folds 
david22690: folds 
asico21: calls $0.02
*** FLOP *** [Qd 6d 7d]
asico21: checks 
RuS PoKeR69: checks 
*** TURN *** [Qd 6d 7d] [Jd]
asico21: checks 
RuS PoKeR69: checks 
*** RIVER *** [Qd 6d 7d Jd] [Ks]
asico21: checks 
RuS PoKeR69: checks 
*** SHOW DOWN ***
asico21: shows [Kh 2h] (a pair of Kings)
RuS PoKeR69: shows [3s 3d] (a flush, Queen high)
RuS PoKeR69 collected $0.11 from pot
*** SUMMARY ***
Total pot $0.11 | Rake $0 
Board [Qd 6d 7d Jd Ks]
Seat 1: pokerIman27 (button) folded before Flop (didn't bet)
Seat 2: Cem1955 (small blind) folded before Flop
Seat 3: david22690 (big blind) folded before Flop
Seat 4: Dorex2007 folded before Flop (didn't bet)
Seat 5: abufirs folded before Flop (didn't bet)
Seat 6: ahamiyatsiz folded before Flop (didn't bet)
Seat 7: asico21 showed [Kh 2h] and lost with a pair of Kings
Seat 8: RuS PoKeR69 showed [3s 3d] and won ($0.11) with a flush, Queen high
Seat 9: nikki565 folded before Flop (didn't bet)



PokerStars Hand #233192052565:  Hold'em No Limit ($0.01/$0.02 USD) - 2022/01/16 8:52:47 PT [2022/01/16 11:52:47 ET]
Table 'Thessalia' 9-max Seat #2 is the button
Seat 1: pokerIman27 ($1.96 in chips) 
Seat 2: Cem1955 ($1.83 in chips) 
Seat 3: david22690 ($0.78 in chips) 
Seat 4: Dorex2007 ($2.35 in chips) 
Seat 5: abufirs ($2 in chips) 
Seat 6: ahamiyatsiz ($1.47 in chips) 
Seat 7: asico21 ($1.49 in chips) 
Seat 8: RuS PoKeR69 ($0.75 in chips) 
Seat 9: nikki565 ($0.87 in chips) 
david22690: posts small blind $0.01
Dorex2007: posts big blind $0.02
*** HOLE CARDS ***
Dealt to Dorex2007 [Tc 9d]
abufirs: folds 
ahamiyatsiz: folds 
asico21: folds 
RuS PoKeR69: folds 
nikki565: folds 
pokerIman27: folds 
Cem1955: folds 
david22690: folds 
Uncalled bet ($0.01) returned to Dorex2007
Dorex2007 collected $0.02 from pot
Dorex2007: doesn't show hand 
*** SUMMARY ***
Total pot $0.02 | Rake $0 
Seat 1: pokerIman27 folded before Flop (didn't bet)
Seat 2: Cem1955 (button) folded before Flop (didn't bet)
Seat 3: david22690 (small blind) folded before Flop
Seat 4: Dorex2007 (big blind) collected ($0.02)
Seat 5: abufirs folded before Flop (didn't bet)
Seat 6: ahamiyatsiz folded before Flop (didn't bet)
Seat 7: asico21 folded before Flop (didn't bet)
Seat 8: RuS PoKeR69 folded before Flop (didn't bet)
Seat 9: nikki565 folded before Flop (didn't bet)



PokerStars Hand #233192063745:  Hold'em No Limit ($0.01/$0.02 USD) - 2022/01/16 8:53:06 PT [2022/01/16 11:53:06 ET]
Table 'Thessalia' 9-max Seat #3 is the button
Seat 1: pokerIman27 ($1.96 in chips) 
Seat 2: Cem1955 ($1.83 in chips) 
Seat 3: david22690 ($0.77 in chips) 
Seat 4: Dorex2007 ($2.36 in chips) 
Seat 5: abufirs ($2 in chips) 
Seat 6: ahamiyatsiz ($1.47 in chips) 
Seat 7: asico21 ($1.49 in chips) 
Seat 8: RuS PoKeR69 ($0.75 in chips) 
Seat 9: nikki565 ($0.87 in chips) 
Dorex2007: posts small blind $0.01
abufirs: posts big blind $0.02
*** HOLE CARDS ***
Dealt to Dorex2007 [Tc 2s]
ahamiyatsiz: folds 
asico21: folds 
RuS PoKeR69: folds 
nikki565: folds 
pokerIman27: folds 
Cem1955: folds 
david22690: folds 
Dorex2007: folds 
Uncalled bet ($0.01) returned to abufirs
abufirs collected $0.02 from pot
abufirs: doesn't show hand 
*** SUMMARY ***
Total pot $0.02 | Rake $0 
Seat 1: pokerIman27 folded before Flop (didn't bet)
Seat 2: Cem1955 folded before Flop (didn't bet)
Seat 3: david22690 (button) folded before Flop (didn't bet)
Seat 4: Dorex2007 (small blind) folded before Flop
Seat 5: abufirs (big blind) collected ($0.02)
Seat 6: ahamiyatsiz folded before Flop (didn't bet)
Seat 7: asico21 folded before Flop (didn't bet)
Seat 8: RuS PoKeR69 folded before Flop (didn't bet)
Seat 9: nikki565 folded before Flop (didn't bet)



PokerStars Hand #233192073180:  Hold'em No Limit ($0.01/$0.02 USD) - 2022/01/16 8:53:22 PT [2022/01/16 11:53:22 ET]
Table 'Thessalia' 9-max Seat #4 is the button
Seat 1: pokerIman27 ($1.96 in chips) 
Seat 2: Cem1955 ($1.83 in chips) 
Seat 3: david22690 ($0.77 in chips) 
Seat 4: Dorex2007 ($2.35 in chips) 
Seat 5: abufirs ($2.01 in chips) 
Seat 6: ahamiyatsiz ($1.47 in chips) 
Seat 7: asico21 ($1.49 in chips) 
Seat 8: RuS PoKeR69 ($0.75 in chips) 
Seat 9: nikki565 ($0.87 in chips) 
abufirs: posts small blind $0.01
ahamiyatsiz: posts big blind $0.02
*** HOLE CARDS ***
Dealt to Dorex2007 [Ac Td]
asico21: folds 
RuS PoKeR69: folds 
nikki565: folds 
pokerIman27: calls $0.02
Cem1955: folds 
david22690: folds 
Dorex2007: raises $0.04 to $0.06
abufirs: folds 
ahamiyatsiz: folds 
pokerIman27: calls $0.04
*** FLOP *** [3s 7c 8d]
pokerIman27: checks 
Dorex2007: checks 
*** TURN *** [3s 7c 8d] [Ks]
pokerIman27: checks 
Dorex2007: checks 
*** RIVER *** [3s 7c 8d Ks] [6s]
pokerIman27: checks 
Dorex2007: bets $0.07
pokerIman27: folds 
Uncalled bet ($0.07) returned to Dorex2007
Dorex2007 collected $0.14 from pot
Dorex2007: doesn't show hand 
*** SUMMARY ***
Total pot $0.15 | Rake $0.01 
Board [3s 7c 8d Ks 6s]
Seat 1: pokerIman27 folded on the River
Seat 2: Cem1955 folded before Flop (didn't bet)
Seat 3: david22690 folded before Flop (didn't bet)
Seat 4: Dorex2007 (button) collected ($0.14)
Seat 5: abufirs (small blind) folded before Flop
Seat 6: ahamiyatsiz (big blind) folded before Flop
Seat 7: asico21 folded before Flop (didn't bet)
Seat 8: RuS PoKeR69 folded before Flop (didn't bet)
Seat 9: nikki565 folded before Flop (didn't bet)



PokerStars Hand #233192097640:  Hold'em No Limit ($0.01/$0.02 USD) - 2022/01/16 8:54:04 PT [2022/01/16 11:54:04 ET]
Table 'Thessalia' 9-max Seat #5 is the button
Seat 1: pokerIman27 ($1.90 in chips) 
Seat 2: Cem1955 ($1.83 in chips) 
Seat 3: david22690 ($0.77 in chips) 
Seat 4: Dorex2007 ($2.43 in chips) 
Seat 5: abufirs ($2 in chips) 
Seat 6: ahamiyatsiz ($1.45 in chips) 
Seat 7: asico21 ($1.49 in chips) 
Seat 8: RuS PoKeR69 ($0.75 in chips) 
Seat 9: nikki565 ($0.87 in chips) 
ahamiyatsiz: posts small blind $0.01
asico21: posts big blind $0.02
*** HOLE CARDS ***
Dealt to Dorex2007 [7d Jh]
RuS PoKeR69: raises $0.04 to $0.06
nikki565: folds 
pokerIman27: folds 
Cem1955: folds 
david22690: folds 
Dorex2007: folds 
abufirs: calls $0.06
ahamiyatsiz: folds 
asico21: calls $0.04
*** FLOP *** [Js Jd 8h]
asico21: checks 
RuS PoKeR69: checks 
abufirs: checks 
*** TURN *** [Js Jd 8h] [5s]
asico21: checks 
RuS PoKeR69: checks 
abufirs: checks 
*** RIVER *** [Js Jd 8h 5s] [3c]
asico21: checks 
RuS PoKeR69: checks 
abufirs: bets $0.10
asico21: folds 
RuS PoKeR69: folds 
Uncalled bet ($0.10) returned to abufirs
abufirs collected $0.18 from pot
abufirs: doesn't show hand 
*** SUMMARY ***
Total pot $0.19 | Rake $0.01 
Board [Js Jd 8h 5s 3c]
Seat 1: pokerIman27 folded before Flop (didn't bet)
Seat 2: Cem1955 folded before Flop (didn't bet)
Seat 3: david22690 folded before Flop (didn't bet)
Seat 4: Dorex2007 folded before Flop (didn't bet)
Seat 5: abufirs (button) collected ($0.18)
Seat 6: ahamiyatsiz (small blind) folded before Flop
Seat 7: asico21 (big blind) folded on the River
Seat 8: RuS PoKeR69 folded on the River
Seat 9: nikki565 folded before Flop (didn't bet)



PokerStars Hand #233192131895:  Hold'em No Limit ($0.01/$0.02 USD) - 2022/01/16 8:55:03 PT [2022/01/16 11:55:03 ET]
Table 'Thessalia' 9-max Seat #6 is the button
Seat 1: pokerIman27 ($1.90 in chips) 
Seat 2: Cem1955 ($1.83 in chips) 
Seat 3: david22690 ($0.77 in chips) 
Seat 4: Dorex2007 ($2.43 in chips) 
Seat 5: abufirs ($2.12 in chips) 
Seat 6: ahamiyatsiz ($1.44 in chips) 
Seat 7: asico21 ($1.43 in chips) 
Seat 8: RuS PoKeR69 ($0.69 in chips) 
Seat 9: nikki565 ($0.87 in chips) 
asico21: posts small blind $0.01
RuS PoKeR69: posts big blind $0.02
*** HOLE CARDS ***
Dealt to Dorex2007 [Kc 6c]
nikki565: calls $0.02
pokerIman27: folds 
Cem1955: folds 
david22690: folds 
Dorex2007: folds 
abufirs: calls $0.02
ahamiyatsiz: folds 
asico21: folds 
RuS PoKeR69: checks 
*** FLOP *** [9h 3h 3c]
RuS PoKeR69: checks 
nikki565: bets $0.10
abufirs: folds 
RuS PoKeR69: folds 
Uncalled bet ($0.10) returned to nikki565
nikki565 collected $0.07 from pot
nikki565: doesn't show hand 
*** SUMMARY ***
Total pot $0.07 | Rake $0 
Board [9h 3h 3c]
Seat 1: pokerIman27 folded before Flop (didn't bet)
Seat 2: Cem1955 folded before Flop (didn't bet)
Seat 3: david22690 folded before Flop (didn't bet)
Seat 4: Dorex2007 folded before Flop (didn't bet)
Seat 5: abufirs folded on the Flop
Seat 6: ahamiyatsiz (button) folded before Flop (didn't bet)
Seat 7: asico21 (small blind) folded before Flop
Seat 8: RuS PoKeR69 (big blind) folded on the Flop
Seat 9: nikki565 collected ($0.07)



PokerStars Hand #233192148259:  Hold'em No Limit ($0.01/$0.02 USD) - 2022/01/16 8:55:42 PT [2022/01/16 11:55:42 ET]
Table 'Thessalia' 9-max Seat #7 is the button
Seat 1: pokerIman27 ($1.90 in chips) 
Seat 2: Cem1955 ($1.83 in chips) 
Seat 3: david22690 ($0.77 in chips) 
Seat 4: Dorex2007 ($2.43 in chips) 
Seat 5: abufirs ($2.10 in chips) 
Seat 6: ahamiyatsiz ($1.44 in chips) 
Seat 7: asico21 ($1.42 in chips) 
Seat 8: RuS PoKeR69 ($0.67 in chips) 
Seat 9: nikki565 ($0.92 in chips) 
RuS PoKeR69: posts small blind $0.01
nikki565: posts big blind $0.02
*** HOLE CARDS ***
Dealt to Dorex2007 [2h 8h]
pokerIman27: calls $0.02
Cem1955: folds 
david22690: folds 
Dorex2007: folds 
abufirs: calls $0.02
ahamiyatsiz: folds 
asico21: folds 
RuS PoKeR69: raises $0.65 to $0.67 and is all-in
nikki565: folds 
pokerIman27: folds 
abufirs: folds 
Uncalled bet ($0.65) returned to RuS PoKeR69
RuS PoKeR69 collected $0.08 from pot
RuS PoKeR69: doesn't show hand 
*** SUMMARY ***
Total pot $0.08 | Rake $0 
Seat 1: pokerIman27 folded before Flop
Seat 2: Cem1955 folded before Flop (didn't bet)
Seat 3: david22690 folded before Flop (didn't bet)
Seat 4: Dorex2007 folded before Flop (didn't bet)
Seat 5: abufirs folded before Flop
Seat 6: ahamiyatsiz folded before Flop (didn't bet)
Seat 7: asico21 (button) folded before Flop (didn't bet)
Seat 8: RuS PoKeR69 (small blind) collected ($0.08)
Seat 9: nikki565 (big blind) folded before Flop



PokerStars Hand #233192156432:  Hold'em No Limit ($0.01/$0.02 USD) - 2022/01/16 8:56:02 PT [2022/01/16 11:56:02 ET]
Table 'Thessalia' 9-max Seat #8 is the button
Seat 1: pokerIman27 ($1.88 in chips) 
Seat 2: Cem1955 ($1.83 in chips) 
Seat 3: david22690 ($0.77 in chips) 
Seat 4: Dorex2007 ($2.43 in chips) 
Seat 5: abufirs ($2.08 in chips) 
Seat 6: ahamiyatsiz ($1.44 in chips) 
Seat 7: asico21 ($1.42 in chips) 
Seat 8: RuS PoKeR69 ($0.73 in chips) 
Seat 9: nikki565 ($0.90 in chips) 
nikki565: posts small blind $0.01
pokerIman27: posts big blind $0.02
*** HOLE CARDS ***
Dealt to Dorex2007 [3d 9d]
Cem1955: folds 
david22690: calls $0.02
Dorex2007: folds 
abufirs: folds 
ahamiyatsiz: raises $0.06 to $0.08
asico21: folds 
RuS PoKeR69: folds 
nikki565: folds 
pokerIman27: folds 
david22690: calls $0.06
*** FLOP *** [Td Jc 9h]
david22690: checks 
ahamiyatsiz: checks 
*** TURN *** [Td Jc 9h] [9c]
david22690: checks 
ahamiyatsiz: checks 
*** RIVER *** [Td Jc 9h 9c] [Th]
david22690: checks 
ahamiyatsiz: bets $0.09
david22690: folds 
Uncalled bet ($0.09) returned to ahamiyatsiz
ahamiyatsiz collected $0.18 from pot
ahamiyatsiz: doesn't show hand 
*** SUMMARY ***
Total pot $0.19 | Rake $0.01 
Board [Td Jc 9h 9c Th]
Seat 1: pokerIman27 (big blind) folded before Flop
Seat 2: Cem1955 folded before Flop (didn't bet)
Seat 3: david22690 folded on the River
Seat 4: Dorex2007 folded before Flop (didn't bet)
Seat 5: abufirs folded before Flop (didn't bet)
Seat 6: ahamiyatsiz collected ($0.18)
Seat 7: asico21 folded before Flop (didn't bet)
Seat 8: RuS PoKeR69 (button) folded before Flop (didn't bet)
Seat 9: nikki565 (small blind) folded before Flop



PokerStars Hand #233192185858:  Hold'em No Limit ($0.01/$0.02 USD) - 2022/01/16 8:57:13 PT [2022/01/16 11:57:13 ET]
Table 'Thessalia' 9-max Seat #9 is the button
Seat 1: pokerIman27 ($1.86 in chips) 
Seat 2: Cem1955 ($1.83 in chips) 
Seat 3: david22690 ($0.69 in chips) 
Seat 4: Dorex2007 ($2.43 in chips) 
Seat 5: abufirs ($2.08 in chips) 
Seat 6: ahamiyatsiz ($1.54 in chips) 
Seat 7: asico21 ($1.42 in chips) 
Seat 8: RuS PoKeR69 ($0.73 in chips) 
Seat 9: nikki565 ($0.89 in chips) 
pokerIman27: posts small blind $0.01
Cem1955: posts big blind $0.02
*** HOLE CARDS ***
Dealt to Dorex2007 [9s Jc]
david22690: calls $0.02
Dorex2007: folds 
abufirs: calls $0.02
ahamiyatsiz: folds 
asico21: folds 
RuS PoKeR69: folds 
nikki565: folds 
pokerIman27: folds 
Cem1955: checks 
*** FLOP *** [Ts 5c 2s]
Cem1955: checks 
david22690: checks 
abufirs: checks 
*** TURN *** [Ts 5c 2s] [8c]
Cem1955: checks 
david22690: bets $0.04
abufirs: folds 
Cem1955: folds 
Uncalled bet ($0.04) returned to david22690
david22690 collected $0.07 from pot
david22690: doesn't show hand 
*** SUMMARY ***
Total pot $0.07 | Rake $0 
Board [Ts 5c 2s 8c]
Seat 1: pokerIman27 (small blind) folded before Flop
Seat 2: Cem1955 (big blind) folded on the Turn
Seat 3: david22690 collected ($0.07)
Seat 4: Dorex2007 folded before Flop (didn't bet)
Seat 5: abufirs folded on the Turn
Seat 6: ahamiyatsiz folded before Flop (didn't bet)
Seat 7: asico21 folded before Flop (didn't bet)
Seat 8: RuS PoKeR69 folded before Flop (didn't bet)
Seat 9: nikki565 (button) folded before Flop (didn't bet)



PokerStars Hand #233192245960:  Hold'em No Limit ($0.01/$0.02 USD) - 2022/01/16 8:59:37 PT [2022/01/16 11:59:37 ET]
Table 'Thessalia' 9-max Seat #5 is the button
Seat 1: pokerIman27 ($1.85 in chips) 
Seat 2: Cem1955 ($1.66 in chips) 
Seat 3: david22690 ($0.71 in chips) 
Seat 4: Dorex2007 ($2.43 in chips) 
Seat 5: abufirs ($2.38 in chips) 
Seat 7: asico21 ($1.40 in chips) 
Seat 8: RuS PoKeR69 ($0.59 in chips) 
Seat 9: nikki565 ($0.89 in chips) 
asico21: posts small blind $0.01
RuS PoKeR69: posts big blind $0.02
Dorex2007: posts small & big blinds $0.03
*** HOLE CARDS ***
Dealt to Dorex2007 [Ac 9h]
nikki565: folds 
pokerIman27: folds 
Cem1955: folds 
david22690: folds 
Dorex2007: checks 
abufirs: calls $0.02
asico21: folds 
RuS PoKeR69: checks 
*** FLOP *** [2s 6h 9d]
RuS PoKeR69: checks 
Dorex2007: bets $0.08
abufirs: calls $0.08
RuS PoKeR69: folds 
*** TURN *** [2s 6h 9d] [Qs]
Dorex2007: checks 
abufirs: bets $0.12
Dorex2007: calls $0.12
*** RIVER *** [2s 6h 9d Qs] [3d]
Dorex2007: bets $0.23
abufirs: calls $0.23
*** SHOW DOWN ***
Dorex2007: shows [Ac 9h] (a pair of Nines)
abufirs: shows [6d 2d] (two pair, Sixes and Deuces)
abufirs collected $0.91 from pot
*** SUMMARY ***
Total pot $0.94 | Rake $0.03 
Board [2s 6h 9d Qs 3d]
Seat 1: pokerIman27 folded before Flop (didn't bet)
Seat 2: Cem1955 folded before Flop (didn't bet)
Seat 3: david22690 folded before Flop (didn't bet)
Seat 4: Dorex2007 showed [Ac 9h] and lost with a pair of Nines
Seat 5: abufirs (button) showed [6d 2d] and won ($0.91) with two pair, Sixes and Deuces
Seat 7: asico21 (small blind) folded before Flop
Seat 8: RuS PoKeR69 (big blind) folded on the Flop
Seat 9: nikki565 folded before Flop (didn't bet)



PokerStars Hand #233192272714:  Hold'em No Limit ($0.01/$0.02 USD) - 2022/01/16 9:00:36 PT [2022/01/16 12:00:36 ET]
Table 'Thessalia' 9-max Seat #7 is the button
Seat 1: pokerIman27 ($1.85 in chips) 
Seat 2: Cem1955 ($1.66 in chips) 
Seat 3: david22690 ($0.71 in chips) 
Seat 4: Dorex2007 ($2 in chips) 
Seat 5: abufirs ($2.84 in chips) 
Seat 6: Zmey-KKAAA ($1.45 in chips) 
Seat 7: asico21 ($1.39 in chips) 
Seat 8: RuS PoKeR69 ($0.57 in chips) 
Seat 9: nikki565 ($0.89 in chips) 
RuS PoKeR69: posts small blind $0.01
nikki565: posts big blind $0.02
Zmey-KKAAA: posts big blind $0.02
*** HOLE CARDS ***
Dealt to Dorex2007 [2d Qh]
pokerIman27: folds 
Cem1955: folds 
david22690: raises $0.06 to $0.08
Dorex2007: folds 
abufirs: folds 
pokerIman27 leaves the table
Zmey-KKAAA: folds 
asico21: folds 
RuS PoKeR69: raises $0.08 to $0.16
nikki565: folds 
david22690: folds 
Uncalled bet ($0.08) returned to RuS PoKeR69
RuS PoKeR69 collected $0.20 from pot
RuS PoKeR69: doesn't show hand 
*** SUMMARY ***
Total pot $0.20 | Rake $0 
Seat 1: pokerIman27 folded before Flop (didn't bet)
Seat 2: Cem1955 folded before Flop (didn't bet)
Seat 3: david22690 folded before Flop
Seat 4: Dorex2007 folded before Flop (didn't bet)
Seat 5: abufirs folded before Flop (didn't bet)
Seat 6: Zmey-KKAAA folded before Flop (didn't bet)
Seat 7: asico21 (button) folded before Flop (didn't bet)
Seat 8: RuS PoKeR69 (small blind) collected ($0.20)
Seat 9: nikki565 (big blind) folded before Flop



PokerStars Hand #233192296560:  Hold'em No Limit ($0.01/$0.02 USD) - 2022/01/16 9:01:11 PT [2022/01/16 12:01:11 ET]
Table 'Thessalia' 9-max Seat #8 is the button
Seat 2: Cem1955 ($1.66 in chips) 
Seat 3: david22690 ($0.63 in chips) 
Seat 4: Dorex2007 ($2 in chips) 
Seat 5: abufirs ($2.84 in chips) 
Seat 6: Zmey-KKAAA ($1.43 in chips) 
Seat 7: asico21 ($1.39 in chips) 
Seat 8: RuS PoKeR69 ($0.69 in chips) 
Seat 9: nikki565 ($0.87 in chips) 
hamster64 joins the table at seat #1 
nikki565: posts small blind $0.01
Cem1955: posts big blind $0.02
*** HOLE CARDS ***
Dealt to Dorex2007 [3c 8s]
david22690: folds 
Dorex2007 said, "You won!  How uncommon :)"
Dorex2007: folds 
abufirs: raises $0.06 to $0.08
Zmey-KKAAA: calls $0.08
asico21: folds 
RuS PoKeR69: folds 
nikki565: folds 
Cem1955: folds 
*** FLOP *** [9c 4h 7d]
abufirs: bets $0.18
Zmey-KKAAA: folds 
Uncalled bet ($0.18) returned to abufirs
abufirs collected $0.18 from pot
abufirs: doesn't show hand 
*** SUMMARY ***
Total pot $0.19 | Rake $0.01 
Board [9c 4h 7d]
Seat 2: Cem1955 (big blind) folded before Flop
Seat 3: david22690 folded before Flop (didn't bet)
Seat 4: Dorex2007 folded before Flop (didn't bet)
Seat 5: abufirs collected ($0.18)
Seat 6: Zmey-KKAAA folded on the Flop
Seat 7: asico21 folded before Flop (didn't bet)
Seat 8: RuS PoKeR69 (button) folded before Flop (didn't bet)
Seat 9: nikki565 (small blind) folded before Flop



PokerStars Hand #233192312178:  Hold'em No Limit ($0.01/$0.02 USD) - 2022/01/16 9:01:39 PT [2022/01/16 12:01:39 ET]
Table 'Thessalia' 9-max Seat #9 is the button
Seat 2: Cem1955 ($1.64 in chips) 
Seat 3: david22690 ($0.63 in chips) 
Seat 4: Dorex2007 ($2 in chips) 
Seat 5: abufirs ($2.94 in chips) 
Seat 6: Zmey-KKAAA ($1.35 in chips) 
Seat 7: asico21 ($1.39 in chips) 
Seat 8: RuS PoKeR69 ($0.69 in chips) 
Seat 9: nikki565 ($0.86 in chips) 
Cem1955: posts small blind $0.01
david22690: posts big blind $0.02
*** HOLE CARDS ***
Dealt to Dorex2007 [5d 8d]
Dorex2007: folds 
abufirs: folds 
Zmey-KKAAA: folds 
Zmey-KKAAA leaves the table
asico21: raises $0.02 to $0.04
RuS PoKeR69: folds 
nikki565: calls $0.04
ALEXB1000 joins the table at seat #6 
Cem1955: calls $0.03
david22690: raises $0.16 to $0.20
asico21: calls $0.16
nikki565: folds 
Cem1955: folds 
*** FLOP *** [Kd Td Qh]
david22690: bets $0.43 and is all-in
asico21: calls $0.43
*** TURN *** [Kd Td Qh] [6h]
*** RIVER *** [Kd Td Qh 6h] [Jd]
*** SHOW DOWN ***
david22690: shows [3h Jh] (a pair of Jacks)
asico21: shows [Kc Qd] (two pair, Kings and Queens)
asico21 collected $1.29 from pot
david22690 cashed out the hand for $0.38
*** SUMMARY ***
Total pot $1.34 | Rake $0.05 
Board [Kd Td Qh 6h Jd]
Seat 2: Cem1955 (small blind) folded before Flop
Seat 3: david22690 (big blind) showed [3h Jh] and lost with a pair of Jacks (cashed out).
Seat 4: Dorex2007 folded before Flop (didn't bet)
Seat 5: abufirs folded before Flop (didn't bet)
Seat 6: Zmey-KKAAA folded before Flop (didn't bet)
Seat 7: asico21 showed [Kc Qd] and won ($1.29) with two pair, Kings and Queens
Seat 8: RuS PoKeR69 folded before Flop (didn't bet)
Seat 9: nikki565 (button) folded before Flop



PokerStars Hand #233192343994:  Hold'em No Limit ($0.01/$0.02 USD) - 2022/01/16 9:02:33 PT [2022/01/16 12:02:33 ET]
Table 'Thessalia' 9-max Seat #2 is the button
Seat 2: Cem1955 ($1.60 in chips) 
Seat 3: david22690 ($0.38 in chips) 
Seat 4: Dorex2007 ($2 in chips) 
Seat 5: abufirs ($2.94 in chips) 
Seat 7: asico21 ($2.05 in chips) 
Seat 8: RuS PoKeR69 ($0.69 in chips) 
Seat 9: nikki565 ($0.82 in chips) 
david22690: posts small blind $0.01
Dorex2007: posts big blind $0.02
ALEXB1000: sits out 
hamster64: sits out 
*** HOLE CARDS ***
Dealt to Dorex2007 [5d 2d]
abufirs: folds 
asico21: folds 
RuS PoKeR69: folds 
nikki565: folds 
Cem1955: calls $0.02
david22690: folds 
Dorex2007: checks 
*** FLOP *** [3c Jd 7c]
david22690 leaves the table
lorrra joins the table at seat #3 
Dorex2007: checks 
Cem1955: checks 
*** TURN *** [3c Jd 7c] [Kd]
Dorex2007: checks 
Cem1955: checks 
*** RIVER *** [3c Jd 7c Kd] [As]
Dorex2007: checks 
Cem1955: checks 
*** SHOW DOWN ***
Dorex2007: shows [5d 2d] (high card Ace)
Cem1955: shows [Th Ad] (a pair of Aces)
Cem1955 collected $0.05 from pot
*** SUMMARY ***
Total pot $0.05 | Rake $0 
Board [3c Jd 7c Kd As]
Seat 2: Cem1955 (button) showed [Th Ad] and won ($0.05) with a pair of Aces
Seat 3: david22690 (small blind) folded before Flop
Seat 4: Dorex2007 (big blind) showed [5d 2d] and lost with high card Ace
Seat 5: abufirs folded before Flop (didn't bet)
Seat 7: asico21 folded before Flop (didn't bet)
Seat 8: RuS PoKeR69 folded before Flop (didn't bet)
Seat 9: nikki565 folded before Flop (didn't bet)



PokerStars Hand #233192388383:  Hold'em No Limit ($0.01/$0.02 USD) - 2022/01/16 9:03:47 PT [2022/01/16 12:03:47 ET]
Table 'Thessalia' 9-max Seat #4 is the button
Seat 2: Cem1955 ($1.63 in chips) 
Seat 3: lorrra ($0.96 in chips) 
Seat 4: Dorex2007 ($2 in chips) 
Seat 5: abufirs ($2.94 in chips) 
Seat 6: ALEXB1000 ($0.80 in chips) 
Seat 7: asico21 ($2.05 in chips) 
Seat 8: RuS PoKeR69 ($0.69 in chips) 
Seat 9: nikki565 ($0.82 in chips) 
abufirs: posts small blind $0.01
ALEXB1000: posts big blind $0.02
hamster64: sits out 
lorrra: posts big blind $0.02
*** HOLE CARDS ***
Dealt to Dorex2007 [Kd Td]
asico21: raises $0.04 to $0.06
RuS PoKeR69: folds 
nikki565: folds 
Cem1955: folds 
lorrra: calls $0.04
Dorex2007: calls $0.06
abufirs: folds 
ALEXB1000: folds 
*** FLOP *** [4c 9h 7s]
asico21: bets $0.16
lorrra: folds 
Dorex2007: folds 
Uncalled bet ($0.16) returned to asico21
asico21 collected $0.20 from pot
*** SUMMARY ***
Total pot $0.21 | Rake $0.01 
Board [4c 9h 7s]
Seat 2: Cem1955 folded before Flop (didn't bet)
Seat 3: lorrra folded on the Flop
Seat 4: Dorex2007 (button) folded on the Flop
Seat 5: abufirs (small blind) folded before Flop
Seat 6: ALEXB1000 (big blind) folded before Flop
Seat 7: asico21 collected ($0.20)
Seat 8: RuS PoKeR69 folded before Flop (didn't bet)
Seat 9: nikki565 folded before Flop (didn't bet)



PokerStars Hand #233192408757:  Hold'em No Limit ($0.01/$0.02 USD) - 2022/01/16 9:04:20 PT [2022/01/16 12:04:20 ET]
Table 'Thessalia' 9-max Seat #5 is the button
Seat 2: Cem1955 ($1.63 in chips) 
Seat 3: lorrra ($0.90 in chips) 
Seat 4: Dorex2007 ($2 in chips) 
Seat 5: abufirs ($2.93 in chips) 
Seat 6: ALEXB1000 ($0.78 in chips) 
Seat 7: asico21 ($2.19 in chips) 
Seat 8: RuS PoKeR69 ($0.69 in chips) 
Seat 9: nikki565 ($0.82 in chips) 
ALEXB1000: posts small blind $0.01
asico21: posts big blind $0.02
hamster64: sits out 
*** HOLE CARDS ***
Dealt to Dorex2007 [2s Ks]
RuS PoKeR69: folds 
nikki565: folds 
Cem1955: folds 
lorrra: folds 
Dorex2007: folds 
abufirs: folds 
ALEXB1000: calls $0.01
asico21: checks 
*** FLOP *** [7h 9c 2c]
ALEXB1000: checks 
asico21: checks 
*** TURN *** [7h 9c 2c] [8c]
ALEXB1000: checks 
asico21: checks 
*** RIVER *** [7h 9c 2c 8c] [9h]
ALEXB1000: checks 
asico21: checks 
*** SHOW DOWN ***
ALEXB1000: shows [4h 5h] (a pair of Nines)
asico21: shows [Th 4d] (a pair of Nines - Ten kicker)
asico21 collected $0.04 from pot
*** SUMMARY ***
Total pot $0.04 | Rake $0 
Board [7h 9c 2c 8c 9h]
Seat 2: Cem1955 folded before Flop (didn't bet)
Seat 3: lorrra folded before Flop (didn't bet)
Seat 4: Dorex2007 folded before Flop (didn't bet)
Seat 5: abufirs (button) folded before Flop (didn't bet)
Seat 6: ALEXB1000 (small blind) showed [4h 5h] and lost with a pair of Nines
Seat 7: asico21 (big blind) showed [Th 4d] and won ($0.04) with a pair of Nines
Seat 8: RuS PoKeR69 folded before Flop (didn't bet)
Seat 9: nikki565 folded before Flop (didn't bet)



PokerStars Hand #233192434932:  Hold'em No Limit ($0.01/$0.02 USD) - 2022/01/16 9:05:03 PT [2022/01/16 12:05:03 ET]
Table 'Thessalia' 9-max Seat #6 is the button
Seat 2: Cem1955 ($1.63 in chips) 
Seat 3: lorrra ($0.90 in chips) 
Seat 4: Dorex2007 ($2 in chips) 
Seat 5: abufirs ($2.93 in chips) 
Seat 6: ALEXB1000 ($0.76 in chips) 
Seat 7: asico21 ($2.21 in chips) 
Seat 8: RuS PoKeR69 ($0.69 in chips) 
Seat 9: nikki565 ($0.82 in chips) 
asico21: posts small blind $0.01
RuS PoKeR69: posts big blind $0.02
hamster64: sits out 
*** HOLE CARDS ***
Dealt to Dorex2007 [Qh 6s]
nikki565: folds 
Cem1955: folds 
lorrra: raises $0.05 to $0.07
Dorex2007: folds 
abufirs: folds 
ALEXB1000: folds 
asico21: calls $0.06
RuS PoKeR69: folds 
*** FLOP *** [Js Qs 7s]
asico21: checks 
lorrra: checks 
*** TURN *** [Js Qs 7s] [2d]
asico21: checks 
lorrra: checks 
*** RIVER *** [Js Qs 7s 2d] [4d]
asico21: bets $0.03
lorrra: calls $0.03
*** SHOW DOWN ***
asico21: shows [3c 3h] (a pair of Threes)
lorrra: shows [Ad Jh] (a pair of Jacks)
lorrra collected $0.21 from pot
*** SUMMARY ***
Total pot $0.22 | Rake $0.01 
Board [Js Qs 7s 2d 4d]
Seat 2: Cem1955 folded before Flop (didn't bet)
Seat 3: lorrra showed [Ad Jh] and won ($0.21) with a pair of Jacks
Seat 4: Dorex2007 folded before Flop (didn't bet)
Seat 5: abufirs folded before Flop (didn't bet)
Seat 6: ALEXB1000 (button) folded before Flop (didn't bet)
Seat 7: asico21 (small blind) showed [3c 3h] and lost with a pair of Threes
Seat 8: RuS PoKeR69 (big blind) folded before Flop
Seat 9: nikki565 folded before Flop (didn't bet)



PokerStars Hand #233192472853:  Hold'em No Limit ($0.01/$0.02 USD) - 2022/01/16 9:06:05 PT [2022/01/16 12:06:05 ET]
Table 'Thessalia' 9-max Seat #7 is the button
Seat 2: Cem1955 ($1.63 in chips) 
Seat 3: lorrra ($1.01 in chips) 
Seat 4: Dorex2007 ($2 in chips) 
Seat 5: abufirs ($2.93 in chips) 
Seat 6: ALEXB1000 ($0.76 in chips) 
Seat 7: asico21 ($2.11 in chips) 
Seat 8: RuS PoKeR69 ($0.67 in chips) 
Seat 9: nikki565 ($0.82 in chips) 
RuS PoKeR69: posts small blind $0.01
nikki565: posts big blind $0.02
hamster64: sits out 
*** HOLE CARDS ***
Dealt to Dorex2007 [Ts 8d]
Cem1955 has timed out
Cem1955: folds 
lorrra: folds 
Dorex2007: folds 
abufirs: folds 
ALEXB1000: folds 
asico21: folds 
RuS PoKeR69: folds 
Uncalled bet ($0.01) returned to nikki565
nikki565 collected $0.02 from pot
nikki565: doesn't show hand 
*** SUMMARY ***
Total pot $0.02 | Rake $0 
Seat 2: Cem1955 folded before Flop (didn't bet)
Seat 3: lorrra folded before Flop (didn't bet)
Seat 4: Dorex2007 folded before Flop (didn't bet)
Seat 5: abufirs folded before Flop (didn't bet)
Seat 6: ALEXB1000 folded before Flop (didn't bet)
Seat 7: asico21 (button) folded before Flop (didn't bet)
Seat 8: RuS PoKeR69 (small blind) folded before Flop
Seat 9: nikki565 (big blind) collected ($0.02)



PokerStars Hand #233192487614:  Hold'em No Limit ($0.01/$0.02 USD) - 2022/01/16 9:06:29 PT [2022/01/16 12:06:29 ET]
Table 'Thessalia' 9-max Seat #8 is the button
Seat 1: hamster64 ($2 in chips) 
Seat 2: Cem1955 ($1.63 in chips) 
Seat 3: lorrra ($1.01 in chips) 
Seat 4: Dorex2007 ($2 in chips) 
Seat 5: abufirs ($2.93 in chips) 
Seat 6: ALEXB1000 ($0.76 in chips) 
Seat 7: asico21 ($2.11 in chips) 
Seat 8: RuS PoKeR69 ($0.66 in chips) 
Seat 9: nikki565 ($0.83 in chips) 
nikki565: posts small blind $0.01
hamster64: posts big blind $0.02
*** HOLE CARDS ***
Dealt to Dorex2007 [9d 5d]
Cem1955: folds 
lorrra: folds 
Dorex2007 has timed out
Dorex2007: folds 
abufirs: calls $0.02
ALEXB1000: folds 
asico21: folds 
RuS PoKeR69: raises $0.02 to $0.04
nikki565: folds 
hamster64: folds 
abufirs: calls $0.02
*** FLOP *** [7s 5c 6c]
abufirs: checks 
RuS PoKeR69: checks 
*** TURN *** [7s 5c 6c] [Qs]
abufirs: checks 
RuS PoKeR69: checks 
*** RIVER *** [7s 5c 6c Qs] [As]
abufirs: bets $0.06
RuS PoKeR69: folds 
Uncalled bet ($0.06) returned to abufirs
abufirs collected $0.11 from pot
abufirs: doesn't show hand 
*** SUMMARY ***
Total pot $0.11 | Rake $0 
Board [7s 5c 6c Qs As]
Seat 1: hamster64 (big blind) folded before Flop
Seat 2: Cem1955 folded before Flop (didn't bet)
Seat 3: lorrra folded before Flop (didn't bet)
Seat 4: Dorex2007 folded before Flop (didn't bet)
Seat 5: abufirs collected ($0.11)
Seat 6: ALEXB1000 folded before Flop (didn't bet)
Seat 7: asico21 folded before Flop (didn't bet)
Seat 8: RuS PoKeR69 (button) folded on the River
Seat 9: nikki565 (small blind) folded before Flop



PokerStars Hand #233192518601:  Hold'em No Limit ($0.01/$0.02 USD) - 2022/01/16 9:07:20 PT [2022/01/16 12:07:20 ET]
Table 'Thessalia' 9-max Seat #9 is the button
Seat 1: hamster64 ($1.98 in chips) 
Seat 2: Cem1955 ($1.63 in chips) 
Seat 3: lorrra ($1.01 in chips) 
Seat 4: Dorex2007 ($2 in chips) 
Seat 5: abufirs ($3 in chips) 
Seat 6: ALEXB1000 ($0.76 in chips) 
Seat 7: asico21 ($2.11 in chips) 
Seat 8: RuS PoKeR69 ($0.62 in chips) 
Seat 9: nikki565 ($0.82 in chips) 
hamster64: posts small blind $0.01
Cem1955: posts big blind $0.02
*** HOLE CARDS ***
Dealt to Dorex2007 [Qh 7h]
lorrra: calls $0.02
Dorex2007: folds 
abufirs: folds 
ALEXB1000: calls $0.02
asico21: folds 
RuS PoKeR69: folds 
nikki565: folds 
hamster64: calls $0.01
Cem1955: checks 
*** FLOP *** [4h 2c 5d]
hamster64: bets $0.02
Cem1955: calls $0.02
lorrra: calls $0.02
ALEXB1000: folds 
*** TURN *** [4h 2c 5d] [Ks]
hamster64: checks 
Cem1955: checks 
lorrra: checks 
*** RIVER *** [4h 2c 5d Ks] [5s]
hamster64: checks 
Cem1955: checks 
lorrra: checks 
*** SHOW DOWN ***
hamster64: shows [7s Jc] (a pair of Fives)
Cem1955: mucks hand 
lorrra: mucks hand 
hamster64 collected $0.14 from pot
*** SUMMARY ***
Total pot $0.14 | Rake $0 
Board [4h 2c 5d Ks 5s]
Seat 1: hamster64 (small blind) showed [7s Jc] and won ($0.14) with a pair of Fives
Seat 2: Cem1955 (big blind) mucked [6h 8s]
Seat 3: lorrra mucked [Th 9c]
Seat 4: Dorex2007 folded before Flop (didn't bet)
Seat 5: abufirs folded before Flop (didn't bet)
Seat 6: ALEXB1000 folded on the Flop
Seat 7: asico21 folded before Flop (didn't bet)
Seat 8: RuS PoKeR69 folded before Flop (didn't bet)
Seat 9: nikki565 (button) folded before Flop (didn't bet)



PokerStars Hand #233192553347:  Hold'em No Limit ($0.01/$0.02 USD) - 2022/01/16 9:08:17 PT [2022/01/16 12:08:17 ET]
Table 'Thessalia' 9-max Seat #1 is the button
Seat 1: hamster64 ($2.08 in chips) 
Seat 2: Cem1955 ($1.59 in chips) 
Seat 3: lorrra ($0.97 in chips) 
Seat 4: Dorex2007 ($2 in chips) 
Seat 5: abufirs ($3 in chips) 
Seat 6: ALEXB1000 ($0.74 in chips) 
Seat 7: asico21 ($2.11 in chips) 
Seat 8: RuS PoKeR69 ($0.62 in chips) 
Seat 9: nikki565 ($0.82 in chips) 
Cem1955: posts small blind $0.01
lorrra: posts big blind $0.02
*** HOLE CARDS ***
Dealt to Dorex2007 [8d 9c]
Dorex2007: folds 
abufirs: folds 
ALEXB1000: calls $0.02
asico21: folds 
RuS PoKeR69: calls $0.02
nikki565: calls $0.02
hamster64: folds 
Cem1955: folds 
lorrra: checks 
*** FLOP *** [As 5c 3h]
lorrra: bets $0.09
asico21 leaves the table
ALEXB1000: folds 
RuS PoKeR69: folds 
nikki565: folds 
Uncalled bet ($0.09) returned to lorrra
lorrra collected $0.09 from pot
*** SUMMARY ***
Total pot $0.09 | Rake $0 
Board [As 5c 3h]
Seat 1: hamster64 (button) folded before Flop (didn't bet)
Seat 2: Cem1955 (small blind) folded before Flop
Seat 3: lorrra (big blind) collected ($0.09)
Seat 4: Dorex2007 folded before Flop (didn't bet)
Seat 5: abufirs folded before Flop (didn't bet)
Seat 6: ALEXB1000 folded on the Flop
Seat 7: asico21 folded before Flop (didn't bet)
Seat 8: RuS PoKeR69 folded on the Flop
Seat 9: nikki565 folded on the Flop



PokerStars Hand #233192573599:  Hold'em No Limit ($0.01/$0.02 USD) - 2022/01/16 9:08:51 PT [2022/01/16 12:08:51 ET]
Table 'Thessalia' 9-max Seat #2 is the button
Seat 1: hamster64 ($2.08 in chips) 
Seat 2: Cem1955 ($1.58 in chips) 
Seat 3: lorrra ($1.04 in chips) 
Seat 4: Dorex2007 ($2 in chips) 
Seat 5: abufirs ($3 in chips) 
Seat 6: ALEXB1000 ($0.72 in chips) 
Seat 8: RuS PoKeR69 ($0.60 in chips) 
Seat 9: nikki565 ($0.80 in chips) 
lorrra: posts small blind $0.01
Dorex2007: posts big blind $0.02
*** HOLE CARDS ***
Dealt to Dorex2007 [Ks Qh]
abufirs: folds 
ALEXB1000: calls $0.02
RuS PoKeR69: folds 
nikki565: folds 
hamster64: folds 
Cem1955: folds 
lorrra: raises $0.02 to $0.04
Dorex2007: calls $0.02
ALEXB1000: calls $0.02
*** FLOP *** [5h Ad Jc]
lorrra: bets $0.04
Dorex2007: calls $0.04
ALEXB1000: calls $0.04
*** TURN *** [5h Ad Jc] [Qd]
KedOne28 joins the table at seat #7 
lorrra: bets $0.06
Dorex2007: calls $0.06
ALEXB1000: folds 
*** RIVER *** [5h Ad Jc Qd] [4c]
lorrra: checks 
Dorex2007: checks 
*** SHOW DOWN ***
lorrra: shows [Kh Kc] (a pair of Kings)
Dorex2007: mucks hand 
lorrra collected $0.35 from pot
*** SUMMARY ***
Total pot $0.36 | Rake $0.01 
Board [5h Ad Jc Qd 4c]
Seat 1: hamster64 folded before Flop (didn't bet)
Seat 2: Cem1955 (button) folded before Flop (didn't bet)
Seat 3: lorrra (small blind) showed [Kh Kc] and won ($0.35) with a pair of Kings
Seat 4: Dorex2007 (big blind) mucked [Ks Qh]
Seat 5: abufirs folded before Flop (didn't bet)
Seat 6: ALEXB1000 folded on the Turn
Seat 8: RuS PoKeR69 folded before Flop (didn't bet)
Seat 9: nikki565 folded before Flop (didn't bet)



PokerStars Hand #233192611891:  Hold'em No Limit ($0.01/$0.02 USD) - 2022/01/16 9:09:53 PT [2022/01/16 12:09:53 ET]
Table 'Thessalia' 9-max Seat #3 is the button
Seat 1: hamster64 ($2.08 in chips) 
Seat 2: Cem1955 ($1.58 in chips) 
Seat 3: lorrra ($1.25 in chips) 
Seat 4: Dorex2007 ($2 in chips) 
Seat 5: abufirs ($3 in chips) 
Seat 6: ALEXB1000 ($0.64 in chips) 
Seat 7: KedOne28 ($2 in chips) 
Seat 8: RuS PoKeR69 ($0.60 in chips) 
Seat 9: nikki565 ($0.80 in chips) 
Dorex2007: posts small blind $0.01
abufirs: posts big blind $0.02
KedOne28: posts big blind $0.02
*** HOLE CARDS ***
Dealt to Dorex2007 [6h 8d]
ALEXB1000: folds 
KedOne28: raises $0.02 to $0.04
RuS PoKeR69: folds 
nikki565: folds 
hamster64: folds 
Cem1955: folds 
lorrra: folds 
Dorex2007: folds 
abufirs: raises $0.06 to $0.10
KedOne28: calls $0.06
*** FLOP *** [2s Th 4d]
abufirs: checks 
KedOne28: checks 
*** TURN *** [2s Th 4d] [9d]
abufirs: bets $0.12
KedOne28: folds 
Uncalled bet ($0.12) returned to abufirs
abufirs collected $0.20 from pot
abufirs: doesn't show hand 
*** SUMMARY ***
Total pot $0.21 | Rake $0.01 
Board [2s Th 4d 9d]
Seat 1: hamster64 folded before Flop (didn't bet)
Seat 2: Cem1955 folded before Flop (didn't bet)
Seat 3: lorrra (button) folded before Flop (didn't bet)
Seat 4: Dorex2007 (small blind) folded before Flop
Seat 5: abufirs (big blind) collected ($0.20)
Seat 6: ALEXB1000 folded before Flop (didn't bet)
Seat 7: KedOne28 folded on the Turn
Seat 8: RuS PoKeR69 folded before Flop (didn't bet)
Seat 9: nikki565 folded before Flop (didn't bet)



PokerStars Hand #233192635330:  Hold'em No Limit ($0.01/$0.02 USD) - 2022/01/16 9:10:32 PT [2022/01/16 12:10:32 ET]
Table 'Thessalia' 9-max Seat #4 is the button
Seat 1: hamster64 ($2.08 in chips) 
Seat 2: Cem1955 ($1.58 in chips) 
Seat 3: lorrra ($1.25 in chips) 
Seat 4: Dorex2007 ($2 in chips) 
Seat 5: abufirs ($3.10 in chips) 
Seat 6: ALEXB1000 ($0.64 in chips) 
Seat 7: KedOne28 ($1.90 in chips) 
Seat 8: RuS PoKeR69 ($0.60 in chips) 
Seat 9: nikki565 ($0.80 in chips) 
abufirs: posts small blind $0.01
ALEXB1000: posts big blind $0.02
*** HOLE CARDS ***
Dealt to Dorex2007 [9s Th]
KedOne28: calls $0.02
RuS PoKeR69: folds 
nikki565: folds 
hamster64: folds 
Cem1955: folds 
lorrra: raises $0.04 to $0.06
Dorex2007: folds 
abufirs: folds 
ALEXB1000: folds 
KedOne28: calls $0.04
*** FLOP *** [8s 7h 6s]
KedOne28: checks 
lorrra: checks 
*** TURN *** [8s 7h 6s] [6d]
KedOne28: checks 
lorrra: bets $0.14
KedOne28: folds 
Uncalled bet ($0.14) returned to lorrra
lorrra collected $0.14 from pot
*** SUMMARY ***
Total pot $0.15 | Rake $0.01 
Board [8s 7h 6s 6d]
Seat 1: hamster64 folded before Flop (didn't bet)
Seat 2: Cem1955 folded before Flop (didn't bet)
Seat 3: lorrra collected ($0.14)
Seat 4: Dorex2007 (button) folded before Flop (didn't bet)
Seat 5: abufirs (small blind) folded before Flop
Seat 6: ALEXB1000 (big blind) folded before Flop
Seat 7: KedOne28 folded on the Turn
Seat 8: RuS PoKeR69 folded before Flop (didn't bet)
Seat 9: nikki565 folded before Flop (didn't bet)



PokerStars Hand #233192670502:  Hold'em No Limit ($0.01/$0.02 USD) - 2022/01/16 9:11:30 PT [2022/01/16 12:11:30 ET]
Table 'Thessalia' 9-max Seat #5 is the button
Seat 1: hamster64 ($2.08 in chips) 
Seat 2: Cem1955 ($1.58 in chips) 
Seat 3: lorrra ($1.33 in chips) 
Seat 4: Dorex2007 ($2 in chips) 
Seat 5: abufirs ($3.09 in chips) 
Seat 6: ALEXB1000 ($0.62 in chips) 
Seat 7: KedOne28 ($1.84 in chips) 
Seat 8: RuS PoKeR69 ($0.60 in chips) 
Seat 9: nikki565 ($0.80 in chips) 
ALEXB1000: posts small blind $0.01
KedOne28: posts big blind $0.02
*** HOLE CARDS ***
Dealt to Dorex2007 [4c 5h]
RuS PoKeR69: folds 
nikki565: folds 
hamster64: raises $0.02 to $0.04
Cem1955: folds 
lorrra: folds 
Dorex2007: folds 
abufirs: folds 
ALEXB1000: calls $0.03
KedOne28: calls $0.02
*** FLOP *** [Tc 8c 3h]
ALEXB1000: checks 
KedOne28: bets $0.40
hamster64: folds 
ALEXB1000: folds 
Uncalled bet ($0.40) returned to KedOne28
KedOne28 collected $0.12 from pot
KedOne28: doesn't show hand 
*** SUMMARY ***
Total pot $0.12 | Rake $0 
Board [Tc 8c 3h]
Seat 1: hamster64 folded on the Flop
Seat 2: Cem1955 folded before Flop (didn't bet)
Seat 3: lorrra folded before Flop (didn't bet)
Seat 4: Dorex2007 folded before Flop (didn't bet)
Seat 5: abufirs (button) folded before Flop (didn't bet)
Seat 6: ALEXB1000 (small blind) folded on the Flop
Seat 7: KedOne28 (big blind) collected ($0.12)
Seat 8: RuS PoKeR69 folded before Flop (didn't bet)
Seat 9: nikki565 folded before Flop (didn't bet)



PokerStars Hand #233192688348:  Hold'em No Limit ($0.01/$0.02 USD) - 2022/01/16 9:12:00 PT [2022/01/16 12:12:00 ET]
Table 'Thessalia' 9-max Seat #6 is the button
Seat 1: hamster64 ($2.04 in chips) 
Seat 2: Cem1955 ($1.58 in chips) 
Seat 3: lorrra ($1.33 in chips) 
Seat 4: Dorex2007 ($2 in chips) 
Seat 5: abufirs ($3.09 in chips) 
Seat 6: ALEXB1000 ($0.58 in chips) 
Seat 7: KedOne28 ($1.92 in chips) 
Seat 8: RuS PoKeR69 ($0.60 in chips) 
Seat 9: nikki565 ($0.80 in chips) 
KedOne28: posts small blind $0.01
RuS PoKeR69: posts big blind $0.02
*** HOLE CARDS ***
Dealt to Dorex2007 [8d 4s]
nikki565: folds 
hamster64: folds 
Cem1955: folds 
lorrra: folds 
Dorex2007: folds 
abufirs: calls $0.02
ALEXB1000: folds 
KedOne28: calls $0.01
RuS PoKeR69: checks 
*** FLOP *** [7h 7d Ad]
KedOne28: bets $0.50
RuS PoKeR69: folds 
abufirs: folds 
Uncalled bet ($0.50) returned to KedOne28
KedOne28 collected $0.06 from pot
KedOne28: doesn't show hand 
*** SUMMARY ***
Total pot $0.06 | Rake $0 
Board [7h 7d Ad]
Seat 1: hamster64 folded before Flop (didn't bet)
Seat 2: Cem1955 folded before Flop (didn't bet)
Seat 3: lorrra folded before Flop (didn't bet)
Seat 4: Dorex2007 folded before Flop (didn't bet)
Seat 5: abufirs folded on the Flop
Seat 6: ALEXB1000 (button) folded before Flop (didn't bet)
Seat 7: KedOne28 (small blind) collected ($0.06)
Seat 8: RuS PoKeR69 (big blind) folded on the Flop
Seat 9: nikki565 folded before Flop (didn't bet)



PokerStars Hand #233192710566:  Hold'em No Limit ($0.01/$0.02 USD) - 2022/01/16 9:12:37 PT [2022/01/16 12:12:37 ET]
Table 'Thessalia' 9-max Seat #7 is the button
Seat 1: hamster64 ($2.04 in chips) 
Seat 2: Cem1955 ($1.58 in chips) 
Seat 3: lorrra ($1.33 in chips) 
Seat 4: Dorex2007 ($2 in chips) 
Seat 5: abufirs ($3.07 in chips) 
Seat 6: ALEXB1000 ($0.58 in chips) 
Seat 7: KedOne28 ($1.96 in chips) 
Seat 8: RuS PoKeR69 ($0.58 in chips) 
Seat 9: nikki565 ($0.80 in chips) 
RuS PoKeR69: posts small blind $0.01
nikki565: posts big blind $0.02
*** HOLE CARDS ***
Dealt to Dorex2007 [4h Jd]
hamster64: folds 
Cem1955: folds 
lorrra: calls $0.02
Dorex2007: folds 
abufirs: raises $0.08 to $0.10
ALEXB1000: folds 
KedOne28 has timed out
KedOne28: folds 
RuS PoKeR69: folds 
nikki565: folds 
lorrra: calls $0.08
*** FLOP *** [Tc Ts 3d]
lorrra: checks 
abufirs: bets $0.12
hamster64 leaves the table
lorrra: folds 
Uncalled bet ($0.12) returned to abufirs
abufirs collected $0.22 from pot
abufirs: doesn't show hand 
*** SUMMARY ***
Total pot $0.23 | Rake $0.01 
Board [Tc Ts 3d]
Seat 1: hamster64 folded before Flop (didn't bet)
Seat 2: Cem1955 folded before Flop (didn't bet)
Seat 3: lorrra folded on the Flop
Seat 4: Dorex2007 folded before Flop (didn't bet)
Seat 5: abufirs collected ($0.22)
Seat 6: ALEXB1000 folded before Flop (didn't bet)
Seat 7: KedOne28 (button) folded before Flop (didn't bet)
Seat 8: RuS PoKeR69 (small blind) folded before Flop
Seat 9: nikki565 (big blind) folded before Flop



PokerStars Hand #233192741325:  Hold'em No Limit ($0.01/$0.02 USD) - 2022/01/16 9:13:27 PT [2022/01/16 12:13:27 ET]
Table 'Thessalia' 9-max Seat #8 is the button
Seat 2: Cem1955 ($1.58 in chips) 
Seat 3: lorrra ($1.23 in chips) 
Seat 4: Dorex2007 ($2 in chips) 
Seat 5: abufirs ($3.19 in chips) 
Seat 6: ALEXB1000 ($0.58 in chips) 
Seat 8: RuS PoKeR69 ($0.57 in chips) 
Seat 9: nikki565 ($0.78 in chips) 
nikki565: posts small blind $0.01
Cem1955: posts big blind $0.02
*** HOLE CARDS ***
Dealt to Dorex2007 [6s Kh]
lorrra: raises $0.02 to $0.04
Dorex2007: folds 
abufirs: calls $0.04
ALEXB1000: folds 
RuS PoKeR69: folds 
nikki565: folds 
Cem1955: folds 
*** FLOP *** [9s 4c 5h]
CrookedBadge joins the table at seat #1 
lorrra: bets $0.11
abufirs: calls $0.11
*** TURN *** [9s 4c 5h] [Qc]
lorrra: bets $0.06
abufirs: raises $0.06 to $0.12
lorrra: calls $0.06
*** RIVER *** [9s 4c 5h Qc] [Ah]
lorrra: checks 
abufirs: bets $0.28
lorrra: folds 
Uncalled bet ($0.28) returned to abufirs
abufirs collected $0.55 from pot
abufirs: doesn't show hand 
*** SUMMARY ***
Total pot $0.57 | Rake $0.02 
Board [9s 4c 5h Qc Ah]
Seat 2: Cem1955 (big blind) folded before Flop
Seat 3: lorrra folded on the River
Seat 4: Dorex2007 folded before Flop (didn't bet)
Seat 5: abufirs collected ($0.55)
Seat 6: ALEXB1000 folded before Flop (didn't bet)
Seat 8: RuS PoKeR69 (button) folded before Flop (didn't bet)
Seat 9: nikki565 (small blind) folded before Flop



PokerStars Hand #233192779242:  Hold'em No Limit ($0.01/$0.02 USD) - 2022/01/16 9:14:30 PT [2022/01/16 12:14:30 ET]
Table 'Thessalia' 9-max Seat #9 is the button
Seat 2: Cem1955 ($1.56 in chips) 
Seat 3: lorrra ($0.96 in chips) 
Seat 4: Dorex2007 ($2 in chips) 
Seat 5: abufirs ($3.47 in chips) 
Seat 6: ALEXB1000 ($0.58 in chips) 
Seat 7: KedOne28 ($1.96 in chips) 
Seat 8: RuS PoKeR69 ($0.57 in chips) 
Seat 9: nikki565 ($0.77 in chips) 
Cem1955: posts small blind $0.01
lorrra: posts big blind $0.02
*** HOLE CARDS ***
Dealt to Dorex2007 [6c Tc]
Dorex2007: folds 
abufirs: folds 
ALEXB1000: folds 
KedOne28: calls $0.02
RuS PoKeR69: folds 
nikki565: folds 
Cem1955: folds 
lorrra: raises $0.04 to $0.06
KedOne28: raises $0.04 to $0.10
lorrra: raises $0.21 to $0.31
KedOne28: raises $0.21 to $0.52
lorrra: calls $0.21
*** FLOP *** [Qs Jc 6s]
lorrra: bets $0.44 and is all-in
KedOne28: folds 
Uncalled bet ($0.44) returned to lorrra
lorrra collected $1.01 from pot
*** SUMMARY ***
Total pot $1.05 | Rake $0.04 
Board [Qs Jc 6s]
Seat 2: Cem1955 (small blind) folded before Flop
Seat 3: lorrra (big blind) collected ($1.01)
Seat 4: Dorex2007 folded before Flop (didn't bet)
Seat 5: abufirs folded before Flop (didn't bet)
Seat 6: ALEXB1000 folded before Flop (didn't bet)
Seat 7: KedOne28 folded on the Flop
Seat 8: RuS PoKeR69 folded before Flop (didn't bet)
Seat 9: nikki565 (button) folded before Flop (didn't bet)



PokerStars Hand #233192806847:  Hold'em No Limit ($0.01/$0.02 USD) - 2022/01/16 9:15:14 PT [2022/01/16 12:15:14 ET]
Table 'Thessalia' 9-max Seat #2 is the button
Seat 2: Cem1955 ($1.55 in chips) 
Seat 3: lorrra ($1.45 in chips) 
Seat 4: Dorex2007 ($2 in chips) 
Seat 5: abufirs ($3.47 in chips) 
Seat 6: ALEXB1000 ($0.58 in chips) 
Seat 7: KedOne28 ($1.44 in chips) 
Seat 8: RuS PoKeR69 ($0.57 in chips) 
Seat 9: nikki565 ($0.77 in chips) 
lorrra: posts small blind $0.01
Dorex2007: posts big blind $0.02
CrookedBadge: sits out 
*** HOLE CARDS ***
Dealt to Dorex2007 [7s 9h]
abufirs: folds 
ALEXB1000: folds 
KedOne28: raises $1.42 to $1.44 and is all-in
RuS PoKeR69: folds 
nikki565: folds 
Cem1955: folds 
lorrra: folds 
Dorex2007: folds 
Uncalled bet ($1.42) returned to KedOne28
KedOne28 collected $0.05 from pot
KedOne28: doesn't show hand 
*** SUMMARY ***
Total pot $0.05 | Rake $0 
Seat 2: Cem1955 (button) folded before Flop (didn't bet)
Seat 3: lorrra (small blind) folded before Flop
Seat 4: Dorex2007 (big blind) folded before Flop
Seat 5: abufirs folded before Flop (didn't bet)
Seat 6: ALEXB1000 folded before Flop (didn't bet)
Seat 7: KedOne28 collected ($0.05)
Seat 8: RuS PoKeR69 folded before Flop (didn't bet)
Seat 9: nikki565 folded before Flop (didn't bet)



PokerStars Hand #233192815220:  Hold'em No Limit ($0.01/$0.02 USD) - 2022/01/16 9:15:28 PT [2022/01/16 12:15:28 ET]
Table 'Thessalia' 9-max Seat #3 is the button
Seat 2: Cem1955 ($1.55 in chips) 
Seat 3: lorrra ($1.44 in chips) 
Seat 4: Dorex2007 ($2 in chips) 
Seat 6: ALEXB1000 ($0.58 in chips) 
Seat 7: KedOne28 ($1.47 in chips) 
Seat 8: RuS PoKeR69 ($0.57 in chips) 
Seat 9: nikki565 ($0.77 in chips) 
Dorex2007: posts small blind $0.01
abufirs: is sitting out 
ALEXB1000: posts big blind $0.02
CrookedBadge: sits out 
*** HOLE CARDS ***
Dealt to Dorex2007 [Js Ks]
KedOne28: calls $0.02
RuS PoKeR69: folds 
nikki565: folds 
Cem1955: folds 
lorrra: folds 
Dorex2007: calls $0.01
ALEXB1000: checks 
*** FLOP *** [Qc Jd 7c]
Dorex2007: checks 
ALEXB1000: checks 
KedOne28: checks 
*** TURN *** [Qc Jd 7c] [Kc]
Dorex2007: bets $0.14
ALEXB1000: folds 
KedOne28: calls $0.14
*** RIVER *** [Qc Jd 7c Kc] [Ac]
Dorex2007: checks 
KedOne28: checks 
*** SHOW DOWN ***
Dorex2007: shows [Js Ks] (two pair, Kings and Jacks)
KedOne28: mucks hand 
Dorex2007 collected $0.33 from pot
*** SUMMARY ***
Total pot $0.34 | Rake $0.01 
Board [Qc Jd 7c Kc Ac]
Seat 2: Cem1955 folded before Flop (didn't bet)
Seat 3: lorrra (button) folded before Flop (didn't bet)
Seat 4: Dorex2007 (small blind) showed [Js Ks] and won ($0.33) with two pair, Kings and Jacks
Seat 6: ALEXB1000 (big blind) folded on the Turn
Seat 7: KedOne28 mucked [3s Kd]
Seat 8: RuS PoKeR69 folded before Flop (didn't bet)
Seat 9: nikki565 folded before Flop (didn't bet)



PokerStars Hand #233192843640:  Hold'em No Limit ($0.01/$0.02 USD) - 2022/01/16 9:16:10 PT [2022/01/16 12:16:10 ET]
Table 'Thessalia' 9-max Seat #4 is the button
Seat 2: Cem1955 ($1.55 in chips) 
Seat 3: lorrra ($1.44 in chips) 
Seat 4: Dorex2007 ($2.17 in chips) 
Seat 6: ALEXB1000 ($0.56 in chips) 
Seat 7: KedOne28 ($1.31 in chips) 
Seat 8: RuS PoKeR69 ($0.57 in chips) 
Seat 9: nikki565 ($0.77 in chips) 
ALEXB1000: posts small blind $0.01
KedOne28: posts big blind $0.02
CrookedBadge: sits out 
*** HOLE CARDS ***
Dealt to Dorex2007 [7c Kh]
RuS PoKeR69: folds 
nikki565: folds 
Cem1955: folds 
lorrra: folds 
Dorex2007: folds 
ALEXB1000: calls $0.01
KedOne28: checks 
*** FLOP *** [8c 9c 4c]
ALEXB1000: checks 
KedOne28: checks 
*** TURN *** [8c 9c 4c] [Ah]
ALEXB1000: checks 
KedOne28: checks 
*** RIVER *** [8c 9c 4c Ah] [As]
ALEXB1000: bets $0.02
KedOne28: raises $1.27 to $1.29 and is all-in
ALEXB1000: folds 
Uncalled bet ($1.27) returned to KedOne28
KedOne28 collected $0.08 from pot
KedOne28: doesn't show hand 
*** SUMMARY ***
Total pot $0.08 | Rake $0 
Board [8c 9c 4c Ah As]
Seat 2: Cem1955 folded before Flop (didn't bet)
Seat 3: lorrra folded before Flop (didn't bet)
Seat 4: Dorex2007 (button) folded before Flop (didn't bet)
Seat 6: ALEXB1000 (small blind) folded on the River
Seat 7: KedOne28 (big blind) collected ($0.08)
Seat 8: RuS PoKeR69 folded before Flop (didn't bet)
Seat 9: nikki565 folded before Flop (didn't bet)



PokerStars Hand #233192865093:  Hold'em No Limit ($0.01/$0.02 USD) - 2022/01/16 9:16:45 PT [2022/01/16 12:16:45 ET]
Table 'Thessalia' 9-max Seat #6 is the button
Seat 2: Cem1955 ($1.55 in chips) 
Seat 3: lorrra ($1.44 in chips) 
Seat 4: Dorex2007 ($2.17 in chips) 
Seat 6: ALEXB1000 ($0.52 in chips) 
Seat 7: KedOne28 ($1.35 in chips) 
Seat 8: RuS PoKeR69 ($0.57 in chips) 
Seat 9: nikki565 ($0.77 in chips) 
KedOne28: posts small blind $0.01
RuS PoKeR69: posts big blind $0.02
CrookedBadge: sits out 
*** HOLE CARDS ***
Dealt to Dorex2007 [5d Kd]
nikki565: folds 
Cem1955: folds 
lorrra: calls $0.02
Dorex2007: folds 
ALEXB1000: calls $0.02
KedOne28: calls $0.01
RuS PoKeR69: checks 
*** FLOP *** [5h Qd Qc]
KedOne28: checks 
RuS PoKeR69: checks 
lorrra: checks 
ALEXB1000: checks 
*** TURN *** [5h Qd Qc] [5s]
KedOne28: checks 
RuS PoKeR69: checks 
lorrra: checks 
ALEXB1000: checks 
*** RIVER *** [5h Qd Qc 5s] [6s]
KedOne28: checks 
RuS PoKeR69: checks 
lorrra: checks 
ALEXB1000: bets $0.02
KedOne28: folds 
RuS PoKeR69: folds 
lorrra: folds 
Uncalled bet ($0.02) returned to ALEXB1000
ALEXB1000 collected $0.08 from pot
ALEXB1000: doesn't show hand 
*** SUMMARY ***
Total pot $0.08 | Rake $0 
Board [5h Qd Qc 5s 6s]
Seat 2: Cem1955 folded before Flop (didn't bet)
Seat 3: lorrra folded on the River
Seat 4: Dorex2007 folded before Flop (didn't bet)
Seat 6: ALEXB1000 (button) collected ($0.08)
Seat 7: KedOne28 (small blind) folded on the River
Seat 8: RuS PoKeR69 (big blind) folded on the River
Seat 9: nikki565 folded before Flop (didn't bet)



PokerStars Hand #233192890634:  Hold'em No Limit ($0.01/$0.02 USD) - 2022/01/16 9:17:27 PT [2022/01/16 12:17:27 ET]
Table 'Thessalia' 9-max Seat #7 is the button
Seat 2: Cem1955 ($1.55 in chips) 
Seat 3: lorrra ($1.42 in chips) 
Seat 4: Dorex2007 ($2.17 in chips) 
Seat 6: ALEXB1000 ($0.58 in chips) 
Seat 7: KedOne28 ($1.33 in chips) 
Seat 8: RuS PoKeR69 ($0.55 in chips) 
Seat 9: nikki565 ($0.77 in chips) 
RuS PoKeR69: posts small blind $0.01
nikki565: posts big blind $0.02
CrookedBadge: sits out 
*** HOLE CARDS ***
Dealt to Dorex2007 [Kc 3h]
Cem1955: folds 
lorrra: calls $0.02
Dorex2007: folds 
ALEXB1000: folds 
KedOne28: calls $0.02
RuS PoKeR69: folds 
nikki565: checks 
*** FLOP *** [Jh 8c 3s]
nikki565: checks 
lorrra: checks 
KedOne28: checks 
*** TURN *** [Jh 8c 3s] [7c]
nikki565: checks 
lorrra: checks 
KedOne28: checks 
*** RIVER *** [Jh 8c 3s 7c] [2c]
nikki565: bets $0.10
lorrra: folds 
KedOne28: folds 
Uncalled bet ($0.10) returned to nikki565
nikki565 collected $0.07 from pot
nikki565: doesn't show hand 
*** SUMMARY ***
Total pot $0.07 | Rake $0 
Board [Jh 8c 3s 7c 2c]
Seat 2: Cem1955 folded before Flop (didn't bet)
Seat 3: lorrra folded on the River
Seat 4: Dorex2007 folded before Flop (didn't bet)
Seat 6: ALEXB1000 folded before Flop (didn't bet)
Seat 7: KedOne28 (button) folded on the River
Seat 8: RuS PoKeR69 (small blind) folded before Flop
Seat 9: nikki565 (big blind) collected ($0.07)



PokerStars Hand #233192915756:  Hold'em No Limit ($0.01/$0.02 USD) - 2022/01/16 9:18:08 PT [2022/01/16 12:18:08 ET]
Table 'Thessalia' 9-max Seat #8 is the button
Seat 1: CrookedBadge ($0.99 in chips) 
Seat 2: Cem1955 ($1.55 in chips) 
Seat 3: lorrra ($1.40 in chips) 
Seat 4: Dorex2007 ($2.17 in chips) 
Seat 6: ALEXB1000 ($0.58 in chips) 
Seat 7: KedOne28 ($1.31 in chips) 
Seat 8: RuS PoKeR69 ($0.54 in chips) 
Seat 9: nikki565 ($0.82 in chips) 
nikki565: posts small blind $0.01
CrookedBadge: posts big blind $0.02
*** HOLE CARDS ***
Dealt to Dorex2007 [Jd Ah]
Cem1955: folds 
lorrra: folds 
Dorex2007: raises $0.02 to $0.04
ALEXB1000: folds 
KedOne28: calls $0.04
RuS PoKeR69: folds 
nikki565: folds 
CrookedBadge: folds 
*** FLOP *** [Js Ac 5h]
Dorex2007: checks 
KedOne28: checks 
*** TURN *** [Js Ac 5h] [Ts]
Dorex2007: bets $0.07
KedOne28: folds 
Uncalled bet ($0.07) returned to Dorex2007
Dorex2007 collected $0.11 from pot
Dorex2007: doesn't show hand 
*** SUMMARY ***
Total pot $0.11 | Rake $0 
Board [Js Ac 5h Ts]
Seat 1: CrookedBadge (big blind) folded before Flop
Seat 2: Cem1955 folded before Flop (didn't bet)
Seat 3: lorrra folded before Flop (didn't bet)
Seat 4: Dorex2007 collected ($0.11)
Seat 6: ALEXB1000 folded before Flop (didn't bet)
Seat 7: KedOne28 folded on the Turn
Seat 8: RuS PoKeR69 (button) folded before Flop (didn't bet)
Seat 9: nikki565 (small blind) folded before Flop



PokerStars Hand #233192935418:  Hold'em No Limit ($0.01/$0.02 USD) - 2022/01/16 9:18:40 PT [2022/01/16 12:18:40 ET]
Table 'Thessalia' 9-max Seat #9 is the button
Seat 1: CrookedBadge ($0.97 in chips) 
Seat 2: Cem1955 ($1.55 in chips) 
Seat 3: lorrra ($1.40 in chips) 
Seat 4: Dorex2007 ($2.24 in chips) 
Seat 6: ALEXB1000 ($0.58 in chips) 
Seat 7: KedOne28 ($1.27 in chips) 
Seat 8: RuS PoKeR69 ($0.54 in chips) 
Seat 9: nikki565 ($0.81 in chips) 
CrookedBadge: posts small blind $0.01
Cem1955: posts big blind $0.02
*** HOLE CARDS ***
Dealt to Dorex2007 [Jc 3h]
lorrra: folds 
Dorex2007: folds 
ALEXB1000: folds 
KedOne28: calls $0.02
RuS PoKeR69: folds 
nikki565: folds 
CrookedBadge: folds 
Cem1955: checks 
*** FLOP *** [Kc 6d Tc]
Cem1955: checks 
KedOne28: bets $0.30
Cem1955: folds 
Uncalled bet ($0.30) returned to KedOne28
KedOne28 collected $0.05 from pot
KedOne28: doesn't show hand 
*** SUMMARY ***
Total pot $0.05 | Rake $0 
Board [Kc 6d Tc]
Seat 1: CrookedBadge (small blind) folded before Flop
Seat 2: Cem1955 (big blind) folded on the Flop
Seat 3: lorrra folded before Flop (didn't bet)
Seat 4: Dorex2007 folded before Flop (didn't bet)
Seat 6: ALEXB1000 folded before Flop (didn't bet)
Seat 7: KedOne28 collected ($0.05)
Seat 8: RuS PoKeR69 folded before Flop (didn't bet)
Seat 9: nikki565 (button) folded before Flop (didn't bet)



PokerStars Hand #233192955860:  Hold'em No Limit ($0.01/$0.02 USD) - 2022/01/16 9:19:13 PT [2022/01/16 12:19:13 ET]
Table 'Thessalia' 9-max Seat #1 is the button
Seat 1: CrookedBadge ($0.96 in chips) 
Seat 2: Cem1955 ($1.53 in chips) 
Seat 3: lorrra ($1.40 in chips) 
Seat 4: Dorex2007 ($2.24 in chips) 
Seat 6: ALEXB1000 ($0.58 in chips) 
Seat 7: KedOne28 ($1.30 in chips) 
Seat 8: RuS PoKeR69 ($0.54 in chips) 
Seat 9: nikki565 ($0.81 in chips) 
Cem1955: posts small blind $0.01
lorrra: posts big blind $0.02
*** HOLE CARDS ***
Dealt to Dorex2007 [7h 3c]
Dorex2007: folds 
ALEXB1000: calls $0.02
KedOne28: calls $0.02
RuS PoKeR69: folds 
nikki565: folds 
CrookedBadge: raises $0.08 to $0.10
Cem1955: folds 
lorrra: folds 
ALEXB1000: calls $0.08
KedOne28: calls $0.08
*** FLOP *** [7c 8h 9c]
ALEXB1000: checks 
KedOne28: bets $0.30
CrookedBadge: folds 
ALEXB1000: folds 
Uncalled bet ($0.30) returned to KedOne28
KedOne28 collected $0.32 from pot
KedOne28: doesn't show hand 
*** SUMMARY ***
Total pot $0.33 | Rake $0.01 
Board [7c 8h 9c]
Seat 1: CrookedBadge (button) folded on the Flop
Seat 2: Cem1955 (small blind) folded before Flop
Seat 3: lorrra (big blind) folded before Flop
Seat 4: Dorex2007 folded before Flop (didn't bet)
Seat 6: ALEXB1000 folded on the Flop
Seat 7: KedOne28 collected ($0.32)
Seat 8: RuS PoKeR69 folded before Flop (didn't bet)
Seat 9: nikki565 folded before Flop (didn't bet)



PokerStars Hand #233192988135:  Hold'em No Limit ($0.01/$0.02 USD) - 2022/01/16 9:20:06 PT [2022/01/16 12:20:06 ET]
Table 'Thessalia' 9-max Seat #2 is the button
Seat 1: CrookedBadge ($0.86 in chips) 
Seat 2: Cem1955 ($1.52 in chips) 
Seat 3: lorrra ($1.38 in chips) 
Seat 4: Dorex2007 ($2.24 in chips) 
Seat 6: ALEXB1000 ($0.48 in chips) 
Seat 7: KedOne28 ($1.52 in chips) 
Seat 8: RuS PoKeR69 ($0.54 in chips) 
Seat 9: nikki565 ($0.81 in chips) 
lorrra: posts small blind $0.01
Dorex2007: posts big blind $0.02
*** HOLE CARDS ***
Dealt to Dorex2007 [8h Kd]
ALEXB1000: folds 
KedOne28: calls $0.02
RuS PoKeR69: folds 
nikki565: folds 
CrookedBadge: folds 
Cem1955: folds 
lorrra: calls $0.01
Dorex2007: checks 
*** FLOP *** [4c 9d 4h]
lorrra: bets $0.02
Dorex2007: folds 
KedOne28: calls $0.02
*** TURN *** [4c 9d 4h] [8c]
lorrra: bets $0.02
KedOne28: raises $0.28 to $0.30
lorrra: folds 
Uncalled bet ($0.28) returned to KedOne28
KedOne28 collected $0.14 from pot
KedOne28: doesn't show hand 
*** SUMMARY ***
Total pot $0.14 | Rake $0 
Board [4c 9d 4h 8c]
Seat 1: CrookedBadge folded before Flop (didn't bet)
Seat 2: Cem1955 (button) folded before Flop (didn't bet)
Seat 3: lorrra (small blind) folded on the Turn
Seat 4: Dorex2007 (big blind) folded on the Flop
Seat 6: ALEXB1000 folded before Flop (didn't bet)
Seat 7: KedOne28 collected ($0.14)
Seat 8: RuS PoKeR69 folded before Flop (didn't bet)
Seat 9: nikki565 folded before Flop (didn't bet)



PokerStars Hand #233193018878:  Hold'em No Limit ($0.01/$0.02 USD) - 2022/01/16 9:20:57 PT [2022/01/16 12:20:57 ET]
Table 'Thessalia' 9-max Seat #3 is the button
Seat 1: CrookedBadge ($0.86 in chips) 
Seat 2: Cem1955 ($1.52 in chips) 
Seat 3: lorrra ($1.32 in chips) 
Seat 4: Dorex2007 ($2.22 in chips) 
Seat 6: ALEXB1000 ($0.48 in chips) 
Seat 7: KedOne28 ($1.60 in chips) 
Seat 8: RuS PoKeR69 ($0.54 in chips) 
Seat 9: nikki565 ($0.81 in chips) 
Dorex2007: posts small blind $0.01
ALEXB1000: posts big blind $0.02
*** HOLE CARDS ***
Dealt to Dorex2007 [3d 6h]
KedOne28: raises $0.28 to $0.30
RuS PoKeR69: folds 
nikki565: folds 
CrookedBadge: folds 
Cem1955: folds 
lorrra: calls $0.30
Dorex2007: folds 
ALEXB1000: folds 
*** FLOP *** [As 2s 6s]
KedOne28: checks 
lorrra: checks 
*** TURN *** [As 2s 6s] [6d]
KedOne28: checks 
lorrra: bets $0.31
KedOne28: folds 
Uncalled bet ($0.31) returned to lorrra
lorrra collected $0.61 from pot
*** SUMMARY ***
Total pot $0.63 | Rake $0.02 
Board [As 2s 6s 6d]
Seat 1: CrookedBadge folded before Flop (didn't bet)
Seat 2: Cem1955 folded before Flop (didn't bet)
Seat 3: lorrra (button) collected ($0.61)
Seat 4: Dorex2007 (small blind) folded before Flop
Seat 6: ALEXB1000 (big blind) folded before Flop
Seat 7: KedOne28 folded on the Turn
Seat 8: RuS PoKeR69 folded before Flop (didn't bet)
Seat 9: nikki565 folded before Flop (didn't bet)



PokerStars Hand #233193048841:  Hold'em No Limit ($0.01/$0.02 USD) - 2022/01/16 9:21:46 PT [2022/01/16 12:21:46 ET]
Table 'Thessalia' 9-max Seat #4 is the button
Seat 1: CrookedBadge ($0.86 in chips) 
Seat 2: Cem1955 ($1.52 in chips) 
Seat 3: lorrra ($1.63 in chips) 
Seat 4: Dorex2007 ($2.21 in chips) 
Seat 6: ALEXB1000 ($0.46 in chips) 
Seat 7: KedOne28 ($1.30 in chips) 
Seat 8: RuS PoKeR69 ($0.54 in chips) 
Seat 9: nikki565 ($0.81 in chips) 
ALEXB1000: posts small blind $0.01
KedOne28: posts big blind $0.02
*** HOLE CARDS ***
Dealt to Dorex2007 [Td Ks]
RuS PoKeR69: folds 
nikki565: calls $0.02
CrookedBadge: folds 
Cem1955: folds 
lorrra: calls $0.02
Dorex2007: folds 
ALEXB1000: folds 
KedOne28: checks 
*** FLOP *** [Ac Kd Th]
KedOne28: checks 
nikki565: checks 
lorrra: checks 
*** TURN *** [Ac Kd Th] [2s]
KedOne28: checks 
nikki565: checks 
lorrra: checks 
*** RIVER *** [Ac Kd Th 2s] [2d]
KedOne28: bets $0.50
nikki565: folds 
lorrra: folds 
Uncalled bet ($0.50) returned to KedOne28
KedOne28 collected $0.07 from pot
KedOne28: doesn't show hand 
*** SUMMARY ***
Total pot $0.07 | Rake $0 
Board [Ac Kd Th 2s 2d]
Seat 1: CrookedBadge folded before Flop (didn't bet)
Seat 2: Cem1955 folded before Flop (didn't bet)
Seat 3: lorrra folded on the River
Seat 4: Dorex2007 (button) folded before Flop (didn't bet)
Seat 6: ALEXB1000 (small blind) folded before Flop
Seat 7: KedOne28 (big blind) collected ($0.07)
Seat 8: RuS PoKeR69 folded before Flop (didn't bet)
Seat 9: nikki565 folded on the River



PokerStars Hand #233193074466:  Hold'em No Limit ($0.01/$0.02 USD) - 2022/01/16 9:22:28 PT [2022/01/16 12:22:28 ET]
Table 'Thessalia' 9-max Seat #6 is the button
Seat 1: CrookedBadge ($0.86 in chips) 
Seat 2: Cem1955 ($1.52 in chips) 
Seat 3: lorrra ($1.61 in chips) 
Seat 4: Dorex2007 ($2.21 in chips) 
Seat 6: ALEXB1000 ($0.45 in chips) 
Seat 7: KedOne28 ($1.35 in chips) 
Seat 8: RuS PoKeR69 ($0.54 in chips) 
Seat 9: nikki565 ($0.79 in chips) 
KedOne28: posts small blind $0.01
RuS PoKeR69: posts big blind $0.02
*** HOLE CARDS ***
Dealt to Dorex2007 [6d 4s]
nikki565: folds 
CrookedBadge: raises $0.04 to $0.06
Cem1955: folds 
lorrra: folds 
Dorex2007: folds 
ALEXB1000: folds 
KedOne28: calls $0.05
RuS PoKeR69: folds 
*** FLOP *** [3d Js Kc]
KedOne28: checks 
CrookedBadge: bets $0.10
KedOne28: folds 
Uncalled bet ($0.10) returned to CrookedBadge
CrookedBadge collected $0.14 from pot
CrookedBadge: doesn't show hand 
*** SUMMARY ***
Total pot $0.14 | Rake $0 
Board [3d Js Kc]
Seat 1: CrookedBadge collected ($0.14)
Seat 2: Cem1955 folded before Flop (didn't bet)
Seat 3: lorrra folded before Flop (didn't bet)
Seat 4: Dorex2007 folded before Flop (didn't bet)
Seat 6: ALEXB1000 (button) folded before Flop (didn't bet)
Seat 7: KedOne28 (small blind) folded on the Flop
Seat 8: RuS PoKeR69 (big blind) folded before Flop
Seat 9: nikki565 folded before Flop (didn't bet)



PokerStars Hand #233193095070:  Hold'em No Limit ($0.01/$0.02 USD) - 2022/01/16 9:23:01 PT [2022/01/16 12:23:01 ET]
Table 'Thessalia' 9-max Seat #7 is the button
Seat 1: CrookedBadge ($0.94 in chips) 
Seat 2: Cem1955 ($1.52 in chips) 
Seat 3: lorrra ($1.61 in chips) 
Seat 4: Dorex2007 ($2.21 in chips) 
Seat 6: ALEXB1000 ($0.45 in chips) 
Seat 7: KedOne28 ($1.29 in chips) 
Seat 8: RuS PoKeR69 ($0.52 in chips) 
Seat 9: nikki565 ($0.79 in chips) 
RuS PoKeR69: posts small blind $0.01
nikki565: posts big blind $0.02
*** HOLE CARDS ***
Dealt to Dorex2007 [Td 9s]
CrookedBadge: folds 
Cem1955: folds 
lorrra: folds 
Dorex2007: folds 
ALEXB1000: folds 
KedOne28: folds 
RuS PoKeR69: folds 
Uncalled bet ($0.01) returned to nikki565
nikki565 collected $0.02 from pot
nikki565: doesn't show hand 
*** SUMMARY ***
Total pot $0.02 | Rake $0 
Seat 1: CrookedBadge folded before Flop (didn't bet)
Seat 2: Cem1955 folded before Flop (didn't bet)
Seat 3: lorrra folded before Flop (didn't bet)
Seat 4: Dorex2007 folded before Flop (didn't bet)
Seat 6: ALEXB1000 folded before Flop (didn't bet)
Seat 7: KedOne28 (button) folded before Flop (didn't bet)
Seat 8: RuS PoKeR69 (small blind) folded before Flop
Seat 9: nikki565 (big blind) collected ($0.02)



PokerStars Hand #233193101193:  Hold'em No Limit ($0.01/$0.02 USD) - 2022/01/16 9:23:11 PT [2022/01/16 12:23:11 ET]
Table 'Thessalia' 9-max Seat #8 is the button
Seat 1: CrookedBadge ($0.94 in chips) 
Seat 2: Cem1955 ($1.52 in chips) 
Seat 3: lorrra ($1.61 in chips) 
Seat 4: Dorex2007 ($2.21 in chips) 
Seat 6: ALEXB1000 ($0.45 in chips) 
Seat 7: KedOne28 ($1.29 in chips) 
Seat 8: RuS PoKeR69 ($0.51 in chips) 
Seat 9: nikki565 ($0.80 in chips) 
nikki565: posts small blind $0.01
CrookedBadge: posts big blind $0.02
*** HOLE CARDS ***
Dealt to Dorex2007 [7h 4h]
Cem1955: folds 
lorrra: folds 
Dorex2007: folds 
ALEXB1000: folds 
KedOne28: folds 
KedOne28 leaves the table
RuS PoKeR69: folds 
nikki565: folds 
Uncalled bet ($0.01) returned to CrookedBadge
CrookedBadge collected $0.02 from pot
CrookedBadge: doesn't show hand 
*** SUMMARY ***
Total pot $0.02 | Rake $0 
Seat 1: CrookedBadge (big blind) collected ($0.02)
Seat 2: Cem1955 folded before Flop (didn't bet)
Seat 3: lorrra folded before Flop (didn't bet)
Seat 4: Dorex2007 folded before Flop (didn't bet)
Seat 6: ALEXB1000 folded before Flop (didn't bet)
Seat 7: KedOne28 folded before Flop (didn't bet)
Seat 8: RuS PoKeR69 (button) folded before Flop (didn't bet)
Seat 9: nikki565 (small blind) folded before Flop



PokerStars Hand #233193108636:  Hold'em No Limit ($0.01/$0.02 USD) - 2022/01/16 9:23:23 PT [2022/01/16 12:23:23 ET]
Table 'Thessalia' 9-max Seat #9 is the button
Seat 1: CrookedBadge ($0.95 in chips) 
Seat 2: Cem1955 ($1.52 in chips) 
Seat 3: lorrra ($1.61 in chips) 
Seat 4: Dorex2007 ($2.21 in chips) 
Seat 6: ALEXB1000 ($0.45 in chips) 
Seat 8: RuS PoKeR69 ($0.51 in chips) 
Seat 9: nikki565 ($0.79 in chips) 
CrookedBadge: posts small blind $0.01
Cem1955: posts big blind $0.02
*** HOLE CARDS ***
Dealt to Dorex2007 [Jh 6c]
lorrra: folds 
Dorex2007: folds 
ALEXB1000: folds 
RuS PoKeR69: raises $0.02 to $0.04
nikki565: folds 
CrookedBadge: folds 
yjqian23 joins the table at seat #7 
Cem1955: calls $0.02
*** FLOP *** [4c 7c 5d]
Cem1955: checks 
RuS PoKeR69: checks 
*** TURN *** [4c 7c 5d] [7d]
Cem1955: checks 
RuS PoKeR69: checks 
*** RIVER *** [4c 7c 5d 7d] [3c]
Cem1955: checks 
RuS PoKeR69: checks 
*** SHOW DOWN ***
Cem1955: shows [Js 2s] (a pair of Sevens)
RuS PoKeR69: shows [Jc Qh] (a pair of Sevens - Queen kicker)
RuS PoKeR69 collected $0.09 from pot
*** SUMMARY ***
Total pot $0.09 | Rake $0 
Board [4c 7c 5d 7d 3c]
Seat 1: CrookedBadge (small blind) folded before Flop
Seat 2: Cem1955 (big blind) showed [Js 2s] and lost with a pair of Sevens
Seat 3: lorrra folded before Flop (didn't bet)
Seat 4: Dorex2007 folded before Flop (didn't bet)
Seat 6: ALEXB1000 folded before Flop (didn't bet)
Seat 8: RuS PoKeR69 showed [Jc Qh] and won ($0.09) with a pair of Sevens
Seat 9: nikki565 (button) folded before Flop (didn't bet)



PokerStars Hand #233193125215:  Hold'em No Limit ($0.01/$0.02 USD) - 2022/01/16 9:23:50 PT [2022/01/16 12:23:50 ET]
Table 'Thessalia' 9-max Seat #1 is the button
Seat 1: CrookedBadge ($0.94 in chips) 
Seat 2: Cem1955 ($1.48 in chips) 
Seat 3: lorrra ($1.61 in chips) 
Seat 4: Dorex2007 ($2.21 in chips) 
Seat 6: ALEXB1000 ($0.45 in chips) 
Seat 8: RuS PoKeR69 ($0.56 in chips) 
Seat 9: nikki565 ($0.79 in chips) 
Cem1955: posts small blind $0.01
lorrra: posts big blind $0.02
yjqian23: sits out 
*** HOLE CARDS ***
Dealt to Dorex2007 [Td 4d]
Dorex2007: folds 
ALEXB1000: calls $0.02
RuS PoKeR69: folds 
nikki565: calls $0.02
CrookedBadge: folds 
Cem1955: calls $0.01
lorrra: checks 
*** FLOP *** [5h Qc 5c]
Cem1955: checks 
lorrra: checks 
ALEXB1000: checks 
nikki565: checks 
*** TURN *** [5h Qc 5c] [Th]
Cem1955: checks 
lorrra: checks 
ALEXB1000: checks 
nikki565: bets $0.04
Cem1955: folds 
lorrra: folds 
ALEXB1000: folds 
Uncalled bet ($0.04) returned to nikki565
nikki565 collected $0.08 from pot
nikki565: doesn't show hand 
*** SUMMARY ***
Total pot $0.08 | Rake $0 
Board [5h Qc 5c Th]
Seat 1: CrookedBadge (button) folded before Flop (didn't bet)
Seat 2: Cem1955 (small blind) folded on the Turn
Seat 3: lorrra (big blind) folded on the Turn
Seat 4: Dorex2007 folded before Flop (didn't bet)
Seat 6: ALEXB1000 folded on the Turn
Seat 8: RuS PoKeR69 folded before Flop (didn't bet)
Seat 9: nikki565 collected ($0.08)



PokerStars Hand #233193148512:  Hold'em No Limit ($0.01/$0.02 USD) - 2022/01/16 9:24:28 PT [2022/01/16 12:24:28 ET]
Table 'Thessalia' 9-max Seat #2 is the button
Seat 1: CrookedBadge ($0.94 in chips) 
Seat 2: Cem1955 ($1.46 in chips) 
Seat 3: lorrra ($1.59 in chips) 
Seat 4: Dorex2007 ($2.21 in chips) 
Seat 6: ALEXB1000 ($0.43 in chips) 
Seat 8: RuS PoKeR69 ($0.56 in chips) 
Seat 9: nikki565 ($0.85 in chips) 
lorrra: posts small blind $0.01
Dorex2007: posts big blind $0.02
yjqian23: sits out 
*** HOLE CARDS ***
Dealt to Dorex2007 [8c 4d]
ALEXB1000: folds 
RuS PoKeR69: folds 
nikki565: folds 
CrookedBadge: folds 
Cem1955: folds 
lorrra: raises $0.02 to $0.04
Dorex2007: folds 
Uncalled bet ($0.02) returned to lorrra
lorrra collected $0.04 from pot
*** SUMMARY ***
Total pot $0.04 | Rake $0 
Seat 1: CrookedBadge folded before Flop (didn't bet)
Seat 2: Cem1955 (button) folded before Flop (didn't bet)
Seat 3: lorrra (small blind) collected ($0.04)
Seat 4: Dorex2007 (big blind) folded before Flop
Seat 6: ALEXB1000 folded before Flop (didn't bet)
Seat 8: RuS PoKeR69 folded before Flop (didn't bet)
Seat 9: nikki565 folded before Flop (didn't bet)



PokerStars Hand #233193156048:  Hold'em No Limit ($0.01/$0.02 USD) - 2022/01/16 9:24:41 PT [2022/01/16 12:24:41 ET]
Table 'Thessalia' 9-max Seat #3 is the button
Seat 1: CrookedBadge ($0.94 in chips) 
Seat 2: Cem1955 ($1.46 in chips) 
Seat 3: lorrra ($1.61 in chips) 
Seat 4: Dorex2007 ($2.19 in chips) 
Seat 6: ALEXB1000 ($0.43 in chips) 
Seat 8: RuS PoKeR69 ($0.56 in chips) 
Seat 9: nikki565 ($0.85 in chips) 
Dorex2007: posts small blind $0.01
ALEXB1000: posts big blind $0.02
yjqian23: sits out 
*** HOLE CARDS ***
Dealt to Dorex2007 [Js 7h]
RuS PoKeR69: folds 
nikki565: folds 
CrookedBadge: folds 
Cem1955: folds 
lorrra: folds 
Dorex2007: folds 
Uncalled bet ($0.01) returned to ALEXB1000
ALEXB1000 collected $0.02 from pot
*** SUMMARY ***
Total pot $0.02 | Rake $0 
Seat 1: CrookedBadge folded before Flop (didn't bet)
Seat 2: Cem1955 folded before Flop (didn't bet)
Seat 3: lorrra (button) folded before Flop (didn't bet)
Seat 4: Dorex2007 (small blind) folded before Flop
Seat 6: ALEXB1000 (big blind) collected ($0.02)
Seat 8: RuS PoKeR69 folded before Flop (didn't bet)
Seat 9: nikki565 folded before Flop (didn't bet)



PokerStars Hand #233193165214:  Hold'em No Limit ($0.01/$0.02 USD) - 2022/01/16 9:24:51 PT [2022/01/16 12:24:51 ET]
Table 'Thessalia' 9-max Seat #4 is the button
Seat 1: CrookedBadge ($0.94 in chips) 
Seat 2: Cem1955 ($1.46 in chips) 
Seat 3: lorrra ($1.61 in chips) 
Seat 4: Dorex2007 ($2.18 in chips) 
Seat 6: ALEXB1000 ($0.44 in chips) 
Seat 7: yjqian23 ($2 in chips) 
Seat 8: RuS PoKeR69 ($0.56 in chips) 
Seat 9: nikki565 ($0.85 in chips) 
ALEXB1000: posts small blind $0.01
yjqian23: posts big blind $0.02
*** HOLE CARDS ***
Dealt to Dorex2007 [7s 6c]
RuS PoKeR69: folds 
nikki565: folds 
CrookedBadge: folds 
Cem1955: folds 
lorrra: folds 
Dorex2007: folds 
ALEXB1000: calls $0.01
yjqian23: raises $0.28 to $0.30
ALEXB1000: folds 
Uncalled bet ($0.28) returned to yjqian23
yjqian23 collected $0.04 from pot
yjqian23: doesn't show hand 
*** SUMMARY ***
Total pot $0.04 | Rake $0 
Seat 1: CrookedBadge folded before Flop (didn't bet)
Seat 2: Cem1955 folded before Flop (didn't bet)
Seat 3: lorrra folded before Flop (didn't bet)
Seat 4: Dorex2007 (button) folded before Flop (didn't bet)
Seat 6: ALEXB1000 (small blind) folded before Flop
Seat 7: yjqian23 (big blind) collected ($0.04)
Seat 8: RuS PoKeR69 folded before Flop (didn't bet)
Seat 9: nikki565 folded before Flop (didn't bet)



PokerStars Hand #233193181797:  Hold'em No Limit ($0.01/$0.02 USD) - 2022/01/16 9:25:17 PT [2022/01/16 12:25:17 ET]
Table 'Thessalia' 9-max Seat #6 is the button
Seat 1: CrookedBadge ($0.94 in chips) 
Seat 2: Cem1955 ($1.46 in chips) 
Seat 3: lorrra ($1.61 in chips) 
Seat 4: Dorex2007 ($2.18 in chips) 
Seat 6: ALEXB1000 ($0.42 in chips) 
Seat 7: yjqian23 ($2.02 in chips) 
Seat 8: RuS PoKeR69 ($0.56 in chips) 
Seat 9: nikki565 ($0.85 in chips) 
yjqian23: posts small blind $0.01
RuS PoKeR69: posts big blind $0.02
*** HOLE CARDS ***
Dealt to Dorex2007 [Ah 6d]
nikki565: folds 
CrookedBadge: folds 
Cem1955: folds 
lorrra: folds 
Dorex2007: folds 
ALEXB1000: folds 
yjqian23: raises $0.02 to $0.04
RuS PoKeR69: calls $0.02
*** FLOP *** [5c Ks Qd]
yjqian23: bets $0.08
RuS PoKeR69: folds 
Uncalled bet ($0.08) returned to yjqian23
yjqian23 collected $0.08 from pot
yjqian23: doesn't show hand 
*** SUMMARY ***
Total pot $0.08 | Rake $0 
Board [5c Ks Qd]
Seat 1: CrookedBadge folded before Flop (didn't bet)
Seat 2: Cem1955 folded before Flop (didn't bet)
Seat 3: lorrra folded before Flop (didn't bet)
Seat 4: Dorex2007 folded before Flop (didn't bet)
Seat 6: ALEXB1000 (button) folded before Flop (didn't bet)
Seat 7: yjqian23 (small blind) collected ($0.08)
Seat 8: RuS PoKeR69 (big blind) folded on the Flop
Seat 9: nikki565 folded before Flop (didn't bet)



PokerStars Hand #233193194199:  Hold'em No Limit ($0.01/$0.02 USD) - 2022/01/16 9:25:37 PT [2022/01/16 12:25:37 ET]
Table 'Thessalia' 9-max Seat #7 is the button
Seat 1: CrookedBadge ($0.94 in chips) 
Seat 2: Cem1955 ($1.46 in chips) 
Seat 3: lorrra ($1.61 in chips) 
Seat 4: Dorex2007 ($2.18 in chips) 
Seat 6: ALEXB1000 ($0.42 in chips) 
Seat 7: yjqian23 ($2.06 in chips) 
Seat 8: RuS PoKeR69 ($0.52 in chips) 
Seat 9: nikki565 ($0.85 in chips) 
RuS PoKeR69: posts small blind $0.01
nikki565: posts big blind $0.02
*** HOLE CARDS ***
Dealt to Dorex2007 [6h 6d]
CrookedBadge: folds 
Cem1955: folds 
lorrra: calls $0.02
Dorex2007: calls $0.02
ALEXB1000: folds 
yjqian23: folds 
yjqian23 leaves the table
RuS PoKeR69: folds 
nikki565: checks 
*** FLOP *** [Qs 9c 6c]
nikki565: bets $0.08
lorrra: calls $0.08
Dorex2007: raises $0.21 to $0.29
nikki565: calls $0.21
lorrra: folds 
*** TURN *** [Qs 9c 6c] [Jd]
nikki565: bets $0.54 and is all-in
Dorex2007: calls $0.54
*** RIVER *** [Qs 9c 6c Jd] [9h]
*** SHOW DOWN ***
nikki565: shows [Qh 6s] (two pair, Queens and Nines)
Dorex2007: shows [6h 6d] (a full house, Sixes full of Nines)
Dorex2007 cashed out the hand for $1.65 | Cash Out Fee $0.02
*** SUMMARY ***
Total pot $1.81 | Rake $0.06 
Board [Qs 9c 6c Jd 9h]
Seat 1: CrookedBadge folded before Flop (didn't bet)
Seat 2: Cem1955 folded before Flop (didn't bet)
Seat 3: lorrra folded on the Flop
Seat 4: Dorex2007 showed [6h 6d] and won ($1.75) with a full house, Sixes full of Nines (pot not awarded as player cashed out)
Seat 6: ALEXB1000 folded before Flop (didn't bet)
Seat 7: yjqian23 (button) folded before Flop (didn't bet)
Seat 8: RuS PoKeR69 (small blind) folded before Flop
Seat 9: nikki565 (big blind) showed [Qh 6s] and lost with two pair, Queens and Nines



PokerStars Hand #233193240719:  Hold'em No Limit ($0.01/$0.02 USD) - 2022/01/16 9:26:47 PT [2022/01/16 12:26:47 ET]
Table 'Thessalia' 9-max Seat #8 is the button
Seat 1: CrookedBadge ($0.94 in chips) 
Seat 2: Cem1955 ($1.46 in chips) 
Seat 3: lorrra ($1.51 in chips) 
Seat 4: Dorex2007 ($2.98 in chips) 
Seat 6: ALEXB1000 ($0.42 in chips) 
Seat 8: RuS PoKeR69 ($0.51 in chips) 
CrookedBadge: posts small blind $0.01
Cem1955: posts big blind $0.02
abufirs: sits out 
*** HOLE CARDS ***
Dealt to Dorex2007 [Ah 4h]
lorrra: folds 
Dorex2007: folds 
ALEXB1000: calls $0.02
RuS PoKeR69: folds 
CrookedBadge: folds 
Cem1955: checks 
*** FLOP *** [Th 4d Ts]
koringa sjc2 joins the table at seat #7 
Cem1955: checks 
ALEXB1000: checks 
*** TURN *** [Th 4d Ts] [Kd]
Cem1955: bets $0.05
ALEXB1000: calls $0.05
*** RIVER *** [Th 4d Ts Kd] [8d]
Cem1955: bets $0.14
koringa sjc2 leaves the table
ALEXB1000: calls $0.14
*** SHOW DOWN ***
Cem1955: shows [7d Td] (a flush, King high)
ALEXB1000: mucks hand 
Cem1955 collected $0.41 from pot
*** SUMMARY ***
Total pot $0.43 | Rake $0.02 
Board [Th 4d Ts Kd 8d]
Seat 1: CrookedBadge (small blind) folded before Flop
Seat 2: Cem1955 (big blind) showed [7d Td] and won ($0.41) with a flush, King high
Seat 3: lorrra folded before Flop (didn't bet)
Seat 4: Dorex2007 folded before Flop (didn't bet)
Seat 6: ALEXB1000 mucked [Kh Qc]
Seat 8: RuS PoKeR69 (button) folded before Flop (didn't bet)



PokerStars Hand #233193259780:  Hold'em No Limit ($0.01/$0.02 USD) - 2022/01/16 9:27:17 PT [2022/01/16 12:27:17 ET]
Table 'Thessalia' 9-max Seat #1 is the button
Seat 1: CrookedBadge ($0.93 in chips) 
Seat 2: Cem1955 ($1.66 in chips) 
Seat 3: lorrra ($1.51 in chips) 
Seat 4: Dorex2007 ($2.98 in chips) 
Seat 6: ALEXB1000 ($0.21 in chips) 
Seat 8: RuS PoKeR69 ($0.51 in chips) 
Cem1955: posts small blind $0.01
lorrra: posts big blind $0.02
abufirs: sits out 
*** HOLE CARDS ***
Dealt to Dorex2007 [9h 7h]
Dorex2007: folds 
ALEXB1000: calls $0.02
RuS PoKeR69: folds 
CrookedBadge: folds 
Cem1955: calls $0.01
lorrra: checks 
*** FLOP *** [2c 5s Kh]
Cem1955: checks 
lorrra: checks 
ALEXB1000: checks 
*** TURN *** [2c 5s Kh] [Jh]
Cem1955: checks 
lorrra: checks 
ALEXB1000: bets $0.02
Cem1955: folds 
lorrra: calls $0.02
*** RIVER *** [2c 5s Kh Jh] [3s]
lorrra: checks 
ALEXB1000: bets $0.02
lorrra: calls $0.02
*** SHOW DOWN ***
ALEXB1000: shows [Qh Jd] (a pair of Jacks)
lorrra: mucks hand 
ALEXB1000 collected $0.14 from pot
*** SUMMARY ***
Total pot $0.14 | Rake $0 
Board [2c 5s Kh Jh 3s]
Seat 1: CrookedBadge (button) folded before Flop (didn't bet)
Seat 2: Cem1955 (small blind) folded on the Turn
Seat 3: lorrra (big blind) mucked [4c 3d]
Seat 4: Dorex2007 folded before Flop (didn't bet)
Seat 6: ALEXB1000 showed [Qh Jd] and won ($0.14) with a pair of Jacks
Seat 8: RuS PoKeR69 folded before Flop (didn't bet)



PokerStars Hand #233193284358:  Hold'em No Limit ($0.01/$0.02 USD) - 2022/01/16 9:27:53 PT [2022/01/16 12:27:53 ET]
Table 'Thessalia' 9-max Seat #2 is the button
Seat 1: CrookedBadge ($0.93 in chips) 
Seat 2: Cem1955 ($1.64 in chips) 
Seat 3: lorrra ($1.45 in chips) 
Seat 4: Dorex2007 ($2.98 in chips) 
Seat 6: ALEXB1000 ($0.29 in chips) 
Seat 8: RuS PoKeR69 ($0.51 in chips) 
lorrra: posts small blind $0.01
Dorex2007: posts big blind $0.02
abufirs: sits out 
*** HOLE CARDS ***
Dealt to Dorex2007 [9h 8h]
ALEXB1000: calls $0.02
RuS PoKeR69: folds 
CrookedBadge: raises $0.06 to $0.08
Cem1955: folds 
lorrra: folds 
Dorex2007: folds 
ALEXB1000: calls $0.06
*** FLOP *** [8c Kh As]
ALEXB1000: checks 
CrookedBadge: bets $0.13
ALEXB1000: folds 
Uncalled bet ($0.13) returned to CrookedBadge
CrookedBadge collected $0.18 from pot
CrookedBadge: doesn't show hand 
*** SUMMARY ***
Total pot $0.19 | Rake $0.01 
Board [8c Kh As]
Seat 1: CrookedBadge collected ($0.18)
Seat 2: Cem1955 (button) folded before Flop (didn't bet)
Seat 3: lorrra (small blind) folded before Flop
Seat 4: Dorex2007 (big blind) folded before Flop
Seat 6: ALEXB1000 folded on the Flop
Seat 8: RuS PoKeR69 folded before Flop (didn't bet)



PokerStars Hand #233193299815:  Hold'em No Limit ($0.01/$0.02 USD) - 2022/01/16 9:28:18 PT [2022/01/16 12:28:18 ET]
Table 'Thessalia' 9-max Seat #3 is the button
Seat 1: CrookedBadge ($1.03 in chips) 
Seat 2: Cem1955 ($1.64 in chips) 
Seat 3: lorrra ($1.44 in chips) 
Seat 4: Dorex2007 ($2.96 in chips) 
Seat 5: abufirs ($3.47 in chips) 
Seat 6: ALEXB1000 ($0.21 in chips) 
Seat 8: RuS PoKeR69 ($0.51 in chips) 
Dorex2007: posts small blind $0.01
abufirs: posts big blind $0.02
*** HOLE CARDS ***
Dealt to Dorex2007 [As 6h]
ALEXB1000: folds 
RuS PoKeR69: folds 
CrookedBadge: folds 
Cem1955: calls $0.02
lorrra: folds 
Dorex2007: folds 
abufirs: checks 
*** FLOP *** [6c Ks Tc]
abufirs: checks 
Cem1955: checks 
*** TURN *** [6c Ks Tc] [7h]
abufirs: checks 
Cem1955: checks 
*** RIVER *** [6c Ks Tc 7h] [9c]
abufirs: checks 
Cem1955: checks 
*** SHOW DOWN ***
abufirs: shows [Ah 5d] (high card Ace)
Cem1955: shows [2d 2s] (a pair of Deuces)
Cem1955 collected $0.05 from pot
*** SUMMARY ***
Total pot $0.05 | Rake $0 
Board [6c Ks Tc 7h 9c]
Seat 1: CrookedBadge folded before Flop (didn't bet)
Seat 2: Cem1955 showed [2d 2s] and won ($0.05) with a pair of Deuces
Seat 3: lorrra (button) folded before Flop (didn't bet)
Seat 4: Dorex2007 (small blind) folded before Flop
Seat 5: abufirs (big blind) showed [Ah 5d] and lost with high card Ace
Seat 6: ALEXB1000 folded before Flop (didn't bet)
Seat 8: RuS PoKeR69 folded before Flop (didn't bet)



PokerStars Hand #233193321034:  Hold'em No Limit ($0.01/$0.02 USD) - 2022/01/16 9:28:51 PT [2022/01/16 12:28:51 ET]
Table 'Thessalia' 9-max Seat #4 is the button
Seat 1: CrookedBadge ($1.03 in chips) 
Seat 2: Cem1955 ($1.67 in chips) 
Seat 3: lorrra ($1.44 in chips) 
Seat 4: Dorex2007 ($2.95 in chips) 
Seat 5: abufirs ($3.45 in chips) 
Seat 6: ALEXB1000 ($0.21 in chips) 
Seat 8: RuS PoKeR69 ($0.51 in chips) 
abufirs: posts small blind $0.01
ALEXB1000: posts big blind $0.02
*** HOLE CARDS ***
Dealt to Dorex2007 [As 8d]
RuS PoKeR69: folds 
CrookedBadge: folds 
Cem1955: raises $0.04 to $0.06
lorrra: calls $0.06
Dorex2007: folds 
abufirs: calls $0.05
ALEXB1000: folds 
*** FLOP *** [Kd 4c 4h]
abufirs: bets $0.10
Cem1955: raises $1.51 to $1.61 and is all-in
lorrra: folds 
abufirs: folds 
Uncalled bet ($1.51) returned to Cem1955
Cem1955 collected $0.39 from pot
Cem1955: doesn't show hand 
*** SUMMARY ***
Total pot $0.40 | Rake $0.01 
Board [Kd 4c 4h]
Seat 1: CrookedBadge folded before Flop (didn't bet)
Seat 2: Cem1955 collected ($0.39)
Seat 3: lorrra folded on the Flop
Seat 4: Dorex2007 (button) folded before Flop (didn't bet)
Seat 5: abufirs (small blind) folded on the Flop
Seat 6: ALEXB1000 (big blind) folded before Flop
Seat 8: RuS PoKeR69 folded before Flop (didn't bet)



PokerStars Hand #233193343257:  Hold'em No Limit ($0.01/$0.02 USD) - 2022/01/16 9:29:27 PT [2022/01/16 12:29:27 ET]
Table 'Thessalia' 9-max Seat #5 is the button
Seat 1: CrookedBadge ($1.03 in chips) 
Seat 2: Cem1955 ($1.90 in chips) 
Seat 3: lorrra ($1.38 in chips) 
Seat 4: Dorex2007 ($2.95 in chips) 
Seat 5: abufirs ($3.29 in chips) 
Seat 6: ALEXB1000 ($0.19 in chips) 
Seat 8: RuS PoKeR69 ($0.51 in chips) 
ALEXB1000: posts small blind $0.01
RuS PoKeR69: posts big blind $0.02
*** HOLE CARDS ***
Dealt to Dorex2007 [Tc Kh]
CrookedBadge: folds 
Cem1955: folds 
nikki565 is disconnected 
lorrra: calls $0.02
Dorex2007: calls $0.02
abufirs: folds 
ALEXB1000: calls $0.01
RuS PoKeR69: checks 
*** FLOP *** [2h 8h Kd]
ALEXB1000: checks 
RuS PoKeR69: checks 
lorrra: checks 
Dorex2007: bets $0.05
ALEXB1000: folds 
RuS PoKeR69: folds 
lorrra: folds 
Uncalled bet ($0.05) returned to Dorex2007
Dorex2007 collected $0.08 from pot
Dorex2007: doesn't show hand 
*** SUMMARY ***
Total pot $0.08 | Rake $0 
Board [2h 8h Kd]
Seat 1: CrookedBadge folded before Flop (didn't bet)
Seat 2: Cem1955 folded before Flop (didn't bet)
Seat 3: lorrra folded on the Flop
Seat 4: Dorex2007 collected ($0.08)
Seat 5: abufirs (button) folded before Flop (didn't bet)
Seat 6: ALEXB1000 (small blind) folded on the Flop
Seat 8: RuS PoKeR69 (big blind) folded on the Flop



PokerStars Hand #233193362577:  Hold'em No Limit ($0.01/$0.02 USD) - 2022/01/16 9:29:58 PT [2022/01/16 12:29:58 ET]
Table 'Thessalia' 9-max Seat #6 is the button
Seat 2: Cem1955 ($1.90 in chips) 
Seat 3: lorrra ($1.36 in chips) 
Seat 4: Dorex2007 ($3.01 in chips) 
Seat 5: abufirs ($3.29 in chips) 
Seat 6: ALEXB1000 ($0.17 in chips) 
Seat 8: RuS PoKeR69 ($0.49 in chips) 
RuS PoKeR69: posts small blind $0.01
CrookedBadge: is sitting out 
Cem1955: posts big blind $0.02
*** HOLE CARDS ***
Dealt to Dorex2007 [5d Jc]
lorrra: folds 
Dorex2007: folds 
CrookedBadge leaves the table
abufirs: folds 
ALEXB1000: raises $0.04 to $0.06
RuS PoKeR69: folds 
Cem1955: folds 
Uncalled bet ($0.04) returned to ALEXB1000
ALEXB1000 collected $0.05 from pot
ALEXB1000: doesn't show hand 
*** SUMMARY ***
Total pot $0.05 | Rake $0 
Seat 2: Cem1955 (big blind) folded before Flop
Seat 3: lorrra folded before Flop (didn't bet)
Seat 4: Dorex2007 folded before Flop (didn't bet)
Seat 5: abufirs folded before Flop (didn't bet)
Seat 6: ALEXB1000 (button) collected ($0.05)
Seat 8: RuS PoKeR69 (small blind) folded before Flop



PokerStars Hand #233193379347:  Hold'em No Limit ($0.01/$0.02 USD) - 2022/01/16 9:30:23 PT [2022/01/16 12:30:23 ET]
Table 'Thessalia' 9-max Seat #8 is the button
Seat 2: Cem1955 ($1.88 in chips) 
Seat 3: lorrra ($1.36 in chips) 
Seat 4: Dorex2007 ($3.01 in chips) 
Seat 5: abufirs ($3.29 in chips) 
Seat 6: ALEXB1000 ($0.20 in chips) 
Seat 8: RuS PoKeR69 ($0.48 in chips) 
Cem1955: posts small blind $0.01
lorrra: posts big blind $0.02
*** HOLE CARDS ***
Dealt to Dorex2007 [Td 3d]
Dorex2007: folds 
abufirs: raises $0.02 to $0.04
ALEXB1000: folds 
RuS PoKeR69: folds 
Cem1955: calls $0.03
lorrra: folds 
*** FLOP *** [Kh 3c 3s]
Cem1955: checks 
abufirs: bets $0.05
Cem1955: folds 
Uncalled bet ($0.05) returned to abufirs
abufirs collected $0.10 from pot
*** SUMMARY ***
Total pot $0.10 | Rake $0 
Board [Kh 3c 3s]
Seat 2: Cem1955 (small blind) folded on the Flop
Seat 3: lorrra (big blind) folded before Flop
Seat 4: Dorex2007 folded before Flop (didn't bet)
Seat 5: abufirs collected ($0.10)
Seat 6: ALEXB1000 folded before Flop (didn't bet)
Seat 8: RuS PoKeR69 (button) folded before Flop (didn't bet)



PokerStars Hand #233193398024:  Hold'em No Limit ($0.01/$0.02 USD) - 2022/01/16 9:30:52 PT [2022/01/16 12:30:52 ET]
Table 'Thessalia' 9-max Seat #2 is the button
Seat 2: Cem1955 ($1.84 in chips) 
Seat 3: lorrra ($1.34 in chips) 
Seat 4: Dorex2007 ($3.01 in chips) 
Seat 5: abufirs ($3.35 in chips) 
Seat 6: ALEXB1000 ($0.20 in chips) 
Seat 8: RuS PoKeR69 ($0.48 in chips) 
lorrra: posts small blind $0.01
Dorex2007: posts big blind $0.02
*** HOLE CARDS ***
Dealt to Dorex2007 [Jc As]
abufirs: calls $0.02
ALEXB1000: calls $0.02
RuS PoKeR69: folds 
Cem1955: folds 
lorrra: folds 
Dorex2007: checks 
*** FLOP *** [6s 5s 2h]
Dorex2007: checks 
abufirs: bets $0.06
ALEXB1000: calls $0.06
Dorex2007: folds 
*** TURN *** [6s 5s 2h] [Jh]
abufirs: checks 
ALEXB1000: checks 
*** RIVER *** [6s 5s 2h Jh] [Jd]
abufirs: bets $0.04
ALEXB1000: calls $0.04
*** SHOW DOWN ***
abufirs: shows [3d 6d] (two pair, Jacks and Sixes)
ALEXB1000: shows [6h Qh] (two pair, Jacks and Sixes - Queen kicker)
ALEXB1000 collected $0.26 from pot
*** SUMMARY ***
Total pot $0.27 | Rake $0.01 
Board [6s 5s 2h Jh Jd]
Seat 2: Cem1955 (button) folded before Flop (didn't bet)
Seat 3: lorrra (small blind) folded before Flop
Seat 4: Dorex2007 (big blind) folded on the Flop
Seat 5: abufirs showed [3d 6d] and lost with two pair, Jacks and Sixes
Seat 6: ALEXB1000 showed [6h Qh] and won ($0.26) with two pair, Jacks and Sixes
Seat 8: RuS PoKeR69 folded before Flop (didn't bet)



PokerStars Hand #233193429150:  Hold'em No Limit ($0.01/$0.02 USD) - 2022/01/16 9:31:40 PT [2022/01/16 12:31:40 ET]
Table 'Thessalia' 9-max Seat #3 is the button
Seat 2: Cem1955 ($1.84 in chips) 
Seat 3: lorrra ($1.33 in chips) 
Seat 4: Dorex2007 ($2.99 in chips) 
Seat 5: abufirs ($3.23 in chips) 
Seat 6: ALEXB1000 ($0.34 in chips) 
Seat 8: RuS PoKeR69 ($0.48 in chips) 
Dorex2007: posts small blind $0.01
abufirs: posts big blind $0.02
*** HOLE CARDS ***
Dealt to Dorex2007 [2s Ks]
ALEXB1000: folds 
RuS PoKeR69: raises $0.02 to $0.04
Cem1955: folds 
lorrra: folds 
Dorex2007: folds 
abufirs: folds 
Uncalled bet ($0.02) returned to RuS PoKeR69
RuS PoKeR69 collected $0.05 from pot
RuS PoKeR69: doesn't show hand 
*** SUMMARY ***
Total pot $0.05 | Rake $0 
Seat 2: Cem1955 folded before Flop (didn't bet)
Seat 3: lorrra (button) folded before Flop (didn't bet)
Seat 4: Dorex2007 (small blind) folded before Flop
Seat 5: abufirs (big blind) folded before Flop
Seat 6: ALEXB1000 folded before Flop (didn't bet)
Seat 8: RuS PoKeR69 collected ($0.05)



PokerStars Hand #233193436980:  Hold'em No Limit ($0.01/$0.02 USD) - 2022/01/16 9:31:52 PT [2022/01/16 12:31:52 ET]
Table 'Thessalia' 9-max Seat #4 is the button
Seat 2: Cem1955 ($1.84 in chips) 
Seat 3: lorrra ($1.33 in chips) 
Seat 4: Dorex2007 ($2.98 in chips) 
Seat 5: abufirs ($3.21 in chips) 
Seat 6: ALEXB1000 ($0.34 in chips) 
Seat 8: RuS PoKeR69 ($0.51 in chips) 
abufirs: posts small blind $0.01
ALEXB1000: posts big blind $0.02
*** HOLE CARDS ***
Dealt to Dorex2007 [Tc Jh]
RuS PoKeR69: folds 
Cem1955: folds 
lorrra: folds 
Dorex2007: raises $0.02 to $0.04
abufirs: folds 
ALEXB1000: folds 
Uncalled bet ($0.02) returned to Dorex2007
Dorex2007 collected $0.05 from pot
Dorex2007: doesn't show hand 
*** SUMMARY ***
Total pot $0.05 | Rake $0 
Seat 2: Cem1955 folded before Flop (didn't bet)
Seat 3: lorrra folded before Flop (didn't bet)
Seat 4: Dorex2007 (button) collected ($0.05)
Seat 5: abufirs (small blind) folded before Flop
Seat 6: ALEXB1000 (big blind) folded before Flop
Seat 8: RuS PoKeR69 folded before Flop (didn't bet)



PokerStars Hand #233193451454:  Hold'em No Limit ($0.01/$0.02 USD) - 2022/01/16 9:32:14 PT [2022/01/16 12:32:14 ET]
Table 'Thessalia' 9-max Seat #5 is the button
Seat 2: Cem1955 ($1.84 in chips) 
Seat 3: lorrra ($1.33 in chips) 
Seat 4: Dorex2007 ($3.01 in chips) 
Seat 5: abufirs ($3.20 in chips) 
Seat 6: ALEXB1000 ($0.32 in chips) 
Seat 8: RuS PoKeR69 ($0.51 in chips) 
ALEXB1000: posts small blind $0.01
RuS PoKeR69: posts big blind $0.02
*** HOLE CARDS ***
Dealt to Dorex2007 [7c 8s]
Cem1955: folds 
lorrra: folds 
Dorex2007: folds 
abufirs: folds 
ALEXB1000: calls $0.01
RuS PoKeR69: checks 
*** FLOP *** [Ks 4s Qs]
ALEXB1000: checks 
RuS PoKeR69: checks 
*** TURN *** [Ks 4s Qs] [4c]
ALEXB1000: checks 
RuS PoKeR69: checks 
*** RIVER *** [Ks 4s Qs 4c] [6h]
ALEXB1000: checks 
RuS PoKeR69: checks 
*** SHOW DOWN ***
ALEXB1000: shows [Js 5c] (a pair of Fours)
RuS PoKeR69: shows [Jc 8d] (a pair of Fours)
ALEXB1000 collected $0.02 from pot
RuS PoKeR69 collected $0.02 from pot
*** SUMMARY ***
Total pot $0.04 | Rake $0 
Board [Ks 4s Qs 4c 6h]
Seat 2: Cem1955 folded before Flop (didn't bet)
Seat 3: lorrra folded before Flop (didn't bet)
Seat 4: Dorex2007 folded before Flop (didn't bet)
Seat 5: abufirs (button) folded before Flop (didn't bet)
Seat 6: ALEXB1000 (small blind) showed [Js 5c] and won ($0.02) with a pair of Fours
Seat 8: RuS PoKeR69 (big blind) showed [Jc 8d] and won ($0.02) with a pair of Fours



PokerStars Hand #233193485414:  Hold'em No Limit ($0.01/$0.02 USD) - 2022/01/16 9:33:06 PT [2022/01/16 12:33:06 ET]
Table 'Thessalia' 9-max Seat #6 is the button
Seat 2: Cem1955 ($1.84 in chips) 
Seat 3: lorrra ($1.33 in chips) 
Seat 4: Dorex2007 ($3.01 in chips) 
Seat 5: abufirs ($3.20 in chips) 
Seat 6: ALEXB1000 ($0.32 in chips) 
Seat 8: RuS PoKeR69 ($0.51 in chips) 
RuS PoKeR69: posts small blind $0.01
Cem1955: posts big blind $0.02
*** HOLE CARDS ***
Dealt to Dorex2007 [Qc Kh]
lorrra: calls $0.02
Dorex2007: calls $0.02
abufirs: calls $0.02
ALEXB1000: folds 
RuS PoKeR69: calls $0.01
Cem1955: checks 
*** FLOP *** [2h 8c As]
RuS PoKeR69: checks 
Cem1955: checks 
lorrra: bets $0.05
Dorex2007: folds 
abufirs: folds 
RuS PoKeR69: raises $0.05 to $0.10
Cem1955: folds 
lorrra: calls $0.05
*** TURN *** [2h 8c As] [Qh]
RuS PoKeR69: bets $0.29
lorrra: calls $0.29
*** RIVER *** [2h 8c As Qh] [4h]
RuS PoKeR69: bets $0.10 and is all-in
lorrra: calls $0.10
*** SHOW DOWN ***
RuS PoKeR69: shows [Ad 8h] (two pair, Aces and Eights)
lorrra: shows [5c Ac] (a pair of Aces)
RuS PoKeR69 collected $1.04 from pot
*** SUMMARY ***
Total pot $1.08 | Rake $0.04 
Board [2h 8c As Qh 4h]
Seat 2: Cem1955 (big blind) folded on the Flop
Seat 3: lorrra showed [5c Ac] and lost with a pair of Aces
Seat 4: Dorex2007 folded on the Flop
Seat 5: abufirs folded on the Flop
Seat 6: ALEXB1000 (button) folded before Flop (didn't bet)
Seat 8: RuS PoKeR69 (small blind) showed [Ad 8h] and won ($1.04) with two pair, Aces and Eights



PokerStars Hand #233193524643:  Hold'em No Limit ($0.01/$0.02 USD) - 2022/01/16 9:34:07 PT [2022/01/16 12:34:07 ET]
Table 'Thessalia' 9-max Seat #8 is the button
Seat 2: Cem1955 ($1.82 in chips) 
Seat 3: lorrra ($0.82 in chips) 
Seat 4: Dorex2007 ($2.99 in chips) 
Seat 5: abufirs ($3.18 in chips) 
Seat 6: ALEXB1000 ($0.32 in chips) 
Seat 8: RuS PoKeR69 ($1.04 in chips) 
Cem1955: posts small blind $0.01
lorrra: posts big blind $0.02
*** HOLE CARDS ***
Dealt to Dorex2007 [7c 2c]
Travelstore joins the table at seat #7 
Dorex2007: folds 
abufirs: folds 
ALEXB1000: folds 
RuS PoKeR69: folds 
Cem1955: calls $0.01
lorrra: raises $0.04 to $0.06
Cem1955: folds 
Uncalled bet ($0.04) returned to lorrra
lorrra collected $0.04 from pot
*** SUMMARY ***
Total pot $0.04 | Rake $0 
Seat 2: Cem1955 (small blind) folded before Flop
Seat 3: lorrra (big blind) collected ($0.04)
Seat 4: Dorex2007 folded before Flop (didn't bet)
Seat 5: abufirs folded before Flop (didn't bet)
Seat 6: ALEXB1000 folded before Flop (didn't bet)
Seat 8: RuS PoKeR69 (button) folded before Flop (didn't bet)



