PokerStars Hand #237367133435:  Hold'em No Limit ($0.01/$0.02 USD) - 2022/07/14 21:57:26 PT [2022/07/15 0:57:26 ET]
Table 'Chrysothemis II' 9-max Seat #3 is the button
Seat 1: Dorex2007 ($2 in chips) 
Seat 2: daiju0830 ($0.67 in chips) 
Seat 3: Szendi58 ($2.39 in chips) 
Seat 4: RAAAAdik ($2.14 in chips) 
Seat 5: RizzleRAAKKs ($4.20 in chips) 
Seat 6: DBLBLYBSTR ($2.03 in chips) 
Seat 7: Jumbaliah123 ($2 in chips) 
Seat 8: 73d91 ($2.80 in chips) 
Seat 9: djkimera ($4.24 in chips) 
RAAAAdik: posts small blind $0.01
RizzleRAAKKs: posts big blind $0.02
Dorex2007: posts big blind $0.02
*** HOLE CARDS ***
Dealt to Dorex2007 [5s Ac]
DBLBLYBSTR: raises $0.07 to $0.09
Jumbaliah123: calls $0.09
73d91: folds 
djkimera: folds 
Dorex2007: folds 
daiju0830: folds 
Szendi58: calls $0.09
RAAAAdik: folds 
RizzleRAAKKs: calls $0.07
*** FLOP *** [9c Kh Jh]
RizzleRAAKKs: checks 
DBLBLYBSTR: bets $0.19
Jumbaliah123: folds 
Szendi58: folds 
RizzleRAAKKs: calls $0.19
*** TURN *** [9c Kh Jh] [4c]
RizzleRAAKKs: checks 
DBLBLYBSTR: bets $0.74
RizzleRAAKKs: folds 
Uncalled bet ($0.74) returned to DBLBLYBSTR
DBLBLYBSTR collected $0.74 from pot
*** SUMMARY ***
Total pot $0.77 | Rake $0.03 
Board [9c Kh Jh 4c]
Seat 1: Dorex2007 folded before Flop (didn't bet)
Seat 2: daiju0830 folded before Flop (didn't bet)
Seat 3: Szendi58 (button) folded on the Flop
Seat 4: RAAAAdik (small blind) folded before Flop
Seat 5: RizzleRAAKKs (big blind) folded on the Turn
Seat 6: DBLBLYBSTR collected ($0.74)
Seat 7: Jumbaliah123 folded on the Flop
Seat 8: 73d91 folded before Flop (didn't bet)
Seat 9: djkimera folded before Flop (didn't bet)



PokerStars Hand #237367139517:  Hold'em No Limit ($0.01/$0.02 USD) - 2022/07/14 21:58:25 PT [2022/07/15 0:58:25 ET]
Table 'Chrysothemis II' 9-max Seat #4 is the button
Seat 1: Dorex2007 ($2 in chips) 
Seat 2: daiju0830 ($0.67 in chips) 
Seat 3: Szendi58 ($2.30 in chips) 
Seat 4: RAAAAdik ($2.13 in chips) 
Seat 5: RizzleRAAKKs ($3.92 in chips) 
Seat 6: DBLBLYBSTR ($2.49 in chips) 
Seat 7: Jumbaliah123 ($2 in chips) 
Seat 8: 73d91 ($2.80 in chips) 
Seat 9: djkimera ($4.24 in chips) 
RizzleRAAKKs: posts small blind $0.01
DBLBLYBSTR: posts big blind $0.02
*** HOLE CARDS ***
Dealt to Dorex2007 [5c Tc]
Jumbaliah123: folds 
73d91: calls $0.02
djkimera: calls $0.02
Dorex2007: folds 
daiju0830: raises $0.02 to $0.04
Szendi58: calls $0.04
RAAAAdik: calls $0.04
RizzleRAAKKs: raises $0.18 to $0.22
DBLBLYBSTR: folds 
73d91: folds 
djkimera: folds 
daiju0830: raises $0.45 to $0.67 and is all-in
Szendi58: folds 
RAAAAdik: folds 
RizzleRAAKKs: calls $0.45
*** FLOP *** [6h 4d 7h]
*** TURN *** [6h 4d 7h] [4h]
*** RIVER *** [6h 4d 7h 4h] [7c]
*** SHOW DOWN ***
RizzleRAAKKs: shows [3s Ad] (two pair, Sevens and Fours)
daiju0830: shows [Ks Kc] (two pair, Kings and Sevens)
daiju0830 collected $1.43 from pot
*** SUMMARY ***
Total pot $1.48 | Rake $0.05 
Board [6h 4d 7h 4h 7c]
Seat 1: Dorex2007 folded before Flop (didn't bet)
Seat 2: daiju0830 showed [Ks Kc] and won ($1.43) with two pair, Kings and Sevens
Seat 3: Szendi58 folded before Flop
Seat 4: RAAAAdik (button) folded before Flop
Seat 5: RizzleRAAKKs (small blind) showed [3s Ad] and lost with two pair, Sevens and Fours
Seat 6: DBLBLYBSTR (big blind) folded before Flop
Seat 7: Jumbaliah123 folded before Flop (didn't bet)
Seat 8: 73d91 folded before Flop
Seat 9: djkimera folded before Flop



PokerStars Hand #237367145900:  Hold'em No Limit ($0.01/$0.02 USD) - 2022/07/14 21:59:25 PT [2022/07/15 0:59:25 ET]
Table 'Chrysothemis II' 9-max Seat #5 is the button
Seat 1: Dorex2007 ($2 in chips) 
Seat 2: daiju0830 ($1.43 in chips) 
Seat 3: Szendi58 ($2.26 in chips) 
Seat 4: RAAAAdik ($2.09 in chips) 
Seat 5: RizzleRAAKKs ($3.25 in chips) 
Seat 6: DBLBLYBSTR ($2.47 in chips) 
Seat 7: Jumbaliah123 ($2 in chips) 
Seat 8: 73d91 ($2.78 in chips) 
Seat 9: djkimera ($4.22 in chips) 
DBLBLYBSTR: posts small blind $0.01
Jumbaliah123: posts big blind $0.02
*** HOLE CARDS ***
Dealt to Dorex2007 [8s 7d]
73d91: folds 
djkimera: folds 
Dorex2007: folds 
daiju0830: folds 
Szendi58: calls $0.02
RAAAAdik: folds 
RizzleRAAKKs: raises $0.08 to $0.10
DBLBLYBSTR: folds 
Jumbaliah123: folds 
Szendi58: raises $0.08 to $0.18
RizzleRAAKKs: raises $0.18 to $0.36
Szendi58: raises $1.90 to $2.26 and is all-in
RizzleRAAKKs: calls $1.90
daiju0830 leaves the table
*** FLOP *** [Qh Qc 6s]
*** TURN *** [Qh Qc 6s] [8d]
*** RIVER *** [Qh Qc 6s 8d] [4c]
*** SHOW DOWN ***
Szendi58: shows [Ac Ad] (two pair, Aces and Queens)
RizzleRAAKKs: shows [Kc 9h] (a pair of Queens)
Szendi58 collected $4.39 from pot
*** SUMMARY ***
Total pot $4.55 | Rake $0.16 
Board [Qh Qc 6s 8d 4c]
Seat 1: Dorex2007 folded before Flop (didn't bet)
Seat 2: daiju0830 folded before Flop (didn't bet)
Seat 3: Szendi58 showed [Ac Ad] and won ($4.39) with two pair, Aces and Queens
Seat 4: RAAAAdik folded before Flop (didn't bet)
Seat 5: RizzleRAAKKs (button) showed [Kc 9h] and lost with a pair of Queens
Seat 6: DBLBLYBSTR (small blind) folded before Flop
Seat 7: Jumbaliah123 (big blind) folded before Flop
Seat 8: 73d91 folded before Flop (didn't bet)
Seat 9: djkimera folded before Flop (didn't bet)



PokerStars Hand #237367150962:  Hold'em No Limit ($0.01/$0.02 USD) - 2022/07/14 22:00:13 PT [2022/07/15 1:00:13 ET]
Table 'Chrysothemis II' 9-max Seat #6 is the button
Seat 1: Dorex2007 ($2 in chips) 
Seat 3: Szendi58 ($4.39 in chips) 
Seat 4: RAAAAdik ($2.09 in chips) 
Seat 5: RizzleRAAKKs ($0.99 in chips) 
Seat 6: DBLBLYBSTR ($2.46 in chips) 
Seat 7: Jumbaliah123 ($2 in chips) 
Seat 8: 73d91 ($2.78 in chips) 
Seat 9: djkimera ($4.22 in chips) 
Jumbaliah123: posts small blind $0.01
73d91: posts big blind $0.02
*** HOLE CARDS ***
Dealt to Dorex2007 [3s 6s]
djkimera: calls $0.02
Dorex2007: folds 
Szendi58: raises $0.02 to $0.04
RAAAAdik: folds 
RizzleRAAKKs: raises $0.95 to $0.99 and is all-in
DBLBLYBSTR: folds 
Jumbaliah123: folds 
73d91: folds 
djkimera: folds 
Szendi58: calls $0.95
*** FLOP *** [5h 8d 7s]
*** TURN *** [5h 8d 7s] [3c]
*** RIVER *** [5h 8d 7s 3c] [5s]
*** SHOW DOWN ***
Szendi58: shows [Qc Ad] (a pair of Fives)
RizzleRAAKKs: shows [4c Tc] (a pair of Fives - lower kicker)
Szendi58 collected $1.96 from pot
*** SUMMARY ***
Total pot $2.03 | Rake $0.07 
Board [5h 8d 7s 3c 5s]
Seat 1: Dorex2007 folded before Flop (didn't bet)
Seat 3: Szendi58 showed [Qc Ad] and won ($1.96) with a pair of Fives
Seat 4: RAAAAdik folded before Flop (didn't bet)
Seat 5: RizzleRAAKKs showed [4c Tc] and lost with a pair of Fives
Seat 6: DBLBLYBSTR (button) folded before Flop (didn't bet)
Seat 7: Jumbaliah123 (small blind) folded before Flop
Seat 8: 73d91 (big blind) folded before Flop
Seat 9: djkimera folded before Flop



PokerStars Hand #237367154955:  Hold'em No Limit ($0.01/$0.02 USD) - 2022/07/14 22:00:49 PT [2022/07/15 1:00:49 ET]
Table 'Chrysothemis II' 9-max Seat #7 is the button
Seat 1: Dorex2007 ($2 in chips) 
Seat 3: Szendi58 ($5.36 in chips) 
Seat 4: RAAAAdik ($2.09 in chips) 
Seat 6: DBLBLYBSTR ($2.46 in chips) 
Seat 7: Jumbaliah123 ($2 in chips) 
Seat 8: 73d91 ($2.76 in chips) 
Seat 9: djkimera ($4.20 in chips) 
73d91: posts small blind $0.01
djkimera: posts big blind $0.02
*** HOLE CARDS ***
Dealt to Dorex2007 [Jc 8s]
Dorex2007: folds 
RizzleRAAKKs leaves the table
Szendi58 has timed out
Szendi58: folds 
RAAAAdik: folds 
DBLBLYBSTR: folds 
Jumbaliah123: calls $0.02
73d91: calls $0.01
djkimera: checks 
*** FLOP *** [4d 5c 8h]
73d91: bets $0.04
djkimera: calls $0.04
Jumbaliah123: folds 
*** TURN *** [4d 5c 8h] [2c]
73d91: bets $0.06
djkimera: calls $0.06
*** RIVER *** [4d 5c 8h 2c] [Jh]
73d91: bets $0.06
djkimera: folds 
Uncalled bet ($0.06) returned to 73d91
73d91 collected $0.25 from pot
*** SUMMARY ***
Total pot $0.26 | Rake $0.01 
Board [4d 5c 8h 2c Jh]
Seat 1: Dorex2007 folded before Flop (didn't bet)
Seat 3: Szendi58 folded before Flop (didn't bet)
Seat 4: RAAAAdik folded before Flop (didn't bet)
Seat 6: DBLBLYBSTR folded before Flop (didn't bet)
Seat 7: Jumbaliah123 (button) folded on the Flop
Seat 8: 73d91 (small blind) collected ($0.25)
Seat 9: djkimera (big blind) folded on the River



PokerStars Hand #237367164840:  Hold'em No Limit ($0.01/$0.02 USD) - 2022/07/14 22:02:14 PT [2022/07/15 1:02:14 ET]
Table 'Chrysothemis II' 9-max Seat #8 is the button
Seat 1: Dorex2007 ($2 in chips) 
Seat 3: Szendi58 ($5.36 in chips) 
Seat 4: RAAAAdik ($2.09 in chips) 
Seat 6: DBLBLYBSTR ($2.46 in chips) 
Seat 7: Jumbaliah123 ($2 in chips) 
Seat 8: 73d91 ($2.89 in chips) 
Seat 9: djkimera ($4.08 in chips) 
djkimera: posts small blind $0.01
Dorex2007: posts big blind $0.02
*** HOLE CARDS ***
Dealt to Dorex2007 [4s 4h]
Szendi58 has timed out
Szendi58: folds 
RAAAAdik: folds 
DBLBLYBSTR: raises $0.10 to $0.12
Jumbaliah123: folds 
73d91: folds 
djkimera: folds 
Dorex2007: folds 
Uncalled bet ($0.10) returned to DBLBLYBSTR
DBLBLYBSTR collected $0.05 from pot
*** SUMMARY ***
Total pot $0.05 | Rake $0 
Seat 1: Dorex2007 (big blind) folded before Flop
Seat 3: Szendi58 folded before Flop (didn't bet)
Seat 4: RAAAAdik folded before Flop (didn't bet)
Seat 6: DBLBLYBSTR collected ($0.05)
Seat 7: Jumbaliah123 folded before Flop (didn't bet)
Seat 8: 73d91 (button) folded before Flop (didn't bet)
Seat 9: djkimera (small blind) folded before Flop



PokerStars Hand #237367168011:  Hold'em No Limit ($0.01/$0.02 USD) - 2022/07/14 22:02:42 PT [2022/07/15 1:02:42 ET]
Table 'Chrysothemis II' 9-max Seat #9 is the button
Seat 1: Dorex2007 ($2 in chips) 
Seat 4: RAAAAdik ($2.09 in chips) 
Seat 6: DBLBLYBSTR ($2.49 in chips) 
Seat 7: Jumbaliah123 ($2 in chips) 
Seat 8: 73d91 ($2.89 in chips) 
Seat 9: djkimera ($4.07 in chips) 
Dorex2007: posts small blind $0.01
RAAAAdik: posts big blind $0.02
*** HOLE CARDS ***
Dealt to Dorex2007 [8d 3s]
DBLBLYBSTR: folds 
Jumbaliah123: folds 
73d91: calls $0.02
djkimera: raises $0.03 to $0.05
Dorex2007: folds 
RAAAAdik: folds 
73d91: calls $0.03
*** FLOP *** [5h Kc 6d]
73d91: bets $0.06
djkimera: folds 
Uncalled bet ($0.06) returned to 73d91
73d91 collected $0.13 from pot
*** SUMMARY ***
Total pot $0.13 | Rake $0 
Board [5h Kc 6d]
Seat 1: Dorex2007 (small blind) folded before Flop
Seat 4: RAAAAdik (big blind) folded before Flop
Seat 6: DBLBLYBSTR folded before Flop (didn't bet)
Seat 7: Jumbaliah123 folded before Flop (didn't bet)
Seat 8: 73d91 collected ($0.13)
Seat 9: djkimera (button) folded on the Flop



PokerStars Hand #237367172582:  Hold'em No Limit ($0.01/$0.02 USD) - 2022/07/14 22:03:21 PT [2022/07/15 1:03:21 ET]
Table 'Chrysothemis II' 9-max Seat #1 is the button
Seat 1: Dorex2007 ($2 in chips) 
Seat 4: RAAAAdik ($2.07 in chips) 
Seat 6: DBLBLYBSTR ($2.49 in chips) 
Seat 7: Jumbaliah123 ($2 in chips) 
Seat 8: 73d91 ($2.97 in chips) 
Seat 9: djkimera ($4.02 in chips) 
RAAAAdik: posts small blind $0.01
DBLBLYBSTR: posts big blind $0.02
*** HOLE CARDS ***
Dealt to Dorex2007 [4s Ad]
Jumbaliah123: calls $0.02
73d91: calls $0.02
djkimera: folds 
Dorex2007: folds 
RAAAAdik: folds 
DBLBLYBSTR: checks 
*** FLOP *** [2h 2d Jh]
DBLBLYBSTR: checks 
Jumbaliah123: checks 
73d91: bets $0.04
DBLBLYBSTR: folds 
Jumbaliah123: calls $0.04
*** TURN *** [2h 2d Jh] [6h]
Jumbaliah123: checks 
73d91: checks 
*** RIVER *** [2h 2d Jh 6h] [Td]
Jumbaliah123: bets $0.04
73d91: calls $0.04
*** SHOW DOWN ***
Jumbaliah123: shows [Qh Th] (a flush, Queen high)
73d91: mucks hand 
Jumbaliah123 collected $0.22 from pot
*** SUMMARY ***
Total pot $0.23 | Rake $0.01 
Board [2h 2d Jh 6h Td]
Seat 1: Dorex2007 (button) folded before Flop (didn't bet)
Seat 4: RAAAAdik (small blind) folded before Flop
Seat 6: DBLBLYBSTR (big blind) folded on the Flop
Seat 7: Jumbaliah123 showed [Qh Th] and won ($0.22) with a flush, Queen high
Seat 8: 73d91 mucked [Ks Jc]
Seat 9: djkimera folded before Flop (didn't bet)



PokerStars Hand #237367179601:  Hold'em No Limit ($0.01/$0.02 USD) - 2022/07/14 22:04:22 PT [2022/07/15 1:04:22 ET]
Table 'Chrysothemis II' 9-max Seat #4 is the button
Seat 1: Dorex2007 ($2 in chips) 
Seat 4: RAAAAdik ($2.06 in chips) 
Seat 6: DBLBLYBSTR ($2.47 in chips) 
Seat 7: Jumbaliah123 ($2.12 in chips) 
Seat 8: 73d91 ($2.87 in chips) 
Seat 9: djkimera ($4.02 in chips) 
DBLBLYBSTR: posts small blind $0.01
Jumbaliah123: posts big blind $0.02
*** HOLE CARDS ***
Dealt to Dorex2007 [8h 5d]
73d91: folds 
djkimera: folds 
Dorex2007: folds 
RAAAAdik: folds 
DBLBLYBSTR: calls $0.01
Jumbaliah123: checks 
*** FLOP *** [3s Qs Td]
DBLBLYBSTR: checks 
Jumbaliah123: checks 
*** TURN *** [3s Qs Td] [Jh]
DBLBLYBSTR: bets $0.04
Jumbaliah123: folds 
Uncalled bet ($0.04) returned to DBLBLYBSTR
DBLBLYBSTR collected $0.04 from pot
*** SUMMARY ***
Total pot $0.04 | Rake $0 
Board [3s Qs Td Jh]
Seat 1: Dorex2007 folded before Flop (didn't bet)
Seat 4: RAAAAdik (button) folded before Flop (didn't bet)
Seat 6: DBLBLYBSTR (small blind) collected ($0.04)
Seat 7: Jumbaliah123 (big blind) folded on the Turn
Seat 8: 73d91 folded before Flop (didn't bet)
Seat 9: djkimera folded before Flop (didn't bet)



PokerStars Hand #237367183069:  Hold'em No Limit ($0.01/$0.02 USD) - 2022/07/14 22:04:52 PT [2022/07/15 1:04:52 ET]
Table 'Chrysothemis II' 9-max Seat #6 is the button
Seat 1: Dorex2007 ($2 in chips) 
Seat 4: RAAAAdik ($2.06 in chips) 
Seat 6: DBLBLYBSTR ($2.49 in chips) 
Seat 7: Jumbaliah123 ($2.10 in chips) 
Seat 8: 73d91 ($2.87 in chips) 
Seat 9: djkimera ($4.02 in chips) 
Jumbaliah123: posts small blind $0.01
73d91: posts big blind $0.02
*** HOLE CARDS ***
Dealt to Dorex2007 [Th 5c]
djkimera: folds 
Dorex2007: folds 
RAAAAdik: folds 
DBLBLYBSTR: raises $0.05 to $0.07
Jumbaliah123: folds 
djkimera leaves the table
73d91: folds 
Uncalled bet ($0.05) returned to DBLBLYBSTR
DBLBLYBSTR collected $0.05 from pot
*** SUMMARY ***
Total pot $0.05 | Rake $0 
Seat 1: Dorex2007 folded before Flop (didn't bet)
Seat 4: RAAAAdik folded before Flop (didn't bet)
Seat 6: DBLBLYBSTR (button) collected ($0.05)
Seat 7: Jumbaliah123 (small blind) folded before Flop
Seat 8: 73d91 (big blind) folded before Flop
Seat 9: djkimera folded before Flop (didn't bet)



PokerStars Hand #237367185377:  Hold'em No Limit ($0.01/$0.02 USD) - 2022/07/14 22:05:11 PT [2022/07/15 1:05:11 ET]
Table 'Chrysothemis II' 9-max Seat #7 is the button
Seat 1: Dorex2007 ($2 in chips) 
Seat 4: RAAAAdik ($2.06 in chips) 
Seat 6: DBLBLYBSTR ($2.52 in chips) 
Seat 7: Jumbaliah123 ($2.09 in chips) 
Seat 8: 73d91 ($2.85 in chips) 
73d91: posts small blind $0.01
Dorex2007: posts big blind $0.02
*** HOLE CARDS ***
Dealt to Dorex2007 [6s 3c]
RAAAAdik: folds 
RAAAAdik leaves the table
DBLBLYBSTR: folds 
DBLBLYBSTR leaves the table
Jumbaliah123: folds 
73d91: calls $0.01
Dorex2007: checks 
*** FLOP *** [Qs 9h Ks]
73d91: checks 
Dorex2007: checks 
*** TURN *** [Qs 9h Ks] [Ad]
73d91: checks 
Dorex2007: checks 
*** RIVER *** [Qs 9h Ks Ad] [Qd]
73d91: checks 
Dorex2007: checks 
*** SHOW DOWN ***
73d91: shows [2c 4d] (a pair of Queens)
Dorex2007: shows [6s 3c] (a pair of Queens)
73d91 collected $0.02 from pot
Dorex2007 collected $0.02 from pot
*** SUMMARY ***
Total pot $0.04 | Rake $0 
Board [Qs 9h Ks Ad Qd]
Seat 1: Dorex2007 (big blind) showed [6s 3c] and won ($0.02) with a pair of Queens
Seat 4: RAAAAdik folded before Flop (didn't bet)
Seat 6: DBLBLYBSTR folded before Flop (didn't bet)
Seat 7: Jumbaliah123 (button) folded before Flop (didn't bet)
Seat 8: 73d91 (small blind) showed [2c 4d] and won ($0.02) with a pair of Queens



