PokerStars Hand #234409862625:  Hold'em No Limit ($0.01/$0.02 USD) - 2022/02/26 15:21:42 PT [2022/02/26 18:21:42 ET]
Table 'Holmia' 9-max Seat #4 is the button
Seat 1: Tsotsos420 ($0.52 in chips) 
Seat 2: Donckske ($2.69 in chips) 
Seat 3: Dorex2007 ($2 in chips) 
Seat 4: Sensei_Wai ($1.89 in chips) 
Seat 5: RichaNex ($2.96 in chips) 
Seat 6: leomax100 ($2.10 in chips) 
Seat 7: European1000 ($1.90 in chips) 
Seat 8: alfa5466 ($1.46 in chips) 
Seat 9: marcotrippel ($0.67 in chips) 
RichaNex: posts small blind $0.01
leomax100: posts big blind $0.02
Dorex2007: posts big blind $0.02
*** HOLE CARDS ***
Dealt to Dorex2007 [8h 5d]
European1000: folds 
alfa5466: raises $0.07 to $0.09
marcotrippel: folds 
Tsotsos420: calls $0.09
Donckske: folds 
Dorex2007: folds 
Sensei_Wai: folds 
RichaNex: folds 
leomax100: folds 
*** FLOP *** [9s Jd 3c]
alfa5466: checks 
Tsotsos420: checks 
*** TURN *** [9s Jd 3c] [Ts]
alfa5466: bets $0.02
Tsotsos420: calls $0.02
*** RIVER *** [9s Jd 3c Ts] [6h]
alfa5466: bets $0.02
Tsotsos420: calls $0.02
*** SHOW DOWN ***
alfa5466: shows [Qs Ah] (high card Ace)
Tsotsos420: shows [Jh Kh] (a pair of Jacks)
Donckske leaves the table
Tsotsos420 collected $0.30 from pot
*** SUMMARY ***
Total pot $0.31 | Rake $0.01 
Board [9s Jd 3c Ts 6h]
Seat 1: Tsotsos420 showed [Jh Kh] and won ($0.30) with a pair of Jacks
Seat 2: Donckske folded before Flop (didn't bet)
Seat 3: Dorex2007 folded before Flop (didn't bet)
Seat 4: Sensei_Wai (button) folded before Flop (didn't bet)
Seat 5: RichaNex (small blind) folded before Flop
Seat 6: leomax100 (big blind) folded before Flop
Seat 7: European1000 folded before Flop (didn't bet)
Seat 8: alfa5466 showed [Qs Ah] and lost with high card Ace
Seat 9: marcotrippel folded before Flop (didn't bet)



PokerStars Hand #234409878398:  Hold'em No Limit ($0.01/$0.02 USD) - 2022/02/26 15:22:23 PT [2022/02/26 18:22:23 ET]
Table 'Holmia' 9-max Seat #5 is the button
Seat 1: Tsotsos420 ($0.69 in chips) 
Seat 3: Dorex2007 ($2 in chips) 
Seat 4: Sensei_Wai ($1.89 in chips) 
Seat 5: RichaNex ($2.95 in chips) 
Seat 6: leomax100 ($2.08 in chips) 
Seat 7: European1000 ($1.90 in chips) 
Seat 8: alfa5466 ($1.33 in chips) 
Seat 9: marcotrippel ($0.67 in chips) 
leomax100: posts small blind $0.01
European1000: posts big blind $0.02
*** HOLE CARDS ***
Dealt to Dorex2007 [2c Qs]
alfa5466: raises $0.04 to $0.06
9_pulga_9 joins the table at seat #2 
marcotrippel: folds 
Tsotsos420: folds 
Dorex2007: folds 
Sensei_Wai: folds 
RichaNex: folds 
leomax100: folds 
European1000: folds 
Uncalled bet ($0.04) returned to alfa5466
alfa5466 collected $0.05 from pot
alfa5466: doesn't show hand 
*** SUMMARY ***
Total pot $0.05 | Rake $0 
Seat 1: Tsotsos420 folded before Flop (didn't bet)
Seat 3: Dorex2007 folded before Flop (didn't bet)
Seat 4: Sensei_Wai folded before Flop (didn't bet)
Seat 5: RichaNex (button) folded before Flop (didn't bet)
Seat 6: leomax100 (small blind) folded before Flop
Seat 7: European1000 (big blind) folded before Flop
Seat 8: alfa5466 collected ($0.05)
Seat 9: marcotrippel folded before Flop (didn't bet)



PokerStars Hand #234409885501:  Hold'em No Limit ($0.01/$0.02 USD) - 2022/02/26 15:22:42 PT [2022/02/26 18:22:42 ET]
Table 'Holmia' 9-max Seat #6 is the button
Seat 1: Tsotsos420 ($0.69 in chips) 
Seat 3: Dorex2007 ($2 in chips) 
Seat 4: Sensei_Wai ($1.89 in chips) 
Seat 5: RichaNex ($2.95 in chips) 
Seat 6: leomax100 ($2.07 in chips) 
Seat 7: European1000 ($1.88 in chips) 
Seat 8: alfa5466 ($1.36 in chips) 
Seat 9: marcotrippel ($0.67 in chips) 
European1000: posts small blind $0.01
alfa5466: posts big blind $0.02
9_pulga_9: sits out 
*** HOLE CARDS ***
Dealt to Dorex2007 [5s Ad]
marcotrippel: folds 
Tsotsos420: folds 
Dorex2007: folds 
Sensei_Wai: folds 
RichaNex: folds 
leomax100: folds 
European1000: folds 
Uncalled bet ($0.01) returned to alfa5466
alfa5466 collected $0.02 from pot
*** SUMMARY ***
Total pot $0.02 | Rake $0 
Seat 1: Tsotsos420 folded before Flop (didn't bet)
Seat 3: Dorex2007 folded before Flop (didn't bet)
Seat 4: Sensei_Wai folded before Flop (didn't bet)
Seat 5: RichaNex folded before Flop (didn't bet)
Seat 6: leomax100 (button) folded before Flop (didn't bet)
Seat 7: European1000 (small blind) folded before Flop
Seat 8: alfa5466 (big blind) collected ($0.02)
Seat 9: marcotrippel folded before Flop (didn't bet)



PokerStars Hand #234409892416:  Hold'em No Limit ($0.01/$0.02 USD) - 2022/02/26 15:23:00 PT [2022/02/26 18:23:00 ET]
Table 'Holmia' 9-max Seat #7 is the button
Seat 1: Tsotsos420 ($0.69 in chips) 
Seat 3: Dorex2007 ($2 in chips) 
Seat 4: Sensei_Wai ($1.89 in chips) 
Seat 5: RichaNex ($2.95 in chips) 
Seat 6: leomax100 ($2.07 in chips) 
Seat 7: European1000 ($1.87 in chips) 
Seat 8: alfa5466 ($1.37 in chips) 
Seat 9: marcotrippel ($0.67 in chips) 
alfa5466: posts small blind $0.01
marcotrippel: posts big blind $0.02
9_pulga_9: sits out 
*** HOLE CARDS ***
Dealt to Dorex2007 [3d 5s]
Tsotsos420: folds 
Dorex2007: folds 
Sensei_Wai: folds 
RichaNex: folds 
leomax100: folds 
European1000: calls $0.02
alfa5466: calls $0.01
marcotrippel: checks 
*** FLOP *** [3s Ts Ks]
alfa5466: checks 
marcotrippel: checks 
European1000: bets $0.04
alfa5466: folds 
marcotrippel: calls $0.04
*** TURN *** [3s Ts Ks] [4c]
marcotrippel: checks 
European1000: checks 
*** RIVER *** [3s Ts Ks 4c] [3h]
marcotrippel: bets $0.10
European1000: folds 
Uncalled bet ($0.10) returned to marcotrippel
marcotrippel collected $0.14 from pot
marcotrippel: doesn't show hand 
*** SUMMARY ***
Total pot $0.14 | Rake $0 
Board [3s Ts Ks 4c 3h]
Seat 1: Tsotsos420 folded before Flop (didn't bet)
Seat 3: Dorex2007 folded before Flop (didn't bet)
Seat 4: Sensei_Wai folded before Flop (didn't bet)
Seat 5: RichaNex folded before Flop (didn't bet)
Seat 6: leomax100 folded before Flop (didn't bet)
Seat 7: European1000 (button) folded on the River
Seat 8: alfa5466 (small blind) folded on the Flop
Seat 9: marcotrippel (big blind) collected ($0.14)



PokerStars Hand #234409913585:  Hold'em No Limit ($0.01/$0.02 USD) - 2022/02/26 15:23:44 PT [2022/02/26 18:23:44 ET]
Table 'Holmia' 9-max Seat #8 is the button
Seat 1: Tsotsos420 ($0.69 in chips) 
Seat 3: Dorex2007 ($2 in chips) 
Seat 4: Sensei_Wai ($1.89 in chips) 
Seat 5: RichaNex ($2.95 in chips) 
Seat 6: leomax100 ($2.07 in chips) 
Seat 7: European1000 ($1.81 in chips) 
Seat 8: alfa5466 ($1.35 in chips) 
Seat 9: marcotrippel ($0.75 in chips) 
marcotrippel: posts small blind $0.01
Tsotsos420: posts big blind $0.02
9_pulga_9: sits out 
*** HOLE CARDS ***
Dealt to Dorex2007 [6d 8c]
Dorex2007: folds 
Sensei_Wai: folds 
RichaNex: folds 
leomax100: folds 
European1000: calls $0.02
alfa5466: calls $0.02
marcotrippel: calls $0.01
Tsotsos420: checks 
*** FLOP *** [4d Jc Qs]
marcotrippel: bets $0.02
Tsotsos420: calls $0.02
European1000: folds 
alfa5466: calls $0.02
*** TURN *** [4d Jc Qs] [Js]
marcotrippel: bets $0.02
Tsotsos420: calls $0.02
alfa5466: folds 
*** RIVER *** [4d Jc Qs Js] [5h]
marcotrippel: bets $0.02
Tsotsos420: calls $0.02
*** SHOW DOWN ***
marcotrippel: shows [Qd 8s] (two pair, Queens and Jacks)
Tsotsos420: mucks hand 
marcotrippel collected $0.21 from pot
*** SUMMARY ***
Total pot $0.22 | Rake $0.01 
Board [4d Jc Qs Js 5h]
Seat 1: Tsotsos420 (big blind) mucked [8d Tc]
Seat 3: Dorex2007 folded before Flop (didn't bet)
Seat 4: Sensei_Wai folded before Flop (didn't bet)
Seat 5: RichaNex folded before Flop (didn't bet)
Seat 6: leomax100 folded before Flop (didn't bet)
Seat 7: European1000 folded on the Flop
Seat 8: alfa5466 (button) folded on the Turn
Seat 9: marcotrippel (small blind) showed [Qd 8s] and won ($0.21) with two pair, Queens and Jacks



PokerStars Hand #234409932563:  Hold'em No Limit ($0.01/$0.02 USD) - 2022/02/26 15:24:33 PT [2022/02/26 18:24:33 ET]
Table 'Holmia' 9-max Seat #9 is the button
Seat 1: Tsotsos420 ($0.61 in chips) 
Seat 2: 9_pulga_9 ($2 in chips) 
Seat 3: Dorex2007 ($2 in chips) 
Seat 4: Sensei_Wai ($1.89 in chips) 
Seat 5: RichaNex ($2.95 in chips) 
Seat 6: leomax100 ($2.07 in chips) 
Seat 7: European1000 ($1.79 in chips) 
Seat 8: alfa5466 ($1.31 in chips) 
Seat 9: marcotrippel ($0.88 in chips) 
Tsotsos420: posts small blind $0.01
9_pulga_9: posts big blind $0.02
*** HOLE CARDS ***
Dealt to Dorex2007 [Ac 9s]
Dorex2007: folds 
Sensei_Wai: folds 
RichaNex: folds 
leomax100: folds 
European1000: folds 
alfa5466: folds 
marcotrippel: raises $0.02 to $0.04
Tsotsos420: folds 
9_pulga_9: calls $0.02
*** FLOP *** [Qd 6s 5c]
9_pulga_9: checks 
marcotrippel: bets $0.06
9_pulga_9: raises $0.21 to $0.27
marcotrippel: folds 
Uncalled bet ($0.21) returned to 9_pulga_9
9_pulga_9 collected $0.20 from pot
9_pulga_9: doesn't show hand 
*** SUMMARY ***
Total pot $0.21 | Rake $0.01 
Board [Qd 6s 5c]
Seat 1: Tsotsos420 (small blind) folded before Flop
Seat 2: 9_pulga_9 (big blind) collected ($0.20)
Seat 3: Dorex2007 folded before Flop (didn't bet)
Seat 4: Sensei_Wai folded before Flop (didn't bet)
Seat 5: RichaNex folded before Flop (didn't bet)
Seat 6: leomax100 folded before Flop (didn't bet)
Seat 7: European1000 folded before Flop (didn't bet)
Seat 8: alfa5466 folded before Flop (didn't bet)
Seat 9: marcotrippel (button) folded on the Flop



PokerStars Hand #234409955201:  Hold'em No Limit ($0.01/$0.02 USD) - 2022/02/26 15:25:11 PT [2022/02/26 18:25:11 ET]
Table 'Holmia' 9-max Seat #1 is the button
Seat 1: Tsotsos420 ($0.60 in chips) 
Seat 2: 9_pulga_9 ($2.10 in chips) 
Seat 3: Dorex2007 ($2 in chips) 
Seat 4: Sensei_Wai ($1.89 in chips) 
Seat 5: RichaNex ($2.95 in chips) 
Seat 6: leomax100 ($2.07 in chips) 
Seat 7: European1000 ($1.79 in chips) 
Seat 8: alfa5466 ($1.31 in chips) 
Seat 9: marcotrippel ($0.78 in chips) 
9_pulga_9: posts small blind $0.01
Dorex2007: posts big blind $0.02
*** HOLE CARDS ***
Dealt to Dorex2007 [7d 4s]
Sensei_Wai: folds 
RichaNex: folds 
leomax100: folds 
European1000: folds 
alfa5466: calls $0.02
marcotrippel: folds 
Tsotsos420: calls $0.02
9_pulga_9: calls $0.01
Dorex2007: checks 
*** FLOP *** [Kd As 7c]
9_pulga_9: checks 
Dorex2007: checks 
alfa5466: checks 
Tsotsos420: bets $0.02
9_pulga_9: folds 
Dorex2007: calls $0.02
alfa5466: folds 
*** TURN *** [Kd As 7c] [Qh]
Dorex2007: checks 
Tsotsos420: bets $0.56 and is all-in
Dorex2007: folds 
Uncalled bet ($0.56) returned to Tsotsos420
Tsotsos420 collected $0.12 from pot
Tsotsos420: doesn't show hand 
*** SUMMARY ***
Total pot $0.12 | Rake $0 
Board [Kd As 7c Qh]
Seat 1: Tsotsos420 (button) collected ($0.12)
Seat 2: 9_pulga_9 (small blind) folded on the Flop
Seat 3: Dorex2007 (big blind) folded on the Turn
Seat 4: Sensei_Wai folded before Flop (didn't bet)
Seat 5: RichaNex folded before Flop (didn't bet)
Seat 6: leomax100 folded before Flop (didn't bet)
Seat 7: European1000 folded before Flop (didn't bet)
Seat 8: alfa5466 folded on the Flop
Seat 9: marcotrippel folded before Flop (didn't bet)



PokerStars Hand #234409968894:  Hold'em No Limit ($0.01/$0.02 USD) - 2022/02/26 15:25:47 PT [2022/02/26 18:25:47 ET]
Table 'Holmia' 9-max Seat #2 is the button
Seat 1: Tsotsos420 ($0.68 in chips) 
Seat 2: 9_pulga_9 ($2.08 in chips) 
Seat 3: Dorex2007 ($2 in chips) 
Seat 4: Sensei_Wai ($1.89 in chips) 
Seat 5: RichaNex ($2.95 in chips) 
Seat 6: leomax100 ($2.07 in chips) 
Seat 7: European1000 ($1.79 in chips) 
Seat 8: alfa5466 ($1.29 in chips) 
Seat 9: marcotrippel ($0.78 in chips) 
Dorex2007: posts small blind $0.01
Sensei_Wai: posts big blind $0.02
*** HOLE CARDS ***
Dealt to Dorex2007 [Td 8d]
RichaNex: folds 
leomax100: raises $0.04 to $0.06
European1000: folds 
alfa5466: folds 
marcotrippel: folds 
Tsotsos420: folds 
9_pulga_9: calls $0.06
Dorex2007: folds 
Sensei_Wai: folds 
*** FLOP *** [Ts 8h 2h]
leomax100: bets $0.07
9_pulga_9: folds 
Uncalled bet ($0.07) returned to leomax100
leomax100 collected $0.14 from pot
leomax100: doesn't show hand 
*** SUMMARY ***
Total pot $0.15 | Rake $0.01 
Board [Ts 8h 2h]
Seat 1: Tsotsos420 folded before Flop (didn't bet)
Seat 2: 9_pulga_9 (button) folded on the Flop
Seat 3: Dorex2007 (small blind) folded before Flop
Seat 4: Sensei_Wai (big blind) folded before Flop
Seat 5: RichaNex folded before Flop (didn't bet)
Seat 6: leomax100 collected ($0.14)
Seat 7: European1000 folded before Flop (didn't bet)
Seat 8: alfa5466 folded before Flop (didn't bet)
Seat 9: marcotrippel folded before Flop (didn't bet)



PokerStars Hand #234409978142:  Hold'em No Limit ($0.01/$0.02 USD) - 2022/02/26 15:26:11 PT [2022/02/26 18:26:11 ET]
Table 'Holmia' 9-max Seat #3 is the button
Seat 1: Tsotsos420 ($0.68 in chips) 
Seat 2: 9_pulga_9 ($2.02 in chips) 
Seat 3: Dorex2007 ($2 in chips) 
Seat 4: Sensei_Wai ($1.87 in chips) 
Seat 5: RichaNex ($2.95 in chips) 
Seat 6: leomax100 ($2.15 in chips) 
Seat 7: European1000 ($1.79 in chips) 
Seat 8: alfa5466 ($1.29 in chips) 
Seat 9: marcotrippel ($0.78 in chips) 
Sensei_Wai: posts small blind $0.01
RichaNex: posts big blind $0.02
*** HOLE CARDS ***
Dealt to Dorex2007 [4d 3d]
leomax100: folds 
European1000: calls $0.02
alfa5466: calls $0.02
marcotrippel has timed out
marcotrippel: folds 
Tsotsos420: folds 
9_pulga_9: calls $0.02
Dorex2007: folds 
Sensei_Wai: calls $0.01
RichaNex: checks 
*** FLOP *** [3c 4s 5d]
Sensei_Wai: checks 
RichaNex: checks 
European1000: checks 
alfa5466: checks 
9_pulga_9: bets $0.06
Sensei_Wai: folds 
RichaNex: folds 
European1000: folds 
alfa5466: folds 
Uncalled bet ($0.06) returned to 9_pulga_9
9_pulga_9 collected $0.10 from pot
9_pulga_9: doesn't show hand 
*** SUMMARY ***
Total pot $0.10 | Rake $0 
Board [3c 4s 5d]
Seat 1: Tsotsos420 folded before Flop (didn't bet)
Seat 2: 9_pulga_9 collected ($0.10)
Seat 3: Dorex2007 (button) folded before Flop (didn't bet)
Seat 4: Sensei_Wai (small blind) folded on the Flop
Seat 5: RichaNex (big blind) folded on the Flop
Seat 6: leomax100 folded before Flop (didn't bet)
Seat 7: European1000 folded on the Flop
Seat 8: alfa5466 folded on the Flop
Seat 9: marcotrippel folded before Flop (didn't bet)



PokerStars Hand #234410001000:  Hold'em No Limit ($0.01/$0.02 USD) - 2022/02/26 15:27:11 PT [2022/02/26 18:27:11 ET]
Table 'Holmia' 9-max Seat #4 is the button
Seat 1: Tsotsos420 ($0.68 in chips) 
Seat 2: 9_pulga_9 ($2.10 in chips) 
Seat 3: Dorex2007 ($2 in chips) 
Seat 4: Sensei_Wai ($1.85 in chips) 
Seat 5: RichaNex ($2.93 in chips) 
Seat 6: leomax100 ($2.15 in chips) 
Seat 7: European1000 ($1.77 in chips) 
Seat 8: alfa5466 ($1.27 in chips) 
Seat 9: marcotrippel ($0.78 in chips) 
RichaNex: posts small blind $0.01
leomax100: posts big blind $0.02
*** HOLE CARDS ***
Dealt to Dorex2007 [Qh 6d]
European1000: folds 
alfa5466: calls $0.02
marcotrippel: folds 
Tsotsos420: calls $0.02
9_pulga_9: calls $0.02
Dorex2007: folds 
Sensei_Wai: folds 
RichaNex: folds 
leomax100: checks 
*** FLOP *** [2s 9h Qd]
leomax100: checks 
alfa5466: checks 
Tsotsos420: checks 
9_pulga_9: checks 
*** TURN *** [2s 9h Qd] [6s]
leomax100: checks 
alfa5466: checks 
Tsotsos420: checks 
9_pulga_9: checks 
*** RIVER *** [2s 9h Qd 6s] [2d]
leomax100: checks 
alfa5466: checks 
Tsotsos420: checks 
9_pulga_9: checks 
*** SHOW DOWN ***
leomax100: shows [4c 3h] (a pair of Deuces)
alfa5466: shows [8c As] (a pair of Deuces - Ace kicker)
Tsotsos420: mucks hand 
9_pulga_9: mucks hand 
alfa5466 collected $0.09 from pot
*** SUMMARY ***
Total pot $0.09 | Rake $0 
Board [2s 9h Qd 6s 2d]
Seat 1: Tsotsos420 mucked [Ts 8d]
Seat 2: 9_pulga_9 mucked [7c 3c]
Seat 3: Dorex2007 folded before Flop (didn't bet)
Seat 4: Sensei_Wai (button) folded before Flop (didn't bet)
Seat 5: RichaNex (small blind) folded before Flop
Seat 6: leomax100 (big blind) showed [4c 3h] and lost with a pair of Deuces
Seat 7: European1000 folded before Flop (didn't bet)
Seat 8: alfa5466 showed [8c As] and won ($0.09) with a pair of Deuces
Seat 9: marcotrippel folded before Flop (didn't bet)



PokerStars Hand #234410017299:  Hold'em No Limit ($0.01/$0.02 USD) - 2022/02/26 15:27:54 PT [2022/02/26 18:27:54 ET]
Table 'Holmia' 9-max Seat #5 is the button
Seat 1: Tsotsos420 ($0.66 in chips) 
Seat 2: 9_pulga_9 ($2.08 in chips) 
Seat 3: Dorex2007 ($2 in chips) 
Seat 4: Sensei_Wai ($1.85 in chips) 
Seat 5: RichaNex ($2.92 in chips) 
Seat 6: leomax100 ($2.13 in chips) 
Seat 7: European1000 ($1.77 in chips) 
Seat 8: alfa5466 ($1.34 in chips) 
Seat 9: marcotrippel ($0.78 in chips) 
leomax100: posts small blind $0.01
European1000: posts big blind $0.02
*** HOLE CARDS ***
Dealt to Dorex2007 [5c 7h]
alfa5466: calls $0.02
marcotrippel: folds 
Tsotsos420: calls $0.02
9_pulga_9: calls $0.02
Dorex2007: folds 
Sensei_Wai: folds 
RichaNex: folds 
leomax100: folds 
European1000: checks 
*** FLOP *** [9h Jh As]
European1000: checks 
alfa5466: checks 
Tsotsos420: checks 
9_pulga_9: checks 
*** TURN *** [9h Jh As] [Tc]
European1000: checks 
alfa5466: checks 
Tsotsos420: checks 
9_pulga_9: checks 
*** RIVER *** [9h Jh As Tc] [Td]
European1000: checks 
alfa5466: checks 
Tsotsos420: checks 
9_pulga_9: bets $0.09
European1000: folds 
alfa5466: folds 
Tsotsos420: folds 
Uncalled bet ($0.09) returned to 9_pulga_9
9_pulga_9 collected $0.09 from pot
9_pulga_9: doesn't show hand 
*** SUMMARY ***
Total pot $0.09 | Rake $0 
Board [9h Jh As Tc Td]
Seat 1: Tsotsos420 folded on the River
Seat 2: 9_pulga_9 collected ($0.09)
Seat 3: Dorex2007 folded before Flop (didn't bet)
Seat 4: Sensei_Wai folded before Flop (didn't bet)
Seat 5: RichaNex (button) folded before Flop (didn't bet)
Seat 6: leomax100 (small blind) folded before Flop
Seat 7: European1000 (big blind) folded on the River
Seat 8: alfa5466 folded on the River
Seat 9: marcotrippel folded before Flop (didn't bet)



PokerStars Hand #234410030464:  Hold'em No Limit ($0.01/$0.02 USD) - 2022/02/26 15:28:29 PT [2022/02/26 18:28:29 ET]
Table 'Holmia' 9-max Seat #6 is the button
Seat 1: Tsotsos420 ($0.64 in chips) 
Seat 2: 9_pulga_9 ($2.15 in chips) 
Seat 3: Dorex2007 ($2 in chips) 
Seat 4: Sensei_Wai ($1.85 in chips) 
Seat 5: RichaNex ($2.92 in chips) 
Seat 6: leomax100 ($2.12 in chips) 
Seat 7: European1000 ($1.75 in chips) 
Seat 8: alfa5466 ($1.32 in chips) 
Seat 9: marcotrippel ($0.78 in chips) 
European1000: posts small blind $0.01
alfa5466: posts big blind $0.02
*** HOLE CARDS ***
Dealt to Dorex2007 [9s 6h]
marcotrippel: folds 
Tsotsos420: folds 
9_pulga_9: calls $0.02
Dorex2007: folds 
Sensei_Wai: folds 
RichaNex: folds 
leomax100: raises $0.07 to $0.09
European1000: folds 
alfa5466: folds 
9_pulga_9: calls $0.07
*** FLOP *** [Td Ad Th]
9_pulga_9: checks 
leomax100: checks 
*** TURN *** [Td Ad Th] [8c]
9_pulga_9: checks 
leomax100: bets $0.20
9_pulga_9: folds 
Uncalled bet ($0.20) returned to leomax100
leomax100 collected $0.20 from pot
leomax100: doesn't show hand 
*** SUMMARY ***
Total pot $0.21 | Rake $0.01 
Board [Td Ad Th 8c]
Seat 1: Tsotsos420 folded before Flop (didn't bet)
Seat 2: 9_pulga_9 folded on the Turn
Seat 3: Dorex2007 folded before Flop (didn't bet)
Seat 4: Sensei_Wai folded before Flop (didn't bet)
Seat 5: RichaNex folded before Flop (didn't bet)
Seat 6: leomax100 (button) collected ($0.20)
Seat 7: European1000 (small blind) folded before Flop
Seat 8: alfa5466 (big blind) folded before Flop
Seat 9: marcotrippel folded before Flop (didn't bet)



PokerStars Hand #234410043235:  Hold'em No Limit ($0.01/$0.02 USD) - 2022/02/26 15:29:03 PT [2022/02/26 18:29:03 ET]
Table 'Holmia' 9-max Seat #7 is the button
Seat 1: Tsotsos420 ($0.64 in chips) 
Seat 2: 9_pulga_9 ($2.06 in chips) 
Seat 3: Dorex2007 ($2 in chips) 
Seat 4: Sensei_Wai ($1.85 in chips) 
Seat 5: RichaNex ($2.92 in chips) 
Seat 6: leomax100 ($2.23 in chips) 
Seat 7: European1000 ($1.74 in chips) 
Seat 8: alfa5466 ($1.30 in chips) 
Seat 9: marcotrippel ($0.78 in chips) 
alfa5466: posts small blind $0.01
marcotrippel: posts big blind $0.02
*** HOLE CARDS ***
Dealt to Dorex2007 [8h Td]
Tsotsos420: folds 
9_pulga_9: folds 
Dorex2007: folds 
Sensei_Wai: folds 
RichaNex has timed out
RichaNex: folds 
leomax100: folds 
European1000: raises $0.02 to $0.04
alfa5466: calls $0.03
marcotrippel: calls $0.02
*** FLOP *** [Kc 5h Qc]
alfa5466: checks 
marcotrippel: checks 
European1000: bets $0.08
alfa5466: calls $0.08
marcotrippel: folds 
*** TURN *** [Kc 5h Qc] [Ks]
alfa5466: checks 
European1000: checks 
*** RIVER *** [Kc 5h Qc Ks] [Jc]
alfa5466: checks 
European1000: checks 
*** SHOW DOWN ***
alfa5466: shows [9c Jd] (two pair, Kings and Jacks)
European1000: mucks hand 
alfa5466 collected $0.27 from pot
*** SUMMARY ***
Total pot $0.28 | Rake $0.01 
Board [Kc 5h Qc Ks Jc]
Seat 1: Tsotsos420 folded before Flop (didn't bet)
Seat 2: 9_pulga_9 folded before Flop (didn't bet)
Seat 3: Dorex2007 folded before Flop (didn't bet)
Seat 4: Sensei_Wai folded before Flop (didn't bet)
Seat 5: RichaNex folded before Flop (didn't bet)
Seat 6: leomax100 folded before Flop (didn't bet)
Seat 7: European1000 (button) mucked [9h 8d]
Seat 8: alfa5466 (small blind) showed [9c Jd] and won ($0.27) with two pair, Kings and Jacks
Seat 9: marcotrippel (big blind) folded on the Flop



PokerStars Hand #234410070648:  Hold'em No Limit ($0.01/$0.02 USD) - 2022/02/26 15:30:16 PT [2022/02/26 18:30:16 ET]
Table 'Holmia' 9-max Seat #8 is the button
Seat 1: Tsotsos420 ($0.64 in chips) 
Seat 2: 9_pulga_9 ($2.06 in chips) 
Seat 3: Dorex2007 ($2 in chips) 
Seat 4: Sensei_Wai ($1.85 in chips) 
Seat 5: RichaNex ($2.92 in chips) 
Seat 6: leomax100 ($2.23 in chips) 
Seat 7: European1000 ($1.62 in chips) 
Seat 8: alfa5466 ($1.45 in chips) 
Seat 9: marcotrippel ($0.74 in chips) 
marcotrippel: posts small blind $0.01
Tsotsos420: posts big blind $0.02
*** HOLE CARDS ***
Dealt to Dorex2007 [2c Ah]
9_pulga_9: folds 
Dorex2007: folds 
Sensei_Wai: folds 
RichaNex: raises $0.04 to $0.06
leomax100: folds 
European1000: folds 
alfa5466: calls $0.06
marcotrippel: calls $0.05
Tsotsos420: calls $0.04
*** FLOP *** [Qc 4s 6s]
marcotrippel: checks 
Tsotsos420: bets $0.02
RichaNex: raises $0.06 to $0.08
alfa5466: calls $0.08
marcotrippel: folds 
Tsotsos420: calls $0.06
*** TURN *** [Qc 4s 6s] [Tc]
Tsotsos420: bets $0.04
RichaNex: raises $0.27 to $0.31
alfa5466: folds 
Tsotsos420: calls $0.27
*** RIVER *** [Qc 4s 6s Tc] [Ks]
Tsotsos420: bets $0.19 and is all-in
RichaNex: calls $0.19
*** SHOW DOWN ***
Tsotsos420: shows [8d 7s] (high card King)
RichaNex: shows [Qs Td] (two pair, Queens and Tens)
RichaNex collected $1.43 from pot
*** SUMMARY ***
Total pot $1.48 | Rake $0.05 
Board [Qc 4s 6s Tc Ks]
Seat 1: Tsotsos420 (big blind) showed [8d 7s] and lost with high card King
Seat 2: 9_pulga_9 folded before Flop (didn't bet)
Seat 3: Dorex2007 folded before Flop (didn't bet)
Seat 4: Sensei_Wai folded before Flop (didn't bet)
Seat 5: RichaNex showed [Qs Td] and won ($1.43) with two pair, Queens and Tens
Seat 6: leomax100 folded before Flop (didn't bet)
Seat 7: European1000 folded before Flop (didn't bet)
Seat 8: alfa5466 (button) folded on the Turn
Seat 9: marcotrippel (small blind) folded on the Flop



PokerStars Hand #234410098932:  Hold'em No Limit ($0.01/$0.02 USD) - 2022/02/26 15:31:30 PT [2022/02/26 18:31:30 ET]
Table 'Holmia' 9-max Seat #9 is the button
Seat 2: 9_pulga_9 ($2.06 in chips) 
Seat 3: Dorex2007 ($2 in chips) 
Seat 4: Sensei_Wai ($1.85 in chips) 
Seat 5: RichaNex ($3.71 in chips) 
Seat 6: leomax100 ($2.23 in chips) 
Seat 7: European1000 ($1.62 in chips) 
Seat 8: alfa5466 ($1.31 in chips) 
Seat 9: marcotrippel ($0.68 in chips) 
9_pulga_9: posts small blind $0.01
Dorex2007: posts big blind $0.02
*** HOLE CARDS ***
Dealt to Dorex2007 [9s Qh]
Sensei_Wai: folds 
RichaNex: folds 
Tsotsos420 leaves the table
leomax100: folds 
European1000: folds 
alfa5466: calls $0.02
CptnAhab777 joins the table at seat #1 
marcotrippel: folds 
9_pulga_9: calls $0.01
Dorex2007: checks 
*** FLOP *** [6h Tc Jd]
9_pulga_9: bets $0.06
Dorex2007: calls $0.06
alfa5466: folds 
*** TURN *** [6h Tc Jd] [2s]
9_pulga_9: bets $0.17
Dorex2007: folds 
Uncalled bet ($0.17) returned to 9_pulga_9
9_pulga_9 collected $0.17 from pot
9_pulga_9: doesn't show hand 
*** SUMMARY ***
Total pot $0.18 | Rake $0.01 
Board [6h Tc Jd 2s]
Seat 2: 9_pulga_9 (small blind) collected ($0.17)
Seat 3: Dorex2007 (big blind) folded on the Turn
Seat 4: Sensei_Wai folded before Flop (didn't bet)
Seat 5: RichaNex folded before Flop (didn't bet)
Seat 6: leomax100 folded before Flop (didn't bet)
Seat 7: European1000 folded before Flop (didn't bet)
Seat 8: alfa5466 folded on the Flop
Seat 9: marcotrippel (button) folded before Flop (didn't bet)



PokerStars Hand #234410110869:  Hold'em No Limit ($0.01/$0.02 USD) - 2022/02/26 15:32:01 PT [2022/02/26 18:32:01 ET]
Table 'Holmia' 9-max Seat #2 is the button
Seat 2: 9_pulga_9 ($2.15 in chips) 
Seat 3: Dorex2007 ($2 in chips) 
Seat 4: Sensei_Wai ($1.85 in chips) 
Seat 5: RichaNex ($3.71 in chips) 
Seat 6: leomax100 ($2.23 in chips) 
Seat 7: European1000 ($1.62 in chips) 
Seat 8: alfa5466 ($1.29 in chips) 
Seat 9: marcotrippel ($0.68 in chips) 
Dorex2007: posts small blind $0.01
Sensei_Wai: posts big blind $0.02
CptnAhab777: sits out 
*** HOLE CARDS ***
Dealt to Dorex2007 [Ks Tc]
RichaNex: raises $0.04 to $0.06
leomax100: folds 
European1000: folds 
alfa5466: calls $0.06
marcotrippel: folds 
9_pulga_9: folds 
Dorex2007: folds 
Sensei_Wai: folds 
*** FLOP *** [9c 7c Qs]
RichaNex: bets $0.06
alfa5466: calls $0.06
*** TURN *** [9c 7c Qs] [5h]
RichaNex: bets $0.20
alfa5466: calls $0.20
*** RIVER *** [9c 7c Qs 5h] [4h]
RichaNex: checks 
alfa5466: checks 
*** SHOW DOWN ***
RichaNex: shows [Td Qd] (a pair of Queens)
alfa5466: mucks hand 
RichaNex collected $0.65 from pot
*** SUMMARY ***
Total pot $0.67 | Rake $0.02 
Board [9c 7c Qs 5h 4h]
Seat 2: 9_pulga_9 (button) folded before Flop (didn't bet)
Seat 3: Dorex2007 (small blind) folded before Flop
Seat 4: Sensei_Wai (big blind) folded before Flop
Seat 5: RichaNex showed [Td Qd] and won ($0.65) with a pair of Queens
Seat 6: leomax100 folded before Flop (didn't bet)
Seat 7: European1000 folded before Flop (didn't bet)
Seat 8: alfa5466 mucked [6s 7d]
Seat 9: marcotrippel folded before Flop (didn't bet)



PokerStars Hand #234410133755:  Hold'em No Limit ($0.01/$0.02 USD) - 2022/02/26 15:33:01 PT [2022/02/26 18:33:01 ET]
Table 'Holmia' 9-max Seat #3 is the button
Seat 2: 9_pulga_9 ($2.15 in chips) 
Seat 3: Dorex2007 ($2 in chips) 
Seat 4: Sensei_Wai ($1.83 in chips) 
Seat 5: RichaNex ($4.04 in chips) 
Seat 6: leomax100 ($2.23 in chips) 
Seat 7: European1000 ($1.62 in chips) 
Seat 8: alfa5466 ($0.97 in chips) 
Seat 9: marcotrippel ($0.68 in chips) 
Sensei_Wai: posts small blind $0.01
RichaNex: posts big blind $0.02
CptnAhab777: sits out 
*** HOLE CARDS ***
Dealt to Dorex2007 [9s 3d]
leomax100: folds 
European1000: calls $0.02
alfa5466: calls $0.02
marcotrippel: folds 
9_pulga_9: calls $0.02
Dorex2007: folds 
Sensei_Wai: folds 
RichaNex: checks 
*** FLOP *** [Js 8s 7c]
RichaNex: checks 
European1000: checks 
alfa5466: bets $0.09
9_pulga_9: folds 
RichaNex: folds 
European1000: calls $0.09
*** TURN *** [Js 8s 7c] [Jd]
European1000: checks 
alfa5466: bets $0.26
European1000: folds 
Uncalled bet ($0.26) returned to alfa5466
alfa5466 collected $0.26 from pot
*** SUMMARY ***
Total pot $0.27 | Rake $0.01 
Board [Js 8s 7c Jd]
Seat 2: 9_pulga_9 folded on the Flop
Seat 3: Dorex2007 (button) folded before Flop (didn't bet)
Seat 4: Sensei_Wai (small blind) folded before Flop
Seat 5: RichaNex (big blind) folded on the Flop
Seat 6: leomax100 folded before Flop (didn't bet)
Seat 7: European1000 folded on the Turn
Seat 8: alfa5466 collected ($0.26)
Seat 9: marcotrippel folded before Flop (didn't bet)



PokerStars Hand #234410156520:  Hold'em No Limit ($0.01/$0.02 USD) - 2022/02/26 15:34:02 PT [2022/02/26 18:34:02 ET]
Table 'Holmia' 9-max Seat #4 is the button
Seat 2: 9_pulga_9 ($2.13 in chips) 
Seat 3: Dorex2007 ($2 in chips) 
Seat 4: Sensei_Wai ($1.82 in chips) 
Seat 5: RichaNex ($4.02 in chips) 
Seat 6: leomax100 ($2.23 in chips) 
Seat 7: European1000 ($1.51 in chips) 
Seat 8: alfa5466 ($1.12 in chips) 
Seat 9: marcotrippel ($0.68 in chips) 
RichaNex: posts small blind $0.01
leomax100: posts big blind $0.02
CptnAhab777: sits out 
*** HOLE CARDS ***
Dealt to Dorex2007 [Ks 4h]
European1000: folds 
alfa5466: calls $0.02
marcotrippel has timed out
marcotrippel: folds 
9_pulga_9: folds 
Dorex2007: folds 
Sensei_Wai: folds 
RichaNex: folds 
leomax100: checks 
*** FLOP *** [9d 5d Jd]
leomax100: checks 
alfa5466: checks 
*** TURN *** [9d 5d Jd] [9s]
leomax100: bets $0.05
alfa5466: folds 
Uncalled bet ($0.05) returned to leomax100
leomax100 collected $0.05 from pot
leomax100: doesn't show hand 
*** SUMMARY ***
Total pot $0.05 | Rake $0 
Board [9d 5d Jd 9s]
Seat 2: 9_pulga_9 folded before Flop (didn't bet)
Seat 3: Dorex2007 folded before Flop (didn't bet)
Seat 4: Sensei_Wai (button) folded before Flop (didn't bet)
Seat 5: RichaNex (small blind) folded before Flop
Seat 6: leomax100 (big blind) collected ($0.05)
Seat 7: European1000 folded before Flop (didn't bet)
Seat 8: alfa5466 folded on the Turn
Seat 9: marcotrippel folded before Flop (didn't bet)



PokerStars Hand #234410170756:  Hold'em No Limit ($0.01/$0.02 USD) - 2022/02/26 15:34:40 PT [2022/02/26 18:34:40 ET]
Table 'Holmia' 9-max Seat #5 is the button
Seat 2: 9_pulga_9 ($2.13 in chips) 
Seat 3: Dorex2007 ($2 in chips) 
Seat 4: Sensei_Wai ($1.82 in chips) 
Seat 5: RichaNex ($4.01 in chips) 
Seat 6: leomax100 ($2.26 in chips) 
Seat 7: European1000 ($1.51 in chips) 
Seat 8: alfa5466 ($1.10 in chips) 
leomax100: posts small blind $0.01
European1000: posts big blind $0.02
CptnAhab777: sits out 
*** HOLE CARDS ***
Dealt to Dorex2007 [4c 5s]
alfa5466: raises $0.05 to $0.07
9_pulga_9: folds 
Dorex2007: folds 
Sensei_Wai: folds 
RichaNex: folds 
leomax100: folds 
European1000: folds 
Uncalled bet ($0.05) returned to alfa5466
alfa5466 collected $0.05 from pot
alfa5466: doesn't show hand 
*** SUMMARY ***
Total pot $0.05 | Rake $0 
Seat 2: 9_pulga_9 folded before Flop (didn't bet)
Seat 3: Dorex2007 folded before Flop (didn't bet)
Seat 4: Sensei_Wai folded before Flop (didn't bet)
Seat 5: RichaNex (button) folded before Flop (didn't bet)
Seat 6: leomax100 (small blind) folded before Flop
Seat 7: European1000 (big blind) folded before Flop
Seat 8: alfa5466 collected ($0.05)



PokerStars Hand #234410176375:  Hold'em No Limit ($0.01/$0.02 USD) - 2022/02/26 15:34:55 PT [2022/02/26 18:34:55 ET]
Table 'Holmia' 9-max Seat #6 is the button
Seat 2: 9_pulga_9 ($2.13 in chips) 
Seat 3: Dorex2007 ($2 in chips) 
Seat 4: Sensei_Wai ($1.82 in chips) 
Seat 5: RichaNex ($4.01 in chips) 
Seat 6: leomax100 ($2.25 in chips) 
Seat 7: European1000 ($1.49 in chips) 
Seat 8: alfa5466 ($1.13 in chips) 
European1000: posts small blind $0.01
alfa5466: posts big blind $0.02
CptnAhab777: sits out 
*** HOLE CARDS ***
Dealt to Dorex2007 [5c 4c]
9_pulga_9: calls $0.02
Dorex2007: folds 
Sensei_Wai: folds 
RichaNex: folds 
leomax100: folds 
European1000: folds 
alfa5466: checks 
*** FLOP *** [Td Ks 6h]
alfa5466: checks 
9_pulga_9: checks 
*** TURN *** [Td Ks 6h] [Jc]
alfa5466: checks 
9_pulga_9: checks 
*** RIVER *** [Td Ks 6h Jc] [2s]
alfa5466: checks 
9_pulga_9: checks 
*** SHOW DOWN ***
alfa5466: shows [Ad 7s] (high card Ace)
9_pulga_9: mucks hand 
alfa5466 collected $0.05 from pot
*** SUMMARY ***
Total pot $0.05 | Rake $0 
Board [Td Ks 6h Jc 2s]
Seat 2: 9_pulga_9 mucked [Ah 3h]
Seat 3: Dorex2007 folded before Flop (didn't bet)
Seat 4: Sensei_Wai folded before Flop (didn't bet)
Seat 5: RichaNex folded before Flop (didn't bet)
Seat 6: leomax100 (button) folded before Flop (didn't bet)
Seat 7: European1000 (small blind) folded before Flop
Seat 8: alfa5466 (big blind) showed [Ad 7s] and won ($0.05) with high card Ace



PokerStars Hand #234410186878:  Hold'em No Limit ($0.01/$0.02 USD) - 2022/02/26 15:35:23 PT [2022/02/26 18:35:23 ET]
Table 'Holmia' 9-max Seat #7 is the button
Seat 1: CptnAhab777 ($2 in chips) 
Seat 2: 9_pulga_9 ($2.11 in chips) 
Seat 3: Dorex2007 ($2 in chips) 
Seat 4: Sensei_Wai ($1.82 in chips) 
Seat 5: RichaNex ($4.01 in chips) 
Seat 6: leomax100 ($2.25 in chips) 
Seat 7: European1000 ($1.48 in chips) 
Seat 8: alfa5466 ($1.16 in chips) 
alfa5466: posts small blind $0.01
CptnAhab777: posts big blind $0.02
*** HOLE CARDS ***
Dealt to Dorex2007 [3c Ac]
9_pulga_9: calls $0.02
Dorex2007: calls $0.02
Sensei_Wai: folds 
RichaNex: folds 
leomax100: folds 
European1000: calls $0.02
alfa5466: calls $0.01
CptnAhab777: checks 
*** FLOP *** [6s 7h 8d]
alfa5466: checks 
CptnAhab777: checks 
9_pulga_9: checks 
Dorex2007: checks 
European1000: checks 
*** TURN *** [6s 7h 8d] [3s]
alfa5466: checks 
CptnAhab777: checks 
9_pulga_9: checks 
Dorex2007: bets $0.07
European1000: folds 
alfa5466: calls $0.07
CptnAhab777: folds 
9_pulga_9: folds 
*** RIVER *** [6s 7h 8d 3s] [3d]
alfa5466: checks 
Dorex2007: bets $0.15
alfa5466: folds 
Uncalled bet ($0.15) returned to Dorex2007
Dorex2007 collected $0.23 from pot
Dorex2007: doesn't show hand 
*** SUMMARY ***
Total pot $0.24 | Rake $0.01 
Board [6s 7h 8d 3s 3d]
Seat 1: CptnAhab777 (big blind) folded on the Turn
Seat 2: 9_pulga_9 folded on the Turn
Seat 3: Dorex2007 collected ($0.23)
Seat 4: Sensei_Wai folded before Flop (didn't bet)
Seat 5: RichaNex folded before Flop (didn't bet)
Seat 6: leomax100 folded before Flop (didn't bet)
Seat 7: European1000 (button) folded on the Turn
Seat 8: alfa5466 (small blind) folded on the River



PokerStars Hand #234410208272:  Hold'em No Limit ($0.01/$0.02 USD) - 2022/02/26 15:36:19 PT [2022/02/26 18:36:19 ET]
Table 'Holmia' 9-max Seat #8 is the button
Seat 1: CptnAhab777 ($2 in chips) 
Seat 2: 9_pulga_9 ($2.09 in chips) 
Seat 3: Dorex2007 ($2.14 in chips) 
Seat 4: Sensei_Wai ($1.82 in chips) 
Seat 5: RichaNex ($4.01 in chips) 
Seat 6: leomax100 ($2.25 in chips) 
Seat 7: European1000 ($1.46 in chips) 
Seat 8: alfa5466 ($1.07 in chips) 
CptnAhab777: posts small blind $0.01
9_pulga_9: posts big blind $0.02
*** HOLE CARDS ***
Dealt to Dorex2007 [4c 8d]
Dorex2007: folds 
Sensei_Wai: raises $0.08 to $0.10
RichaNex: folds 
leomax100: folds 
European1000: folds 
alfa5466: folds 
CptnAhab777: folds 
9_pulga_9: calls $0.08
*** FLOP *** [8h 9d 3s]
9_pulga_9: checks 
Sensei_Wai: checks 
*** TURN *** [8h 9d 3s] [2h]
9_pulga_9: checks 
Sensei_Wai: checks 
*** RIVER *** [8h 9d 3s 2h] [8s]
9_pulga_9: checks 
Sensei_Wai: checks 
*** SHOW DOWN ***
9_pulga_9: shows [Jh Ac] (a pair of Eights)
Sensei_Wai: shows [Kc Ad] (a pair of Eights - Ace+King kicker)
Sensei_Wai collected $0.20 from pot
*** SUMMARY ***
Total pot $0.21 | Rake $0.01 
Board [8h 9d 3s 2h 8s]
Seat 1: CptnAhab777 (small blind) folded before Flop
Seat 2: 9_pulga_9 (big blind) showed [Jh Ac] and lost with a pair of Eights
Seat 3: Dorex2007 folded before Flop (didn't bet)
Seat 4: Sensei_Wai showed [Kc Ad] and won ($0.20) with a pair of Eights
Seat 5: RichaNex folded before Flop (didn't bet)
Seat 6: leomax100 folded before Flop (didn't bet)
Seat 7: European1000 folded before Flop (didn't bet)
Seat 8: alfa5466 (button) folded before Flop (didn't bet)



PokerStars Hand #234410224895:  Hold'em No Limit ($0.01/$0.02 USD) - 2022/02/26 15:37:03 PT [2022/02/26 18:37:03 ET]
Table 'Holmia' 9-max Seat #1 is the button
Seat 1: CptnAhab777 ($2 in chips) 
Seat 2: 9_pulga_9 ($1.99 in chips) 
Seat 3: Dorex2007 ($2.14 in chips) 
Seat 4: Sensei_Wai ($1.92 in chips) 
Seat 5: RichaNex ($4.01 in chips) 
Seat 6: leomax100 ($2.25 in chips) 
Seat 7: European1000 ($1.46 in chips) 
Seat 8: alfa5466 ($1.07 in chips) 
9_pulga_9: posts small blind $0.01
Dorex2007: posts big blind $0.02
*** HOLE CARDS ***
Dealt to Dorex2007 [Js 6s]
Sensei_Wai: raises $0.08 to $0.10
RichaNex: folds 
leomax100: folds 
European1000: folds 
alfa5466: folds 
CptnAhab777: folds 
9_pulga_9: folds 
Dorex2007: folds 
Uncalled bet ($0.08) returned to Sensei_Wai
Sensei_Wai collected $0.05 from pot
*** SUMMARY ***
Total pot $0.05 | Rake $0 
Seat 1: CptnAhab777 (button) folded before Flop (didn't bet)
Seat 2: 9_pulga_9 (small blind) folded before Flop
Seat 3: Dorex2007 (big blind) folded before Flop
Seat 4: Sensei_Wai collected ($0.05)
Seat 5: RichaNex folded before Flop (didn't bet)
Seat 6: leomax100 folded before Flop (didn't bet)
Seat 7: European1000 folded before Flop (didn't bet)
Seat 8: alfa5466 folded before Flop (didn't bet)



PokerStars Hand #234410232034:  Hold'em No Limit ($0.01/$0.02 USD) - 2022/02/26 15:37:22 PT [2022/02/26 18:37:22 ET]
Table 'Holmia' 9-max Seat #2 is the button
Seat 1: CptnAhab777 ($2 in chips) 
Seat 2: 9_pulga_9 ($1.98 in chips) 
Seat 3: Dorex2007 ($2.12 in chips) 
Seat 4: Sensei_Wai ($1.95 in chips) 
Seat 5: RichaNex ($4.01 in chips) 
Seat 6: leomax100 ($2.25 in chips) 
Seat 7: European1000 ($1.46 in chips) 
Seat 8: alfa5466 ($1.07 in chips) 
Seat 9: marcotrippel ($0.68 in chips) 
Dorex2007: posts small blind $0.01
Sensei_Wai: posts big blind $0.02
marcotrippel: posts small & big blinds $0.03
*** HOLE CARDS ***
Dealt to Dorex2007 [Tc 6h]
RichaNex: raises $0.06 to $0.08
leomax100: folds 
European1000: folds 
alfa5466: folds 
marcotrippel: folds 
CptnAhab777 has timed out
CptnAhab777: folds 
9_pulga_9: folds 
Dorex2007: folds 
Sensei_Wai: folds 
Uncalled bet ($0.06) returned to RichaNex
RichaNex collected $0.08 from pot
*** SUMMARY ***
Total pot $0.08 | Rake $0 
Seat 1: CptnAhab777 folded before Flop (didn't bet)
Seat 2: 9_pulga_9 (button) folded before Flop (didn't bet)
Seat 3: Dorex2007 (small blind) folded before Flop
Seat 4: Sensei_Wai (big blind) folded before Flop
Seat 5: RichaNex collected ($0.08)
Seat 6: leomax100 folded before Flop (didn't bet)
Seat 7: European1000 folded before Flop (didn't bet)
Seat 8: alfa5466 folded before Flop (didn't bet)
Seat 9: marcotrippel folded before Flop (didn't bet)



PokerStars Hand #234410247265:  Hold'em No Limit ($0.01/$0.02 USD) - 2022/02/26 15:38:02 PT [2022/02/26 18:38:02 ET]
Table 'Holmia' 9-max Seat #3 is the button
Seat 2: 9_pulga_9 ($1.98 in chips) 
Seat 3: Dorex2007 ($2.11 in chips) 
Seat 4: Sensei_Wai ($1.93 in chips) 
Seat 5: RichaNex ($4.07 in chips) 
Seat 6: leomax100 ($2.25 in chips) 
Seat 7: European1000 ($1.46 in chips) 
Seat 8: alfa5466 ($1.07 in chips) 
Seat 9: marcotrippel ($0.65 in chips) 
Sensei_Wai: posts small blind $0.01
RichaNex: posts big blind $0.02
*** HOLE CARDS ***
Dealt to Dorex2007 [5s 9c]
leomax100: folds 
European1000: folds 
alfa5466: folds 
marcotrippel: folds 
9_pulga_9: calls $0.02
Dorex2007: folds 
Sensei_Wai: folds 
RichaNex: checks 
*** FLOP *** [2h 6c 5c]
RichaNex: bets $0.02
9_pulga_9: folds 
Uncalled bet ($0.02) returned to RichaNex
RichaNex collected $0.05 from pot
*** SUMMARY ***
Total pot $0.05 | Rake $0 
Board [2h 6c 5c]
Seat 2: 9_pulga_9 folded on the Flop
Seat 3: Dorex2007 (button) folded before Flop (didn't bet)
Seat 4: Sensei_Wai (small blind) folded before Flop
Seat 5: RichaNex (big blind) collected ($0.05)
Seat 6: leomax100 folded before Flop (didn't bet)
Seat 7: European1000 folded before Flop (didn't bet)
Seat 8: alfa5466 folded before Flop (didn't bet)
Seat 9: marcotrippel folded before Flop (didn't bet)



PokerStars Hand #234410256110:  Hold'em No Limit ($0.01/$0.02 USD) - 2022/02/26 15:38:25 PT [2022/02/26 18:38:25 ET]
Table 'Holmia' 9-max Seat #4 is the button
Seat 2: 9_pulga_9 ($1.96 in chips) 
Seat 3: Dorex2007 ($2.11 in chips) 
Seat 4: Sensei_Wai ($1.92 in chips) 
Seat 5: RichaNex ($4.10 in chips) 
Seat 6: leomax100 ($2.25 in chips) 
Seat 7: European1000 ($1.46 in chips) 
Seat 8: alfa5466 ($1.07 in chips) 
Seat 9: marcotrippel ($0.65 in chips) 
RichaNex: posts small blind $0.01
leomax100: posts big blind $0.02
*** HOLE CARDS ***
Dealt to Dorex2007 [5s Qc]
European1000: folds 
alfa5466: folds 
marcotrippel: folds 
9_pulga_9: folds 
Dorex2007: folds 
Sensei_Wai: folds 
RichaNex: folds 
Uncalled bet ($0.01) returned to leomax100
leomax100 collected $0.02 from pot
leomax100: doesn't show hand 
*** SUMMARY ***
Total pot $0.02 | Rake $0 
Seat 2: 9_pulga_9 folded before Flop (didn't bet)
Seat 3: Dorex2007 folded before Flop (didn't bet)
Seat 4: Sensei_Wai (button) folded before Flop (didn't bet)
Seat 5: RichaNex (small blind) folded before Flop
Seat 6: leomax100 (big blind) collected ($0.02)
Seat 7: European1000 folded before Flop (didn't bet)
Seat 8: alfa5466 folded before Flop (didn't bet)
Seat 9: marcotrippel folded before Flop (didn't bet)



PokerStars Hand #234410259944:  Hold'em No Limit ($0.01/$0.02 USD) - 2022/02/26 15:38:36 PT [2022/02/26 18:38:36 ET]
Table 'Holmia' 9-max Seat #5 is the button
Seat 2: 9_pulga_9 ($1.96 in chips) 
Seat 3: Dorex2007 ($2.11 in chips) 
Seat 4: Sensei_Wai ($1.92 in chips) 
Seat 5: RichaNex ($4.09 in chips) 
Seat 6: leomax100 ($2.26 in chips) 
Seat 7: European1000 ($1.46 in chips) 
Seat 8: alfa5466 ($1.07 in chips) 
Seat 9: marcotrippel ($0.65 in chips) 
leomax100: posts small blind $0.01
European1000: posts big blind $0.02
*** HOLE CARDS ***
Dealt to Dorex2007 [Ah 6h]
alfa5466: raises $0.10 to $0.12
marcotrippel: folds 
9_pulga_9: folds 
Dorex2007: folds 
Sensei_Wai: folds 
RichaNex: folds 
leomax100: folds 
European1000: folds 
Uncalled bet ($0.10) returned to alfa5466
alfa5466 collected $0.05 from pot
alfa5466: doesn't show hand 
*** SUMMARY ***
Total pot $0.05 | Rake $0 
Seat 2: 9_pulga_9 folded before Flop (didn't bet)
Seat 3: Dorex2007 folded before Flop (didn't bet)
Seat 4: Sensei_Wai folded before Flop (didn't bet)
Seat 5: RichaNex (button) folded before Flop (didn't bet)
Seat 6: leomax100 (small blind) folded before Flop
Seat 7: European1000 (big blind) folded before Flop
Seat 8: alfa5466 collected ($0.05)
Seat 9: marcotrippel folded before Flop (didn't bet)



PokerStars Hand #234410281047:  Hold'em No Limit ($0.01/$0.02 USD) - 2022/02/26 15:39:07 PT [2022/02/26 18:39:07 ET]
Table 'Holmia' 9-max Seat #6 is the button
Seat 2: 9_pulga_9 ($1.96 in chips) 
Seat 3: Dorex2007 ($2.11 in chips) 
Seat 4: Sensei_Wai ($1.92 in chips) 
Seat 5: RichaNex ($4.09 in chips) 
Seat 6: leomax100 ($2.25 in chips) 
Seat 7: European1000 ($1.44 in chips) 
Seat 8: alfa5466 ($1.10 in chips) 
Seat 9: marcotrippel ($0.65 in chips) 
European1000: posts small blind $0.01
alfa5466: posts big blind $0.02
*** HOLE CARDS ***
Dealt to Dorex2007 [2s 5s]
marcotrippel: folds 
9_pulga_9: folds 
Dorex2007: folds 
Sensei_Wai: folds 
RichaNex: folds 
leomax100: calls $0.02
European1000: calls $0.01
alfa5466: checks 
*** FLOP *** [5h 8s Qs]
European1000: checks 
alfa5466: checks 
leomax100: bets $0.06
European1000: folds 
alfa5466: calls $0.06
*** TURN *** [5h 8s Qs] [8c]
alfa5466: checks 
leomax100: bets $0.17
alfa5466: folds 
Uncalled bet ($0.17) returned to leomax100
leomax100 collected $0.17 from pot
leomax100: doesn't show hand 
*** SUMMARY ***
Total pot $0.18 | Rake $0.01 
Board [5h 8s Qs 8c]
Seat 2: 9_pulga_9 folded before Flop (didn't bet)
Seat 3: Dorex2007 folded before Flop (didn't bet)
Seat 4: Sensei_Wai folded before Flop (didn't bet)
Seat 5: RichaNex folded before Flop (didn't bet)
Seat 6: leomax100 (button) collected ($0.17)
Seat 7: European1000 (small blind) folded on the Flop
Seat 8: alfa5466 (big blind) folded on the Turn
Seat 9: marcotrippel folded before Flop (didn't bet)



PokerStars Hand #234410296851:  Hold'em No Limit ($0.01/$0.02 USD) - 2022/02/26 15:39:50 PT [2022/02/26 18:39:50 ET]
Table 'Holmia' 9-max Seat #7 is the button
Seat 1: CptnAhab777 ($2 in chips) 
Seat 2: 9_pulga_9 ($1.96 in chips) 
Seat 3: Dorex2007 ($2.11 in chips) 
Seat 4: Sensei_Wai ($1.92 in chips) 
Seat 5: RichaNex ($4.09 in chips) 
Seat 6: leomax100 ($2.34 in chips) 
Seat 7: European1000 ($1.42 in chips) 
Seat 8: alfa5466 ($1.02 in chips) 
Seat 9: marcotrippel ($0.65 in chips) 
alfa5466: posts small blind $0.01
marcotrippel: posts big blind $0.02
*** HOLE CARDS ***
Dealt to Dorex2007 [Js 2c]
CptnAhab777: folds 
9_pulga_9: folds 
Dorex2007: folds 
Sensei_Wai: folds 
RichaNex: folds 
leomax100: folds 
European1000: folds 
alfa5466: calls $0.01
marcotrippel: checks 
*** FLOP *** [Ts 8h As]
alfa5466: checks 
marcotrippel: checks 
*** TURN *** [Ts 8h As] [8d]
alfa5466: bets $0.02
marcotrippel: folds 
Uncalled bet ($0.02) returned to alfa5466
alfa5466 collected $0.04 from pot
alfa5466: doesn't show hand 
*** SUMMARY ***
Total pot $0.04 | Rake $0 
Board [Ts 8h As 8d]
Seat 1: CptnAhab777 folded before Flop (didn't bet)
Seat 2: 9_pulga_9 folded before Flop (didn't bet)
Seat 3: Dorex2007 folded before Flop (didn't bet)
Seat 4: Sensei_Wai folded before Flop (didn't bet)
Seat 5: RichaNex folded before Flop (didn't bet)
Seat 6: leomax100 folded before Flop (didn't bet)
Seat 7: European1000 (button) folded before Flop (didn't bet)
Seat 8: alfa5466 (small blind) collected ($0.04)
Seat 9: marcotrippel (big blind) folded on the Turn



PokerStars Hand #234410315534:  Hold'em No Limit ($0.01/$0.02 USD) - 2022/02/26 15:40:39 PT [2022/02/26 18:40:39 ET]
Table 'Holmia' 9-max Seat #8 is the button
Seat 1: CptnAhab777 ($2 in chips) 
Seat 2: 9_pulga_9 ($1.96 in chips) 
Seat 3: Dorex2007 ($2.11 in chips) 
Seat 4: Sensei_Wai ($1.92 in chips) 
Seat 5: RichaNex ($4.09 in chips) 
Seat 6: leomax100 ($2.34 in chips) 
Seat 7: European1000 ($1.42 in chips) 
Seat 8: alfa5466 ($1.04 in chips) 
Seat 9: marcotrippel ($0.63 in chips) 
marcotrippel: posts small blind $0.01
CptnAhab777: posts big blind $0.02
*** HOLE CARDS ***
Dealt to Dorex2007 [As Td]
9_pulga_9: folds 
Dorex2007: folds 
Sensei_Wai: folds 
RichaNex: folds 
leomax100: folds 
European1000: raises $0.06 to $0.08
alfa5466: folds 
marcotrippel: folds 
CptnAhab777: folds 
Uncalled bet ($0.06) returned to European1000
European1000 collected $0.05 from pot
European1000: doesn't show hand 
*** SUMMARY ***
Total pot $0.05 | Rake $0 
Seat 1: CptnAhab777 (big blind) folded before Flop
Seat 2: 9_pulga_9 folded before Flop (didn't bet)
Seat 3: Dorex2007 folded before Flop (didn't bet)
Seat 4: Sensei_Wai folded before Flop (didn't bet)
Seat 5: RichaNex folded before Flop (didn't bet)
Seat 6: leomax100 folded before Flop (didn't bet)
Seat 7: European1000 collected ($0.05)
Seat 8: alfa5466 (button) folded before Flop (didn't bet)
Seat 9: marcotrippel (small blind) folded before Flop



PokerStars Hand #234410383218:  Hold'em No Limit ($0.01/$0.02 USD) - 2022/02/26 15:43:42 PT [2022/02/26 18:43:42 ET]
Table 'Holmia' 9-max Seat #5 is the button
Seat 1: CptnAhab777 ($2 in chips) 
Seat 2: 9_pulga_9 ($2.12 in chips) 
Seat 3: Dorex2007 ($2.11 in chips) 
Seat 4: Sensei_Wai ($1.89 in chips) 
Seat 5: RichaNex ($4.11 in chips) 
Seat 6: leomax100 ($2.32 in chips) 
Seat 7: European1000 ($1.45 in chips) 
Seat 8: alfa5466 ($0.81 in chips) 
Seat 9: marcotrippel ($0.70 in chips) 
leomax100: posts small blind $0.01
European1000: posts big blind $0.02
Dorex2007: posts small & big blinds $0.03
*** HOLE CARDS ***
Dealt to Dorex2007 [6c Ad]
alfa5466: calls $0.02
marcotrippel: folds 
CptnAhab777: folds 
9_pulga_9: folds 
Dorex2007: checks 
Sensei_Wai: folds 
RichaNex: folds 
leomax100: folds 
European1000: raises $0.04 to $0.06
alfa5466: calls $0.04
Dorex2007: folds 
*** FLOP *** [3h Ah Ks]
European1000: bets $0.04
alfa5466: folds 
Uncalled bet ($0.04) returned to European1000
European1000 collected $0.15 from pot
European1000: doesn't show hand 
*** SUMMARY ***
Total pot $0.16 | Rake $0.01 
Board [3h Ah Ks]
Seat 1: CptnAhab777 folded before Flop (didn't bet)
Seat 2: 9_pulga_9 folded before Flop (didn't bet)
Seat 3: Dorex2007 folded before Flop (didn't bet)
Seat 4: Sensei_Wai folded before Flop (didn't bet)
Seat 5: RichaNex (button) folded before Flop (didn't bet)
Seat 6: leomax100 (small blind) folded before Flop
Seat 7: European1000 (big blind) collected ($0.15)
Seat 8: alfa5466 folded on the Flop
Seat 9: marcotrippel folded before Flop (didn't bet)



PokerStars Hand #234410395423:  Hold'em No Limit ($0.01/$0.02 USD) - 2022/02/26 15:44:15 PT [2022/02/26 18:44:15 ET]
Table 'Holmia' 9-max Seat #6 is the button
Seat 1: CptnAhab777 ($2 in chips) 
Seat 2: 9_pulga_9 ($2.12 in chips) 
Seat 3: Dorex2007 ($2.08 in chips) 
Seat 4: Sensei_Wai ($1.89 in chips) 
Seat 5: RichaNex ($4.11 in chips) 
Seat 6: leomax100 ($2.31 in chips) 
Seat 7: European1000 ($1.54 in chips) 
Seat 8: alfa5466 ($0.75 in chips) 
Seat 9: marcotrippel ($0.70 in chips) 
European1000: posts small blind $0.01
alfa5466: posts big blind $0.02
*** HOLE CARDS ***
Dealt to Dorex2007 [7d 6s]
marcotrippel: raises $0.04 to $0.06
CptnAhab777: folds 
9_pulga_9: calls $0.06
Dorex2007: folds 
Sensei_Wai: folds 
RichaNex: folds 
leomax100: folds 
European1000: folds 
alfa5466: folds 
*** FLOP *** [Ad Jd 3d]
marcotrippel: bets $0.06
9_pulga_9: folds 
Uncalled bet ($0.06) returned to marcotrippel
marcotrippel collected $0.14 from pot
marcotrippel: doesn't show hand 
*** SUMMARY ***
Total pot $0.15 | Rake $0.01 
Board [Ad Jd 3d]
Seat 1: CptnAhab777 folded before Flop (didn't bet)
Seat 2: 9_pulga_9 folded on the Flop
Seat 3: Dorex2007 folded before Flop (didn't bet)
Seat 4: Sensei_Wai folded before Flop (didn't bet)
Seat 5: RichaNex folded before Flop (didn't bet)
Seat 6: leomax100 (button) folded before Flop (didn't bet)
Seat 7: European1000 (small blind) folded before Flop
Seat 8: alfa5466 (big blind) folded before Flop
Seat 9: marcotrippel collected ($0.14)



PokerStars Hand #234410405130:  Hold'em No Limit ($0.01/$0.02 USD) - 2022/02/26 15:44:41 PT [2022/02/26 18:44:41 ET]
Table 'Holmia' 9-max Seat #7 is the button
Seat 1: CptnAhab777 ($2 in chips) 
Seat 2: 9_pulga_9 ($2.06 in chips) 
Seat 3: Dorex2007 ($2.08 in chips) 
Seat 4: Sensei_Wai ($1.89 in chips) 
Seat 5: RichaNex ($4.11 in chips) 
Seat 6: leomax100 ($2.31 in chips) 
Seat 7: European1000 ($1.53 in chips) 
Seat 8: alfa5466 ($0.73 in chips) 
Seat 9: marcotrippel ($0.78 in chips) 
alfa5466: posts small blind $0.01
marcotrippel: posts big blind $0.02
*** HOLE CARDS ***
Dealt to Dorex2007 [Qs 9c]
CptnAhab777: folds 
9_pulga_9: calls $0.02
Dorex2007: folds 
Sensei_Wai: folds 
RichaNex: folds 
leomax100: folds 
European1000: folds 
alfa5466: calls $0.01
marcotrippel: checks 
*** FLOP *** [7s 9s 6s]
alfa5466: checks 
marcotrippel: bets $0.02
9_pulga_9: calls $0.02
alfa5466: calls $0.02
*** TURN *** [7s 9s 6s] [5h]
alfa5466: checks 
marcotrippel: checks 
9_pulga_9: checks 
*** RIVER *** [7s 9s 6s 5h] [Jd]
alfa5466: checks 
marcotrippel: bets $0.12
9_pulga_9: folds 
alfa5466: folds 
Uncalled bet ($0.12) returned to marcotrippel
marcotrippel collected $0.12 from pot
marcotrippel: doesn't show hand 
*** SUMMARY ***
Total pot $0.12 | Rake $0 
Board [7s 9s 6s 5h Jd]
Seat 1: CptnAhab777 folded before Flop (didn't bet)
Seat 2: 9_pulga_9 folded on the River
Seat 3: Dorex2007 folded before Flop (didn't bet)
Seat 4: Sensei_Wai folded before Flop (didn't bet)
Seat 5: RichaNex folded before Flop (didn't bet)
Seat 6: leomax100 folded before Flop (didn't bet)
Seat 7: European1000 (button) folded before Flop (didn't bet)
Seat 8: alfa5466 (small blind) folded on the River
Seat 9: marcotrippel (big blind) collected ($0.12)



PokerStars Hand #234410425707:  Hold'em No Limit ($0.01/$0.02 USD) - 2022/02/26 15:45:37 PT [2022/02/26 18:45:37 ET]
Table 'Holmia' 9-max Seat #8 is the button
Seat 1: CptnAhab777 ($2 in chips) 
Seat 2: 9_pulga_9 ($2.02 in chips) 
Seat 3: Dorex2007 ($2.08 in chips) 
Seat 4: Sensei_Wai ($1.89 in chips) 
Seat 5: RichaNex ($4.11 in chips) 
Seat 6: leomax100 ($2.31 in chips) 
Seat 7: European1000 ($1.53 in chips) 
Seat 8: alfa5466 ($0.69 in chips) 
Seat 9: marcotrippel ($0.86 in chips) 
marcotrippel: posts small blind $0.01
CptnAhab777: posts big blind $0.02
*** HOLE CARDS ***
Dealt to Dorex2007 [4d Qs]
9_pulga_9: folds 
Dorex2007: folds 
Sensei_Wai: folds 
RichaNex: raises $0.04 to $0.06
leomax100: folds 
European1000: folds 
alfa5466: folds 
marcotrippel: folds 
CptnAhab777: folds 
Uncalled bet ($0.04) returned to RichaNex
RichaNex collected $0.05 from pot
*** SUMMARY ***
Total pot $0.05 | Rake $0 
Seat 1: CptnAhab777 (big blind) folded before Flop
Seat 2: 9_pulga_9 folded before Flop (didn't bet)
Seat 3: Dorex2007 folded before Flop (didn't bet)
Seat 4: Sensei_Wai folded before Flop (didn't bet)
Seat 5: RichaNex collected ($0.05)
Seat 6: leomax100 folded before Flop (didn't bet)
Seat 7: European1000 folded before Flop (didn't bet)
Seat 8: alfa5466 (button) folded before Flop (didn't bet)
Seat 9: marcotrippel (small blind) folded before Flop



PokerStars Hand #234410436330:  Hold'em No Limit ($0.01/$0.02 USD) - 2022/02/26 15:46:05 PT [2022/02/26 18:46:05 ET]
Table 'Holmia' 9-max Seat #9 is the button
Seat 1: CptnAhab777 ($2 in chips) 
Seat 2: 9_pulga_9 ($2.02 in chips) 
Seat 3: Dorex2007 ($2.08 in chips) 
Seat 4: Sensei_Wai ($1.89 in chips) 
Seat 5: RichaNex ($4.14 in chips) 
Seat 6: leomax100 ($2.31 in chips) 
Seat 7: European1000 ($1.53 in chips) 
Seat 8: alfa5466 ($0.69 in chips) 
Seat 9: marcotrippel ($0.85 in chips) 
CptnAhab777: posts small blind $0.01
9_pulga_9: posts big blind $0.02
*** HOLE CARDS ***
Dealt to Dorex2007 [Jh 9h]
Dorex2007: folds 
Sensei_Wai: folds 
RichaNex: folds 
leomax100: folds 
European1000: raises $0.02 to $0.04
alfa5466: folds 
marcotrippel: calls $0.04
CptnAhab777: folds 
9_pulga_9: calls $0.02
*** FLOP *** [2h Tc Qh]
9_pulga_9: checks 
European1000: checks 
marcotrippel: bets $0.04
9_pulga_9: folds 
European1000: folds 
Uncalled bet ($0.04) returned to marcotrippel
marcotrippel collected $0.13 from pot
marcotrippel: doesn't show hand 
*** SUMMARY ***
Total pot $0.13 | Rake $0 
Board [2h Tc Qh]
Seat 1: CptnAhab777 (small blind) folded before Flop
Seat 2: 9_pulga_9 (big blind) folded on the Flop
Seat 3: Dorex2007 folded before Flop (didn't bet)
Seat 4: Sensei_Wai folded before Flop (didn't bet)
Seat 5: RichaNex folded before Flop (didn't bet)
Seat 6: leomax100 folded before Flop (didn't bet)
Seat 7: European1000 folded on the Flop
Seat 8: alfa5466 folded before Flop (didn't bet)
Seat 9: marcotrippel (button) collected ($0.13)



PokerStars Hand #234410452640:  Hold'em No Limit ($0.01/$0.02 USD) - 2022/02/26 15:46:50 PT [2022/02/26 18:46:50 ET]
Table 'Holmia' 9-max Seat #1 is the button
Seat 1: CptnAhab777 ($2 in chips) 
Seat 2: 9_pulga_9 ($1.98 in chips) 
Seat 3: Dorex2007 ($2.08 in chips) 
Seat 4: Sensei_Wai ($1.89 in chips) 
Seat 5: RichaNex ($4.14 in chips) 
Seat 6: leomax100 ($2.31 in chips) 
Seat 7: European1000 ($1.49 in chips) 
Seat 8: alfa5466 ($0.69 in chips) 
Seat 9: marcotrippel ($0.94 in chips) 
9_pulga_9: posts small blind $0.01
Dorex2007: posts big blind $0.02
*** HOLE CARDS ***
Dealt to Dorex2007 [Kh Kd]
Sensei_Wai: raises $0.08 to $0.10
RichaNex: folds 
leomax100: folds 
European1000: folds 
alfa5466: raises $0.59 to $0.69 and is all-in
marcotrippel: folds 
CptnAhab777: folds 
9_pulga_9: folds 
Dorex2007: calls $0.67
Sensei_Wai: folds 
*** FLOP *** [Js 3s 6d]
*** TURN *** [Js 3s 6d] [7s]
*** RIVER *** [Js 3s 6d 7s] [8h]
*** SHOW DOWN ***
Dorex2007: shows [Kh Kd] (a pair of Kings)
alfa5466: shows [Ad Qs] (high card Ace)
Dorex2007 cashed out the hand for $1.02 | Cash Out Fee $0.01
alfa5466 cashed out the hand for $0.41
*** SUMMARY ***
Total pot $1.49 | Rake $0.05 
Board [Js 3s 6d 7s 8h]
Seat 1: CptnAhab777 (button) folded before Flop (didn't bet)
Seat 2: 9_pulga_9 (small blind) folded before Flop
Seat 3: Dorex2007 (big blind) showed [Kh Kd] and won ($1.44) with a pair of Kings (pot not awarded as player cashed out)
Seat 4: Sensei_Wai folded before Flop
Seat 5: RichaNex folded before Flop (didn't bet)
Seat 6: leomax100 folded before Flop (didn't bet)
Seat 7: European1000 folded before Flop (didn't bet)
Seat 8: alfa5466 showed [Ad Qs] and lost with high card Ace (cashed out).
Seat 9: marcotrippel folded before Flop (didn't bet)



PokerStars Hand #234410464018:  Hold'em No Limit ($0.01/$0.02 USD) - 2022/02/26 15:47:20 PT [2022/02/26 18:47:20 ET]
Table 'Holmia' 9-max Seat #2 is the button
Seat 1: CptnAhab777 ($2 in chips) 
Seat 2: 9_pulga_9 ($1.97 in chips) 
Seat 3: Dorex2007 ($2.41 in chips) 
Seat 4: Sensei_Wai ($1.79 in chips) 
Seat 5: RichaNex ($4.14 in chips) 
Seat 6: leomax100 ($2.31 in chips) 
Seat 7: European1000 ($1.49 in chips) 
Seat 8: alfa5466 ($0.41 in chips) 
Seat 9: marcotrippel ($0.94 in chips) 
Dorex2007: posts small blind $0.01
Sensei_Wai: posts big blind $0.02
*** HOLE CARDS ***
Dealt to Dorex2007 [Qs 3c]
RichaNex: folds 
leomax100: folds 
European1000: folds 
alfa5466: calls $0.02
marcotrippel: raises $0.04 to $0.06
CptnAhab777: raises $0.17 to $0.23
9_pulga_9: folds 
Dorex2007: folds 
Sensei_Wai: folds 
alfa5466: folds 
marcotrippel: calls $0.17
*** FLOP *** [9c 5s 3h]
marcotrippel: checks 
CptnAhab777: bets $0.24
marcotrippel: raises $0.47 to $0.71 and is all-in
CptnAhab777: calls $0.47
*** TURN *** [9c 5s 3h] [5d]
*** RIVER *** [9c 5s 3h 5d] [6c]
*** SHOW DOWN ***
marcotrippel: shows [Td Ts] (two pair, Tens and Fives)
CptnAhab777: shows [Kh Kd] (two pair, Kings and Fives)
CptnAhab777 collected $1.86 from pot
*** SUMMARY ***
Total pot $1.93 | Rake $0.07 
Board [9c 5s 3h 5d 6c]
Seat 1: CptnAhab777 showed [Kh Kd] and won ($1.86) with two pair, Kings and Fives
Seat 2: 9_pulga_9 (button) folded before Flop (didn't bet)
Seat 3: Dorex2007 (small blind) folded before Flop
Seat 4: Sensei_Wai (big blind) folded before Flop
Seat 5: RichaNex folded before Flop (didn't bet)
Seat 6: leomax100 folded before Flop (didn't bet)
Seat 7: European1000 folded before Flop (didn't bet)
Seat 8: alfa5466 folded before Flop
Seat 9: marcotrippel showed [Td Ts] and lost with two pair, Tens and Fives



PokerStars Hand #234410481376:  Hold'em No Limit ($0.01/$0.02 USD) - 2022/02/26 15:48:07 PT [2022/02/26 18:48:07 ET]
Table 'Holmia' 9-max Seat #3 is the button
Seat 1: CptnAhab777 ($2.92 in chips) 
Seat 2: 9_pulga_9 ($1.97 in chips) 
Seat 3: Dorex2007 ($2.40 in chips) 
Seat 4: Sensei_Wai ($1.77 in chips) 
Seat 5: RichaNex ($4.14 in chips) 
Seat 6: leomax100 ($2.31 in chips) 
Seat 7: European1000 ($1.49 in chips) 
Seat 8: alfa5466 ($0.39 in chips) 
Sensei_Wai: posts small blind $0.01
RichaNex: posts big blind $0.02
*** HOLE CARDS ***
Dealt to Dorex2007 [2s Ah]
leomax100: folds 
European1000: calls $0.02
alfa5466: folds 
CptnAhab777: folds 
9_pulga_9: calls $0.02
Dorex2007: folds 
marcotrippel leaves the table
Sensei_Wai: raises $0.08 to $0.10
RichaNex: folds 
weverson315 joins the table at seat #9 
European1000: calls $0.08
9_pulga_9: calls $0.08
*** FLOP *** [2h 9d 3h]
Sensei_Wai: checks 
European1000: checks 
9_pulga_9: checks 
*** TURN *** [2h 9d 3h] [5c]
Sensei_Wai: checks 
European1000: checks 
9_pulga_9: bets $0.04
Sensei_Wai: folds 
European1000: folds 
Uncalled bet ($0.04) returned to 9_pulga_9
9_pulga_9 collected $0.31 from pot
9_pulga_9: doesn't show hand 
*** SUMMARY ***
Total pot $0.32 | Rake $0.01 
Board [2h 9d 3h 5c]
Seat 1: CptnAhab777 folded before Flop (didn't bet)
Seat 2: 9_pulga_9 collected ($0.31)
Seat 3: Dorex2007 (button) folded before Flop (didn't bet)
Seat 4: Sensei_Wai (small blind) folded on the Turn
Seat 5: RichaNex (big blind) folded before Flop
Seat 6: leomax100 folded before Flop (didn't bet)
Seat 7: European1000 folded on the Turn
Seat 8: alfa5466 folded before Flop (didn't bet)



PokerStars Hand #234410497379:  Hold'em No Limit ($0.01/$0.02 USD) - 2022/02/26 15:48:51 PT [2022/02/26 18:48:51 ET]
Table 'Holmia' 9-max Seat #4 is the button
Seat 1: CptnAhab777 ($2.92 in chips) 
Seat 2: 9_pulga_9 ($2.18 in chips) 
Seat 3: Dorex2007 ($2.40 in chips) 
Seat 4: Sensei_Wai ($1.67 in chips) 
Seat 5: RichaNex ($4.12 in chips) 
Seat 6: leomax100 ($2.31 in chips) 
Seat 7: European1000 ($1.39 in chips) 
Seat 8: alfa5466 ($0.39 in chips) 
RichaNex: posts small blind $0.01
leomax100: posts big blind $0.02
weverson315: sits out 
*** HOLE CARDS ***
Dealt to Dorex2007 [6c 4c]
European1000: folds 
alfa5466: folds 
CptnAhab777: folds 
9_pulga_9: calls $0.02
Dorex2007: folds 
Sensei_Wai: folds 
RichaNex: folds 
leomax100: checks 
*** FLOP *** [Ts 9s 6s]
leomax100: checks 
9_pulga_9: checks 
*** TURN *** [Ts 9s 6s] [Tc]
leomax100: checks 
9_pulga_9: checks 
*** RIVER *** [Ts 9s 6s Tc] [Qh]
leomax100: checks 
9_pulga_9: checks 
*** SHOW DOWN ***
leomax100: shows [2s 2c] (two pair, Tens and Deuces)
9_pulga_9: mucks hand 
leomax100 collected $0.05 from pot
*** SUMMARY ***
Total pot $0.05 | Rake $0 
Board [Ts 9s 6s Tc Qh]
Seat 1: CptnAhab777 folded before Flop (didn't bet)
Seat 2: 9_pulga_9 mucked [Ah 2d]
Seat 3: Dorex2007 folded before Flop (didn't bet)
Seat 4: Sensei_Wai (button) folded before Flop (didn't bet)
Seat 5: RichaNex (small blind) folded before Flop
Seat 6: leomax100 (big blind) showed [2s 2c] and won ($0.05) with two pair, Tens and Deuces
Seat 7: European1000 folded before Flop (didn't bet)
Seat 8: alfa5466 folded before Flop (didn't bet)



PokerStars Hand #234410507782:  Hold'em No Limit ($0.01/$0.02 USD) - 2022/02/26 15:49:20 PT [2022/02/26 18:49:20 ET]
Table 'Holmia' 9-max Seat #5 is the button
Seat 1: CptnAhab777 ($2.92 in chips) 
Seat 2: 9_pulga_9 ($2.16 in chips) 
Seat 3: Dorex2007 ($2.40 in chips) 
Seat 4: Sensei_Wai ($1.67 in chips) 
Seat 5: RichaNex ($4.11 in chips) 
Seat 6: leomax100 ($2.34 in chips) 
Seat 7: European1000 ($1.39 in chips) 
Seat 8: alfa5466 ($0.39 in chips) 
Seat 9: weverson315 ($1.86 in chips) 
leomax100: posts small blind $0.01
European1000: posts big blind $0.02
weverson315: posts big blind $0.02
*** HOLE CARDS ***
Dealt to Dorex2007 [5h Th]
alfa5466: calls $0.02
weverson315: checks 
CptnAhab777: folds 
9_pulga_9: folds 
Dorex2007: folds 
Sensei_Wai: folds 
RichaNex: folds 
leomax100: raises $2.32 to $2.34 and is all-in
European1000: folds 
alfa5466: folds 
weverson315: folds 
Uncalled bet ($2.32) returned to leomax100
leomax100 collected $0.08 from pot
leomax100: doesn't show hand 
*** SUMMARY ***
Total pot $0.08 | Rake $0 
Seat 1: CptnAhab777 folded before Flop (didn't bet)
Seat 2: 9_pulga_9 folded before Flop (didn't bet)
Seat 3: Dorex2007 folded before Flop (didn't bet)
Seat 4: Sensei_Wai folded before Flop (didn't bet)
Seat 5: RichaNex (button) folded before Flop (didn't bet)
Seat 6: leomax100 (small blind) collected ($0.08)
Seat 7: European1000 (big blind) folded before Flop
Seat 8: alfa5466 folded before Flop
Seat 9: weverson315 folded before Flop (didn't bet)



PokerStars Hand #234410516263:  Hold'em No Limit ($0.01/$0.02 USD) - 2022/02/26 15:49:43 PT [2022/02/26 18:49:43 ET]
Table 'Holmia' 9-max Seat #6 is the button
Seat 1: CptnAhab777 ($2.92 in chips) 
Seat 2: 9_pulga_9 ($2.16 in chips) 
Seat 3: Dorex2007 ($2.40 in chips) 
Seat 4: Sensei_Wai ($1.67 in chips) 
Seat 5: RichaNex ($4.11 in chips) 
Seat 6: leomax100 ($2.40 in chips) 
Seat 7: European1000 ($1.37 in chips) 
Seat 8: alfa5466 ($0.37 in chips) 
Seat 9: weverson315 ($1.84 in chips) 
European1000: posts small blind $0.01
alfa5466: posts big blind $0.02
*** HOLE CARDS ***
Dealt to Dorex2007 [Jh Ac]
weverson315: calls $0.02
CptnAhab777: folds 
9_pulga_9: folds 
Dorex2007: folds 
Sensei_Wai: folds 
RichaNex: folds 
leomax100: folds 
European1000: raises $0.04 to $0.06
alfa5466: calls $0.04
weverson315: calls $0.04
*** FLOP *** [Kc 8d 5s]
European1000: bets $0.09
alfa5466: calls $0.09
weverson315: raises $1.69 to $1.78 and is all-in
European1000: folds 
alfa5466: calls $0.22 and is all-in
Uncalled bet ($1.47) returned to weverson315
*** TURN *** [Kc 8d 5s] [Jd]
*** RIVER *** [Kc 8d 5s Jd] [7d]
*** SHOW DOWN ***
alfa5466: shows [4d 4s] (a pair of Fours)
weverson315: shows [Kd 5d] (a flush, King high)
weverson315 collected $0.86 from pot
*** SUMMARY ***
Total pot $0.89 | Rake $0.03 
Board [Kc 8d 5s Jd 7d]
Seat 1: CptnAhab777 folded before Flop (didn't bet)
Seat 2: 9_pulga_9 folded before Flop (didn't bet)
Seat 3: Dorex2007 folded before Flop (didn't bet)
Seat 4: Sensei_Wai folded before Flop (didn't bet)
Seat 5: RichaNex folded before Flop (didn't bet)
Seat 6: leomax100 (button) folded before Flop (didn't bet)
Seat 7: European1000 (small blind) folded on the Flop
Seat 8: alfa5466 (big blind) showed [4d 4s] and lost with a pair of Fours
Seat 9: weverson315 showed [Kd 5d] and won ($0.86) with a flush, King high



PokerStars Hand #234410533311:  Hold'em No Limit ($0.01/$0.02 USD) - 2022/02/26 15:50:29 PT [2022/02/26 18:50:29 ET]
Table 'Holmia' 9-max Seat #7 is the button
Seat 1: CptnAhab777 ($2.92 in chips) 
Seat 2: 9_pulga_9 ($2.16 in chips) 
Seat 3: Dorex2007 ($2.40 in chips) 
Seat 4: Sensei_Wai ($1.67 in chips) 
Seat 5: RichaNex ($4.11 in chips) 
Seat 6: leomax100 ($2.40 in chips) 
Seat 7: European1000 ($1.22 in chips) 
Seat 9: weverson315 ($2.33 in chips) 
weverson315: posts small blind $0.01
CptnAhab777: posts big blind $0.02
*** HOLE CARDS ***
Dealt to Dorex2007 [Ts 9s]
9_pulga_9: calls $0.02
Dorex2007: folds 
alfa5466 leaves the table
Sensei_Wai: folds 
RichaNex: folds 
leomax100: folds 
European1000: folds 
weverson315: calls $0.01
CptnAhab777: checks 
*** FLOP *** [9h Qs 6d]
weverson315: checks 
CptnAhab777: checks 
9_pulga_9: bets $0.02
weverson315: folds 
CptnAhab777: folds 
Uncalled bet ($0.02) returned to 9_pulga_9
9_pulga_9 collected $0.06 from pot
9_pulga_9: doesn't show hand 
*** SUMMARY ***
Total pot $0.06 | Rake $0 
Board [9h Qs 6d]
Seat 1: CptnAhab777 (big blind) folded on the Flop
Seat 2: 9_pulga_9 collected ($0.06)
Seat 3: Dorex2007 folded before Flop (didn't bet)
Seat 4: Sensei_Wai folded before Flop (didn't bet)
Seat 5: RichaNex folded before Flop (didn't bet)
Seat 6: leomax100 folded before Flop (didn't bet)
Seat 7: European1000 (button) folded before Flop (didn't bet)
Seat 9: weverson315 (small blind) folded on the Flop



PokerStars Hand #234410549800:  Hold'em No Limit ($0.01/$0.02 USD) - 2022/02/26 15:51:14 PT [2022/02/26 18:51:14 ET]
Table 'Holmia' 9-max Seat #9 is the button
Seat 1: CptnAhab777 ($2.90 in chips) 
Seat 2: 9_pulga_9 ($2.20 in chips) 
Seat 3: Dorex2007 ($2.40 in chips) 
Seat 4: Sensei_Wai ($1.67 in chips) 
Seat 5: RichaNex ($4.11 in chips) 
Seat 6: leomax100 ($2.40 in chips) 
Seat 7: European1000 ($1.22 in chips) 
Seat 9: weverson315 ($2.31 in chips) 
CptnAhab777: posts small blind $0.01
9_pulga_9: posts big blind $0.02
*** HOLE CARDS ***
Dealt to Dorex2007 [2s Jc]
Dorex2007: folds 
Sensei_Wai: folds 
RichaNex: folds 
leomax100: folds 
European1000: folds 
weverson315: raises $0.06 to $0.08
CptnAhab777: folds 
9_pulga_9: calls $0.06
*** FLOP *** [9d Kh 3c]
Climax82 joins the table at seat #8 
9_pulga_9: checks 
weverson315: bets $0.08
9_pulga_9: calls $0.08
*** TURN *** [9d Kh 3c] [Qd]
9_pulga_9: checks 
weverson315: bets $0.16
9_pulga_9: folds 
Uncalled bet ($0.16) returned to weverson315
weverson315 collected $0.32 from pot
weverson315: doesn't show hand 
*** SUMMARY ***
Total pot $0.33 | Rake $0.01 
Board [9d Kh 3c Qd]
Seat 1: CptnAhab777 (small blind) folded before Flop
Seat 2: 9_pulga_9 (big blind) folded on the Turn
Seat 3: Dorex2007 folded before Flop (didn't bet)
Seat 4: Sensei_Wai folded before Flop (didn't bet)
Seat 5: RichaNex folded before Flop (didn't bet)
Seat 6: leomax100 folded before Flop (didn't bet)
Seat 7: European1000 folded before Flop (didn't bet)
Seat 9: weverson315 (button) collected ($0.32)



PokerStars Hand #234410564160:  Hold'em No Limit ($0.01/$0.02 USD) - 2022/02/26 15:51:54 PT [2022/02/26 18:51:54 ET]
Table 'Holmia' 9-max Seat #1 is the button
Seat 1: CptnAhab777 ($2.89 in chips) 
Seat 2: 9_pulga_9 ($2.04 in chips) 
Seat 3: Dorex2007 ($2.40 in chips) 
Seat 4: Sensei_Wai ($1.67 in chips) 
Seat 5: RichaNex ($4.11 in chips) 
Seat 6: leomax100 ($2.40 in chips) 
Seat 8: Climax82 ($1 in chips) 
Seat 9: weverson315 ($2.47 in chips) 
9_pulga_9: posts small blind $0.01
Dorex2007: posts big blind $0.02
Climax82: posts big blind $0.02
*** HOLE CARDS ***
Dealt to Dorex2007 [Ah 5d]
Sensei_Wai: folds 
RichaNex: folds 
leomax100: folds 
Climax82: checks 
weverson315: calls $0.02
CptnAhab777: raises $0.09 to $0.11
9_pulga_9: calls $0.10
Dorex2007: folds 
Climax82: folds 
weverson315: calls $0.09
*** FLOP *** [6s Qs Jc]
9_pulga_9: checks 
weverson315: checks 
CptnAhab777: bets $0.22
9_pulga_9: folds 
weverson315: folds 
Uncalled bet ($0.22) returned to CptnAhab777
CptnAhab777 collected $0.36 from pot
*** SUMMARY ***
Total pot $0.37 | Rake $0.01 
Board [6s Qs Jc]
Seat 1: CptnAhab777 (button) collected ($0.36)
Seat 2: 9_pulga_9 (small blind) folded on the Flop
Seat 3: Dorex2007 (big blind) folded before Flop
Seat 4: Sensei_Wai folded before Flop (didn't bet)
Seat 5: RichaNex folded before Flop (didn't bet)
Seat 6: leomax100 folded before Flop (didn't bet)
Seat 8: Climax82 folded before Flop (didn't bet)
Seat 9: weverson315 folded on the Flop



PokerStars Hand #234410594801:  Hold'em No Limit ($0.01/$0.02 USD) - 2022/02/26 15:52:44 PT [2022/02/26 18:52:44 ET]
Table 'Holmia' 9-max Seat #2 is the button
Seat 1: CptnAhab777 ($3.14 in chips) 
Seat 2: 9_pulga_9 ($1.93 in chips) 
Seat 3: Dorex2007 ($2.38 in chips) 
Seat 5: RichaNex ($4.11 in chips) 
Seat 6: leomax100 ($2.40 in chips) 
Seat 8: Climax82 ($0.98 in chips) 
Seat 9: weverson315 ($2.36 in chips) 
Dorex2007: posts small blind $0.01
Sensei_Wai: is sitting out 
Sensei_Wai leaves the table
RichaNex: posts big blind $0.02
*** HOLE CARDS ***
Dealt to Dorex2007 [9c 7c]
leomax100: folds 
Climax82: folds 
weverson315: folds 
leomax100 leaves the table
CptnAhab777: raises $0.04 to $0.06
9_pulga_9: calls $0.06
Dorex2007: folds 
RichaNex: folds 
*** FLOP *** [Ts 5s Ac]
CptnAhab777: checks 
9_pulga_9: checks 
*** TURN *** [Ts 5s Ac] [4d]
ArfurDaley joins the table at seat #6 
CptnAhab777: bets $0.08
9_pulga_9: raises $0.08 to $0.16
CptnAhab777: calls $0.08
*** RIVER *** [Ts 5s Ac 4d] [Jh]
CptnAhab777: bets $0.45
polAAgt joins the table at seat #4 
9_pulga_9: folds 
Uncalled bet ($0.45) returned to CptnAhab777
CptnAhab777 collected $0.45 from pot
*** SUMMARY ***
Total pot $0.47 | Rake $0.02 
Board [Ts 5s Ac 4d Jh]
Seat 1: CptnAhab777 collected ($0.45)
Seat 2: 9_pulga_9 (button) folded on the River
Seat 3: Dorex2007 (small blind) folded before Flop
Seat 5: RichaNex (big blind) folded before Flop
Seat 6: leomax100 folded before Flop (didn't bet)
Seat 8: Climax82 folded before Flop (didn't bet)
Seat 9: weverson315 folded before Flop (didn't bet)



PokerStars Hand #234410612293:  Hold'em No Limit ($0.01/$0.02 USD) - 2022/02/26 15:53:33 PT [2022/02/26 18:53:33 ET]
Table 'Holmia' 9-max Seat #3 is the button
Seat 1: CptnAhab777 ($3.37 in chips) 
Seat 2: 9_pulga_9 ($1.71 in chips) 
Seat 3: Dorex2007 ($2.37 in chips) 
Seat 5: RichaNex ($4.09 in chips) 
Seat 6: ArfurDaley ($2 in chips) 
Seat 8: Climax82 ($0.98 in chips) 
Seat 9: weverson315 ($2.36 in chips) 
RichaNex: posts small blind $0.01
ArfurDaley: posts big blind $0.02
*** HOLE CARDS ***
Dealt to Dorex2007 [5s Tc]
Climax82 has timed out
Climax82: folds 
weverson315: calls $0.02
CptnAhab777: folds 
9_pulga_9: raises $0.02 to $0.04
Dorex2007: folds 
RichaNex: raises $0.12 to $0.16
ArfurDaley: folds 
weverson315: folds 
9_pulga_9: calls $0.12
*** FLOP *** [Kc Jh Td]
RichaNex: bets $0.12
9_pulga_9: calls $0.12
*** TURN *** [Kc Jh Td] [7h]
RichaNex: bets $0.20
9_pulga_9: folds 
Uncalled bet ($0.20) returned to RichaNex
RichaNex collected $0.58 from pot
*** SUMMARY ***
Total pot $0.60 | Rake $0.02 
Board [Kc Jh Td 7h]
Seat 1: CptnAhab777 folded before Flop (didn't bet)
Seat 2: 9_pulga_9 folded on the Turn
Seat 3: Dorex2007 (button) folded before Flop (didn't bet)
Seat 5: RichaNex (small blind) collected ($0.58)
Seat 6: ArfurDaley (big blind) folded before Flop
Seat 8: Climax82 folded before Flop (didn't bet)
Seat 9: weverson315 folded before Flop



PokerStars Hand #234410630710:  Hold'em No Limit ($0.01/$0.02 USD) - 2022/02/26 15:54:24 PT [2022/02/26 18:54:24 ET]
Table 'Holmia' 9-max Seat #5 is the button
Seat 1: CptnAhab777 ($3.37 in chips) 
Seat 2: 9_pulga_9 ($1.43 in chips) 
Seat 3: Dorex2007 ($2.37 in chips) 
Seat 5: RichaNex ($4.39 in chips) 
Seat 6: ArfurDaley ($2 in chips) 
Seat 8: Climax82 ($0.98 in chips) 
Seat 9: weverson315 ($2.34 in chips) 
ArfurDaley: posts small blind $0.01
Climax82: posts big blind $0.02
polAAgt: sits out 
*** HOLE CARDS ***
Dealt to Dorex2007 [6c Ad]
weverson315: calls $0.02
CptnAhab777: folds 
9_pulga_9: raises $0.02 to $0.04
Dorex2007: folds 
RichaNex: calls $0.04
ArfurDaley: folds 
Climax82: folds 
weverson315: raises $0.27 to $0.31
9_pulga_9: calls $0.27
RichaNex: calls $0.27
*** FLOP *** [Kh Qd 3h]
weverson315: bets $2.03 and is all-in
9_pulga_9: folds 
RichaNex: calls $2.03
*** TURN *** [Kh Qd 3h] [9s]
*** RIVER *** [Kh Qd 3h 9s] [8d]
*** SHOW DOWN ***
weverson315: shows [Ac Kc] (a pair of Kings)
RichaNex: shows [Qh Jh] (a pair of Queens)
weverson315 collected $4.84 from pot
*** SUMMARY ***
Total pot $5.02 | Rake $0.18 
Board [Kh Qd 3h 9s 8d]
Seat 1: CptnAhab777 folded before Flop (didn't bet)
Seat 2: 9_pulga_9 folded on the Flop
Seat 3: Dorex2007 folded before Flop (didn't bet)
Seat 5: RichaNex (button) showed [Qh Jh] and lost with a pair of Queens
Seat 6: ArfurDaley (small blind) folded before Flop
Seat 8: Climax82 (big blind) folded before Flop
Seat 9: weverson315 showed [Ac Kc] and won ($4.84) with a pair of Kings



PokerStars Hand #234410647302:  Hold'em No Limit ($0.01/$0.02 USD) - 2022/02/26 15:55:11 PT [2022/02/26 18:55:11 ET]
Table 'Holmia' 9-max Seat #6 is the button
Seat 1: CptnAhab777 ($3.37 in chips) 
Seat 2: 9_pulga_9 ($1.12 in chips) 
Seat 3: Dorex2007 ($2.37 in chips) 
Seat 5: RichaNex ($2.05 in chips) 
Seat 6: ArfurDaley ($2 in chips) 
Seat 8: Climax82 ($0.96 in chips) 
Seat 9: weverson315 ($4.84 in chips) 
Climax82: posts small blind $0.01
weverson315: posts big blind $0.02
polAAgt: sits out 
*** HOLE CARDS ***
Dealt to Dorex2007 [2d 9d]
CptnAhab777: folds 
9_pulga_9: raises $0.02 to $0.04
Dorex2007: folds 
RichaNex: folds 
ArfurDaley: folds 
Climax82: folds 
weverson315: calls $0.02
*** FLOP *** [Tc Ad Jd]
weverson315: checks 
9_pulga_9: bets $0.02
weverson315: calls $0.02
*** TURN *** [Tc Ad Jd] [8c]
weverson315: checks 
9_pulga_9: bets $0.13
weverson315: calls $0.13
*** RIVER *** [Tc Ad Jd 8c] [Jh]
weverson315: checks 
9_pulga_9: bets $0.38
weverson315: calls $0.38
*** SHOW DOWN ***
9_pulga_9: shows [Js Ts] (a full house, Jacks full of Tens)
weverson315: mucks hand 
9_pulga_9 collected $1.11 from pot
*** SUMMARY ***
Total pot $1.15 | Rake $0.04 
Board [Tc Ad Jd 8c Jh]
Seat 1: CptnAhab777 folded before Flop (didn't bet)
Seat 2: 9_pulga_9 showed [Js Ts] and won ($1.11) with a full house, Jacks full of Tens
Seat 3: Dorex2007 folded before Flop (didn't bet)
Seat 5: RichaNex folded before Flop (didn't bet)
Seat 6: ArfurDaley (button) folded before Flop (didn't bet)
Seat 8: Climax82 (small blind) folded before Flop
Seat 9: weverson315 (big blind) mucked [6h Ah]



PokerStars Hand #234410657465:  Hold'em No Limit ($0.01/$0.02 USD) - 2022/02/26 15:55:47 PT [2022/02/26 18:55:47 ET]
Table 'Holmia' 9-max Seat #8 is the button
Seat 1: CptnAhab777 ($3.37 in chips) 
Seat 2: 9_pulga_9 ($1.66 in chips) 
Seat 3: Dorex2007 ($2.37 in chips) 
Seat 5: RichaNex ($2.05 in chips) 
Seat 6: ArfurDaley ($2 in chips) 
Seat 8: Climax82 ($0.95 in chips) 
Seat 9: weverson315 ($4.27 in chips) 
weverson315: posts small blind $0.01
CptnAhab777: posts big blind $0.02
polAAgt: sits out 
*** HOLE CARDS ***
Dealt to Dorex2007 [2s 9d]
9_pulga_9: calls $0.02
Dorex2007: folds 
RichaNex: folds 
ArfurDaley: folds 
Climax82: folds 
weverson315: raises $0.06 to $0.08
European1000 leaves the table
CptnAhab777: folds 
9_pulga_9: calls $0.06
*** FLOP *** [4d Qs 9c]
ArfurDaley leaves the table
weverson315: bets $0.08
9_pulga_9: folds 
Uncalled bet ($0.08) returned to weverson315
weverson315 collected $0.17 from pot
weverson315: doesn't show hand 
*** SUMMARY ***
Total pot $0.18 | Rake $0.01 
Board [4d Qs 9c]
Seat 1: CptnAhab777 (big blind) folded before Flop
Seat 2: 9_pulga_9 folded on the Flop
Seat 3: Dorex2007 folded before Flop (didn't bet)
Seat 5: RichaNex folded before Flop (didn't bet)
Seat 6: ArfurDaley folded before Flop (didn't bet)
Seat 8: Climax82 (button) folded before Flop (didn't bet)
Seat 9: weverson315 (small blind) collected ($0.17)



PokerStars Hand #234410665992:  Hold'em No Limit ($0.01/$0.02 USD) - 2022/02/26 15:56:17 PT [2022/02/26 18:56:17 ET]
Table 'Holmia' 9-max Seat #9 is the button
Seat 1: CptnAhab777 ($3.35 in chips) 
Seat 2: 9_pulga_9 ($1.58 in chips) 
Seat 3: Dorex2007 ($2.37 in chips) 
Seat 5: RichaNex ($2.05 in chips) 
Seat 8: Climax82 ($0.95 in chips) 
Seat 9: weverson315 ($4.36 in chips) 
CptnAhab777: posts small blind $0.01
9_pulga_9: posts big blind $0.02
polAAgt: sits out 
*** HOLE CARDS ***
Dealt to Dorex2007 [Ah 2h]
Dorex2007: folds 
RichaNex: folds 
Climax82: raises $0.02 to $0.04
weverson315: calls $0.04
CptnAhab777: folds 
9_pulga_9: calls $0.02
*** FLOP *** [3c Qh 5h]
CptnAhab777 leaves the table
9_pulga_9: bets $0.13
Climax82: calls $0.13
weverson315: calls $0.13
*** TURN *** [3c Qh 5h] [2c]
9_pulga_9: bets $0.50
spidernet joins the table at seat #1 
Climax82: calls $0.50
weverson315: folds 
*** RIVER *** [3c Qh 5h 2c] [8h]
9_pulga_9: bets $0.91 and is all-in
Climax82: folds 
Uncalled bet ($0.91) returned to 9_pulga_9
9_pulga_9 collected $1.47 from pot
9_pulga_9: doesn't show hand 
*** SUMMARY ***
Total pot $1.52 | Rake $0.05 
Board [3c Qh 5h 2c 8h]
Seat 1: CptnAhab777 (small blind) folded before Flop
Seat 2: 9_pulga_9 (big blind) collected ($1.47)
Seat 3: Dorex2007 folded before Flop (didn't bet)
Seat 5: RichaNex folded before Flop (didn't bet)
Seat 8: Climax82 folded on the River
Seat 9: weverson315 (button) folded on the Turn



PokerStars Hand #234410683271:  Hold'em No Limit ($0.01/$0.02 USD) - 2022/02/26 15:57:18 PT [2022/02/26 18:57:18 ET]
Table 'Holmia' 9-max Seat #2 is the button
Seat 2: 9_pulga_9 ($2.38 in chips) 
Seat 3: Dorex2007 ($2.37 in chips) 
Seat 4: polAAgt ($1.60 in chips) 
Seat 5: RichaNex ($2.05 in chips) 
Seat 8: Climax82 ($0.28 in chips) 
Seat 9: weverson315 ($4.19 in chips) 
Dorex2007: posts small blind $0.01
polAAgt: posts big blind $0.02
spidernet: sits out 
*** HOLE CARDS ***
Dealt to Dorex2007 [3c 5h]
RichaNex: folds 
Climax82: raises $0.26 to $0.28 and is all-in
weverson315: folds 
Nivel 01 joins the table at seat #6 
9_pulga_9: folds 
Dorex2007: folds 
donramon9 joins the table at seat #7 
polAAgt: folds 
Uncalled bet ($0.26) returned to Climax82
Climax82 collected $0.05 from pot
Climax82: doesn't show hand 
*** SUMMARY ***
Total pot $0.05 | Rake $0 
Seat 2: 9_pulga_9 (button) folded before Flop (didn't bet)
Seat 3: Dorex2007 (small blind) folded before Flop
Seat 4: polAAgt (big blind) folded before Flop
Seat 5: RichaNex folded before Flop (didn't bet)
Seat 8: Climax82 collected ($0.05)
Seat 9: weverson315 folded before Flop (didn't bet)



PokerStars Hand #234410691164:  Hold'em No Limit ($0.01/$0.02 USD) - 2022/02/26 15:57:46 PT [2022/02/26 18:57:46 ET]
Table 'Holmia' 9-max Seat #3 is the button
Seat 2: 9_pulga_9 ($2.38 in chips) 
Seat 3: Dorex2007 ($2.36 in chips) 
Seat 4: polAAgt ($1.58 in chips) 
Seat 6: Nivel 01 ($2 in chips) 
Seat 8: Climax82 ($0.31 in chips) 
Seat 9: weverson315 ($4.19 in chips) 
polAAgt: posts small blind $0.01
RichaNex: is sitting out 
RichaNex leaves the table
Nivel 01: posts big blind $0.02
donramon9: sits out 
spidernet: sits out 
*** HOLE CARDS ***
Dealt to Dorex2007 [Qs 9c]
Climax82: folds 
weverson315: folds 
9_pulga_9: calls $0.02
Dorex2007: folds 
polAAgt: folds 
PBlocker joins the table at seat #5 
Nivel 01: checks 
*** FLOP *** [9d 2c 9s]
Nivel 01: checks 
9_pulga_9: checks 
*** TURN *** [9d 2c 9s] [Qc]
Nivel 01: checks 
9_pulga_9: bets $0.02
Nivel 01: folds 
Uncalled bet ($0.02) returned to 9_pulga_9
9_pulga_9 collected $0.05 from pot
9_pulga_9: doesn't show hand 
*** SUMMARY ***
Total pot $0.05 | Rake $0 
Board [9d 2c 9s Qc]
Seat 2: 9_pulga_9 collected ($0.05)
Seat 3: Dorex2007 (button) folded before Flop (didn't bet)
Seat 4: polAAgt (small blind) folded before Flop
Seat 6: Nivel 01 (big blind) folded on the Turn
Seat 8: Climax82 folded before Flop (didn't bet)
Seat 9: weverson315 folded before Flop (didn't bet)



PokerStars Hand #234410696340:  Hold'em No Limit ($0.01/$0.02 USD) - 2022/02/26 15:58:04 PT [2022/02/26 18:58:04 ET]
Table 'Holmia' 9-max Seat #4 is the button
Seat 2: 9_pulga_9 ($2.41 in chips) 
Seat 3: Dorex2007 ($2.36 in chips) 
Seat 4: polAAgt ($1.57 in chips) 
Seat 6: Nivel 01 ($1.98 in chips) 
Seat 7: donramon9 ($1.18 in chips) 
Seat 8: Climax82 ($0.31 in chips) 
Seat 9: weverson315 ($4.19 in chips) 
Nivel 01: posts small blind $0.01
donramon9: posts big blind $0.02
spidernet: sits out 
*** HOLE CARDS ***
Dealt to Dorex2007 [Kh 7h]
Climax82: folds 
weverson315: calls $0.02
9_pulga_9: folds 
Dorex2007 has timed out
Dorex2007: folds 
polAAgt: calls $0.02
Nivel 01: calls $0.01
donramon9: checks 
*** FLOP *** [Kc Jh 9c]
Nivel 01: checks 
donramon9: checks 
weverson315: checks 
polAAgt: checks 
*** TURN *** [Kc Jh 9c] [2c]
Nivel 01: checks 
donramon9: checks 
weverson315: checks 
polAAgt: checks 
*** RIVER *** [Kc Jh 9c 2c] [2d]
Nivel 01: checks 
donramon9: checks 
weverson315: bets $0.08
polAAgt: folds 
Nivel 01: folds 
donramon9: folds 
Uncalled bet ($0.08) returned to weverson315
weverson315 collected $0.08 from pot
weverson315: doesn't show hand 
*** SUMMARY ***
Total pot $0.08 | Rake $0 
Board [Kc Jh 9c 2c 2d]
Seat 2: 9_pulga_9 folded before Flop (didn't bet)
Seat 3: Dorex2007 folded before Flop (didn't bet)
Seat 4: polAAgt (button) folded on the River
Seat 6: Nivel 01 (small blind) folded on the River
Seat 7: donramon9 (big blind) folded on the River
Seat 8: Climax82 folded before Flop (didn't bet)
Seat 9: weverson315 collected ($0.08)



PokerStars Hand #234410715840:  Hold'em No Limit ($0.01/$0.02 USD) - 2022/02/26 15:59:12 PT [2022/02/26 18:59:12 ET]
Table 'Holmia' 9-max Seat #6 is the button
Seat 2: 9_pulga_9 ($2.41 in chips) 
Seat 3: Dorex2007 ($2.36 in chips) 
Seat 4: polAAgt ($1.55 in chips) 
Seat 5: PBlocker ($2 in chips) 
Seat 6: Nivel 01 ($1.96 in chips) 
Seat 7: donramon9 ($1.16 in chips) 
Seat 8: Climax82 ($0.31 in chips) 
Seat 9: weverson315 ($4.25 in chips) 
donramon9: posts small blind $0.01
Climax82: posts big blind $0.02
spidernet: sits out 
PBlocker: posts big blind $0.02
*** HOLE CARDS ***
Dealt to Dorex2007 [4c 2s]
weverson315: folds 
9_pulga_9: raises $0.02 to $0.04
Dorex2007: folds 
polAAgt: calls $0.04
PBlocker: folds 
Nivel 01: folds 
donramon9: folds 
Climax82: folds 
*** FLOP *** [Td 9h Th]
9_pulga_9: bets $0.02
polAAgt: calls $0.02
*** TURN *** [Td 9h Th] [9s]
9_pulga_9: bets $0.02
polAAgt: folds 
Uncalled bet ($0.02) returned to 9_pulga_9
9_pulga_9 collected $0.16 from pot
9_pulga_9: doesn't show hand 
*** SUMMARY ***
Total pot $0.17 | Rake $0.01 
Board [Td 9h Th 9s]
Seat 2: 9_pulga_9 collected ($0.16)
Seat 3: Dorex2007 folded before Flop (didn't bet)
Seat 4: polAAgt folded on the Turn
Seat 5: PBlocker folded before Flop (didn't bet)
Seat 6: Nivel 01 (button) folded before Flop (didn't bet)
Seat 7: donramon9 (small blind) folded before Flop
Seat 8: Climax82 (big blind) folded before Flop
Seat 9: weverson315 folded before Flop (didn't bet)



PokerStars Hand #234410726045:  Hold'em No Limit ($0.01/$0.02 USD) - 2022/02/26 15:59:48 PT [2022/02/26 18:59:48 ET]
Table 'Holmia' 9-max Seat #7 is the button
Seat 2: 9_pulga_9 ($2.51 in chips) 
Seat 3: Dorex2007 ($2.36 in chips) 
Seat 4: polAAgt ($1.49 in chips) 
Seat 5: PBlocker ($1.98 in chips) 
Seat 7: donramon9 ($1.15 in chips) 
Seat 8: Climax82 ($0.29 in chips) 
Seat 9: weverson315 ($4.25 in chips) 
Climax82: posts small blind $0.01
weverson315: posts big blind $0.02
spidernet: sits out 
*** HOLE CARDS ***
Dealt to Dorex2007 [4h Td]
9_pulga_9: calls $0.02
Dorex2007: folds 
polAAgt: calls $0.02
PBlocker: folds 
donramon9: folds 
Climax82: calls $0.01
weverson315: checks 
*** FLOP *** [7s 4d 6h]
Climax82: checks 
weverson315: checks 
9_pulga_9: bets $0.06
polAAgt: calls $0.06
Climax82: calls $0.06
weverson315: calls $0.06
*** TURN *** [7s 4d 6h] [Th]
Climax82: bets $0.21 and is all-in
weverson315: calls $0.21
9_pulga_9: folds 
polAAgt: folds 
*** RIVER *** [7s 4d 6h Th] [7c]
*** SHOW DOWN ***
Climax82: shows [Ts 6s] (two pair, Tens and Sevens)
weverson315: shows [9d 8c] (a straight, Six to Ten)
weverson315 collected $0.71 from pot
*** SUMMARY ***
Total pot $0.74 | Rake $0.03 
Board [7s 4d 6h Th 7c]
Seat 2: 9_pulga_9 folded on the Turn
Seat 3: Dorex2007 folded before Flop (didn't bet)
Seat 4: polAAgt folded on the Turn
Seat 5: PBlocker folded before Flop (didn't bet)
Seat 7: donramon9 (button) folded before Flop (didn't bet)
Seat 8: Climax82 (small blind) showed [Ts 6s] and lost with two pair, Tens and Sevens
Seat 9: weverson315 (big blind) showed [9d 8c] and won ($0.71) with a straight, Six to Ten



PokerStars Hand #234410745196:  Hold'em No Limit ($0.01/$0.02 USD) - 2022/02/26 16:00:53 PT [2022/02/26 19:00:53 ET]
Table 'Holmia' 9-max Seat #9 is the button
Seat 2: 9_pulga_9 ($2.43 in chips) 
Seat 3: Dorex2007 ($2.36 in chips) 
Seat 4: polAAgt ($1.41 in chips) 
Seat 5: PBlocker ($1.98 in chips) 
Seat 7: donramon9 ($1.15 in chips) 
Seat 9: weverson315 ($4.67 in chips) 
9_pulga_9: posts small blind $0.01
Dorex2007: posts big blind $0.02
*** HOLE CARDS ***
Dealt to Dorex2007 [Ks 4s]
polAAgt: folds 
PBlocker: folds 
Climax82 leaves the table
donramon9: folds 
weverson315: calls $0.02
9_pulga_9: raises $0.02 to $0.04
Dorex2007: folds 
weverson315: calls $0.02
*** FLOP *** [6s 7h Ah]
9_pulga_9: checks 
weverson315: checks 
*** TURN *** [6s 7h Ah] [4h]
9_pulga_9: bets $0.02
weverson315: raises $0.14 to $0.16
Szunyli joins the table at seat #8 
9_pulga_9: calls $0.14
*** RIVER *** [6s 7h Ah 4h] [8s]
9_pulga_9: bets $0.41
weverson315: raises $4.06 to $4.47 and is all-in
9_pulga_9: calls $1.82 and is all-in
Uncalled bet ($2.24) returned to weverson315
*** SHOW DOWN ***
weverson315: shows [2h Kh] (a flush, Ace high)
9_pulga_9: shows [8c 7c] (two pair, Eights and Sevens)
weverson315 collected $4.71 from pot
*** SUMMARY ***
Total pot $4.88 | Rake $0.17 
Board [6s 7h Ah 4h 8s]
Seat 2: 9_pulga_9 (small blind) showed [8c 7c] and lost with two pair, Eights and Sevens
Seat 3: Dorex2007 (big blind) folded before Flop
Seat 4: polAAgt folded before Flop (didn't bet)
Seat 5: PBlocker folded before Flop (didn't bet)
Seat 7: donramon9 folded before Flop (didn't bet)
Seat 9: weverson315 (button) showed [2h Kh] and won ($4.71) with a flush, Ace high



PokerStars Hand #234410761885:  Hold'em No Limit ($0.01/$0.02 USD) - 2022/02/26 16:01:42 PT [2022/02/26 19:01:42 ET]
Table 'Holmia' 9-max Seat #3 is the button
Seat 3: Dorex2007 ($2.34 in chips) 
Seat 4: polAAgt ($1.41 in chips) 
Seat 5: PBlocker ($1.98 in chips) 
Seat 7: donramon9 ($1.15 in chips) 
Seat 8: Szunyli ($2 in chips) 
Seat 9: weverson315 ($6.95 in chips) 
polAAgt: posts small blind $0.01
PBlocker: posts big blind $0.02
Szunyli: posts big blind $0.02
spidernet: sits out 
*** HOLE CARDS ***
Dealt to Dorex2007 [9s Ad]
donramon9: folds 
Szunyli: checks 
weverson315: folds 
Dorex2007: calls $0.02
polAAgt: folds 
PBlocker: checks 
*** FLOP *** [5h Qd 4d]
PBlocker: bets $0.06
Szunyli: folds 
Dorex2007: folds 
Uncalled bet ($0.06) returned to PBlocker
PBlocker collected $0.07 from pot
PBlocker: doesn't show hand 
*** SUMMARY ***
Total pot $0.07 | Rake $0 
Board [5h Qd 4d]
Seat 3: Dorex2007 (button) folded on the Flop
Seat 4: polAAgt (small blind) folded before Flop
Seat 5: PBlocker (big blind) collected ($0.07)
Seat 7: donramon9 folded before Flop (didn't bet)
Seat 8: Szunyli folded on the Flop (didn't bet)
Seat 9: weverson315 folded before Flop (didn't bet)



PokerStars Hand #234410771919:  Hold'em No Limit ($0.01/$0.02 USD) - 2022/02/26 16:02:12 PT [2022/02/26 19:02:12 ET]
Table 'Holmia' 9-max Seat #4 is the button
Seat 3: Dorex2007 ($2.32 in chips) 
Seat 4: polAAgt ($1.40 in chips) 
Seat 5: PBlocker ($2.03 in chips) 
Seat 7: donramon9 ($1.15 in chips) 
Seat 8: Szunyli ($1.98 in chips) 
Seat 9: weverson315 ($6.95 in chips) 
PBlocker: posts small blind $0.01
donramon9: posts big blind $0.02
spidernet: sits out 
*** HOLE CARDS ***
Dealt to Dorex2007 [7d 6h]
Szunyli: folds 
weverson315: calls $0.02
Dorex2007: folds 
polAAgt: folds 
PBlocker: raises $0.06 to $0.08
donramon9: folds 
9_pulga_9 is disconnected 
weverson315: folds 
Uncalled bet ($0.06) returned to PBlocker
PBlocker collected $0.06 from pot
PBlocker: doesn't show hand 
*** SUMMARY ***
Total pot $0.06 | Rake $0 
Seat 3: Dorex2007 folded before Flop (didn't bet)
Seat 4: polAAgt (button) folded before Flop (didn't bet)
Seat 5: PBlocker (small blind) collected ($0.06)
Seat 7: donramon9 (big blind) folded before Flop
Seat 8: Szunyli folded before Flop (didn't bet)
Seat 9: weverson315 folded before Flop



PokerStars Hand #234410780089:  Hold'em No Limit ($0.01/$0.02 USD) - 2022/02/26 16:02:36 PT [2022/02/26 19:02:36 ET]
Table 'Holmia' 9-max Seat #5 is the button
Seat 3: Dorex2007 ($2.32 in chips) 
Seat 4: polAAgt ($1.40 in chips) 
Seat 5: PBlocker ($2.07 in chips) 
Seat 7: donramon9 ($1.13 in chips) 
Seat 8: Szunyli ($1.98 in chips) 
Seat 9: weverson315 ($6.93 in chips) 
donramon9: posts small blind $0.01
Szunyli: posts big blind $0.02
spidernet: sits out 
*** HOLE CARDS ***
Dealt to Dorex2007 [8s 6s]
weverson315: folds 
Dorex2007: folds 
polAAgt has timed out
polAAgt: folds 
PBlocker: raises $0.05 to $0.07
donramon9: calls $0.06
Szunyli: calls $0.05
*** FLOP *** [Kc 8c 8d]
donramon9: checks 
Szunyli: checks 
PBlocker: checks 
*** TURN *** [Kc 8c 8d] [7h]
donramon9: checks 
Szunyli: checks 
PBlocker: checks 
*** RIVER *** [Kc 8c 8d 7h] [2s]
donramon9: checks 
Szunyli: checks 
PBlocker: checks 
*** SHOW DOWN ***
donramon9: shows [3s 3h] (two pair, Eights and Threes)
Szunyli: mucks hand 
PBlocker: mucks hand 
donramon9 collected $0.20 from pot
*** SUMMARY ***
Total pot $0.21 | Rake $0.01 
Board [Kc 8c 8d 7h 2s]
Seat 3: Dorex2007 folded before Flop (didn't bet)
Seat 4: polAAgt folded before Flop (didn't bet)
Seat 5: PBlocker (button) mucked [Ts Jh]
Seat 7: donramon9 (small blind) showed [3s 3h] and won ($0.20) with two pair, Eights and Threes
Seat 8: Szunyli (big blind) mucked [Js Qs]
Seat 9: weverson315 folded before Flop (didn't bet)



PokerStars Hand #234410805463:  Hold'em No Limit ($0.01/$0.02 USD) - 2022/02/26 16:03:28 PT [2022/02/26 19:03:28 ET]
Table 'Holmia' 9-max Seat #7 is the button
Seat 3: Dorex2007 ($2.32 in chips) 
Seat 4: polAAgt ($1.40 in chips) 
Seat 5: PBlocker ($2 in chips) 
Seat 7: donramon9 ($1.26 in chips) 
Seat 8: Szunyli ($1.91 in chips) 
Seat 9: weverson315 ($6.93 in chips) 
Szunyli: posts small blind $0.01
weverson315: posts big blind $0.02
spidernet: sits out 
*** HOLE CARDS ***
Dealt to Dorex2007 [6d 7h]
Dorex2007: folds 
polAAgt: folds 
PBlocker: raises $0.07 to $0.09
donramon9: folds 
Szunyli: folds 
weverson315: folds 
Uncalled bet ($0.07) returned to PBlocker
PBlocker collected $0.05 from pot
PBlocker: doesn't show hand 
*** SUMMARY ***
Total pot $0.05 | Rake $0 
Seat 3: Dorex2007 folded before Flop (didn't bet)
Seat 4: polAAgt folded before Flop (didn't bet)
Seat 5: PBlocker collected ($0.05)
Seat 7: donramon9 (button) folded before Flop (didn't bet)
Seat 8: Szunyli (small blind) folded before Flop
Seat 9: weverson315 (big blind) folded before Flop



PokerStars Hand #234410811345:  Hold'em No Limit ($0.01/$0.02 USD) - 2022/02/26 16:03:44 PT [2022/02/26 19:03:44 ET]
Table 'Holmia' 9-max Seat #8 is the button
Seat 1: spidernet ($1.60 in chips) 
Seat 3: Dorex2007 ($2.32 in chips) 
Seat 4: polAAgt ($1.40 in chips) 
Seat 5: PBlocker ($2.03 in chips) 
Seat 7: donramon9 ($1.26 in chips) 
Seat 8: Szunyli ($1.90 in chips) 
Seat 9: weverson315 ($6.91 in chips) 
weverson315: posts small blind $0.01
spidernet: posts big blind $0.02
*** HOLE CARDS ***
Dealt to Dorex2007 [9d 4h]
Dorex2007: folds 
polAAgt has timed out
polAAgt: folds 
PBlocker: folds 
donramon9: folds 
Szunyli: folds 
weverson315: calls $0.01
spidernet: checks 
*** FLOP *** [Ac 6h Js]
weverson315: checks 
spidernet: checks 
*** TURN *** [Ac 6h Js] [7d]
weverson315: checks 
spidernet: checks 
*** RIVER *** [Ac 6h Js 7d] [Ah]
weverson315: checks 
spidernet: checks 
*** SHOW DOWN ***
weverson315: shows [Td 8c] (a pair of Aces)
spidernet: mucks hand 
weverson315 collected $0.04 from pot
*** SUMMARY ***
Total pot $0.04 | Rake $0 
Board [Ac 6h Js 7d Ah]
Seat 1: spidernet (big blind) mucked [3s 4c]
Seat 3: Dorex2007 folded before Flop (didn't bet)
Seat 4: polAAgt folded before Flop (didn't bet)
Seat 5: PBlocker folded before Flop (didn't bet)
Seat 7: donramon9 folded before Flop (didn't bet)
Seat 8: Szunyli (button) folded before Flop (didn't bet)
Seat 9: weverson315 (small blind) showed [Td 8c] and won ($0.04) with a pair of Aces



PokerStars Hand #234410829996:  Hold'em No Limit ($0.01/$0.02 USD) - 2022/02/26 16:04:38 PT [2022/02/26 19:04:38 ET]
Table 'Holmia' 9-max Seat #9 is the button
Seat 1: spidernet ($1.58 in chips) 
Seat 3: Dorex2007 ($2.32 in chips) 
Seat 4: polAAgt ($1.40 in chips) 
Seat 5: PBlocker ($2.03 in chips) 
Seat 7: donramon9 ($1.26 in chips) 
Seat 8: Szunyli ($1.90 in chips) 
Seat 9: weverson315 ($6.93 in chips) 
spidernet: posts small blind $0.01
Dorex2007: posts big blind $0.02
*** HOLE CARDS ***
Dealt to Dorex2007 [5h 6d]
polAAgt: folds 
PBlocker: calls $0.02
donramon9: folds 
Szunyli: folds 
weverson315: folds 
spidernet: calls $0.01
Dorex2007: checks 
*** FLOP *** [Jc 8h 6s]
spidernet: checks 
Dorex2007: checks 
PBlocker: bets $0.08
spidernet: folds 
Dorex2007: folds 
Uncalled bet ($0.08) returned to PBlocker
PBlocker collected $0.06 from pot
PBlocker: doesn't show hand 
*** SUMMARY ***
Total pot $0.06 | Rake $0 
Board [Jc 8h 6s]
Seat 1: spidernet (small blind) folded on the Flop
Seat 3: Dorex2007 (big blind) folded on the Flop
Seat 4: polAAgt folded before Flop (didn't bet)
Seat 5: PBlocker collected ($0.06)
Seat 7: donramon9 folded before Flop (didn't bet)
Seat 8: Szunyli folded before Flop (didn't bet)
Seat 9: weverson315 (button) folded before Flop (didn't bet)



PokerStars Hand #234410840449:  Hold'em No Limit ($0.01/$0.02 USD) - 2022/02/26 16:05:08 PT [2022/02/26 19:05:08 ET]
Table 'Holmia' 9-max Seat #1 is the button
Seat 1: spidernet ($1.56 in chips) 
Seat 3: Dorex2007 ($2.30 in chips) 
Seat 4: polAAgt ($1.40 in chips) 
Seat 5: PBlocker ($2.07 in chips) 
Seat 7: donramon9 ($1.26 in chips) 
Seat 8: Szunyli ($1.90 in chips) 
Seat 9: weverson315 ($6.93 in chips) 
Dorex2007: posts small blind $0.01
polAAgt: posts big blind $0.02
*** HOLE CARDS ***
Dealt to Dorex2007 [2h 8d]
PBlocker: folds 
donramon9: folds 
Szunyli: folds 
weverson315: folds 
spidernet: folds 
Dorex2007: folds 
Uncalled bet ($0.01) returned to polAAgt
polAAgt collected $0.02 from pot
polAAgt: doesn't show hand 
*** SUMMARY ***
Total pot $0.02 | Rake $0 
Seat 1: spidernet (button) folded before Flop (didn't bet)
Seat 3: Dorex2007 (small blind) folded before Flop
Seat 4: polAAgt (big blind) collected ($0.02)
Seat 5: PBlocker folded before Flop (didn't bet)
Seat 7: donramon9 folded before Flop (didn't bet)
Seat 8: Szunyli folded before Flop (didn't bet)
Seat 9: weverson315 folded before Flop (didn't bet)



PokerStars Hand #234410845433:  Hold'em No Limit ($0.01/$0.02 USD) - 2022/02/26 16:05:23 PT [2022/02/26 19:05:23 ET]
Table 'Holmia' 9-max Seat #3 is the button
Seat 1: spidernet ($1.56 in chips) 
Seat 3: Dorex2007 ($2.29 in chips) 
Seat 4: polAAgt ($1.41 in chips) 
Seat 5: PBlocker ($2.07 in chips) 
Seat 7: donramon9 ($1.26 in chips) 
Seat 8: Szunyli ($1.90 in chips) 
Seat 9: weverson315 ($6.93 in chips) 
polAAgt: posts small blind $0.01
PBlocker: posts big blind $0.02
*** HOLE CARDS ***
Dealt to Dorex2007 [8h 6s]
donramon9: folds 
Szunyli: folds 
weverson315: folds 
spidernet: folds 
Dorex2007: folds 
polAAgt: folds 
Uncalled bet ($0.01) returned to PBlocker
PBlocker collected $0.02 from pot
PBlocker: doesn't show hand 
*** SUMMARY ***
Total pot $0.02 | Rake $0 
Seat 1: spidernet folded before Flop (didn't bet)
Seat 3: Dorex2007 (button) folded before Flop (didn't bet)
Seat 4: polAAgt (small blind) folded before Flop
Seat 5: PBlocker (big blind) collected ($0.02)
Seat 7: donramon9 folded before Flop (didn't bet)
Seat 8: Szunyli folded before Flop (didn't bet)
Seat 9: weverson315 folded before Flop (didn't bet)



PokerStars Hand #234410850259:  Hold'em No Limit ($0.01/$0.02 USD) - 2022/02/26 16:05:37 PT [2022/02/26 19:05:37 ET]
Table 'Holmia' 9-max Seat #4 is the button
Seat 1: spidernet ($1.56 in chips) 
Seat 3: Dorex2007 ($2.29 in chips) 
Seat 4: polAAgt ($1.40 in chips) 
Seat 5: PBlocker ($2.08 in chips) 
Seat 7: donramon9 ($1.26 in chips) 
Seat 8: Szunyli ($1.90 in chips) 
Seat 9: weverson315 ($6.93 in chips) 
PBlocker: posts small blind $0.01
donramon9: posts big blind $0.02
*** HOLE CARDS ***
Dealt to Dorex2007 [9c 7c]
Szunyli: folds 
weverson315: folds 
spidernet: folds 
Dorex2007: folds 
polAAgt: raises $0.02 to $0.04
PBlocker: folds 
donramon9: folds 
Uncalled bet ($0.02) returned to polAAgt
polAAgt collected $0.05 from pot
polAAgt: doesn't show hand 
*** SUMMARY ***
Total pot $0.05 | Rake $0 
Seat 1: spidernet folded before Flop (didn't bet)
Seat 3: Dorex2007 folded before Flop (didn't bet)
Seat 4: polAAgt (button) collected ($0.05)
Seat 5: PBlocker (small blind) folded before Flop
Seat 7: donramon9 (big blind) folded before Flop
Seat 8: Szunyli folded before Flop (didn't bet)
Seat 9: weverson315 folded before Flop (didn't bet)



PokerStars Hand #234410854933:  Hold'em No Limit ($0.01/$0.02 USD) - 2022/02/26 16:05:50 PT [2022/02/26 19:05:50 ET]
Table 'Holmia' 9-max Seat #5 is the button
Seat 1: spidernet ($1.56 in chips) 
Seat 3: Dorex2007 ($2.29 in chips) 
Seat 4: polAAgt ($1.43 in chips) 
Seat 5: PBlocker ($2.07 in chips) 
Seat 7: donramon9 ($1.24 in chips) 
Seat 8: Szunyli ($1.90 in chips) 
Seat 9: weverson315 ($6.93 in chips) 
donramon9: posts small blind $0.01
Szunyli: posts big blind $0.02
*** HOLE CARDS ***
Dealt to Dorex2007 [Jd 2h]
weverson315: calls $0.02
spidernet: folds 
Dorex2007: folds 
polAAgt: folds 
PBlocker: folds 
donramon9: folds 
Szunyli: checks 
*** FLOP *** [3h Td 6h]
Szunyli: checks 
weverson315: checks 
*** TURN *** [3h Td 6h] [Ks]
Szunyli: checks 
weverson315: checks 
*** RIVER *** [3h Td 6h Ks] [Ad]
Szunyli: checks 
weverson315: checks 
*** SHOW DOWN ***
Szunyli: shows [2s 4h] (high card Ace)
weverson315: shows [6d Qd] (a pair of Sixes)
weverson315 collected $0.05 from pot
*** SUMMARY ***
Total pot $0.05 | Rake $0 
Board [3h Td 6h Ks Ad]
Seat 1: spidernet folded before Flop (didn't bet)
Seat 3: Dorex2007 folded before Flop (didn't bet)
Seat 4: polAAgt folded before Flop (didn't bet)
Seat 5: PBlocker (button) folded before Flop (didn't bet)
Seat 7: donramon9 (small blind) folded before Flop
Seat 8: Szunyli (big blind) showed [2s 4h] and lost with high card Ace
Seat 9: weverson315 showed [6d Qd] and won ($0.05) with a pair of Sixes



PokerStars Hand #234410865670:  Hold'em No Limit ($0.01/$0.02 USD) - 2022/02/26 16:06:21 PT [2022/02/26 19:06:21 ET]
Table 'Holmia' 9-max Seat #7 is the button
Seat 1: spidernet ($1.56 in chips) 
Seat 3: Dorex2007 ($2.29 in chips) 
Seat 4: polAAgt ($1.43 in chips) 
Seat 5: PBlocker ($2.07 in chips) 
Seat 6: Nivel 01 ($1.96 in chips) 
Seat 7: donramon9 ($1.23 in chips) 
Seat 8: Szunyli ($1.88 in chips) 
Seat 9: weverson315 ($6.96 in chips) 
Szunyli: posts small blind $0.01
weverson315: posts big blind $0.02
Nivel 01: posts small & big blinds $0.03
*** HOLE CARDS ***
Dealt to Dorex2007 [5s Jc]
spidernet: folds 
Dorex2007: folds 
polAAgt: folds 
PBlocker: folds 
Nivel 01: checks 
donramon9: folds 
Szunyli: folds 
weverson315: checks 
*** FLOP *** [Kh Ac 3h]
weverson315: bets $0.02
Nivel 01: calls $0.02
*** TURN *** [Kh Ac 3h] [8c]
weverson315: bets $0.02
Nivel 01: calls $0.02
*** RIVER *** [Kh Ac 3h 8c] [4d]
weverson315: bets $0.02
Nivel 01: calls $0.02
*** SHOW DOWN ***
weverson315: shows [7h 8h] (a pair of Eights)
Nivel 01: shows [9h Kd] (a pair of Kings)
Nivel 01 collected $0.17 from pot
*** SUMMARY ***
Total pot $0.18 | Rake $0.01 
Board [Kh Ac 3h 8c 4d]
Seat 1: spidernet folded before Flop (didn't bet)
Seat 3: Dorex2007 folded before Flop (didn't bet)
Seat 4: polAAgt folded before Flop (didn't bet)
Seat 5: PBlocker folded before Flop (didn't bet)
Seat 6: Nivel 01 showed [9h Kd] and won ($0.17) with a pair of Kings
Seat 7: donramon9 (button) folded before Flop (didn't bet)
Seat 8: Szunyli (small blind) folded before Flop
Seat 9: weverson315 (big blind) showed [7h 8h] and lost with a pair of Eights



PokerStars Hand #234410877896:  Hold'em No Limit ($0.01/$0.02 USD) - 2022/02/26 16:06:56 PT [2022/02/26 19:06:56 ET]
Table 'Holmia' 9-max Seat #8 is the button
Seat 1: spidernet ($1.56 in chips) 
Seat 3: Dorex2007 ($2.29 in chips) 
Seat 4: polAAgt ($1.43 in chips) 
Seat 5: PBlocker ($2.07 in chips) 
Seat 6: Nivel 01 ($2.04 in chips) 
Seat 7: donramon9 ($1.23 in chips) 
Seat 8: Szunyli ($1.87 in chips) 
Seat 9: weverson315 ($6.88 in chips) 
weverson315: posts small blind $0.01
spidernet: posts big blind $0.02
*** HOLE CARDS ***
Dealt to Dorex2007 [2c 5h]
Dorex2007: folds 
polAAgt: folds 
PBlocker: folds 
Nivel 01: calls $0.02
donramon9: folds 
Szunyli: calls $0.02
weverson315: calls $0.01
spidernet: checks 
*** FLOP *** [4c Ac Qs]
weverson315: checks 
spidernet: checks 
Nivel 01: checks 
Szunyli: checks 
*** TURN *** [4c Ac Qs] [Kd]
weverson315: checks 
spidernet: checks 
Nivel 01: checks 
Szunyli: checks 
*** RIVER *** [4c Ac Qs Kd] [6s]
weverson315: bets $0.08
spidernet: folds 
Nivel 01: folds 
Szunyli: folds 
Uncalled bet ($0.08) returned to weverson315
weverson315 collected $0.08 from pot
weverson315: doesn't show hand 
*** SUMMARY ***
Total pot $0.08 | Rake $0 
Board [4c Ac Qs Kd 6s]
Seat 1: spidernet (big blind) folded on the River
Seat 3: Dorex2007 folded before Flop (didn't bet)
Seat 4: polAAgt folded before Flop (didn't bet)
Seat 5: PBlocker folded before Flop (didn't bet)
Seat 6: Nivel 01 folded on the River
Seat 7: donramon9 folded before Flop (didn't bet)
Seat 8: Szunyli (button) folded on the River
Seat 9: weverson315 (small blind) collected ($0.08)



PokerStars Hand #234410899406:  Hold'em No Limit ($0.01/$0.02 USD) - 2022/02/26 16:07:54 PT [2022/02/26 19:07:54 ET]
Table 'Holmia' 9-max Seat #9 is the button
Seat 1: spidernet ($1.54 in chips) 
Seat 3: Dorex2007 ($2.29 in chips) 
Seat 4: polAAgt ($1.43 in chips) 
Seat 5: PBlocker ($2.07 in chips) 
Seat 6: Nivel 01 ($2.02 in chips) 
Seat 7: donramon9 ($1.23 in chips) 
Seat 8: Szunyli ($1.85 in chips) 
Seat 9: weverson315 ($6.94 in chips) 
spidernet: posts small blind $0.01
Dorex2007: posts big blind $0.02
*** HOLE CARDS ***
Dealt to Dorex2007 [As Jc]
polAAgt: calls $0.02
PBlocker: raises $0.02 to $0.04
Nivel 01: folds 
donramon9: calls $0.04
Szunyli: folds 
weverson315: calls $0.04
spidernet: folds 
Dorex2007: calls $0.02
polAAgt: calls $0.02
*** FLOP *** [7h 9h 3s]
Dorex2007: checks 
polAAgt: checks 
PBlocker: bets $0.20
donramon9: raises $0.30 to $0.50
weverson315: folds 
Dorex2007: folds 
polAAgt: folds 
PBlocker: calls $0.30
*** TURN *** [7h 9h 3s] [2d]
PBlocker: checks 
donramon9: bets $0.69 and is all-in
PBlocker: folds 
Uncalled bet ($0.69) returned to donramon9
donramon9 collected $1.17 from pot
donramon9: doesn't show hand 
*** SUMMARY ***
Total pot $1.21 | Rake $0.04 
Board [7h 9h 3s 2d]
Seat 1: spidernet (small blind) folded before Flop
Seat 3: Dorex2007 (big blind) folded on the Flop
Seat 4: polAAgt folded on the Flop
Seat 5: PBlocker folded on the Turn
Seat 6: Nivel 01 folded before Flop (didn't bet)
Seat 7: donramon9 collected ($1.17)
Seat 8: Szunyli folded before Flop (didn't bet)
Seat 9: weverson315 (button) folded on the Flop



PokerStars Hand #234410924076:  Hold'em No Limit ($0.01/$0.02 USD) - 2022/02/26 16:09:06 PT [2022/02/26 19:09:06 ET]
Table 'Holmia' 9-max Seat #1 is the button
Seat 1: spidernet ($1.53 in chips) 
Seat 3: Dorex2007 ($2.25 in chips) 
Seat 4: polAAgt ($1.39 in chips) 
Seat 5: PBlocker ($1.53 in chips) 
Seat 6: Nivel 01 ($2.02 in chips) 
Seat 7: donramon9 ($1.86 in chips) 
Seat 8: Szunyli ($1.85 in chips) 
Seat 9: weverson315 ($6.90 in chips) 
Dorex2007: posts small blind $0.01
polAAgt: posts big blind $0.02
*** HOLE CARDS ***
Dealt to Dorex2007 [7c 9s]
PBlocker: folds 
Nivel 01: calls $0.02
donramon9: folds 
Szunyli: raises $0.06 to $0.08
weverson315: folds 
spidernet: calls $0.08
Dorex2007: folds 
polAAgt: folds 
Nivel 01: calls $0.06
*** FLOP *** [5s 4c Jc]
Nivel 01: checks 
Szunyli: bets $0.09
spidernet: calls $0.09
Nivel 01: folds 
*** TURN *** [5s 4c Jc] [Jh]
Szunyli: checks 
spidernet: bets $0.25
Szunyli: folds 
Uncalled bet ($0.25) returned to spidernet
spidernet collected $0.43 from pot
*** SUMMARY ***
Total pot $0.45 | Rake $0.02 
Board [5s 4c Jc Jh]
Seat 1: spidernet (button) collected ($0.43)
Seat 3: Dorex2007 (small blind) folded before Flop
Seat 4: polAAgt (big blind) folded before Flop
Seat 5: PBlocker folded before Flop (didn't bet)
Seat 6: Nivel 01 folded on the Flop
Seat 7: donramon9 folded before Flop (didn't bet)
Seat 8: Szunyli folded on the Turn
Seat 9: weverson315 folded before Flop (didn't bet)



PokerStars Hand #234410939083:  Hold'em No Limit ($0.01/$0.02 USD) - 2022/02/26 16:09:49 PT [2022/02/26 19:09:49 ET]
Table 'Holmia' 9-max Seat #3 is the button
Seat 1: spidernet ($1.79 in chips) 
Seat 3: Dorex2007 ($2.24 in chips) 
Seat 4: polAAgt ($1.37 in chips) 
Seat 5: PBlocker ($1.53 in chips) 
Seat 6: Nivel 01 ($1.94 in chips) 
Seat 7: donramon9 ($1.86 in chips) 
Seat 8: Szunyli ($1.68 in chips) 
Seat 9: weverson315 ($6.90 in chips) 
polAAgt: posts small blind $0.01
PBlocker: posts big blind $0.02
*** HOLE CARDS ***
Dealt to Dorex2007 [5c Js]
Nivel 01: folds 
donramon9: raises $0.02 to $0.04
Szunyli: raises $0.08 to $0.12
weverson315: folds 
spidernet: folds 
Dorex2007: folds 
polAAgt: folds 
PBlocker: folds 
donramon9: folds [Qd As]
Uncalled bet ($0.08) returned to Szunyli
Szunyli collected $0.11 from pot
Szunyli: doesn't show hand 
*** SUMMARY ***
Total pot $0.11 | Rake $0 
Seat 1: spidernet folded before Flop (didn't bet)
Seat 3: Dorex2007 (button) folded before Flop (didn't bet)
Seat 4: polAAgt (small blind) folded before Flop
Seat 5: PBlocker (big blind) folded before Flop
Seat 6: Nivel 01 folded before Flop (didn't bet)
Seat 7: donramon9 folded before Flop
Seat 8: Szunyli collected ($0.11)
Seat 9: weverson315 folded before Flop (didn't bet)



PokerStars Hand #234410946667:  Hold'em No Limit ($0.01/$0.02 USD) - 2022/02/26 16:10:11 PT [2022/02/26 19:10:11 ET]
Table 'Holmia' 9-max Seat #4 is the button
Seat 1: spidernet ($1.79 in chips) 
Seat 3: Dorex2007 ($2.24 in chips) 
Seat 4: polAAgt ($1.36 in chips) 
Seat 5: PBlocker ($1.51 in chips) 
Seat 6: Nivel 01 ($1.94 in chips) 
Seat 7: donramon9 ($1.82 in chips) 
Seat 8: Szunyli ($1.75 in chips) 
Seat 9: weverson315 ($6.90 in chips) 
PBlocker: posts small blind $0.01
Nivel 01: posts big blind $0.02
*** HOLE CARDS ***
Dealt to Dorex2007 [6d 8d]
donramon9: folds 
Szunyli: folds 
weverson315: calls $0.02
spidernet: folds 
Dorex2007: folds 
polAAgt: folds 
PBlocker: folds 
Nivel 01: checks 
*** FLOP *** [4d Ac Jh]
Nivel 01: checks 
weverson315: checks 
*** TURN *** [4d Ac Jh] [2c]
Nivel 01: checks 
weverson315: bets $0.05
Nivel 01: folds 
Uncalled bet ($0.05) returned to weverson315
weverson315 collected $0.05 from pot
weverson315: doesn't show hand 
*** SUMMARY ***
Total pot $0.05 | Rake $0 
Board [4d Ac Jh 2c]
Seat 1: spidernet folded before Flop (didn't bet)
Seat 3: Dorex2007 folded before Flop (didn't bet)
Seat 4: polAAgt (button) folded before Flop (didn't bet)
Seat 5: PBlocker (small blind) folded before Flop
Seat 6: Nivel 01 (big blind) folded on the Turn
Seat 7: donramon9 folded before Flop (didn't bet)
Seat 8: Szunyli folded before Flop (didn't bet)
Seat 9: weverson315 collected ($0.05)



PokerStars Hand #234410955092:  Hold'em No Limit ($0.01/$0.02 USD) - 2022/02/26 16:10:36 PT [2022/02/26 19:10:36 ET]
Table 'Holmia' 9-max Seat #5 is the button
Seat 1: spidernet ($1.79 in chips) 
Seat 3: Dorex2007 ($2.24 in chips) 
Seat 4: polAAgt ($1.36 in chips) 
Seat 5: PBlocker ($1.50 in chips) 
Seat 6: Nivel 01 ($1.92 in chips) 
Seat 7: donramon9 ($1.82 in chips) 
Seat 8: Szunyli ($1.75 in chips) 
Seat 9: weverson315 ($6.93 in chips) 
Nivel 01: posts small blind $0.01
donramon9: posts big blind $0.02
*** HOLE CARDS ***
Dealt to Dorex2007 [6s Qc]
Szunyli: folds 
weverson315: calls $0.02
spidernet: folds 
Dorex2007: folds 
polAAgt: calls $0.02
PBlocker: folds 
Nivel 01: calls $0.01
donramon9: checks 
*** FLOP *** [3h 5d 4h]
Nivel 01: checks 
donramon9: checks 
weverson315: bets $0.08
polAAgt: calls $0.08
Nivel 01: folds 
donramon9: folds 
*** TURN *** [3h 5d 4h] [Kh]
weverson315: checks 
polAAgt: checks 
*** RIVER *** [3h 5d 4h Kh] [8s]
weverson315: bets $0.23
polAAgt: calls $0.23
*** SHOW DOWN ***
weverson315: shows [5h 7h] (a flush, King high)
polAAgt: mucks hand 
weverson315 collected $0.68 from pot
*** SUMMARY ***
Total pot $0.70 | Rake $0.02 
Board [3h 5d 4h Kh 8s]
Seat 1: spidernet folded before Flop (didn't bet)
Seat 3: Dorex2007 folded before Flop (didn't bet)
Seat 4: polAAgt mucked [2s As]
Seat 5: PBlocker (button) folded before Flop (didn't bet)
Seat 6: Nivel 01 (small blind) folded on the Flop
Seat 7: donramon9 (big blind) folded on the Flop
Seat 8: Szunyli folded before Flop (didn't bet)
Seat 9: weverson315 showed [5h 7h] and won ($0.68) with a flush, King high



PokerStars Hand #234410980923:  Hold'em No Limit ($0.01/$0.02 USD) - 2022/02/26 16:11:36 PT [2022/02/26 19:11:36 ET]
Table 'Holmia' 9-max Seat #6 is the button
Seat 1: spidernet ($1.79 in chips) 
Seat 3: Dorex2007 ($2.24 in chips) 
Seat 4: polAAgt ($1.03 in chips) 
Seat 5: PBlocker ($1.50 in chips) 
Seat 6: Nivel 01 ($1.90 in chips) 
Seat 7: donramon9 ($1.80 in chips) 
Seat 8: Szunyli ($1.75 in chips) 
Seat 9: weverson315 ($7.28 in chips) 
donramon9: posts small blind $0.01
Szunyli: posts big blind $0.02
*** HOLE CARDS ***
Dealt to Dorex2007 [Qs Jd]
weverson315: calls $0.02
spidernet: calls $0.02
Dorex2007: folds 
polAAgt: folds 
PBlocker: raises $0.11 to $0.13
Nivel 01: folds 
donramon9: folds 
Szunyli: folds 
weverson315: folds 
spidernet: calls $0.11
*** FLOP *** [Ad 3s 4h]
spidernet: checks 
PBlocker: bets $0.30
spidernet: calls $0.30
*** TURN *** [Ad 3s 4h] [2d]
9_pulga_9 leaves the table
spidernet: checks 
PBlocker: bets $1.07 and is all-in
spidernet: calls $1.07
*** RIVER *** [Ad 3s 4h 2d] [Kd]
*** SHOW DOWN ***
spidernet: shows [7d 6d] (a flush, Ace high)
PBlocker: shows [As Qc] (a pair of Aces)
spidernet collected $2.94 from pot
*** SUMMARY ***
Total pot $3.05 | Rake $0.11 
Board [Ad 3s 4h 2d Kd]
Seat 1: spidernet showed [7d 6d] and won ($2.94) with a flush, Ace high
Seat 3: Dorex2007 folded before Flop (didn't bet)
Seat 4: polAAgt folded before Flop (didn't bet)
Seat 5: PBlocker showed [As Qc] and lost with a pair of Aces
Seat 6: Nivel 01 (button) folded before Flop (didn't bet)
Seat 7: donramon9 (small blind) folded before Flop
Seat 8: Szunyli (big blind) folded before Flop
Seat 9: weverson315 folded before Flop



PokerStars Hand #234411004491:  Hold'em No Limit ($0.01/$0.02 USD) - 2022/02/26 16:12:46 PT [2022/02/26 19:12:46 ET]
Table 'Holmia' 9-max Seat #7 is the button
Seat 1: spidernet ($3.23 in chips) 
Seat 3: Dorex2007 ($2.24 in chips) 
Seat 4: polAAgt ($1.03 in chips) 
Seat 6: Nivel 01 ($1.90 in chips) 
Seat 7: donramon9 ($1.79 in chips) 
Seat 8: Szunyli ($1.73 in chips) 
Seat 9: weverson315 ($7.26 in chips) 
Szunyli: posts small blind $0.01
weverson315: posts big blind $0.02
*** HOLE CARDS ***
Dealt to Dorex2007 [6s Qs]
spidernet: folds 
Dorex2007: folds 
polAAgt: folds 
Nivel 01: calls $0.02
donramon9: folds 
Szunyli: folds 
weverson315: checks 
*** FLOP *** [Qc 3c 4h]
weverson315: checks 
Nivel 01: checks 
*** TURN *** [Qc 3c 4h] [3d]
weverson315: checks 
Nivel 01: bets $0.02
simioniwed joins the table at seat #2 
weverson315: folds 
Uncalled bet ($0.02) returned to Nivel 01
Nivel 01 collected $0.05 from pot
Nivel 01: doesn't show hand 
*** SUMMARY ***
Total pot $0.05 | Rake $0 
Board [Qc 3c 4h 3d]
Seat 1: spidernet folded before Flop (didn't bet)
Seat 3: Dorex2007 folded before Flop (didn't bet)
Seat 4: polAAgt folded before Flop (didn't bet)
Seat 6: Nivel 01 collected ($0.05)
Seat 7: donramon9 (button) folded before Flop (didn't bet)
Seat 8: Szunyli (small blind) folded before Flop
Seat 9: weverson315 (big blind) folded on the Turn



PokerStars Hand #234411021207:  Hold'em No Limit ($0.01/$0.02 USD) - 2022/02/26 16:13:35 PT [2022/02/26 19:13:35 ET]
Table 'Holmia' 9-max Seat #8 is the button
Seat 2: simioniwed ($1.60 in chips) 
Seat 3: Dorex2007 ($2.24 in chips) 
Seat 4: polAAgt ($1.03 in chips) 
Seat 6: Nivel 01 ($1.93 in chips) 
Seat 7: donramon9 ($1.79 in chips) 
Seat 8: Szunyli ($1.72 in chips) 
Seat 9: weverson315 ($7.24 in chips) 
weverson315: posts small blind $0.01
spidernet: is sitting out 
simioniwed: posts big blind $0.02
*** HOLE CARDS ***
Dealt to Dorex2007 [Td 6s]
Dorex2007: folds 
polAAgt: folds 
Nivel 01: calls $0.02
donramon9: folds 
Szunyli: folds 
weverson315: folds 
simioniwed: checks 
*** FLOP *** [5s Jd Ah]
simioniwed: checks 
Nivel 01: checks 
*** TURN *** [5s Jd Ah] [9h]
simioniwed: checks 
Nivel 01: bets $0.02
simioniwed: folds 
Uncalled bet ($0.02) returned to Nivel 01
Nivel 01 collected $0.05 from pot
Nivel 01: doesn't show hand 
*** SUMMARY ***
Total pot $0.05 | Rake $0 
Board [5s Jd Ah 9h]
Seat 2: simioniwed (big blind) folded on the Turn
Seat 3: Dorex2007 folded before Flop (didn't bet)
Seat 4: polAAgt folded before Flop (didn't bet)
Seat 6: Nivel 01 collected ($0.05)
Seat 7: donramon9 folded before Flop (didn't bet)
Seat 8: Szunyli (button) folded before Flop (didn't bet)
Seat 9: weverson315 (small blind) folded before Flop



PokerStars Hand #234411030470:  Hold'em No Limit ($0.01/$0.02 USD) - 2022/02/26 16:14:02 PT [2022/02/26 19:14:02 ET]
Table 'Holmia' 9-max Seat #9 is the button
Seat 2: simioniwed ($1.58 in chips) 
Seat 3: Dorex2007 ($2.24 in chips) 
Seat 4: polAAgt ($1.03 in chips) 
Seat 6: Nivel 01 ($1.96 in chips) 
Seat 7: donramon9 ($1.79 in chips) 
Seat 8: Szunyli ($1.72 in chips) 
Seat 9: weverson315 ($7.23 in chips) 
simioniwed: posts small blind $0.01
Dorex2007: posts big blind $0.02
*** HOLE CARDS ***
Dealt to Dorex2007 [4s 5s]
spidernet leaves the table
polAAgt: calls $0.02
Nivel 01: raises $0.02 to $0.04
donramon9: calls $0.04
Szunyli: calls $0.04
weverson315: folds 
simioniwed: folds 
Dorex2007: folds 
polAAgt: calls $0.02
*** FLOP *** [4d Qd Qh]
polAAgt: checks 
Nivel 01: checks 
donramon9: bets $0.09
Szunyli: folds 
polAAgt: folds 
Nivel 01: folds 
Uncalled bet ($0.09) returned to donramon9
donramon9 collected $0.18 from pot
*** SUMMARY ***
Total pot $0.19 | Rake $0.01 
Board [4d Qd Qh]
Seat 2: simioniwed (small blind) folded before Flop
Seat 3: Dorex2007 (big blind) folded before Flop
Seat 4: polAAgt folded on the Flop
Seat 6: Nivel 01 folded on the Flop
Seat 7: donramon9 collected ($0.18)
Seat 8: Szunyli folded on the Flop
Seat 9: weverson315 (button) folded before Flop (didn't bet)



PokerStars Hand #234411041491:  Hold'em No Limit ($0.01/$0.02 USD) - 2022/02/26 16:14:35 PT [2022/02/26 19:14:35 ET]
Table 'Holmia' 9-max Seat #2 is the button
Seat 2: simioniwed ($1.57 in chips) 
Seat 3: Dorex2007 ($2.22 in chips) 
Seat 4: polAAgt ($0.99 in chips) 
Seat 6: Nivel 01 ($1.92 in chips) 
Seat 7: donramon9 ($1.93 in chips) 
Seat 8: Szunyli ($1.68 in chips) 
Seat 9: weverson315 ($7.23 in chips) 
Dorex2007: posts small blind $0.01
polAAgt: posts big blind $0.02
*** HOLE CARDS ***
Dealt to Dorex2007 [9h 8d]
Nivel 01: folds 
donramon9: folds 
Szunyli: folds 
weverson315: calls $0.02
simioniwed: folds 
Dorex2007: folds 
polAAgt: checks 
*** FLOP *** [4s 9d Jd]
polAAgt: checks 
weverson315: checks 
*** TURN *** [4s 9d Jd] [3h]
polAAgt: bets $0.02
weverson315: calls $0.02
*** RIVER *** [4s 9d Jd 3h] [7c]
polAAgt: bets $0.02
weverson315: folds 
Uncalled bet ($0.02) returned to polAAgt
polAAgt collected $0.09 from pot
polAAgt: doesn't show hand 
*** SUMMARY ***
Total pot $0.09 | Rake $0 
Board [4s 9d Jd 3h 7c]
Seat 2: simioniwed (button) folded before Flop (didn't bet)
Seat 3: Dorex2007 (small blind) folded before Flop
Seat 4: polAAgt (big blind) collected ($0.09)
Seat 6: Nivel 01 folded before Flop (didn't bet)
Seat 7: donramon9 folded before Flop (didn't bet)
Seat 8: Szunyli folded before Flop (didn't bet)
Seat 9: weverson315 folded on the River



PokerStars Hand #234411049517:  Hold'em No Limit ($0.01/$0.02 USD) - 2022/02/26 16:14:59 PT [2022/02/26 19:14:59 ET]
Table 'Holmia' 9-max Seat #3 is the button
Seat 2: simioniwed ($1.57 in chips) 
Seat 3: Dorex2007 ($2.21 in chips) 
Seat 4: polAAgt ($1.04 in chips) 
Seat 5: PBlocker ($2 in chips) 
Seat 6: Nivel 01 ($1.92 in chips) 
Seat 7: donramon9 ($1.93 in chips) 
Seat 8: Szunyli ($1.68 in chips) 
Seat 9: weverson315 ($7.19 in chips) 
polAAgt: posts small blind $0.01
PBlocker: posts big blind $0.02
*** HOLE CARDS ***
Dealt to Dorex2007 [8h 8d]
Nivel 01: calls $0.02
donramon9: folds 
Szunyli: folds 
weverson315: folds 
simioniwed: folds 
Dorex2007: calls $0.02
polAAgt: folds 
PBlocker: checks 
*** FLOP *** [3h Jh 4h]
PBlocker: checks 
Nivel 01: bets $0.02
Dorex2007: folds 
BuckyWunderlick joins the table at seat #1 
PBlocker: folds 
Uncalled bet ($0.02) returned to Nivel 01
Nivel 01 collected $0.07 from pot
Nivel 01: doesn't show hand 
*** SUMMARY ***
Total pot $0.07 | Rake $0 
Board [3h Jh 4h]
Seat 2: simioniwed folded before Flop (didn't bet)
Seat 3: Dorex2007 (button) folded on the Flop
Seat 4: polAAgt (small blind) folded before Flop
Seat 5: PBlocker (big blind) folded on the Flop
Seat 6: Nivel 01 collected ($0.07)
Seat 7: donramon9 folded before Flop (didn't bet)
Seat 8: Szunyli folded before Flop (didn't bet)
Seat 9: weverson315 folded before Flop (didn't bet)



PokerStars Hand #234411056714:  Hold'em No Limit ($0.01/$0.02 USD) - 2022/02/26 16:15:20 PT [2022/02/26 19:15:20 ET]
Table 'Holmia' 9-max Seat #4 is the button
Seat 2: simioniwed ($1.57 in chips) 
Seat 3: Dorex2007 ($2.19 in chips) 
Seat 4: polAAgt ($1.03 in chips) 
Seat 5: PBlocker ($1.98 in chips) 
Seat 6: Nivel 01 ($1.97 in chips) 
Seat 7: donramon9 ($1.93 in chips) 
Seat 8: Szunyli ($1.68 in chips) 
Seat 9: weverson315 ($7.19 in chips) 
PBlocker: posts small blind $0.01
Nivel 01: posts big blind $0.02
BuckyWunderlick: sits out 
*** HOLE CARDS ***
Dealt to Dorex2007 [6c 4c]
donramon9: folds 
Szunyli: folds 
weverson315: calls $0.02
simioniwed: calls $0.02
Dorex2007: folds 
polAAgt: folds 
PBlocker: folds 
Nivel 01: checks 
*** FLOP *** [9c 7d 2d]
Nivel 01: checks 
weverson315: bets $0.07
simioniwed: folds 
Nivel 01: folds 
Uncalled bet ($0.07) returned to weverson315
weverson315 collected $0.07 from pot
weverson315: doesn't show hand 
*** SUMMARY ***
Total pot $0.07 | Rake $0 
Board [9c 7d 2d]
Seat 2: simioniwed folded on the Flop
Seat 3: Dorex2007 folded before Flop (didn't bet)
Seat 4: polAAgt (button) folded before Flop (didn't bet)
Seat 5: PBlocker (small blind) folded before Flop
Seat 6: Nivel 01 (big blind) folded on the Flop
Seat 7: donramon9 folded before Flop (didn't bet)
Seat 8: Szunyli folded before Flop (didn't bet)
Seat 9: weverson315 collected ($0.07)



PokerStars Hand #234411065394:  Hold'em No Limit ($0.01/$0.02 USD) - 2022/02/26 16:15:46 PT [2022/02/26 19:15:46 ET]
Table 'Holmia' 9-max Seat #5 is the button
Seat 2: simioniwed ($1.55 in chips) 
Seat 3: Dorex2007 ($2.19 in chips) 
Seat 4: polAAgt ($1.03 in chips) 
Seat 5: PBlocker ($1.97 in chips) 
Seat 6: Nivel 01 ($1.95 in chips) 
Seat 7: donramon9 ($1.93 in chips) 
Seat 8: Szunyli ($1.68 in chips) 
Seat 9: weverson315 ($7.24 in chips) 
Nivel 01: posts small blind $0.01
donramon9: posts big blind $0.02
BuckyWunderlick: sits out 
*** HOLE CARDS ***
Dealt to Dorex2007 [8s Ac]
Szunyli: folds 
weverson315: folds 
simioniwed: folds 
Dorex2007: folds 
polAAgt: folds 
PBlocker: folds 
Nivel 01: calls $0.01
donramon9: checks 
*** FLOP *** [Qc 2s 5c]
Nivel 01: checks 
donramon9: checks 
*** TURN *** [Qc 2s 5c] [Th]
Nivel 01: checks 
donramon9: checks 
*** RIVER *** [Qc 2s 5c Th] [Ks]
Nivel 01: bets $0.02
donramon9: calls $0.02
*** SHOW DOWN ***
Nivel 01: shows [8d 9c] (high card King)
donramon9: shows [Kh Ts] (two pair, Kings and Tens)
donramon9 collected $0.08 from pot
*** SUMMARY ***
Total pot $0.08 | Rake $0 
Board [Qc 2s 5c Th Ks]
Seat 2: simioniwed folded before Flop (didn't bet)
Seat 3: Dorex2007 folded before Flop (didn't bet)
Seat 4: polAAgt folded before Flop (didn't bet)
Seat 5: PBlocker (button) folded before Flop (didn't bet)
Seat 6: Nivel 01 (small blind) showed [8d 9c] and lost with high card King
Seat 7: donramon9 (big blind) showed [Kh Ts] and won ($0.08) with two pair, Kings and Tens
Seat 8: Szunyli folded before Flop (didn't bet)
Seat 9: weverson315 folded before Flop (didn't bet)



PokerStars Hand #234411077172:  Hold'em No Limit ($0.01/$0.02 USD) - 2022/02/26 16:16:21 PT [2022/02/26 19:16:21 ET]
Table 'Holmia' 9-max Seat #6 is the button
Seat 3: Dorex2007 ($2.19 in chips) 
Seat 4: polAAgt ($1.03 in chips) 
Seat 5: PBlocker ($1.97 in chips) 
Seat 6: Nivel 01 ($1.91 in chips) 
Seat 7: donramon9 ($1.97 in chips) 
Seat 8: Szunyli ($1.68 in chips) 
Seat 9: weverson315 ($7.24 in chips) 
donramon9: posts small blind $0.01
Szunyli: posts big blind $0.02
BuckyWunderlick: sits out 
*** HOLE CARDS ***
Dealt to Dorex2007 [8s 6h]
weverson315: folds 
Dorex2007: folds 
polAAgt: raises $0.02 to $0.04
PBlocker: folds 
Nivel 01: folds 
donramon9: folds 
Szunyli: folds 
Uncalled bet ($0.02) returned to polAAgt
polAAgt collected $0.05 from pot
polAAgt: doesn't show hand 
*** SUMMARY ***
Total pot $0.05 | Rake $0 
Seat 3: Dorex2007 folded before Flop (didn't bet)
Seat 4: polAAgt collected ($0.05)
Seat 5: PBlocker folded before Flop (didn't bet)
Seat 6: Nivel 01 (button) folded before Flop (didn't bet)
Seat 7: donramon9 (small blind) folded before Flop
Seat 8: Szunyli (big blind) folded before Flop
Seat 9: weverson315 folded before Flop (didn't bet)



PokerStars Hand #234411080452:  Hold'em No Limit ($0.01/$0.02 USD) - 2022/02/26 16:16:31 PT [2022/02/26 19:16:31 ET]
Table 'Holmia' 9-max Seat #7 is the button
Seat 2: simioniwed ($1.55 in chips) 
Seat 3: Dorex2007 ($2.19 in chips) 
Seat 4: polAAgt ($1.06 in chips) 
Seat 5: PBlocker ($1.97 in chips) 
Seat 6: Nivel 01 ($1.91 in chips) 
Seat 7: donramon9 ($1.96 in chips) 
Seat 8: Szunyli ($1.66 in chips) 
Seat 9: weverson315 ($7.24 in chips) 
Szunyli: posts small blind $0.01
weverson315: posts big blind $0.02
BuckyWunderlick: sits out 
*** HOLE CARDS ***
Dealt to Dorex2007 [2d Ks]
simioniwed: folds 
Dorex2007: folds 
polAAgt: folds 
PBlocker: raises $0.04 to $0.06
Nivel 01: calls $0.06
donramon9: folds 
Szunyli: folds 
weverson315: calls $0.04
*** FLOP *** [7c 9h Kh]
weverson315: checks 
PBlocker: bets $0.18
Nivel 01: folds 
weverson315: folds 
Uncalled bet ($0.18) returned to PBlocker
PBlocker collected $0.18 from pot
PBlocker: doesn't show hand 
*** SUMMARY ***
Total pot $0.19 | Rake $0.01 
Board [7c 9h Kh]
Seat 2: simioniwed folded before Flop (didn't bet)
Seat 3: Dorex2007 folded before Flop (didn't bet)
Seat 4: polAAgt folded before Flop (didn't bet)
Seat 5: PBlocker collected ($0.18)
Seat 6: Nivel 01 folded on the Flop
Seat 7: donramon9 (button) folded before Flop (didn't bet)
Seat 8: Szunyli (small blind) folded before Flop
Seat 9: weverson315 (big blind) folded on the Flop



PokerStars Hand #234411088984:  Hold'em No Limit ($0.01/$0.02 USD) - 2022/02/26 16:16:57 PT [2022/02/26 19:16:57 ET]
Table 'Holmia' 9-max Seat #8 is the button
Seat 1: BuckyWunderlick ($2 in chips) 
Seat 2: simioniwed ($1.55 in chips) 
Seat 3: Dorex2007 ($2.19 in chips) 
Seat 4: polAAgt ($1.06 in chips) 
Seat 5: PBlocker ($2.09 in chips) 
Seat 6: Nivel 01 ($1.85 in chips) 
Seat 7: donramon9 ($1.96 in chips) 
Seat 8: Szunyli ($1.65 in chips) 
Seat 9: weverson315 ($7.18 in chips) 
weverson315: posts small blind $0.01
BuckyWunderlick: posts big blind $0.02
*** HOLE CARDS ***
Dealt to Dorex2007 [Kd 6d]
simioniwed: folds 
Dorex2007: folds 
polAAgt: folds 
PBlocker: folds 
Nivel 01: calls $0.02
donramon9: folds 
Szunyli: folds 
weverson315: calls $0.01
BuckyWunderlick: checks 
*** FLOP *** [Ts 6c Ad]
weverson315: checks 
BuckyWunderlick: bets $0.03
Nivel 01: calls $0.03
weverson315: calls $0.03
*** TURN *** [Ts 6c Ad] [2d]
weverson315: checks 
BuckyWunderlick: checks 
Nivel 01: checks 
*** RIVER *** [Ts 6c Ad 2d] [7d]
weverson315: bets $0.14
BuckyWunderlick: folds 
Nivel 01: folds 
Uncalled bet ($0.14) returned to weverson315
weverson315 collected $0.14 from pot
weverson315: doesn't show hand 
*** SUMMARY ***
Total pot $0.15 | Rake $0.01 
Board [Ts 6c Ad 2d 7d]
Seat 1: BuckyWunderlick (big blind) folded on the River
Seat 2: simioniwed folded before Flop (didn't bet)
Seat 3: Dorex2007 folded before Flop (didn't bet)
Seat 4: polAAgt folded before Flop (didn't bet)
Seat 5: PBlocker folded before Flop (didn't bet)
Seat 6: Nivel 01 folded on the River
Seat 7: donramon9 folded before Flop (didn't bet)
Seat 8: Szunyli (button) folded before Flop (didn't bet)
Seat 9: weverson315 (small blind) collected ($0.14)



PokerStars Hand #234411101688:  Hold'em No Limit ($0.01/$0.02 USD) - 2022/02/26 16:17:35 PT [2022/02/26 19:17:35 ET]
Table 'Holmia' 9-max Seat #9 is the button
Seat 1: BuckyWunderlick ($2 in chips) 
Seat 2: simioniwed ($1.55 in chips) 
Seat 3: Dorex2007 ($2.19 in chips) 
Seat 4: polAAgt ($1.06 in chips) 
Seat 5: PBlocker ($2.09 in chips) 
Seat 6: Nivel 01 ($1.80 in chips) 
Seat 7: donramon9 ($1.96 in chips) 
Seat 8: Szunyli ($1.65 in chips) 
Seat 9: weverson315 ($7.27 in chips) 
BuckyWunderlick: posts small blind $0.01
simioniwed: posts big blind $0.02
*** HOLE CARDS ***
Dealt to Dorex2007 [Kd Td]
Dorex2007: folds 
polAAgt: folds 
PBlocker: raises $0.02 to $0.04
Nivel 01: calls $0.04
donramon9: folds 
Szunyli: calls $0.04
weverson315: calls $0.04
BuckyWunderlick: folds 
simioniwed: folds 
*** FLOP *** [6s 2h 3s]
PBlocker: bets $0.16
Nivel 01: calls $0.16
Szunyli: folds 
weverson315: folds 
*** TURN *** [6s 2h 3s] [7c]
PBlocker: checks 
Nivel 01: checks 
*** RIVER *** [6s 2h 3s 7c] [Ah]
PBlocker: bets $0.49
Nivel 01: calls $0.49
*** SHOW DOWN ***
PBlocker: shows [Ks Jh] (high card Ace)
Nivel 01: shows [5s 5h] (a pair of Fives)
Nivel 01 collected $1.44 from pot
*** SUMMARY ***
Total pot $1.49 | Rake $0.05 
Board [6s 2h 3s 7c Ah]
Seat 1: BuckyWunderlick (small blind) folded before Flop
Seat 2: simioniwed (big blind) folded before Flop
Seat 3: Dorex2007 folded before Flop (didn't bet)
Seat 4: polAAgt folded before Flop (didn't bet)
Seat 5: PBlocker showed [Ks Jh] and lost with high card Ace
Seat 6: Nivel 01 showed [5s 5h] and won ($1.44) with a pair of Fives
Seat 7: donramon9 folded before Flop (didn't bet)
Seat 8: Szunyli folded on the Flop
Seat 9: weverson315 (button) folded on the Flop



PokerStars Hand #234411176775:  Hold'em No Limit ($0.01/$0.02 USD) - 2022/02/26 16:21:07 PT [2022/02/26 19:21:07 ET]
Table 'Holmia' 9-max Seat #6 is the button
Seat 1: BuckyWunderlick ($2 in chips) 
Seat 2: simioniwed ($1.47 in chips) 
Seat 3: Dorex2007 ($2.19 in chips) 
Seat 4: polAAgt ($1.31 in chips) 
Seat 5: PBlocker ($1.59 in chips) 
Seat 6: Nivel 01 ($2.26 in chips) 
Seat 7: donramon9 ($1.94 in chips) 
Seat 8: Szunyli ($1.12 in chips) 
Seat 9: weverson315 ($7.75 in chips) 
donramon9: posts small blind $0.01
Szunyli: posts big blind $0.02
Dorex2007: posts small & big blinds $0.03
*** HOLE CARDS ***
Dealt to Dorex2007 [2h 2d]
weverson315: calls $0.02
BuckyWunderlick: folds 
simioniwed: folds 
Dorex2007: checks 
polAAgt: folds 
PBlocker: raises $0.04 to $0.06
Nivel 01: calls $0.06
donramon9: folds 
Szunyli: calls $0.04
weverson315: calls $0.04
Dorex2007: calls $0.04
*** FLOP *** [4s 9s 8s]
Szunyli: checks 
weverson315: checks 
Dorex2007: checks 
PBlocker: bets $0.31
Nivel 01: folds 
Szunyli: folds 
weverson315: calls $0.31
Dorex2007: folds 
*** TURN *** [4s 9s 8s] [8h]
weverson315: checks 
PBlocker: checks 
*** RIVER *** [4s 9s 8s 8h] [2s]
weverson315: bets $7.38 and is all-in
PBlocker: folds 
Uncalled bet ($7.38) returned to weverson315
weverson315 collected $0.91 from pot
weverson315: doesn't show hand 
*** SUMMARY ***
Total pot $0.94 | Rake $0.03 
Board [4s 9s 8s 8h 2s]
Seat 1: BuckyWunderlick folded before Flop (didn't bet)
Seat 2: simioniwed folded before Flop (didn't bet)
Seat 3: Dorex2007 folded on the Flop
Seat 4: polAAgt folded before Flop (didn't bet)
Seat 5: PBlocker folded on the River
Seat 6: Nivel 01 (button) folded on the Flop
Seat 7: donramon9 (small blind) folded before Flop
Seat 8: Szunyli (big blind) folded on the Flop
Seat 9: weverson315 collected ($0.91)



PokerStars Hand #234411194256:  Hold'em No Limit ($0.01/$0.02 USD) - 2022/02/26 16:22:00 PT [2022/02/26 19:22:00 ET]
Table 'Holmia' 9-max Seat #7 is the button
Seat 1: BuckyWunderlick ($2 in chips) 
Seat 2: simioniwed ($1.47 in chips) 
Seat 3: Dorex2007 ($2.12 in chips) 
Seat 4: polAAgt ($1.31 in chips) 
Seat 5: PBlocker ($1.22 in chips) 
Seat 6: Nivel 01 ($2.20 in chips) 
Seat 7: donramon9 ($1.93 in chips) 
Seat 8: Szunyli ($1.06 in chips) 
Seat 9: weverson315 ($8.29 in chips) 
Szunyli: posts small blind $0.01
weverson315: posts big blind $0.02
*** HOLE CARDS ***
Dealt to Dorex2007 [2d Th]
BuckyWunderlick: folds 
simioniwed: folds 
Dorex2007: folds 
polAAgt: folds 
PBlocker: folds 
Nivel 01: calls $0.02
donramon9: folds 
Szunyli: folds 
weverson315: checks 
*** FLOP *** [9d Kh Qc]
weverson315: checks 
Nivel 01: checks 
*** TURN *** [9d Kh Qc] [6h]
weverson315: bets $0.09
Nivel 01: calls $0.09
*** RIVER *** [9d Kh Qc 6h] [4s]
weverson315: bets $0.22
Nivel 01: folds 
Uncalled bet ($0.22) returned to weverson315
weverson315 collected $0.22 from pot
weverson315: doesn't show hand 
*** SUMMARY ***
Total pot $0.23 | Rake $0.01 
Board [9d Kh Qc 6h 4s]
Seat 1: BuckyWunderlick folded before Flop (didn't bet)
Seat 2: simioniwed folded before Flop (didn't bet)
Seat 3: Dorex2007 folded before Flop (didn't bet)
Seat 4: polAAgt folded before Flop (didn't bet)
Seat 5: PBlocker folded before Flop (didn't bet)
Seat 6: Nivel 01 folded on the River
Seat 7: donramon9 (button) folded before Flop (didn't bet)
Seat 8: Szunyli (small blind) folded before Flop
Seat 9: weverson315 (big blind) collected ($0.22)



PokerStars Hand #234411205053:  Hold'em No Limit ($0.01/$0.02 USD) - 2022/02/26 16:22:34 PT [2022/02/26 19:22:34 ET]
Table 'Holmia' 9-max Seat #8 is the button
Seat 1: BuckyWunderlick ($2 in chips) 
Seat 2: simioniwed ($1.47 in chips) 
Seat 3: Dorex2007 ($2.12 in chips) 
Seat 4: polAAgt ($1.31 in chips) 
Seat 5: PBlocker ($1.22 in chips) 
Seat 6: Nivel 01 ($2.09 in chips) 
Seat 7: donramon9 ($1.93 in chips) 
Seat 8: Szunyli ($1.05 in chips) 
Seat 9: weverson315 ($8.40 in chips) 
weverson315: posts small blind $0.01
BuckyWunderlick: posts big blind $0.02
*** HOLE CARDS ***
Dealt to Dorex2007 [4s 2c]
simioniwed: folds 
Dorex2007: folds 
polAAgt: folds 
PBlocker: raises $0.07 to $0.09
Nivel 01: folds 
donramon9: calls $0.09
Szunyli: calls $0.09
weverson315: calls $0.08
BuckyWunderlick: folds 
*** FLOP *** [4h 6d 2d]
weverson315: checks 
PBlocker: bets $1.13 and is all-in
donramon9: calls $1.13
Szunyli: folds 
weverson315: folds 
*** TURN *** [4h 6d 2d] [2h]
*** RIVER *** [4h 6d 2d 2h] [Kd]
*** SHOW DOWN ***
PBlocker: shows [Ts Tc] (two pair, Tens and Deuces)
donramon9: shows [Ad Jd] (a flush, Ace high)
donramon9 cashed out the hand for $1.38 | Cash Out Fee $0.01
*** SUMMARY ***
Total pot $2.64 | Rake $0.09 
Board [4h 6d 2d 2h Kd]
Seat 1: BuckyWunderlick (big blind) folded before Flop
Seat 2: simioniwed folded before Flop (didn't bet)
Seat 3: Dorex2007 folded before Flop (didn't bet)
Seat 4: polAAgt folded before Flop (didn't bet)
Seat 5: PBlocker showed [Ts Tc] and lost with two pair, Tens and Deuces
Seat 6: Nivel 01 folded before Flop (didn't bet)
Seat 7: donramon9 showed [Ad Jd] and won ($2.55) with a flush, Ace high (pot not awarded as player cashed out)
Seat 8: Szunyli (button) folded on the Flop
Seat 9: weverson315 (small blind) folded on the Flop



PokerStars Hand #234411219868:  Hold'em No Limit ($0.01/$0.02 USD) - 2022/02/26 16:23:20 PT [2022/02/26 19:23:20 ET]
Table 'Holmia' 9-max Seat #9 is the button
Seat 1: BuckyWunderlick ($2 in chips) 
Seat 2: simioniwed ($1.47 in chips) 
Seat 3: Dorex2007 ($2.12 in chips) 
Seat 4: polAAgt ($1.31 in chips) 
Seat 6: Nivel 01 ($2.09 in chips) 
Seat 7: donramon9 ($2.09 in chips) 
Seat 8: Szunyli ($0.96 in chips) 
Seat 9: weverson315 ($8.31 in chips) 
BuckyWunderlick: posts small blind $0.01
simioniwed: posts big blind $0.02
*** HOLE CARDS ***
Dealt to Dorex2007 [Th 3s]
Dorex2007: folds 
PBlocker leaves the table
polAAgt: folds 
Nivel 01: calls $0.02
donramon9: raises $0.07 to $0.09
Szunyli: folds 
weverson315: folds 
BuckyWunderlick: folds 
simioniwed: calls $0.07
Elpharae joins the table at seat #5 
Nivel 01: calls $0.07
*** FLOP *** [5h 2s 3d]
simioniwed: checks 
Nivel 01: bets $0.02
donramon9: calls $0.02
simioniwed: calls $0.02
*** TURN *** [5h 2s 3d] [Ts]
simioniwed: checks 
Nivel 01: bets $0.02
donramon9: calls $0.02
simioniwed: calls $0.02
*** RIVER *** [5h 2s 3d Ts] [Ah]
simioniwed: checks 
Nivel 01: bets $0.08
donramon9: calls $0.08
simioniwed: folds 
*** SHOW DOWN ***
Nivel 01: shows [Kh 2h] (a pair of Deuces)
donramon9: shows [Ac Kd] (a pair of Aces)
donramon9 collected $0.54 from pot
*** SUMMARY ***
Total pot $0.56 | Rake $0.02 
Board [5h 2s 3d Ts Ah]
Seat 1: BuckyWunderlick (small blind) folded before Flop
Seat 2: simioniwed (big blind) folded on the River
Seat 3: Dorex2007 folded before Flop (didn't bet)
Seat 4: polAAgt folded before Flop (didn't bet)
Seat 6: Nivel 01 showed [Kh 2h] and lost with a pair of Deuces
Seat 7: donramon9 showed [Ac Kd] and won ($0.54) with a pair of Aces
Seat 8: Szunyli folded before Flop (didn't bet)
Seat 9: weverson315 (button) folded before Flop (didn't bet)



PokerStars Hand #234411235750:  Hold'em No Limit ($0.01/$0.02 USD) - 2022/02/26 16:24:09 PT [2022/02/26 19:24:09 ET]
Table 'Holmia' 9-max Seat #1 is the button
Seat 1: BuckyWunderlick ($2 in chips) 
Seat 2: simioniwed ($1.34 in chips) 
Seat 3: Dorex2007 ($2.12 in chips) 
Seat 4: polAAgt ($1.31 in chips) 
Seat 6: Nivel 01 ($1.88 in chips) 
Seat 7: donramon9 ($2.42 in chips) 
Seat 8: Szunyli ($0.96 in chips) 
Seat 9: weverson315 ($8.31 in chips) 
simioniwed: posts small blind $0.01
Dorex2007: posts big blind $0.02
Elpharae: sits out 
*** HOLE CARDS ***
Dealt to Dorex2007 [7d Ts]
polAAgt: folds 
Nivel 01: folds 
donramon9: raises $0.04 to $0.06
Szunyli: folds 
weverson315: folds 
BuckyWunderlick: folds 
simioniwed: folds 
Dorex2007: folds 
Uncalled bet ($0.04) returned to donramon9
donramon9 collected $0.05 from pot
*** SUMMARY ***
Total pot $0.05 | Rake $0 
Seat 1: BuckyWunderlick (button) folded before Flop (didn't bet)
Seat 2: simioniwed (small blind) folded before Flop
Seat 3: Dorex2007 (big blind) folded before Flop
Seat 4: polAAgt folded before Flop (didn't bet)
Seat 6: Nivel 01 folded before Flop (didn't bet)
Seat 7: donramon9 collected ($0.05)
Seat 8: Szunyli folded before Flop (didn't bet)
Seat 9: weverson315 folded before Flop (didn't bet)



PokerStars Hand #234411240613:  Hold'em No Limit ($0.01/$0.02 USD) - 2022/02/26 16:24:24 PT [2022/02/26 19:24:24 ET]
Table 'Holmia' 9-max Seat #2 is the button
Seat 1: BuckyWunderlick ($2 in chips) 
Seat 2: simioniwed ($1.33 in chips) 
Seat 3: Dorex2007 ($2.10 in chips) 
Seat 4: polAAgt ($1.31 in chips) 
Seat 6: Nivel 01 ($1.88 in chips) 
Seat 7: donramon9 ($2.45 in chips) 
Seat 8: Szunyli ($0.96 in chips) 
Seat 9: weverson315 ($8.31 in chips) 
Dorex2007: posts small blind $0.01
polAAgt: posts big blind $0.02
Elpharae: sits out 
*** HOLE CARDS ***
Dealt to Dorex2007 [Jd As]
Nivel 01: calls $0.02
donramon9: folds 
Szunyli: folds 
weverson315: calls $0.02
BuckyWunderlick: folds 
simioniwed: calls $0.02
Dorex2007: calls $0.01
polAAgt: checks 
*** FLOP *** [8c Qs 3s]
Dorex2007: checks 
polAAgt: checks 
Nivel 01: bets $0.02
weverson315: folds 
simioniwed: folds 
Dorex2007: folds 
polAAgt: folds 
Uncalled bet ($0.02) returned to Nivel 01
Nivel 01 collected $0.10 from pot
Nivel 01: doesn't show hand 
*** SUMMARY ***
Total pot $0.10 | Rake $0 
Board [8c Qs 3s]
Seat 1: BuckyWunderlick folded before Flop (didn't bet)
Seat 2: simioniwed (button) folded on the Flop
Seat 3: Dorex2007 (small blind) folded on the Flop
Seat 4: polAAgt (big blind) folded on the Flop
Seat 6: Nivel 01 collected ($0.10)
Seat 7: donramon9 folded before Flop (didn't bet)
Seat 8: Szunyli folded before Flop (didn't bet)
Seat 9: weverson315 folded on the Flop



PokerStars Hand #234411249413:  Hold'em No Limit ($0.01/$0.02 USD) - 2022/02/26 16:24:51 PT [2022/02/26 19:24:51 ET]
Table 'Holmia' 9-max Seat #3 is the button
Seat 1: BuckyWunderlick ($2 in chips) 
Seat 2: simioniwed ($1.31 in chips) 
Seat 3: Dorex2007 ($2.08 in chips) 
Seat 4: polAAgt ($1.29 in chips) 
Seat 6: Nivel 01 ($1.96 in chips) 
Seat 7: donramon9 ($2.45 in chips) 
Seat 8: Szunyli ($0.96 in chips) 
Seat 9: weverson315 ($8.29 in chips) 
polAAgt: posts small blind $0.01
Nivel 01: posts big blind $0.02
*** HOLE CARDS ***
Dealt to Dorex2007 [Ad 8c]
donramon9: folds 
Szunyli: folds 
weverson315: folds 
BuckyWunderlick: raises $0.04 to $0.06
simioniwed: folds 
Dorex2007: folds 
polAAgt: folds 
Nivel 01: calls $0.04
*** FLOP *** [5h Jc Qd]
Nivel 01: checks 
donramon9 leaves the table
BuckyWunderlick: bets $0.08
Nivel 01: calls $0.08
*** TURN *** [5h Jc Qd] [7h]
Nivel 01: checks 
BuckyWunderlick: bets $0.15
Nivel 01: calls $0.15
*** RIVER *** [5h Jc Qd 7h] [Ts]
Nivel 01: bets $0.28
MelchiorF1 joins the table at seat #7 
BuckyWunderlick: folds 
Uncalled bet ($0.28) returned to Nivel 01
Nivel 01 collected $0.57 from pot
Nivel 01: doesn't show hand 
*** SUMMARY ***
Total pot $0.59 | Rake $0.02 
Board [5h Jc Qd 7h Ts]
Seat 1: BuckyWunderlick folded on the River
Seat 2: simioniwed folded before Flop (didn't bet)
Seat 3: Dorex2007 (button) folded before Flop (didn't bet)
Seat 4: polAAgt (small blind) folded before Flop
Seat 6: Nivel 01 (big blind) collected ($0.57)
Seat 7: donramon9 folded before Flop (didn't bet)
Seat 8: Szunyli folded before Flop (didn't bet)
Seat 9: weverson315 folded before Flop (didn't bet)



PokerStars Hand #234411267722:  Hold'em No Limit ($0.01/$0.02 USD) - 2022/02/26 16:25:48 PT [2022/02/26 19:25:48 ET]
Table 'Holmia' 9-max Seat #4 is the button
Seat 1: BuckyWunderlick ($2 in chips) 
Seat 2: simioniwed ($1.31 in chips) 
Seat 3: Dorex2007 ($2.08 in chips) 
Seat 4: polAAgt ($1.28 in chips) 
Seat 6: Nivel 01 ($2.24 in chips) 
Seat 7: MelchiorF1 ($2 in chips) 
Seat 8: Szunyli ($0.96 in chips) 
Seat 9: weverson315 ($8.29 in chips) 
Nivel 01: posts small blind $0.01
MelchiorF1: posts big blind $0.02
*** HOLE CARDS ***
Dealt to Dorex2007 [5d 3s]
Szunyli: folds 
weverson315: folds 
BuckyWunderlick: raises $0.03 to $0.05
simioniwed: folds 
simioniwed leaves the table
Dorex2007: folds 
polAAgt: folds 
Nivel 01: calls $0.04
MelchiorF1: folds 
*** FLOP *** [2c 4c 5h]
Nivel 01: bets $0.02
BuckyWunderlick: raises $0.04 to $0.06
Nivel 01: calls $0.04
*** TURN *** [2c 4c 5h] [6c]
Nivel 01: checks 
BuckyWunderlick: checks 
*** RIVER *** [2c 4c 5h 6c] [Ac]
madurejo joins the table at seat #2 
Nivel 01: bets $0.10
BuckyWunderlick: folds 
Uncalled bet ($0.10) returned to Nivel 01
Nivel 01 collected $0.23 from pot
Nivel 01: doesn't show hand 
*** SUMMARY ***
Total pot $0.24 | Rake $0.01 
Board [2c 4c 5h 6c Ac]
Seat 1: BuckyWunderlick folded on the River
Seat 2: simioniwed folded before Flop (didn't bet)
Seat 3: Dorex2007 folded before Flop (didn't bet)
Seat 4: polAAgt (button) folded before Flop (didn't bet)
Seat 6: Nivel 01 (small blind) collected ($0.23)
Seat 7: MelchiorF1 (big blind) folded before Flop
Seat 8: Szunyli folded before Flop (didn't bet)
Seat 9: weverson315 folded before Flop (didn't bet)



PokerStars Hand #234411279124:  Hold'em No Limit ($0.01/$0.02 USD) - 2022/02/26 16:26:20 PT [2022/02/26 19:26:20 ET]
Table 'Holmia' 9-max Seat #6 is the button
Seat 1: BuckyWunderlick ($2 in chips) 
Seat 3: Dorex2007 ($2.08 in chips) 
Seat 4: polAAgt ($1.28 in chips) 
Seat 6: Nivel 01 ($2.36 in chips) 
Seat 7: MelchiorF1 ($2 in chips) 
Seat 8: Szunyli ($0.96 in chips) 
Seat 9: weverson315 ($8.29 in chips) 
MelchiorF1: posts small blind $0.01
Szunyli: posts big blind $0.02
madurejo: sits out 
*** HOLE CARDS ***
Dealt to Dorex2007 [7s 3c]
weverson315: folds 
BuckyWunderlick: folds 
Dorex2007: folds 
polAAgt: calls $0.02
Nivel 01: raises $0.02 to $0.04
MelchiorF1: folds 
Szunyli: raises $0.14 to $0.18
polAAgt: folds 
Nivel 01: calls $0.14
*** FLOP *** [Jd Qh 5s]
Szunyli: bets $0.13
Nivel 01: calls $0.13
*** TURN *** [Jd Qh 5s] [2s]
Szunyli: checks 
Nivel 01: checks 
*** RIVER *** [Jd Qh 5s 2s] [4d]
Szunyli: checks 
Nivel 01: bets $0.66
Szunyli: folds 
Uncalled bet ($0.66) returned to Nivel 01
Nivel 01 collected $0.63 from pot
Nivel 01: doesn't show hand 
*** SUMMARY ***
Total pot $0.65 | Rake $0.02 
Board [Jd Qh 5s 2s 4d]
Seat 1: BuckyWunderlick folded before Flop (didn't bet)
Seat 3: Dorex2007 folded before Flop (didn't bet)
Seat 4: polAAgt folded before Flop
Seat 6: Nivel 01 (button) collected ($0.63)
Seat 7: MelchiorF1 (small blind) folded before Flop
Seat 8: Szunyli (big blind) folded on the River
Seat 9: weverson315 folded before Flop (didn't bet)



