PokerStars Hand #233359092232:  Hold'em No Limit ($0.01/$0.02 USD) - 2022/01/21 16:46:43 PT [2022/01/21 19:46:43 ET]
Table 'Veritas' 9-max Seat #3 is the button
Seat 1: JediMasterChef ($2.08 in chips) 
Seat 2: Dorex2007 ($2 in chips) 
Seat 3: NJMombach ($2.33 in chips) 
Seat 4: CoadyR ($6.66 in chips) 
Seat 5: RWEST502 ($0.72 in chips) 
Seat 6: dkmurphus ($1.98 in chips) 
Seat 7: SexyBolts70 ($1.26 in chips) 
Seat 8: Snowman373 ($1.28 in chips) 
Seat 9: Andrej4086 ($2.51 in chips) 
CoadyR: posts small blind $0.01
RWEST502: posts big blind $0.02
Dorex2007: posts big blind $0.02
*** HOLE CARDS ***
Dealt to Dorex2007 [Kh 2s]
dkmurphus: raises $0.03 to $0.05
SexyBolts70: folds 
Snowman373: folds 
Andrej4086: folds 
JediMasterChef: raises $0.03 to $0.08
Dorex2007: folds 
NJMombach: folds 
CoadyR: folds 
RWEST502: calls $0.06
dkmurphus: calls $0.03
*** FLOP *** [9c 8h Td]
RWEST502: checks 
dkmurphus: bets $0.14
JediMasterChef: raises $0.14 to $0.28
RWEST502: folds 
dkmurphus: calls $0.14
*** TURN *** [9c 8h Td] [6c]
dkmurphus: checks 
JediMasterChef: bets $0.84
dkmurphus: folds 
Uncalled bet ($0.84) returned to JediMasterChef
JediMasterChef collected $0.80 from pot
JediMasterChef: doesn't show hand 
*** SUMMARY ***
Total pot $0.83 | Rake $0.03 
Board [9c 8h Td 6c]
Seat 1: JediMasterChef collected ($0.80)
Seat 2: Dorex2007 folded before Flop (didn't bet)
Seat 3: NJMombach (button) folded before Flop (didn't bet)
Seat 4: CoadyR (small blind) folded before Flop
Seat 5: RWEST502 (big blind) folded on the Flop
Seat 6: dkmurphus folded on the Turn
Seat 7: SexyBolts70 folded before Flop (didn't bet)
Seat 8: Snowman373 folded before Flop (didn't bet)
Seat 9: Andrej4086 folded before Flop (didn't bet)



PokerStars Hand #233359125367:  Hold'em No Limit ($0.01/$0.02 USD) - 2022/01/21 16:48:02 PT [2022/01/21 19:48:02 ET]
Table 'Veritas' 9-max Seat #4 is the button
Seat 1: JediMasterChef ($2.52 in chips) 
Seat 2: Dorex2007 ($2 in chips) 
Seat 3: NJMombach ($2.33 in chips) 
Seat 4: CoadyR ($6.65 in chips) 
Seat 5: RWEST502 ($0.64 in chips) 
Seat 6: dkmurphus ($1.62 in chips) 
Seat 7: SexyBolts70 ($1.26 in chips) 
Seat 8: Snowman373 ($1.28 in chips) 
Seat 9: Andrej4086 ($2.51 in chips) 
RWEST502: posts small blind $0.01
dkmurphus: posts big blind $0.02
*** HOLE CARDS ***
Dealt to Dorex2007 [3h 2d]
SexyBolts70: calls $0.02
Snowman373: folds 
Andrej4086: raises $0.10 to $0.12
JediMasterChef: calls $0.12
Dorex2007: folds 
NJMombach: folds 
CoadyR: folds 
RWEST502: folds 
dkmurphus: folds 
SexyBolts70: calls $0.10
*** FLOP *** [7d 9s Ac]
SexyBolts70: checks 
Andrej4086: bets $0.19
JediMasterChef: folds 
SexyBolts70: folds 
Uncalled bet ($0.19) returned to Andrej4086
Andrej4086 collected $0.38 from pot
Andrej4086: doesn't show hand 
*** SUMMARY ***
Total pot $0.39 | Rake $0.01 
Board [7d 9s Ac]
Seat 1: JediMasterChef folded on the Flop
Seat 2: Dorex2007 folded before Flop (didn't bet)
Seat 3: NJMombach folded before Flop (didn't bet)
Seat 4: CoadyR (button) folded before Flop (didn't bet)
Seat 5: RWEST502 (small blind) folded before Flop
Seat 6: dkmurphus (big blind) folded before Flop
Seat 7: SexyBolts70 folded on the Flop
Seat 8: Snowman373 folded before Flop (didn't bet)
Seat 9: Andrej4086 collected ($0.38)



PokerStars Hand #233359147810:  Hold'em No Limit ($0.01/$0.02 USD) - 2022/01/21 16:49:03 PT [2022/01/21 19:49:03 ET]
Table 'Veritas' 9-max Seat #5 is the button
Seat 1: JediMasterChef ($2.40 in chips) 
Seat 2: Dorex2007 ($2 in chips) 
Seat 3: NJMombach ($2.33 in chips) 
Seat 4: CoadyR ($6.65 in chips) 
Seat 5: RWEST502 ($0.63 in chips) 
Seat 6: dkmurphus ($1.60 in chips) 
Seat 7: SexyBolts70 ($1.14 in chips) 
Seat 8: Snowman373 ($1.28 in chips) 
Seat 9: Andrej4086 ($2.77 in chips) 
dkmurphus: posts small blind $0.01
SexyBolts70: posts big blind $0.02
*** HOLE CARDS ***
Dealt to Dorex2007 [Ah 4d]
Snowman373: folds 
Andrej4086: calls $0.02
JediMasterChef: folds 
Dorex2007: folds 
NJMombach: folds 
CoadyR: folds 
RWEST502: calls $0.02
dkmurphus: calls $0.01
SexyBolts70: checks 
*** FLOP *** [Js 5c 5h]
dkmurphus: bets $0.05
SexyBolts70: calls $0.05
Andrej4086: folds 
RWEST502: folds 
*** TURN *** [Js 5c 5h] [Ks]
dkmurphus: bets $0.12
SexyBolts70: calls $0.12
*** RIVER *** [Js 5c 5h Ks] [Qh]
dkmurphus: bets $0.32
SexyBolts70: raises $0.63 to $0.95 and is all-in
dkmurphus: folds 
Uncalled bet ($0.63) returned to SexyBolts70
SexyBolts70 collected $1.02 from pot
SexyBolts70: doesn't show hand 
*** SUMMARY ***
Total pot $1.06 | Rake $0.04 
Board [Js 5c 5h Ks Qh]
Seat 1: JediMasterChef folded before Flop (didn't bet)
Seat 2: Dorex2007 folded before Flop (didn't bet)
Seat 3: NJMombach folded before Flop (didn't bet)
Seat 4: CoadyR folded before Flop (didn't bet)
Seat 5: RWEST502 (button) folded on the Flop
Seat 6: dkmurphus (small blind) folded on the River
Seat 7: SexyBolts70 (big blind) collected ($1.02)
Seat 8: Snowman373 folded before Flop (didn't bet)
Seat 9: Andrej4086 folded on the Flop



PokerStars Hand #233359175832:  Hold'em No Limit ($0.01/$0.02 USD) - 2022/01/21 16:50:20 PT [2022/01/21 19:50:20 ET]
Table 'Veritas' 9-max Seat #6 is the button
Seat 1: JediMasterChef ($2.40 in chips) 
Seat 2: Dorex2007 ($2 in chips) 
Seat 3: NJMombach ($2.33 in chips) 
Seat 4: CoadyR ($6.65 in chips) 
Seat 5: RWEST502 ($0.61 in chips) 
Seat 6: dkmurphus ($1.09 in chips) 
Seat 7: SexyBolts70 ($1.65 in chips) 
Seat 8: Snowman373 ($1.28 in chips) 
Seat 9: Andrej4086 ($2.75 in chips) 
SexyBolts70: posts small blind $0.01
Snowman373: posts big blind $0.02
*** HOLE CARDS ***
Dealt to Dorex2007 [7c Ks]
Andrej4086: calls $0.02
JediMasterChef: calls $0.02
Dorex2007: folds 
NJMombach: folds 
CoadyR: folds 
RWEST502: calls $0.02
dkmurphus: folds 
SexyBolts70: calls $0.01
Snowman373: checks 
*** FLOP *** [8d Th 6c]
SexyBolts70: checks 
Snowman373: checks 
Andrej4086: bets $0.04
JediMasterChef: folds 
RWEST502: raises $0.18 to $0.22
SexyBolts70: folds 
Snowman373: folds 
Andrej4086: calls $0.18
*** TURN *** [8d Th 6c] [Jc]
Andrej4086: checks 
RWEST502: bets $0.37 and is all-in
Andrej4086: calls $0.37
*** RIVER *** [8d Th 6c Jc] [9h]
*** SHOW DOWN ***
Andrej4086: shows [9d 8h] (two pair, Nines and Eights)
RWEST502: shows [6h 6s] (three of a kind, Sixes)
RWEST502 collected $1.24 from pot
*** SUMMARY ***
Total pot $1.28 | Rake $0.04 
Board [8d Th 6c Jc 9h]
Seat 1: JediMasterChef folded on the Flop
Seat 2: Dorex2007 folded before Flop (didn't bet)
Seat 3: NJMombach folded before Flop (didn't bet)
Seat 4: CoadyR folded before Flop (didn't bet)
Seat 5: RWEST502 showed [6h 6s] and won ($1.24) with three of a kind, Sixes
Seat 6: dkmurphus (button) folded before Flop (didn't bet)
Seat 7: SexyBolts70 (small blind) folded on the Flop
Seat 8: Snowman373 (big blind) folded on the Flop
Seat 9: Andrej4086 showed [9d 8h] and lost with two pair, Nines and Eights



PokerStars Hand #233359201764:  Hold'em No Limit ($0.01/$0.02 USD) - 2022/01/21 16:51:31 PT [2022/01/21 19:51:31 ET]
Table 'Veritas' 9-max Seat #7 is the button
Seat 1: JediMasterChef ($2.38 in chips) 
Seat 2: Dorex2007 ($2 in chips) 
Seat 3: NJMombach ($2.33 in chips) 
Seat 4: CoadyR ($6.65 in chips) 
Seat 5: RWEST502 ($1.24 in chips) 
Seat 6: dkmurphus ($2 in chips) 
Seat 7: SexyBolts70 ($1.63 in chips) 
Seat 8: Snowman373 ($1.26 in chips) 
Seat 9: Andrej4086 ($2.14 in chips) 
Snowman373: posts small blind $0.01
Andrej4086: posts big blind $0.02
*** HOLE CARDS ***
Dealt to Dorex2007 [2d Kc]
JediMasterChef: raises $0.02 to $0.04
Dorex2007: folds 
NJMombach: calls $0.04
CoadyR: folds 
RWEST502: calls $0.04
dkmurphus: calls $0.04
SexyBolts70: calls $0.04
Snowman373: folds 
Andrej4086: calls $0.02
*** FLOP *** [3h 5s 7h]
Andrej4086: checks 
JediMasterChef: bets $0.12
NJMombach: calls $0.12
RWEST502: folds 
dkmurphus: calls $0.12
SexyBolts70: calls $0.12
Andrej4086: calls $0.12
*** TURN *** [3h 5s 7h] [Qh]
Andrej4086: checks 
JediMasterChef: bets $0.24
NJMombach: calls $0.24
dkmurphus: folds 
SexyBolts70: calls $0.24
Andrej4086: folds 
*** RIVER *** [3h 5s 7h Qh] [Qs]
JediMasterChef: bets $1
NJMombach: raises $0.93 to $1.93 and is all-in
SexyBolts70: calls $1.23 and is all-in
JediMasterChef: calls $0.93
*** SHOW DOWN ***
NJMombach: shows [3d 3s] (a full house, Threes full of Queens)
JediMasterChef: shows [Th 2h] (a flush, Queen high)
NJMombach collected $1.35 from side pot
SexyBolts70: shows [Kh 8h] (a flush, King high)
NJMombach collected $5.08 from main pot
*** SUMMARY ***
Total pot $6.66 Main pot $5.08. Side pot $1.35. | Rake $0.23 
Board [3h 5s 7h Qh Qs]
Seat 1: JediMasterChef showed [Th 2h] and lost with a flush, Queen high
Seat 2: Dorex2007 folded before Flop (didn't bet)
Seat 3: NJMombach showed [3d 3s] and won ($6.43) with a full house, Threes full of Queens
Seat 4: CoadyR folded before Flop (didn't bet)
Seat 5: RWEST502 folded on the Flop
Seat 6: dkmurphus folded on the Turn
Seat 7: SexyBolts70 (button) showed [Kh 8h] and lost with a flush, King high
Seat 8: Snowman373 (small blind) folded before Flop
Seat 9: Andrej4086 (big blind) folded on the Turn



PokerStars Hand #233359240148:  Hold'em No Limit ($0.01/$0.02 USD) - 2022/01/21 16:53:16 PT [2022/01/21 19:53:16 ET]
Table 'Veritas' 9-max Seat #8 is the button
Seat 1: JediMasterChef ($0.05 in chips) 
Seat 2: Dorex2007 ($2 in chips) 
Seat 3: NJMombach ($6.43 in chips) 
Seat 4: CoadyR ($6.65 in chips) 
Seat 5: RWEST502 ($1.20 in chips) 
Seat 6: dkmurphus ($1.84 in chips) 
Seat 8: Snowman373 ($1.25 in chips) 
Seat 9: Andrej4086 ($1.98 in chips) 
Andrej4086: posts small blind $0.01
JediMasterChef: posts big blind $0.02
*** HOLE CARDS ***
Dealt to Dorex2007 [2h 5h]
Dorex2007: folds 
SexyBolts70 leaves the table
NJMombach: folds 
CoadyR: folds 
RWEST502: folds 
dkmurphus: raises $0.03 to $0.05
Snowman373: folds 
robyto56 joins the table at seat #7 
Andrej4086: folds 
JediMasterChef: calls $0.03 and is all-in
*** FLOP *** [Th Kd Qc]
*** TURN *** [Th Kd Qc] [7h]
*** RIVER *** [Th Kd Qc 7h] [2d]
*** SHOW DOWN ***
JediMasterChef: shows [Ac 9d] (high card Ace)
dkmurphus: shows [5c 6s] (high card King)
JediMasterChef collected $0.11 from pot
*** SUMMARY ***
Total pot $0.11 | Rake $0 
Board [Th Kd Qc 7h 2d]
Seat 1: JediMasterChef (big blind) showed [Ac 9d] and won ($0.11) with high card Ace
Seat 2: Dorex2007 folded before Flop (didn't bet)
Seat 3: NJMombach folded before Flop (didn't bet)
Seat 4: CoadyR folded before Flop (didn't bet)
Seat 5: RWEST502 folded before Flop (didn't bet)
Seat 6: dkmurphus showed [5c 6s] and lost with high card King
Seat 8: Snowman373 (button) folded before Flop (didn't bet)
Seat 9: Andrej4086 (small blind) folded before Flop



PokerStars Hand #233359260388:  Hold'em No Limit ($0.01/$0.02 USD) - 2022/01/21 16:53:53 PT [2022/01/21 19:53:53 ET]
Table 'Veritas' 9-max Seat #9 is the button
Seat 1: JediMasterChef ($0.11 in chips) 
Seat 2: Dorex2007 ($2 in chips) 
Seat 3: NJMombach ($6.43 in chips) 
Seat 4: CoadyR ($6.65 in chips) 
Seat 5: RWEST502 ($1.20 in chips) 
Seat 6: dkmurphus ($1.79 in chips) 
Seat 8: Snowman373 ($1.25 in chips) 
Seat 9: Andrej4086 ($1.97 in chips) 
JediMasterChef: posts small blind $0.01
Dorex2007: posts big blind $0.02
robyto56: sits out 
*** HOLE CARDS ***
Dealt to Dorex2007 [9d 6c]
NJMombach has timed out
NJMombach: folds 
CoadyR: raises $0.04 to $0.06
RWEST502: calls $0.06
dkmurphus: folds 
Snowman373: calls $0.06
Andrej4086: raises $1.91 to $1.97 and is all-in
JediMasterChef: calls $0.10 and is all-in
Dorex2007: folds 
CoadyR: folds 
RWEST502: folds 
Snowman373: folds 
Uncalled bet ($1.86) returned to Andrej4086
*** FLOP *** [5c 4c 4s]
*** TURN *** [5c 4c 4s] [Tc]
*** RIVER *** [5c 4c 4s Tc] [Jh]
*** SHOW DOWN ***
JediMasterChef: shows [3c Ks] (a pair of Fours)
Andrej4086: shows [Jd Js] (a full house, Jacks full of Fours)
Andrej4086 collected $0.41 from pot
*** SUMMARY ***
Total pot $0.42 | Rake $0.01 
Board [5c 4c 4s Tc Jh]
Seat 1: JediMasterChef (small blind) showed [3c Ks] and lost with a pair of Fours
Seat 2: Dorex2007 (big blind) folded before Flop
Seat 3: NJMombach folded before Flop (didn't bet)
Seat 4: CoadyR folded before Flop
Seat 5: RWEST502 folded before Flop
Seat 6: dkmurphus folded before Flop (didn't bet)
Seat 8: Snowman373 folded before Flop
Seat 9: Andrej4086 (button) showed [Jd Js] and won ($0.41) with a full house, Jacks full of Fours



PokerStars Hand #233359279440:  Hold'em No Limit ($0.01/$0.02 USD) - 2022/01/21 16:54:45 PT [2022/01/21 19:54:45 ET]
Table 'Veritas' 9-max Seat #2 is the button
Seat 2: Dorex2007 ($2 in chips) 
Seat 3: NJMombach ($6.43 in chips) 
Seat 4: CoadyR ($6.59 in chips) 
Seat 5: RWEST502 ($1.14 in chips) 
Seat 6: dkmurphus ($1.79 in chips) 
Seat 8: Snowman373 ($1.19 in chips) 
Seat 9: Andrej4086 ($2.27 in chips) 
NJMombach: posts small blind $0.01
CoadyR: posts big blind $0.02
robyto56: sits out 
*** HOLE CARDS ***
Dealt to Dorex2007 [6c 7h]
RWEST502: folds 
dkmurphus: raises $0.05 to $0.07
Snowman373: folds 
Andrej4086: calls $0.07
Dorex2007: folds 
NJMombach: folds 
CoadyR: calls $0.05
*** FLOP *** [8h 4d 5c]
CoadyR: checks 
dkmurphus: bets $0.13
Andrej4086: calls $0.13
CoadyR: folds 
*** TURN *** [8h 4d 5c] [Qc]
JediMasterChef leaves the table
dkmurphus: bets $0.48
Andrej4086: folds 
Uncalled bet ($0.48) returned to dkmurphus
dkmurphus collected $0.46 from pot
*** SUMMARY ***
Total pot $0.48 | Rake $0.02 
Board [8h 4d 5c Qc]
Seat 2: Dorex2007 (button) folded before Flop (didn't bet)
Seat 3: NJMombach (small blind) folded before Flop
Seat 4: CoadyR (big blind) folded on the Flop
Seat 5: RWEST502 folded before Flop (didn't bet)
Seat 6: dkmurphus collected ($0.46)
Seat 8: Snowman373 folded before Flop (didn't bet)
Seat 9: Andrej4086 folded on the Turn



PokerStars Hand #233359293863:  Hold'em No Limit ($0.01/$0.02 USD) - 2022/01/21 16:55:30 PT [2022/01/21 19:55:30 ET]
Table 'Veritas' 9-max Seat #3 is the button
Seat 2: Dorex2007 ($2 in chips) 
Seat 3: NJMombach ($6.42 in chips) 
Seat 4: CoadyR ($6.52 in chips) 
Seat 5: RWEST502 ($1.14 in chips) 
Seat 6: dkmurphus ($2.05 in chips) 
Seat 8: Snowman373 ($1.19 in chips) 
Seat 9: Andrej4086 ($2.07 in chips) 
CoadyR: posts small blind $0.01
carlos RGI joins the table at seat #1 
RWEST502: posts big blind $0.02
robyto56: sits out 
*** HOLE CARDS ***
Dealt to Dorex2007 [2h 9h]
dkmurphus: raises $0.05 to $0.07
Snowman373: folds 
Andrej4086: folds 
Dorex2007: folds 
NJMombach: folds 
CoadyR: raises $0.10 to $0.17
RWEST502: folds 
dkmurphus: calls $0.10
*** FLOP *** [Jc Qd Ad]
CoadyR: checks 
dkmurphus: bets $0.30
CoadyR: calls $0.30
*** TURN *** [Jc Qd Ad] [Jh]
CoadyR: checks 
dkmurphus: bets $1.58 and is all-in
CoadyR: calls $1.58
*** RIVER *** [Jc Qd Ad Jh] [9c]
*** SHOW DOWN ***
CoadyR: shows [Ac As] (a full house, Aces full of Jacks)
dkmurphus: shows [Th Kc] (a straight, Ten to Ace)
CoadyR collected $3.98 from pot
*** SUMMARY ***
Total pot $4.12 | Rake $0.14 
Board [Jc Qd Ad Jh 9c]
Seat 2: Dorex2007 folded before Flop (didn't bet)
Seat 3: NJMombach (button) folded before Flop (didn't bet)
Seat 4: CoadyR (small blind) showed [Ac As] and won ($3.98) with a full house, Aces full of Jacks
Seat 5: RWEST502 (big blind) folded before Flop
Seat 6: dkmurphus showed [Th Kc] and lost with a straight, Ten to Ace
Seat 8: Snowman373 folded before Flop (didn't bet)
Seat 9: Andrej4086 folded before Flop (didn't bet)



PokerStars Hand #233359313294:  Hold'em No Limit ($0.01/$0.02 USD) - 2022/01/21 16:56:35 PT [2022/01/21 19:56:35 ET]
Table 'Veritas' 9-max Seat #4 is the button
Seat 2: Dorex2007 ($2 in chips) 
Seat 3: NJMombach ($6.42 in chips) 
Seat 4: CoadyR ($8.45 in chips) 
Seat 5: RWEST502 ($1.12 in chips) 
Seat 7: robyto56 ($2 in chips) 
Seat 8: Snowman373 ($1.19 in chips) 
Seat 9: Andrej4086 ($2.07 in chips) 
RWEST502: posts small blind $0.01
robyto56: posts big blind $0.02
carlos RGI: sits out 
*** HOLE CARDS ***
Dealt to Dorex2007 [Th 3s]
Snowman373: folds 
Andrej4086: folds 
dkmurphus leaves the table
Dorex2007 has timed out
Dorex2007: folds 
NJMombach: folds 
CoadyR: raises $0.04 to $0.06
RWEST502: calls $0.05
robyto56: folds 
*** FLOP *** [4d Td Ac]
RWEST502: bets $0.14
CoadyR: folds 
Uncalled bet ($0.14) returned to RWEST502
RWEST502 collected $0.14 from pot
RWEST502: doesn't show hand 
*** SUMMARY ***
Total pot $0.14 | Rake $0 
Board [4d Td Ac]
Seat 2: Dorex2007 folded before Flop (didn't bet)
Seat 3: NJMombach folded before Flop (didn't bet)
Seat 4: CoadyR (button) folded on the Flop
Seat 5: RWEST502 (small blind) collected ($0.14)
Seat 7: robyto56 (big blind) folded before Flop
Seat 8: Snowman373 folded before Flop (didn't bet)
Seat 9: Andrej4086 folded before Flop (didn't bet)



PokerStars Hand #233359448210:  Hold'em No Limit ($0.01/$0.02 USD) - 2022/01/21 17:03:35 PT [2022/01/21 20:03:35 ET]
Table 'Veritas' 9-max Seat #9 is the button
Seat 1: carlos RGI ($1.99 in chips) 
Seat 2: Dorex2007 ($2 in chips) 
Seat 3: NJMombach ($6.38 in chips) 
Seat 4: CoadyR ($8.10 in chips) 
Seat 5: RWEST502 ($2.29 in chips) 
Seat 6: greyfox5310 ($2.07 in chips) 
Seat 7: robyto56 ($2.12 in chips) 
Seat 8: Snowman373 ($1.03 in chips) 
Seat 9: Andrej4086 ($2.06 in chips) 
carlos RGI: posts small blind $0.01
Dorex2007: posts big blind $0.02
*** HOLE CARDS ***
Dealt to Dorex2007 [6d Tc]
NJMombach: raises $0.04 to $0.06
CoadyR: folds 
RWEST502: calls $0.06
greyfox5310 has timed out
greyfox5310: folds 
robyto56: calls $0.06
Snowman373: folds 
Andrej4086: folds 
carlos RGI: folds 
Dorex2007: folds 
*** FLOP *** [As 8d Ts]
NJMombach: checks 
RWEST502: checks 
robyto56: checks 
*** TURN *** [As 8d Ts] [Qs]
NJMombach: checks 
RWEST502: checks 
robyto56: bets $0.10
NJMombach: folds 
RWEST502: folds 
Uncalled bet ($0.10) returned to robyto56
robyto56 collected $0.20 from pot
robyto56: doesn't show hand 
*** SUMMARY ***
Total pot $0.21 | Rake $0.01 
Board [As 8d Ts Qs]
Seat 1: carlos RGI (small blind) folded before Flop
Seat 2: Dorex2007 (big blind) folded before Flop
Seat 3: NJMombach folded on the Turn
Seat 4: CoadyR folded before Flop (didn't bet)
Seat 5: RWEST502 folded on the Turn
Seat 6: greyfox5310 folded before Flop (didn't bet)
Seat 7: robyto56 collected ($0.20)
Seat 8: Snowman373 folded before Flop (didn't bet)
Seat 9: Andrej4086 (button) folded before Flop (didn't bet)



PokerStars Hand #233359478501:  Hold'em No Limit ($0.01/$0.02 USD) - 2022/01/21 17:05:00 PT [2022/01/21 20:05:00 ET]
Table 'Veritas' 9-max Seat #1 is the button
Seat 1: carlos RGI ($1.98 in chips) 
Seat 2: Dorex2007 ($2 in chips) 
Seat 3: NJMombach ($6.32 in chips) 
Seat 4: CoadyR ($8.10 in chips) 
Seat 5: RWEST502 ($2.23 in chips) 
Seat 6: greyfox5310 ($2.07 in chips) 
Seat 7: robyto56 ($2.26 in chips) 
Seat 8: Snowman373 ($1.03 in chips) 
Seat 9: Andrej4086 ($2.06 in chips) 
Dorex2007: posts small blind $0.01
NJMombach: posts big blind $0.02
*** HOLE CARDS ***
Dealt to Dorex2007 [Th Ah]
CoadyR: folds 
RWEST502: folds 
greyfox5310: calls $0.02
robyto56: folds 
Snowman373: folds 
Andrej4086: folds 
carlos RGI: folds 
Dorex2007: calls $0.01
NJMombach: checks 
*** FLOP *** [9s 2h 6h]
Dorex2007: bets $0.06
NJMombach: folds 
greyfox5310: calls $0.06
*** TURN *** [9s 2h 6h] [6d]
Dorex2007: bets $0.09
greyfox5310: folds 
Uncalled bet ($0.09) returned to Dorex2007
Dorex2007 collected $0.17 from pot
Dorex2007: doesn't show hand 
*** SUMMARY ***
Total pot $0.18 | Rake $0.01 
Board [9s 2h 6h 6d]
Seat 1: carlos RGI (button) folded before Flop (didn't bet)
Seat 2: Dorex2007 (small blind) collected ($0.17)
Seat 3: NJMombach (big blind) folded on the Flop
Seat 4: CoadyR folded before Flop (didn't bet)
Seat 5: RWEST502 folded before Flop (didn't bet)
Seat 6: greyfox5310 folded on the Turn
Seat 7: robyto56 folded before Flop (didn't bet)
Seat 8: Snowman373 folded before Flop (didn't bet)
Seat 9: Andrej4086 folded before Flop (didn't bet)



PokerStars Hand #233359511033:  Hold'em No Limit ($0.01/$0.02 USD) - 2022/01/21 17:06:32 PT [2022/01/21 20:06:32 ET]
Table 'Veritas' 9-max Seat #2 is the button
Seat 1: carlos RGI ($1.98 in chips) 
Seat 2: Dorex2007 ($2.09 in chips) 
Seat 3: NJMombach ($6.30 in chips) 
Seat 4: CoadyR ($8.10 in chips) 
Seat 5: RWEST502 ($2.23 in chips) 
Seat 6: greyfox5310 ($1.99 in chips) 
Seat 7: robyto56 ($2.26 in chips) 
Seat 8: Snowman373 ($1.03 in chips) 
Seat 9: Andrej4086 ($2.06 in chips) 
NJMombach: posts small blind $0.01
CoadyR: posts big blind $0.02
*** HOLE CARDS ***
Dealt to Dorex2007 [Kh Ac]
RWEST502: calls $0.02
greyfox5310: calls $0.02
robyto56: folds 
Snowman373: calls $0.02
Andrej4086: folds 
carlos RGI: folds 
Dorex2007: raises $0.02 to $0.04
NJMombach: folds 
CoadyR: calls $0.02
RWEST502: calls $0.02
greyfox5310: calls $0.02
Snowman373: calls $0.02
*** FLOP *** [4d Jh 9c]
CoadyR: checks 
RWEST502: bets $0.02
greyfox5310: folds 
Snowman373: folds 
Dorex2007: calls $0.02
CoadyR: calls $0.02
*** TURN *** [4d Jh 9c] [Tc]
CoadyR: checks 
RWEST502: checks 
Dorex2007: checks 
*** RIVER *** [4d Jh 9c Tc] [Ts]
CoadyR: checks 
RWEST502: checks 
Dorex2007: checks 
*** SHOW DOWN ***
CoadyR: shows [7c 9h] (two pair, Tens and Nines)
RWEST502: shows [Kd Jc] (two pair, Jacks and Tens)
Dorex2007: mucks hand 
RWEST502 collected $0.26 from pot
*** SUMMARY ***
Total pot $0.27 | Rake $0.01 
Board [4d Jh 9c Tc Ts]
Seat 1: carlos RGI folded before Flop (didn't bet)
Seat 2: Dorex2007 (button) mucked [Kh Ac]
Seat 3: NJMombach (small blind) folded before Flop
Seat 4: CoadyR (big blind) showed [7c 9h] and lost with two pair, Tens and Nines
Seat 5: RWEST502 showed [Kd Jc] and won ($0.26) with two pair, Jacks and Tens
Seat 6: greyfox5310 folded on the Flop
Seat 7: robyto56 folded before Flop (didn't bet)
Seat 8: Snowman373 folded on the Flop
Seat 9: Andrej4086 folded before Flop (didn't bet)



PokerStars Hand #233359532030:  Hold'em No Limit ($0.01/$0.02 USD) - 2022/01/21 17:07:31 PT [2022/01/21 20:07:31 ET]
Table 'Veritas' 9-max Seat #3 is the button
Seat 1: carlos RGI ($1.98 in chips) 
Seat 2: Dorex2007 ($2.03 in chips) 
Seat 3: NJMombach ($6.29 in chips) 
Seat 4: CoadyR ($8.04 in chips) 
Seat 5: RWEST502 ($2.43 in chips) 
Seat 6: greyfox5310 ($1.95 in chips) 
Seat 7: robyto56 ($2.26 in chips) 
Seat 8: Snowman373 ($1 in chips) 
Seat 9: Andrej4086 ($2.06 in chips) 
CoadyR: posts small blind $0.01
RWEST502: posts big blind $0.02
*** HOLE CARDS ***
Dealt to Dorex2007 [Jc 8h]
greyfox5310: folds 
robyto56: folds 
Snowman373: folds 
Andrej4086: calls $0.02
carlos RGI: folds 
Dorex2007: folds 
NJMombach: calls $0.02
CoadyR: folds 
RWEST502: checks 
*** FLOP *** [7s 3c 3s]
RWEST502: bets $0.02
Andrej4086: calls $0.02
NJMombach: calls $0.02
*** TURN *** [7s 3c 3s] [4d]
RWEST502: bets $0.02
Andrej4086: calls $0.02
NJMombach: calls $0.02
*** RIVER *** [7s 3c 3s 4d] [Js]
RWEST502: checks 
Andrej4086: checks 
NJMombach: checks 
*** SHOW DOWN ***
RWEST502: shows [5s 3d] (three of a kind, Threes)
Andrej4086: mucks hand 
NJMombach: mucks hand 
RWEST502 collected $0.18 from pot
*** SUMMARY ***
Total pot $0.19 | Rake $0.01 
Board [7s 3c 3s 4d Js]
Seat 1: carlos RGI folded before Flop (didn't bet)
Seat 2: Dorex2007 folded before Flop (didn't bet)
Seat 3: NJMombach (button) mucked [Ad 7d]
Seat 4: CoadyR (small blind) folded before Flop
Seat 5: RWEST502 (big blind) showed [5s 3d] and won ($0.18) with three of a kind, Threes
Seat 6: greyfox5310 folded before Flop (didn't bet)
Seat 7: robyto56 folded before Flop (didn't bet)
Seat 8: Snowman373 folded before Flop (didn't bet)
Seat 9: Andrej4086 mucked [4s Ac]



PokerStars Hand #233359555285:  Hold'em No Limit ($0.01/$0.02 USD) - 2022/01/21 17:08:17 PT [2022/01/21 20:08:17 ET]
Table 'Veritas' 9-max Seat #4 is the button
Seat 1: carlos RGI ($1.98 in chips) 
Seat 2: Dorex2007 ($2.03 in chips) 
Seat 3: NJMombach ($6.23 in chips) 
Seat 4: CoadyR ($8.03 in chips) 
Seat 5: RWEST502 ($2.55 in chips) 
Seat 6: greyfox5310 ($1.95 in chips) 
Seat 7: robyto56 ($2.26 in chips) 
Seat 8: Snowman373 ($1 in chips) 
Seat 9: Andrej4086 ($2 in chips) 
RWEST502: posts small blind $0.01
greyfox5310: posts big blind $0.02
*** HOLE CARDS ***
Dealt to Dorex2007 [4s 6s]
robyto56: calls $0.02
Snowman373: folds 
Andrej4086: folds 
carlos RGI: folds 
Dorex2007: folds 
NJMombach: folds 
CoadyR: folds 
RWEST502: calls $0.01
greyfox5310: checks 
*** FLOP *** [6c Qs 7d]
RWEST502: checks 
greyfox5310: checks 
robyto56: checks 
*** TURN *** [6c Qs 7d] [7c]
RWEST502: checks 
greyfox5310: checks 
robyto56: checks 
*** RIVER *** [6c Qs 7d 7c] [7h]
RWEST502: checks 
greyfox5310: checks 
robyto56: checks 
*** SHOW DOWN ***
RWEST502: shows [4c Ts] (three of a kind, Sevens)
greyfox5310: shows [2d Jd] (three of a kind, Sevens - Queen+Jack kicker)
robyto56: shows [Ad 4h] (three of a kind, Sevens - Ace kicker)
robyto56 collected $0.06 from pot
*** SUMMARY ***
Total pot $0.06 | Rake $0 
Board [6c Qs 7d 7c 7h]
Seat 1: carlos RGI folded before Flop (didn't bet)
Seat 2: Dorex2007 folded before Flop (didn't bet)
Seat 3: NJMombach folded before Flop (didn't bet)
Seat 4: CoadyR (button) folded before Flop (didn't bet)
Seat 5: RWEST502 (small blind) showed [4c Ts] and lost with three of a kind, Sevens
Seat 6: greyfox5310 (big blind) showed [2d Jd] and lost with three of a kind, Sevens
Seat 7: robyto56 showed [Ad 4h] and won ($0.06) with three of a kind, Sevens
Seat 8: Snowman373 folded before Flop (didn't bet)
Seat 9: Andrej4086 folded before Flop (didn't bet)



PokerStars Hand #233359580620:  Hold'em No Limit ($0.01/$0.02 USD) - 2022/01/21 17:09:08 PT [2022/01/21 20:09:08 ET]
Table 'Veritas' 9-max Seat #5 is the button
Seat 1: carlos RGI ($1.98 in chips) 
Seat 2: Dorex2007 ($2.03 in chips) 
Seat 3: NJMombach ($6.23 in chips) 
Seat 4: CoadyR ($8.03 in chips) 
Seat 5: RWEST502 ($2.53 in chips) 
Seat 6: greyfox5310 ($1.93 in chips) 
Seat 7: robyto56 ($2.30 in chips) 
Seat 8: Snowman373 ($1 in chips) 
Seat 9: Andrej4086 ($2 in chips) 
greyfox5310: posts small blind $0.01
robyto56: posts big blind $0.02
*** HOLE CARDS ***
Dealt to Dorex2007 [Js As]
Snowman373: folds 
Andrej4086: folds 
carlos RGI: folds 
Dorex2007: raises $0.02 to $0.04
NJMombach: folds 
CoadyR: folds 
RWEST502: folds 
greyfox5310: folds 
robyto56: calls $0.02
*** FLOP *** [3d Qs 3h]
robyto56: checks 
Dorex2007: checks 
*** TURN *** [3d Qs 3h] [4c]
robyto56: checks 
Dorex2007: checks 
*** RIVER *** [3d Qs 3h 4c] [9s]
robyto56: checks 
Dorex2007: bets $0.06
robyto56: calls $0.06
*** SHOW DOWN ***
Dorex2007: shows [Js As] (a pair of Threes)
robyto56: shows [Ts 9c] (two pair, Nines and Threes)
robyto56 collected $0.20 from pot
*** SUMMARY ***
Total pot $0.21 | Rake $0.01 
Board [3d Qs 3h 4c 9s]
Seat 1: carlos RGI folded before Flop (didn't bet)
Seat 2: Dorex2007 showed [Js As] and lost with a pair of Threes
Seat 3: NJMombach folded before Flop (didn't bet)
Seat 4: CoadyR folded before Flop (didn't bet)
Seat 5: RWEST502 (button) folded before Flop (didn't bet)
Seat 6: greyfox5310 (small blind) folded before Flop
Seat 7: robyto56 (big blind) showed [Ts 9c] and won ($0.20) with two pair, Nines and Threes
Seat 8: Snowman373 folded before Flop (didn't bet)
Seat 9: Andrej4086 folded before Flop (didn't bet)



PokerStars Hand #233359609685:  Hold'em No Limit ($0.01/$0.02 USD) - 2022/01/21 17:10:10 PT [2022/01/21 20:10:10 ET]
Table 'Veritas' 9-max Seat #6 is the button
Seat 1: carlos RGI ($1.98 in chips) 
Seat 2: Dorex2007 ($2 in chips) 
Seat 3: NJMombach ($6.23 in chips) 
Seat 4: CoadyR ($8.03 in chips) 
Seat 5: RWEST502 ($2.53 in chips) 
Seat 6: greyfox5310 ($1.92 in chips) 
Seat 7: robyto56 ($2.40 in chips) 
Seat 8: Snowman373 ($1 in chips) 
Seat 9: Andrej4086 ($2 in chips) 
robyto56: posts small blind $0.01
Snowman373: posts big blind $0.02
*** HOLE CARDS ***
Dealt to Dorex2007 [Qh Tc]
Andrej4086: folds 
carlos RGI: folds 
Dorex2007: folds 
NJMombach: folds 
CoadyR: folds 
RWEST502: folds 
greyfox5310: calls $0.02
robyto56: raises $0.06 to $0.08
Snowman373: raises $0.24 to $0.32
greyfox5310: calls $0.30
robyto56: calls $0.24
*** FLOP *** [4c Qd 8c]
robyto56: checks 
Snowman373: bets $0.68 and is all-in
greyfox5310: folds 
robyto56: folds 
Uncalled bet ($0.68) returned to Snowman373
Snowman373 collected $0.93 from pot
Snowman373: doesn't show hand 
*** SUMMARY ***
Total pot $0.96 | Rake $0.03 
Board [4c Qd 8c]
Seat 1: carlos RGI folded before Flop (didn't bet)
Seat 2: Dorex2007 folded before Flop (didn't bet)
Seat 3: NJMombach folded before Flop (didn't bet)
Seat 4: CoadyR folded before Flop (didn't bet)
Seat 5: RWEST502 folded before Flop (didn't bet)
Seat 6: greyfox5310 (button) folded on the Flop
Seat 7: robyto56 (small blind) folded on the Flop
Seat 8: Snowman373 (big blind) collected ($0.93)
Seat 9: Andrej4086 folded before Flop (didn't bet)



PokerStars Hand #233359631969:  Hold'em No Limit ($0.01/$0.02 USD) - 2022/01/21 17:11:14 PT [2022/01/21 20:11:14 ET]
Table 'Veritas' 9-max Seat #7 is the button
Seat 1: carlos RGI ($1.98 in chips) 
Seat 2: Dorex2007 ($2 in chips) 
Seat 3: NJMombach ($6.23 in chips) 
Seat 4: CoadyR ($8.03 in chips) 
Seat 5: RWEST502 ($2.53 in chips) 
Seat 6: greyfox5310 ($1.60 in chips) 
Seat 7: robyto56 ($2.08 in chips) 
Seat 8: Snowman373 ($1.61 in chips) 
Seat 9: Andrej4086 ($2 in chips) 
Snowman373: posts small blind $0.01
Andrej4086: posts big blind $0.02
*** HOLE CARDS ***
Dealt to Dorex2007 [Kh Ac]
carlos RGI: folds 
Dorex2007: raises $0.02 to $0.04
NJMombach: folds 
CoadyR: folds 
RWEST502: folds 
greyfox5310: folds 
robyto56: folds 
Snowman373: folds 
Andrej4086: calls $0.02
*** FLOP *** [Kd 6s 5s]
Andrej4086: bets $0.02
Dorex2007: raises $0.04 to $0.06
Andrej4086: calls $0.04
*** TURN *** [Kd 6s 5s] [7s]
Andrej4086: checks 
Dorex2007: bets $0.13
Andrej4086: folds 
Uncalled bet ($0.13) returned to Dorex2007
Dorex2007 collected $0.20 from pot
Dorex2007: doesn't show hand 
*** SUMMARY ***
Total pot $0.21 | Rake $0.01 
Board [Kd 6s 5s 7s]
Seat 1: carlos RGI folded before Flop (didn't bet)
Seat 2: Dorex2007 collected ($0.20)
Seat 3: NJMombach folded before Flop (didn't bet)
Seat 4: CoadyR folded before Flop (didn't bet)
Seat 5: RWEST502 folded before Flop (didn't bet)
Seat 6: greyfox5310 folded before Flop (didn't bet)
Seat 7: robyto56 (button) folded before Flop (didn't bet)
Seat 8: Snowman373 (small blind) folded before Flop
Seat 9: Andrej4086 (big blind) folded on the Turn



PokerStars Hand #233359647465:  Hold'em No Limit ($0.01/$0.02 USD) - 2022/01/21 17:11:59 PT [2022/01/21 20:11:59 ET]
Table 'Veritas' 9-max Seat #8 is the button
Seat 1: carlos RGI ($1.98 in chips) 
Seat 2: Dorex2007 ($2.10 in chips) 
Seat 3: NJMombach ($6.23 in chips) 
Seat 4: CoadyR ($8.03 in chips) 
Seat 5: RWEST502 ($2.53 in chips) 
Seat 6: greyfox5310 ($1.60 in chips) 
Seat 7: robyto56 ($2.08 in chips) 
Seat 8: Snowman373 ($1.60 in chips) 
Seat 9: Andrej4086 ($1.90 in chips) 
Andrej4086: posts small blind $0.01
carlos RGI: posts big blind $0.02
*** HOLE CARDS ***
Dealt to Dorex2007 [Js 2c]
Dorex2007: folds 
NJMombach: folds 
CoadyR: folds 
RWEST502: folds 
greyfox5310: calls $0.02
robyto56: raises $0.09 to $0.11
Snowman373: folds 
Andrej4086: folds 
carlos RGI: folds 
greyfox5310: calls $0.09
*** FLOP *** [Jc 8s 7c]
greyfox5310: checks 
robyto56: bets $0.12
greyfox5310: calls $0.12
*** TURN *** [Jc 8s 7c] [Ks]
greyfox5310: checks 
robyto56: bets $0.47
greyfox5310: calls $0.47
*** RIVER *** [Jc 8s 7c Ks] [Td]
greyfox5310: checks 
robyto56: bets $1.38 and is all-in
greyfox5310: calls $0.90 and is all-in
Uncalled bet ($0.48) returned to robyto56
*** SHOW DOWN ***
robyto56: shows [As Kh] (a pair of Kings)
greyfox5310: shows [Jd Kc] (two pair, Kings and Jacks)
greyfox5310 collected $3.12 from pot
*** SUMMARY ***
Total pot $3.23 | Rake $0.11 
Board [Jc 8s 7c Ks Td]
Seat 1: carlos RGI (big blind) folded before Flop
Seat 2: Dorex2007 folded before Flop (didn't bet)
Seat 3: NJMombach folded before Flop (didn't bet)
Seat 4: CoadyR folded before Flop (didn't bet)
Seat 5: RWEST502 folded before Flop (didn't bet)
Seat 6: greyfox5310 showed [Jd Kc] and won ($3.12) with two pair, Kings and Jacks
Seat 7: robyto56 showed [As Kh] and lost with a pair of Kings
Seat 8: Snowman373 (button) folded before Flop (didn't bet)
Seat 9: Andrej4086 (small blind) folded before Flop



PokerStars Hand #233359675922:  Hold'em No Limit ($0.01/$0.02 USD) - 2022/01/21 17:13:21 PT [2022/01/21 20:13:21 ET]
Table 'Veritas' 9-max Seat #9 is the button
Seat 1: carlos RGI ($1.96 in chips) 
Seat 2: Dorex2007 ($2.10 in chips) 
Seat 3: NJMombach ($6.23 in chips) 
Seat 4: CoadyR ($8.03 in chips) 
Seat 5: RWEST502 ($2.53 in chips) 
Seat 6: greyfox5310 ($3.12 in chips) 
Seat 7: robyto56 ($0.48 in chips) 
Seat 8: Snowman373 ($1.60 in chips) 
Seat 9: Andrej4086 ($1.89 in chips) 
carlos RGI: posts small blind $0.01
Dorex2007: posts big blind $0.02
*** HOLE CARDS ***
Dealt to Dorex2007 [Qc Jc]
NJMombach: folds 
CoadyR: folds 
RWEST502: folds 
greyfox5310: folds 
robyto56: folds 
Snowman373: folds 
Andrej4086: folds 
carlos RGI: folds 
Uncalled bet ($0.01) returned to Dorex2007
Dorex2007 collected $0.02 from pot
Dorex2007: doesn't show hand 
*** SUMMARY ***
Total pot $0.02 | Rake $0 
Seat 1: carlos RGI (small blind) folded before Flop
Seat 2: Dorex2007 (big blind) collected ($0.02)
Seat 3: NJMombach folded before Flop (didn't bet)
Seat 4: CoadyR folded before Flop (didn't bet)
Seat 5: RWEST502 folded before Flop (didn't bet)
Seat 6: greyfox5310 folded before Flop (didn't bet)
Seat 7: robyto56 folded before Flop (didn't bet)
Seat 8: Snowman373 folded before Flop (didn't bet)
Seat 9: Andrej4086 (button) folded before Flop (didn't bet)



PokerStars Hand #233359684601:  Hold'em No Limit ($0.01/$0.02 USD) - 2022/01/21 17:13:46 PT [2022/01/21 20:13:46 ET]
Table 'Veritas' 9-max Seat #1 is the button
Seat 1: carlos RGI ($1.95 in chips) 
Seat 2: Dorex2007 ($2.11 in chips) 
Seat 3: NJMombach ($6.23 in chips) 
Seat 4: CoadyR ($8.03 in chips) 
Seat 5: RWEST502 ($2.53 in chips) 
Seat 6: greyfox5310 ($3.12 in chips) 
Seat 7: robyto56 ($0.48 in chips) 
Seat 8: Snowman373 ($1.60 in chips) 
Seat 9: Andrej4086 ($1.89 in chips) 
Dorex2007: posts small blind $0.01
NJMombach: posts big blind $0.02
*** HOLE CARDS ***
Dealt to Dorex2007 [Ac 5s]
CoadyR: folds 
RWEST502: folds 
greyfox5310: calls $0.02
CoadyR leaves the table
robyto56: calls $0.02
Snowman373: folds 
Andrej4086: calls $0.02
carlos RGI: folds 
Dorex2007: calls $0.01
braga121 joins the table at seat #4 
NJMombach: checks 
*** FLOP *** [3c 4h 8s]
Dorex2007: checks 
NJMombach: checks 
greyfox5310: checks 
robyto56: checks 
Andrej4086: checks 
*** TURN *** [3c 4h 8s] [7s]
Dorex2007: checks 
NJMombach: checks 
greyfox5310: checks 
robyto56: bets $0.05
Andrej4086: calls $0.05
Dorex2007: calls $0.05
NJMombach: folds 
greyfox5310: calls $0.05
*** RIVER *** [3c 4h 8s 7s] [As]
Dorex2007: bets $0.15
greyfox5310: folds 
robyto56: folds 
Andrej4086: folds 
Uncalled bet ($0.15) returned to Dorex2007
Dorex2007 collected $0.29 from pot
Dorex2007: doesn't show hand 
*** SUMMARY ***
Total pot $0.30 | Rake $0.01 
Board [3c 4h 8s 7s As]
Seat 1: carlos RGI (button) folded before Flop (didn't bet)
Seat 2: Dorex2007 (small blind) collected ($0.29)
Seat 3: NJMombach (big blind) folded on the Turn
Seat 4: CoadyR folded before Flop (didn't bet)
Seat 5: RWEST502 folded before Flop (didn't bet)
Seat 6: greyfox5310 folded on the River
Seat 7: robyto56 folded on the River
Seat 8: Snowman373 folded before Flop (didn't bet)
Seat 9: Andrej4086 folded on the River



PokerStars Hand #233359733235:  Hold'em No Limit ($0.01/$0.02 USD) - 2022/01/21 17:16:07 PT [2022/01/21 20:16:07 ET]
Table 'Veritas' 9-max Seat #2 is the button
Seat 1: carlos RGI ($1.95 in chips) 
Seat 2: Dorex2007 ($2.33 in chips) 
Seat 3: NJMombach ($6.21 in chips) 
Seat 4: braga121 ($0.80 in chips) 
Seat 5: RWEST502 ($2.53 in chips) 
Seat 6: greyfox5310 ($3.05 in chips) 
Seat 7: robyto56 ($0.41 in chips) 
Seat 8: Snowman373 ($1.60 in chips) 
Seat 9: Andrej4086 ($1.82 in chips) 
NJMombach: posts small blind $0.01
braga121: posts big blind $0.02
*** HOLE CARDS ***
Dealt to Dorex2007 [7d 5d]
RWEST502: calls $0.02
greyfox5310: folds 
robyto56 has timed out
robyto56: folds 
Snowman373: folds 
Andrej4086: raises $0.04 to $0.06
carlos RGI: calls $0.06
Dorex2007: folds 
NJMombach: calls $0.05
braga121: folds 
RWEST502: calls $0.04
*** FLOP *** [Tc 3s 2d]
NJMombach: checks 
RWEST502: checks 
Andrej4086: bets $0.13
carlos RGI: calls $0.13
NJMombach: folds 
RWEST502: folds 
*** TURN *** [Tc 3s 2d] [Jc]
Andrej4086: bets $0.25
carlos RGI: calls $0.25
*** RIVER *** [Tc 3s 2d Jc] [Ks]
Andrej4086: bets $0.49
carlos RGI: folds 
Uncalled bet ($0.49) returned to Andrej4086
Andrej4086 collected $0.98 from pot
Andrej4086: doesn't show hand 
*** SUMMARY ***
Total pot $1.02 | Rake $0.04 
Board [Tc 3s 2d Jc Ks]
Seat 1: carlos RGI folded on the River
Seat 2: Dorex2007 (button) folded before Flop (didn't bet)
Seat 3: NJMombach (small blind) folded on the Flop
Seat 4: braga121 (big blind) folded before Flop
Seat 5: RWEST502 folded on the Flop
Seat 6: greyfox5310 folded before Flop (didn't bet)
Seat 7: robyto56 folded before Flop (didn't bet)
Seat 8: Snowman373 folded before Flop (didn't bet)
Seat 9: Andrej4086 collected ($0.98)



PokerStars Hand #233359758613:  Hold'em No Limit ($0.01/$0.02 USD) - 2022/01/21 17:17:22 PT [2022/01/21 20:17:22 ET]
Table 'Veritas' 9-max Seat #3 is the button
Seat 1: carlos RGI ($1.51 in chips) 
Seat 2: Dorex2007 ($2.33 in chips) 
Seat 3: NJMombach ($6.15 in chips) 
Seat 4: braga121 ($0.78 in chips) 
Seat 5: RWEST502 ($2.47 in chips) 
Seat 6: greyfox5310 ($3.05 in chips) 
Seat 7: robyto56 ($0.41 in chips) 
Seat 8: Snowman373 ($1.60 in chips) 
Seat 9: Andrej4086 ($2.36 in chips) 
braga121: posts small blind $0.01
RWEST502: posts big blind $0.02
*** HOLE CARDS ***
Dealt to Dorex2007 [9c Tc]
greyfox5310: calls $0.02
robyto56: raises $0.04 to $0.06
Snowman373: folds 
Andrej4086: folds 
carlos RGI: folds 
Dorex2007: folds 
NJMombach: folds 
braga121: folds 
RWEST502: calls $0.04
greyfox5310: calls $0.04
*** FLOP *** [Kc 5d 8c]
RWEST502: checks 
greyfox5310: checks 
robyto56: bets $0.18
RWEST502: folds 
greyfox5310: folds 
Uncalled bet ($0.18) returned to robyto56
robyto56 collected $0.18 from pot
robyto56: doesn't show hand 
*** SUMMARY ***
Total pot $0.19 | Rake $0.01 
Board [Kc 5d 8c]
Seat 1: carlos RGI folded before Flop (didn't bet)
Seat 2: Dorex2007 folded before Flop (didn't bet)
Seat 3: NJMombach (button) folded before Flop (didn't bet)
Seat 4: braga121 (small blind) folded before Flop
Seat 5: RWEST502 (big blind) folded on the Flop
Seat 6: greyfox5310 folded on the Flop
Seat 7: robyto56 collected ($0.18)
Seat 8: Snowman373 folded before Flop (didn't bet)
Seat 9: Andrej4086 folded before Flop (didn't bet)



PokerStars Hand #233359783632:  Hold'em No Limit ($0.01/$0.02 USD) - 2022/01/21 17:18:35 PT [2022/01/21 20:18:35 ET]
Table 'Veritas' 9-max Seat #4 is the button
Seat 1: carlos RGI ($1.51 in chips) 
Seat 2: Dorex2007 ($2.33 in chips) 
Seat 3: NJMombach ($6.15 in chips) 
Seat 4: braga121 ($0.77 in chips) 
Seat 5: RWEST502 ($2.41 in chips) 
Seat 6: greyfox5310 ($2.99 in chips) 
Seat 7: robyto56 ($0.53 in chips) 
Seat 8: Snowman373 ($1.60 in chips) 
Seat 9: Andrej4086 ($2.36 in chips) 
RWEST502: posts small blind $0.01
greyfox5310: posts big blind $0.02
*** HOLE CARDS ***
Dealt to Dorex2007 [6d 2c]
robyto56: calls $0.02
Snowman373: folds 
Andrej4086: folds 
carlos RGI: folds 
Dorex2007: folds 
NJMombach: folds 
braga121: calls $0.02
RWEST502: calls $0.01
greyfox5310: checks 
*** FLOP *** [4s Ks 8s]
RWEST502: checks 
greyfox5310: checks 
robyto56: checks 
braga121: checks 
*** TURN *** [4s Ks 8s] [8c]
RWEST502: checks 
greyfox5310: checks 
robyto56: checks 
braga121: checks 
*** RIVER *** [4s Ks 8s 8c] [6s]
RWEST502: checks 
greyfox5310: bets $0.06
robyto56: folds 
braga121: folds 
RWEST502: folds 
Uncalled bet ($0.06) returned to greyfox5310
greyfox5310 collected $0.08 from pot
greyfox5310: doesn't show hand 
*** SUMMARY ***
Total pot $0.08 | Rake $0 
Board [4s Ks 8s 8c 6s]
Seat 1: carlos RGI folded before Flop (didn't bet)
Seat 2: Dorex2007 folded before Flop (didn't bet)
Seat 3: NJMombach folded before Flop (didn't bet)
Seat 4: braga121 (button) folded on the River
Seat 5: RWEST502 (small blind) folded on the River
Seat 6: greyfox5310 (big blind) collected ($0.08)
Seat 7: robyto56 folded on the River
Seat 8: Snowman373 folded before Flop (didn't bet)
Seat 9: Andrej4086 folded before Flop (didn't bet)



PokerStars Hand #233359964796:  Hold'em No Limit ($0.01/$0.02 USD) - 2022/01/21 17:27:04 PT [2022/01/21 20:27:04 ET]
Table 'Veritas' 9-max Seat #3 is the button
Seat 1: carlos RGI ($1.48 in chips) 
Seat 2: Dorex2007 ($2.33 in chips) 
Seat 3: NJMombach ($6.64 in chips) 
Seat 5: RWEST502 ($2.22 in chips) 
Seat 6: greyfox5310 ($3.08 in chips) 
Seat 8: Snowman373 ($1.46 in chips) 
RWEST502: posts small blind $0.01
greyfox5310: posts big blind $0.02
Dorex2007: posts small & big blinds $0.03
*** HOLE CARDS ***
Dealt to Dorex2007 [2h 4h]
Snowman373: folds 
carlos RGI: folds 
Dorex2007: checks 
NJMombach: folds 
RWEST502: folds 
greyfox5310: checks 
*** FLOP *** [6s Jh 3d]
greyfox5310: checks 
Dorex2007 has timed out
Dorex2007: checks 
*** TURN *** [6s Jh 3d] [8h]
greyfox5310: checks 
Dorex2007 has timed out
Dorex2007: checks 
*** RIVER *** [6s Jh 3d 8h] [Qs]
greyfox5310: bets $0.06
Dorex2007 has timed out
Dorex2007: folds 
Uncalled bet ($0.06) returned to greyfox5310
greyfox5310 collected $0.06 from pot
greyfox5310: doesn't show hand 
*** SUMMARY ***
Total pot $0.06 | Rake $0 
Board [6s Jh 3d 8h Qs]
Seat 1: carlos RGI folded before Flop (didn't bet)
Seat 2: Dorex2007 folded on the River (didn't bet)
Seat 3: NJMombach (button) folded before Flop (didn't bet)
Seat 5: RWEST502 (small blind) folded before Flop
Seat 6: greyfox5310 (big blind) collected ($0.06)
Seat 8: Snowman373 folded before Flop (didn't bet)



PokerStars Hand #233360020440:  Hold'em No Limit ($0.01/$0.02 USD) - 2022/01/21 17:29:48 PT [2022/01/21 20:29:48 ET]
Table 'Veritas' 9-max Seat #6 is the button
Seat 1: carlos RGI ($1.48 in chips) 
Seat 2: Dorex2007 ($2.30 in chips) 
Seat 3: NJMombach ($6.75 in chips) 
Seat 5: RWEST502 ($2.17 in chips) 
Seat 6: greyfox5310 ($3.08 in chips) 
Seat 7: robyto56 ($1.96 in chips) 
robyto56: posts small blind $0.01
Snowman373: is sitting out 
carlos RGI: posts big blind $0.02
braga121: sits out 
*** HOLE CARDS ***
Dealt to Dorex2007 [7s 3s]
Dorex2007: folds 
NJMombach: raises $0.02 to $0.04
RWEST502: calls $0.04
greyfox5310: calls $0.04
robyto56: calls $0.03
carlos RGI: folds 
*** FLOP *** [Ac Kd 6c]
robyto56: checks 
NJMombach: bets $0.05
RWEST502: calls $0.05
greyfox5310: folds 
robyto56: calls $0.05
*** TURN *** [Ac Kd 6c] [Ad]
robyto56: checks 
NJMombach: bets $0.10
RWEST502: folds 
robyto56: calls $0.10
*** RIVER *** [Ac Kd 6c Ad] [Qh]
robyto56: checks 
NJMombach: checks 
*** SHOW DOWN ***
robyto56: shows [9d 9h] (two pair, Aces and Nines)
NJMombach: shows [Ts Ah] (three of a kind, Aces)
NJMombach collected $0.51 from pot
*** SUMMARY ***
Total pot $0.53 | Rake $0.02 
Board [Ac Kd 6c Ad Qh]
Seat 1: carlos RGI (big blind) folded before Flop
Seat 2: Dorex2007 folded before Flop (didn't bet)
Seat 3: NJMombach showed [Ts Ah] and won ($0.51) with three of a kind, Aces
Seat 5: RWEST502 folded on the Turn
Seat 6: greyfox5310 (button) folded on the Flop
Seat 7: robyto56 (small blind) showed [9d 9h] and lost with two pair, Aces and Nines



PokerStars Hand #233360048065:  Hold'em No Limit ($0.01/$0.02 USD) - 2022/01/21 17:31:11 PT [2022/01/21 20:31:11 ET]
Table 'Veritas' 9-max Seat #7 is the button
Seat 1: carlos RGI ($1.46 in chips) 
Seat 2: Dorex2007 ($2.30 in chips) 
Seat 3: NJMombach ($7.07 in chips) 
Seat 5: RWEST502 ($2.08 in chips) 
Seat 6: greyfox5310 ($3.04 in chips) 
Seat 7: robyto56 ($1.77 in chips) 
carlos RGI: posts small blind $0.01
Dorex2007: posts big blind $0.02
braga121: sits out 
*** HOLE CARDS ***
Dealt to Dorex2007 [Kh 2h]
NJMombach: raises $0.02 to $0.04
RWEST502: calls $0.04
greyfox5310: calls $0.04
robyto56: calls $0.04
carlos RGI: folds 
Dorex2007: folds 
*** FLOP *** [Tc 8c 4c]
NJMombach: checks 
RWEST502: bets $0.18
greyfox5310: calls $0.18
robyto56: folds 
NJMombach: folds 
*** TURN *** [Tc 8c 4c] [8h]
RWEST502: bets $0.02
greyfox5310: calls $0.02
*** RIVER *** [Tc 8c 4c 8h] [7c]
RWEST502: bets $0.02
greyfox5310: calls $0.02
*** SHOW DOWN ***
RWEST502: shows [Td Kc] (a flush, King high)
greyfox5310: mucks hand 
RWEST502 collected $0.61 from pot
*** SUMMARY ***
Total pot $0.63 | Rake $0.02 
Board [Tc 8c 4c 8h 7c]
Seat 1: carlos RGI (small blind) folded before Flop
Seat 2: Dorex2007 (big blind) folded before Flop
Seat 3: NJMombach folded on the Flop
Seat 5: RWEST502 showed [Td Kc] and won ($0.61) with a flush, King high
Seat 6: greyfox5310 mucked [Jh Js]
Seat 7: robyto56 (button) folded on the Flop



PokerStars Hand #233360061986:  Hold'em No Limit ($0.01/$0.02 USD) - 2022/01/21 17:31:52 PT [2022/01/21 20:31:52 ET]
Table 'Veritas' 9-max Seat #1 is the button
Seat 1: carlos RGI ($1.45 in chips) 
Seat 2: Dorex2007 ($2.28 in chips) 
Seat 3: NJMombach ($7.03 in chips) 
Seat 5: RWEST502 ($2.43 in chips) 
Seat 6: greyfox5310 ($2.78 in chips) 
Seat 7: robyto56 ($1.73 in chips) 
Dorex2007: posts small blind $0.01
NJMombach: posts big blind $0.02
braga121: sits out 
*** HOLE CARDS ***
Dealt to Dorex2007 [7d 5d]
RWEST502: raises $0.08 to $0.10
greyfox5310: folds 
robyto56: folds 
carlos RGI: folds 
Dorex2007: folds 
NJMombach: folds 
Uncalled bet ($0.08) returned to RWEST502
RWEST502 collected $0.05 from pot
RWEST502: doesn't show hand 
*** SUMMARY ***
Total pot $0.05 | Rake $0 
Seat 1: carlos RGI (button) folded before Flop (didn't bet)
Seat 2: Dorex2007 (small blind) folded before Flop
Seat 3: NJMombach (big blind) folded before Flop
Seat 5: RWEST502 collected ($0.05)
Seat 6: greyfox5310 folded before Flop (didn't bet)
Seat 7: robyto56 folded before Flop (didn't bet)



PokerStars Hand #233360066788:  Hold'em No Limit ($0.01/$0.02 USD) - 2022/01/21 17:32:07 PT [2022/01/21 20:32:07 ET]
Table 'Veritas' 9-max Seat #2 is the button
Seat 1: carlos RGI ($1.45 in chips) 
Seat 2: Dorex2007 ($2.27 in chips) 
Seat 3: NJMombach ($7.01 in chips) 
Seat 4: braga121 ($1.51 in chips) 
Seat 5: RWEST502 ($2.46 in chips) 
Seat 6: greyfox5310 ($2.78 in chips) 
Seat 7: robyto56 ($1.73 in chips) 
NJMombach: posts small blind $0.01
braga121: posts big blind $0.02
*** HOLE CARDS ***
Dealt to Dorex2007 [Kh 7s]
RWEST502: raises $0.08 to $0.10
greyfox5310: folds 
robyto56: folds 
carlos RGI: folds 
Dorex2007: folds 
NJMombach: folds 
braga121: folds 
Uncalled bet ($0.08) returned to RWEST502
RWEST502 collected $0.05 from pot
RWEST502: doesn't show hand 
*** SUMMARY ***
Total pot $0.05 | Rake $0 
Seat 1: carlos RGI folded before Flop (didn't bet)
Seat 2: Dorex2007 (button) folded before Flop (didn't bet)
Seat 3: NJMombach (small blind) folded before Flop
Seat 4: braga121 (big blind) folded before Flop
Seat 5: RWEST502 collected ($0.05)
Seat 6: greyfox5310 folded before Flop (didn't bet)
Seat 7: robyto56 folded before Flop (didn't bet)



PokerStars Hand #233360090511:  Hold'em No Limit ($0.01/$0.02 USD) - 2022/01/21 17:32:50 PT [2022/01/21 20:32:50 ET]
Table 'Veritas' 9-max Seat #3 is the button
Seat 1: carlos RGI ($1.45 in chips) 
Seat 2: Dorex2007 ($2.27 in chips) 
Seat 3: NJMombach ($7 in chips) 
Seat 4: braga121 ($1.49 in chips) 
Seat 5: RWEST502 ($2.49 in chips) 
Seat 6: greyfox5310 ($2.78 in chips) 
Seat 7: robyto56 ($1.73 in chips) 
braga121: posts small blind $0.01
RWEST502: posts big blind $0.02
*** HOLE CARDS ***
Dealt to Dorex2007 [Jh Ad]
greyfox5310: folds 
robyto56: folds 
carlos RGI: raises $0.04 to $0.06
Dorex2007: calls $0.06
NJMombach: calls $0.06
braga121: folds 
RWEST502: calls $0.04
*** FLOP *** [3h 8h Ts]
RWEST502: checks 
carlos RGI: checks 
Dorex2007: checks 
NJMombach: checks 
*** TURN *** [3h 8h Ts] [Kd]
RWEST502: checks 
carlos RGI: checks 
Dorex2007: bets $0.08
NJMombach: folds 
RWEST502: folds 
carlos RGI: calls $0.08
*** RIVER *** [3h 8h Ts Kd] [6c]
carlos RGI: checks 
Dorex2007: bets $0.10
carlos RGI: folds 
Uncalled bet ($0.10) returned to Dorex2007
Dorex2007 collected $0.40 from pot
Dorex2007: doesn't show hand 
*** SUMMARY ***
Total pot $0.41 | Rake $0.01 
Board [3h 8h Ts Kd 6c]
Seat 1: carlos RGI folded on the River
Seat 2: Dorex2007 collected ($0.40)
Seat 3: NJMombach (button) folded on the Turn
Seat 4: braga121 (small blind) folded before Flop
Seat 5: RWEST502 (big blind) folded on the Turn
Seat 6: greyfox5310 folded before Flop (didn't bet)
Seat 7: robyto56 folded before Flop (didn't bet)



PokerStars Hand #233360117298:  Hold'em No Limit ($0.01/$0.02 USD) - 2022/01/21 17:34:11 PT [2022/01/21 20:34:11 ET]
Table 'Veritas' 9-max Seat #4 is the button
Seat 1: carlos RGI ($1.31 in chips) 
Seat 2: Dorex2007 ($2.53 in chips) 
Seat 3: NJMombach ($6.94 in chips) 
Seat 4: braga121 ($1.48 in chips) 
Seat 5: RWEST502 ($2.43 in chips) 
Seat 6: greyfox5310 ($2.78 in chips) 
Seat 7: robyto56 ($1.73 in chips) 
RWEST502: posts small blind $0.01
greyfox5310: posts big blind $0.02
*** HOLE CARDS ***
Dealt to Dorex2007 [Ts Ad]
robyto56: calls $0.02
carlos RGI: folds 
Dorex2007: folds 
NJMombach has timed out
NJMombach: folds 
braga121: folds 
RWEST502: calls $0.01
greyfox5310: checks 
*** FLOP *** [4s 3h 4d]
RWEST502: bets $0.02
greyfox5310: calls $0.02
robyto56: folds 
*** TURN *** [4s 3h 4d] [5s]
RWEST502: checks 
greyfox5310: checks 
*** RIVER *** [4s 3h 4d 5s] [As]
RWEST502: bets $0.02
greyfox5310: folds 
Uncalled bet ($0.02) returned to RWEST502
RWEST502 collected $0.10 from pot
RWEST502: doesn't show hand 
*** SUMMARY ***
Total pot $0.10 | Rake $0 
Board [4s 3h 4d 5s As]
Seat 1: carlos RGI folded before Flop (didn't bet)
Seat 2: Dorex2007 folded before Flop (didn't bet)
Seat 3: NJMombach folded before Flop (didn't bet)
Seat 4: braga121 (button) folded before Flop (didn't bet)
Seat 5: RWEST502 (small blind) collected ($0.10)
Seat 6: greyfox5310 (big blind) folded on the River
Seat 7: robyto56 folded on the Flop



PokerStars Hand #233360138545:  Hold'em No Limit ($0.01/$0.02 USD) - 2022/01/21 17:35:15 PT [2022/01/21 20:35:15 ET]
Table 'Veritas' 9-max Seat #5 is the button
Seat 1: carlos RGI ($1.31 in chips) 
Seat 2: Dorex2007 ($2.53 in chips) 
Seat 3: NJMombach ($6.94 in chips) 
Seat 4: braga121 ($1.48 in chips) 
Seat 5: RWEST502 ($2.49 in chips) 
Seat 6: greyfox5310 ($2.74 in chips) 
Seat 7: robyto56 ($1.71 in chips) 
greyfox5310: posts small blind $0.01
robyto56: posts big blind $0.02
*** HOLE CARDS ***
Dealt to Dorex2007 [As 3d]
carlos RGI: folds 
Dorex2007 has timed out
Dorex2007: folds 
NJMombach: folds 
braga121: calls $0.02
RWEST502: calls $0.02
greyfox5310: calls $0.01
robyto56: checks 
*** FLOP *** [Ah Jh Qc]
greyfox5310: checks 
robyto56: checks 
braga121: bets $0.04
RWEST502: calls $0.04
greyfox5310: folds 
robyto56: calls $0.04
*** TURN *** [Ah Jh Qc] [8h]
robyto56: bets $0.09
braga121: folds 
RWEST502: folds 
Uncalled bet ($0.09) returned to robyto56
robyto56 collected $0.19 from pot
robyto56: doesn't show hand 
*** SUMMARY ***
Total pot $0.20 | Rake $0.01 
Board [Ah Jh Qc 8h]
Seat 1: carlos RGI folded before Flop (didn't bet)
Seat 2: Dorex2007 folded before Flop (didn't bet)
Seat 3: NJMombach folded before Flop (didn't bet)
Seat 4: braga121 folded on the Turn
Seat 5: RWEST502 (button) folded on the Turn
Seat 6: greyfox5310 (small blind) folded on the Flop
Seat 7: robyto56 (big blind) collected ($0.19)



PokerStars Hand #233360162987:  Hold'em No Limit ($0.01/$0.02 USD) - 2022/01/21 17:36:29 PT [2022/01/21 20:36:29 ET]
Table 'Veritas' 9-max Seat #6 is the button
Seat 1: carlos RGI ($1.31 in chips) 
Seat 2: Dorex2007 ($2.53 in chips) 
Seat 3: NJMombach ($6.94 in chips) 
Seat 4: braga121 ($1.42 in chips) 
Seat 5: RWEST502 ($2.43 in chips) 
Seat 6: greyfox5310 ($2.72 in chips) 
Seat 7: robyto56 ($1.84 in chips) 
robyto56: posts small blind $0.01
carlos RGI: posts big blind $0.02
*** HOLE CARDS ***
Dealt to Dorex2007 [3h Td]
Dorex2007: folds 
NJMombach: folds 
braga121: folds 
RWEST502: calls $0.02
greyfox5310: folds 
robyto56: calls $0.01
carlos RGI: checks 
*** FLOP *** [7d 9c 9h]
robyto56: checks 
carlos RGI: checks 
RWEST502: checks 
*** TURN *** [7d 9c 9h] [Th]
robyto56: bets $0.06
carlos RGI: calls $0.06
RWEST502: calls $0.06
*** RIVER *** [7d 9c 9h Th] [3s]
robyto56: bets $0.23
carlos RGI: calls $0.23
RWEST502: folds 
*** SHOW DOWN ***
robyto56: shows [2h Ah] (a pair of Nines)
carlos RGI: shows [8d 6d] (a straight, Six to Ten)
carlos RGI collected $0.68 from pot
*** SUMMARY ***
Total pot $0.70 | Rake $0.02 
Board [7d 9c 9h Th 3s]
Seat 1: carlos RGI (big blind) showed [8d 6d] and won ($0.68) with a straight, Six to Ten
Seat 2: Dorex2007 folded before Flop (didn't bet)
Seat 3: NJMombach folded before Flop (didn't bet)
Seat 4: braga121 folded before Flop (didn't bet)
Seat 5: RWEST502 folded on the River
Seat 6: greyfox5310 (button) folded before Flop (didn't bet)
Seat 7: robyto56 (small blind) showed [2h Ah] and lost with a pair of Nines



PokerStars Hand #233360189306:  Hold'em No Limit ($0.01/$0.02 USD) - 2022/01/21 17:37:38 PT [2022/01/21 20:37:38 ET]
Table 'Veritas' 9-max Seat #7 is the button
Seat 1: carlos RGI ($1.68 in chips) 
Seat 2: Dorex2007 ($2.53 in chips) 
Seat 3: NJMombach ($6.94 in chips) 
Seat 4: braga121 ($1.42 in chips) 
Seat 5: RWEST502 ($2.35 in chips) 
Seat 6: greyfox5310 ($2.72 in chips) 
Seat 7: robyto56 ($1.53 in chips) 
carlos RGI: posts small blind $0.01
Dorex2007: posts big blind $0.02
*** HOLE CARDS ***
Dealt to Dorex2007 [Ad 4c]
NJMombach: folds 
braga121: folds 
RWEST502: folds 
greyfox5310: calls $0.02
robyto56: folds 
carlos RGI: folds 
Dorex2007: checks 
*** FLOP *** [3d 3h Th]
Dorex2007: checks 
greyfox5310: checks 
*** TURN *** [3d 3h Th] [5h]
Dorex2007: checks 
greyfox5310: bets $0.06
Dorex2007: folds 
Uncalled bet ($0.06) returned to greyfox5310
greyfox5310 collected $0.05 from pot
greyfox5310: doesn't show hand 
*** SUMMARY ***
Total pot $0.05 | Rake $0 
Board [3d 3h Th 5h]
Seat 1: carlos RGI (small blind) folded before Flop
Seat 2: Dorex2007 (big blind) folded on the Turn
Seat 3: NJMombach folded before Flop (didn't bet)
Seat 4: braga121 folded before Flop (didn't bet)
Seat 5: RWEST502 folded before Flop (didn't bet)
Seat 6: greyfox5310 collected ($0.05)
Seat 7: robyto56 (button) folded before Flop (didn't bet)



PokerStars Hand #233360215866:  Hold'em No Limit ($0.01/$0.02 USD) - 2022/01/21 17:38:37 PT [2022/01/21 20:38:37 ET]
Table 'Veritas' 9-max Seat #1 is the button
Seat 1: carlos RGI ($1.67 in chips) 
Seat 2: Dorex2007 ($2.51 in chips) 
Seat 3: NJMombach ($6.94 in chips) 
Seat 4: braga121 ($1.42 in chips) 
Seat 5: RWEST502 ($2.35 in chips) 
Seat 6: greyfox5310 ($2.75 in chips) 
Seat 7: robyto56 ($1.53 in chips) 
Dorex2007: posts small blind $0.01
NJMombach: posts big blind $0.02
*** HOLE CARDS ***
Dealt to Dorex2007 [Qh Th]
braga121: folds 
RWEST502: folds 
greyfox5310 has timed out
greyfox5310: folds 
robyto56: calls $0.02
carlos RGI: folds 
Dorex2007: calls $0.01
NJMombach: checks 
*** FLOP *** [9d 2c Jc]
Dorex2007: bets $0.06
NJMombach: folds 
robyto56: calls $0.06
*** TURN *** [9d 2c Jc] [8c]
Dorex2007: bets $0.11
robyto56: raises $0.20 to $0.31
Dorex2007: folds 
Uncalled bet ($0.20) returned to robyto56
robyto56 collected $0.39 from pot
robyto56: doesn't show hand 
*** SUMMARY ***
Total pot $0.40 | Rake $0.01 
Board [9d 2c Jc 8c]
Seat 1: carlos RGI (button) folded before Flop (didn't bet)
Seat 2: Dorex2007 (small blind) folded on the Turn
Seat 3: NJMombach (big blind) folded on the Flop
Seat 4: braga121 folded before Flop (didn't bet)
Seat 5: RWEST502 folded before Flop (didn't bet)
Seat 6: greyfox5310 folded before Flop (didn't bet)
Seat 7: robyto56 collected ($0.39)



PokerStars Hand #233360238186:  Hold'em No Limit ($0.01/$0.02 USD) - 2022/01/21 17:39:45 PT [2022/01/21 20:39:45 ET]
Table 'Veritas' 9-max Seat #2 is the button
Seat 1: carlos RGI ($1.67 in chips) 
Seat 2: Dorex2007 ($2.32 in chips) 
Seat 3: NJMombach ($6.92 in chips) 
Seat 5: RWEST502 ($2.35 in chips) 
Seat 6: greyfox5310 ($2.75 in chips) 
Seat 7: robyto56 ($1.73 in chips) 
NJMombach: posts small blind $0.01
braga121: is sitting out 
RWEST502: posts big blind $0.02
Snowman373: sits out 
*** HOLE CARDS ***
Dealt to Dorex2007 [2h 6h]
greyfox5310: folds 
robyto56 has timed out
robyto56: folds 
carlos RGI: folds 
Dorex2007: folds 
NJMombach: raises $0.04 to $0.06
RWEST502: calls $0.04
*** FLOP *** [2c Td Qd]
NJMombach: bets $0.06
RWEST502: folds 
Uncalled bet ($0.06) returned to NJMombach
NJMombach collected $0.12 from pot
*** SUMMARY ***
Total pot $0.12 | Rake $0 
Board [2c Td Qd]
Seat 1: carlos RGI folded before Flop (didn't bet)
Seat 2: Dorex2007 (button) folded before Flop (didn't bet)
Seat 3: NJMombach (small blind) collected ($0.12)
Seat 5: RWEST502 (big blind) folded on the Flop
Seat 6: greyfox5310 folded before Flop (didn't bet)
Seat 7: robyto56 folded before Flop (didn't bet)



PokerStars Hand #233360252260:  Hold'em No Limit ($0.01/$0.02 USD) - 2022/01/21 17:40:28 PT [2022/01/21 20:40:28 ET]
Table 'Veritas' 9-max Seat #3 is the button
Seat 1: carlos RGI ($1.67 in chips) 
Seat 2: Dorex2007 ($2.32 in chips) 
Seat 3: NJMombach ($6.98 in chips) 
Seat 5: RWEST502 ($2.29 in chips) 
Seat 6: greyfox5310 ($2.75 in chips) 
RWEST502: posts small blind $0.01
greyfox5310: posts big blind $0.02
Snowman373: sits out 
Andrej4086: sits out 
*** HOLE CARDS ***
Dealt to Dorex2007 [2h Qh]
carlos RGI: raises $0.02 to $0.04
Dorex2007: folds 
NJMombach: folds 
RWEST502: calls $0.03
greyfox5310: folds 
*** FLOP *** [9c 3h 9h]
RWEST502: checks 
carlos RGI: checks 
*** TURN *** [9c 3h 9h] [Jd]
RWEST502: bets $0.02
carlos RGI: calls $0.02
*** RIVER *** [9c 3h 9h Jd] [Kd]
RWEST502: bets $0.02
carlos RGI: calls $0.02
*** SHOW DOWN ***
RWEST502: shows [9d 8d] (three of a kind, Nines)
carlos RGI: mucks hand 
RWEST502 collected $0.17 from pot
*** SUMMARY ***
Total pot $0.18 | Rake $0.01 
Board [9c 3h 9h Jd Kd]
Seat 1: carlos RGI mucked [Ts Kh]
Seat 2: Dorex2007 folded before Flop (didn't bet)
Seat 3: NJMombach (button) folded before Flop (didn't bet)
Seat 5: RWEST502 (small blind) showed [9d 8d] and won ($0.17) with three of a kind, Nines
Seat 6: greyfox5310 (big blind) folded before Flop



PokerStars Hand #233360262003:  Hold'em No Limit ($0.01/$0.02 USD) - 2022/01/21 17:40:57 PT [2022/01/21 20:40:57 ET]
Table 'Veritas' 9-max Seat #5 is the button
Seat 1: carlos RGI ($1.59 in chips) 
Seat 2: Dorex2007 ($2.32 in chips) 
Seat 3: NJMombach ($6.98 in chips) 
Seat 4: braga121 ($1.42 in chips) 
Seat 5: RWEST502 ($2.38 in chips) 
Seat 6: greyfox5310 ($2.73 in chips) 
Seat 8: Snowman373 ($1.46 in chips) 
greyfox5310: posts small blind $0.01
Snowman373: posts big blind $0.02
Andrej4086: sits out 
braga121: posts small & big blinds $0.03
*** HOLE CARDS ***
Dealt to Dorex2007 [3s 7s]
carlos RGI: folds 
Dorex2007: folds 
NJMombach: folds 
braga121: checks 
RWEST502: calls $0.02
carlos RGI leaves the table
greyfox5310 has timed out
greyfox5310: folds 
Snowman373: checks 
*** FLOP *** [Kd 7c 6h]
Snowman373: checks 
braga121: bets $0.04
RWEST502: folds 
Snowman373: folds 
Uncalled bet ($0.04) returned to braga121
braga121 collected $0.08 from pot
braga121: doesn't show hand 
*** SUMMARY ***
Total pot $0.08 | Rake $0 
Board [Kd 7c 6h]
Seat 1: carlos RGI folded before Flop (didn't bet)
Seat 2: Dorex2007 folded before Flop (didn't bet)
Seat 3: NJMombach folded before Flop (didn't bet)
Seat 4: braga121 collected ($0.08)
Seat 5: RWEST502 (button) folded on the Flop
Seat 6: greyfox5310 (small blind) folded before Flop
Seat 8: Snowman373 (big blind) folded on the Flop



PokerStars Hand #233360283743:  Hold'em No Limit ($0.01/$0.02 USD) - 2022/01/21 17:42:04 PT [2022/01/21 20:42:04 ET]
Table 'Veritas' 9-max Seat #8 is the button
Seat 2: Dorex2007 ($2.32 in chips) 
Seat 3: NJMombach ($6.98 in chips) 
Seat 4: braga121 ($1.47 in chips) 
Seat 5: RWEST502 ($2.36 in chips) 
Seat 7: robyto56 ($1.73 in chips) 
Seat 8: Snowman373 ($1.44 in chips) 
Dorex2007: posts small blind $0.01
NJMombach: posts big blind $0.02
robyto56: posts big blind $0.02
*** HOLE CARDS ***
Dealt to Dorex2007 [8d 8s]
braga121: folds 
RWEST502: calls $0.02
robyto56: checks 
Snowman373: folds 
Dorex2007: calls $0.01
NJMombach: checks 
*** FLOP *** [7s 3h 7d]
Dorex2007: bets $0.08
NJMombach: folds 
RWEST502: folds 
robyto56: folds 
Uncalled bet ($0.08) returned to Dorex2007
Dorex2007 collected $0.08 from pot
Zora445 joins the table at seat #1 
Dorex2007: doesn't show hand 
*** SUMMARY ***
Total pot $0.08 | Rake $0 
Board [7s 3h 7d]
Seat 2: Dorex2007 (small blind) collected ($0.08)
Seat 3: NJMombach (big blind) folded on the Flop
Seat 4: braga121 folded before Flop (didn't bet)
Seat 5: RWEST502 folded on the Flop
Seat 7: robyto56 folded on the Flop (didn't bet)
Seat 8: Snowman373 (button) folded before Flop (didn't bet)



PokerStars Hand #233360294909:  Hold'em No Limit ($0.01/$0.02 USD) - 2022/01/21 17:42:39 PT [2022/01/21 20:42:39 ET]
Table 'Veritas' 9-max Seat #2 is the button
Seat 2: Dorex2007 ($2.38 in chips) 
Seat 3: NJMombach ($6.96 in chips) 
Seat 4: braga121 ($1.47 in chips) 
Seat 5: RWEST502 ($2.34 in chips) 
Seat 6: greyfox5310 ($2.72 in chips) 
Seat 7: robyto56 ($1.71 in chips) 
Seat 8: Snowman373 ($1.44 in chips) 
NJMombach: posts small blind $0.01
braga121: posts big blind $0.02
Andrej4086: sits out 
Zora445: sits out 
*** HOLE CARDS ***
Dealt to Dorex2007 [Qd 4c]
RWEST502: folds 
greyfox5310: folds 
robyto56: calls $0.02
Snowman373: folds 
Dorex2007: folds 
NJMombach: calls $0.01
braga121: checks 
*** FLOP *** [6c 8h Qh]
NJMombach: checks 
braga121: checks 
robyto56: bets $0.06
NJMombach: folds 
braga121: folds 
Uncalled bet ($0.06) returned to robyto56
robyto56 collected $0.06 from pot
robyto56: doesn't show hand 
*** SUMMARY ***
Total pot $0.06 | Rake $0 
Board [6c 8h Qh]
Seat 2: Dorex2007 (button) folded before Flop (didn't bet)
Seat 3: NJMombach (small blind) folded on the Flop
Seat 4: braga121 (big blind) folded on the Flop
Seat 5: RWEST502 folded before Flop (didn't bet)
Seat 6: greyfox5310 folded before Flop (didn't bet)
Seat 7: robyto56 collected ($0.06)
Seat 8: Snowman373 folded before Flop (didn't bet)



PokerStars Hand #233360314619:  Hold'em No Limit ($0.01/$0.02 USD) - 2022/01/21 17:43:40 PT [2022/01/21 20:43:40 ET]
Table 'Veritas' 9-max Seat #3 is the button
Seat 2: Dorex2007 ($2.38 in chips) 
Seat 3: NJMombach ($6.94 in chips) 
Seat 4: braga121 ($1.45 in chips) 
Seat 5: RWEST502 ($2.34 in chips) 
Seat 6: greyfox5310 ($2.72 in chips) 
Seat 7: robyto56 ($1.75 in chips) 
Seat 8: Snowman373 ($1.44 in chips) 
braga121: posts small blind $0.01
RWEST502: posts big blind $0.02
Andrej4086: sits out 
Zora445: sits out 
*** HOLE CARDS ***
Dealt to Dorex2007 [6h Kc]
greyfox5310: calls $0.02
robyto56: folds 
Snowman373: folds 
Dorex2007: calls $0.02
NJMombach: folds 
braga121: calls $0.01
RWEST502: checks 
*** FLOP *** [8c 9s 6c]
braga121: checks 
RWEST502: checks 
greyfox5310: checks 
Dorex2007: checks 
*** TURN *** [8c 9s 6c] [4h]
braga121: checks 
RWEST502: checks 
greyfox5310: checks 
Dorex2007: checks 
*** RIVER *** [8c 9s 6c 4h] [7d]
braga121: bets $0.04
RWEST502: folds 
greyfox5310: calls $0.04
Dorex2007: folds 
*** SHOW DOWN ***
braga121: shows [5s 5d] (a straight, Five to Nine)
greyfox5310: mucks hand 
braga121 collected $0.15 from pot
*** SUMMARY ***
Total pot $0.16 | Rake $0.01 
Board [8c 9s 6c 4h 7d]
Seat 2: Dorex2007 folded on the River
Seat 3: NJMombach (button) folded before Flop (didn't bet)
Seat 4: braga121 (small blind) showed [5s 5d] and won ($0.15) with a straight, Five to Nine
Seat 5: RWEST502 (big blind) folded on the River
Seat 6: greyfox5310 mucked [3d 6d]
Seat 7: robyto56 folded before Flop (didn't bet)
Seat 8: Snowman373 folded before Flop (didn't bet)



PokerStars Hand #233360335114:  Hold'em No Limit ($0.01/$0.02 USD) - 2022/01/21 17:44:44 PT [2022/01/21 20:44:44 ET]
Table 'Veritas' 9-max Seat #4 is the button
Seat 1: Zora445 ($1.60 in chips) 
Seat 2: Dorex2007 ($2.36 in chips) 
Seat 3: NJMombach ($6.94 in chips) 
Seat 4: braga121 ($1.54 in chips) 
Seat 5: RWEST502 ($2.32 in chips) 
Seat 6: greyfox5310 ($2.66 in chips) 
Seat 7: robyto56 ($1.75 in chips) 
Seat 8: Snowman373 ($1.44 in chips) 
RWEST502: posts small blind $0.01
greyfox5310: posts big blind $0.02
Andrej4086: sits out 
Zora445: posts big blind $0.02
*** HOLE CARDS ***
Dealt to Dorex2007 [2h Qc]
robyto56: calls $0.02
Snowman373: folds 
Zora445: checks 
Dorex2007: folds 
NJMombach: folds 
braga121: calls $0.02
RWEST502: raises $0.10 to $0.12
greyfox5310: folds 
robyto56: folds 
Zora445: folds 
braga121: folds 
Uncalled bet ($0.10) returned to RWEST502
RWEST502 collected $0.10 from pot
RWEST502: doesn't show hand 
*** SUMMARY ***
Total pot $0.10 | Rake $0 
Seat 1: Zora445 folded before Flop (didn't bet)
Seat 2: Dorex2007 folded before Flop (didn't bet)
Seat 3: NJMombach folded before Flop (didn't bet)
Seat 4: braga121 (button) folded before Flop
Seat 5: RWEST502 (small blind) collected ($0.10)
Seat 6: greyfox5310 (big blind) folded before Flop
Seat 7: robyto56 folded before Flop
Seat 8: Snowman373 folded before Flop (didn't bet)



PokerStars Hand #233360351906:  Hold'em No Limit ($0.01/$0.02 USD) - 2022/01/21 17:45:36 PT [2022/01/21 20:45:36 ET]
Table 'Veritas' 9-max Seat #5 is the button
Seat 1: Zora445 ($1.58 in chips) 
Seat 2: Dorex2007 ($2.36 in chips) 
Seat 3: NJMombach ($6.94 in chips) 
Seat 4: braga121 ($1.52 in chips) 
Seat 5: RWEST502 ($2.40 in chips) 
Seat 6: greyfox5310 ($2.64 in chips) 
Seat 7: robyto56 ($1.73 in chips) 
Seat 8: Snowman373 ($1.44 in chips) 
greyfox5310: posts small blind $0.01
robyto56: posts big blind $0.02
Andrej4086: sits out 
*** HOLE CARDS ***
Dealt to Dorex2007 [Qs 3d]
Snowman373: folds 
Zora445: calls $0.02
Dorex2007: folds 
NJMombach: folds 
braga121: calls $0.02
RWEST502: folds 
greyfox5310: calls $0.01
robyto56: checks 
*** FLOP *** [2c Qc 7h]
greyfox5310: checks 
robyto56: bets $0.08
Zora445: folds 
braga121: folds 
greyfox5310: folds 
Uncalled bet ($0.08) returned to robyto56
robyto56 collected $0.08 from pot
robyto56: doesn't show hand 
*** SUMMARY ***
Total pot $0.08 | Rake $0 
Board [2c Qc 7h]
Seat 1: Zora445 folded on the Flop
Seat 2: Dorex2007 folded before Flop (didn't bet)
Seat 3: NJMombach folded before Flop (didn't bet)
Seat 4: braga121 folded on the Flop
Seat 5: RWEST502 (button) folded before Flop (didn't bet)
Seat 6: greyfox5310 (small blind) folded on the Flop
Seat 7: robyto56 (big blind) collected ($0.08)
Seat 8: Snowman373 folded before Flop (didn't bet)



PokerStars Hand #233360368359:  Hold'em No Limit ($0.01/$0.02 USD) - 2022/01/21 17:46:27 PT [2022/01/21 20:46:27 ET]
Table 'Veritas' 9-max Seat #6 is the button
Seat 1: Zora445 ($1.56 in chips) 
Seat 2: Dorex2007 ($2.36 in chips) 
Seat 3: NJMombach ($6.94 in chips) 
Seat 4: braga121 ($1.50 in chips) 
Seat 5: RWEST502 ($2.40 in chips) 
Seat 6: greyfox5310 ($2.62 in chips) 
Seat 7: robyto56 ($1.79 in chips) 
Seat 8: Snowman373 ($1.44 in chips) 
robyto56: posts small blind $0.01
Snowman373: posts big blind $0.02
Andrej4086: sits out 
*** HOLE CARDS ***
Dealt to Dorex2007 [3s 3d]
Zora445: calls $0.02
Dorex2007: calls $0.02
NJMombach: folds 
braga121: folds 
RWEST502: calls $0.02
greyfox5310 has timed out
greyfox5310: folds 
robyto56: calls $0.01
Snowman373: checks 
*** FLOP *** [6h 5c 4d]
robyto56: checks 
Snowman373: checks 
Zora445: checks 
Dorex2007: checks 
RWEST502: checks 
*** TURN *** [6h 5c 4d] [4c]
robyto56: checks 
Snowman373: checks 
Zora445: checks 
Dorex2007: checks 
RWEST502: checks 
*** RIVER *** [6h 5c 4d 4c] [9s]
robyto56: checks 
Snowman373: checks 
Zora445: checks 
Dorex2007: checks 
RWEST502: checks 
*** SHOW DOWN ***
robyto56: shows [3c As] (a pair of Fours)
Snowman373: shows [5s 3h] (two pair, Fives and Fours)
Zora445: mucks hand 
Dorex2007: mucks hand 
RWEST502: shows [Th 9d] (two pair, Nines and Fours)
RWEST502 collected $0.10 from pot
*** SUMMARY ***
Total pot $0.10 | Rake $0 
Board [6h 5c 4d 4c 9s]
Seat 1: Zora445 mucked [7h Jh]
Seat 2: Dorex2007 mucked [3s 3d]
Seat 3: NJMombach folded before Flop (didn't bet)
Seat 4: braga121 folded before Flop (didn't bet)
Seat 5: RWEST502 showed [Th 9d] and won ($0.10) with two pair, Nines and Fours
Seat 6: greyfox5310 (button) folded before Flop (didn't bet)
Seat 7: robyto56 (small blind) showed [3c As] and lost with a pair of Fours
Seat 8: Snowman373 (big blind) showed [5s 3h] and lost with two pair, Fives and Fours



PokerStars Hand #233360390736:  Hold'em No Limit ($0.01/$0.02 USD) - 2022/01/21 17:47:36 PT [2022/01/21 20:47:36 ET]
Table 'Veritas' 9-max Seat #7 is the button
Seat 1: Zora445 ($1.54 in chips) 
Seat 2: Dorex2007 ($2.34 in chips) 
Seat 3: NJMombach ($6.94 in chips) 
Seat 4: braga121 ($1.50 in chips) 
Seat 5: RWEST502 ($2.48 in chips) 
Seat 6: greyfox5310 ($2.62 in chips) 
Seat 7: robyto56 ($1.77 in chips) 
Seat 8: Snowman373 ($1.42 in chips) 
Seat 9: Andrej4086 ($1.32 in chips) 
Snowman373: posts small blind $0.01
Andrej4086: posts big blind $0.02
*** HOLE CARDS ***
Dealt to Dorex2007 [Ks 5d]
Zora445: calls $0.02
Dorex2007: folds 
NJMombach: folds 
braga121: folds 
RWEST502: folds 
greyfox5310: calls $0.02
robyto56: folds 
Snowman373: folds 
Andrej4086: checks 
*** FLOP *** [8d 9c Th]
Andrej4086: checks 
Zora445: bets $0.02
greyfox5310: calls $0.02
Andrej4086: calls $0.02
*** TURN *** [8d 9c Th] [2h]
Andrej4086: checks 
Zora445: bets $0.06
greyfox5310: calls $0.06
Andrej4086: calls $0.06
*** RIVER *** [8d 9c Th 2h] [As]
Andrej4086: checks 
Zora445: bets $0.30
greyfox5310: calls $0.30
Andrej4086: folds 
*** SHOW DOWN ***
Zora445: shows [2d Td] (two pair, Tens and Deuces)
greyfox5310: mucks hand 
Zora445 collected $0.88 from pot
*** SUMMARY ***
Total pot $0.91 | Rake $0.03 
Board [8d 9c Th 2h As]
Seat 1: Zora445 showed [2d Td] and won ($0.88) with two pair, Tens and Deuces
Seat 2: Dorex2007 folded before Flop (didn't bet)
Seat 3: NJMombach folded before Flop (didn't bet)
Seat 4: braga121 folded before Flop (didn't bet)
Seat 5: RWEST502 folded before Flop (didn't bet)
Seat 6: greyfox5310 mucked [8h 9h]
Seat 7: robyto56 (button) folded before Flop (didn't bet)
Seat 8: Snowman373 (small blind) folded before Flop
Seat 9: Andrej4086 (big blind) folded on the River



PokerStars Hand #233360409844:  Hold'em No Limit ($0.01/$0.02 USD) - 2022/01/21 17:48:36 PT [2022/01/21 20:48:36 ET]
Table 'Veritas' 9-max Seat #8 is the button
Seat 1: Zora445 ($2.02 in chips) 
Seat 2: Dorex2007 ($2.34 in chips) 
Seat 3: NJMombach ($6.94 in chips) 
Seat 4: braga121 ($1.50 in chips) 
Seat 5: RWEST502 ($2.48 in chips) 
Seat 6: greyfox5310 ($2.22 in chips) 
Seat 7: robyto56 ($1.77 in chips) 
Seat 8: Snowman373 ($1.41 in chips) 
Seat 9: Andrej4086 ($1.22 in chips) 
Andrej4086: posts small blind $0.01
Zora445: posts big blind $0.02
*** HOLE CARDS ***
Dealt to Dorex2007 [6c 8s]
Dorex2007: folds 
NJMombach: folds 
braga121: calls $0.02
RWEST502: calls $0.02
greyfox5310: calls $0.02
robyto56: calls $0.02
Snowman373: folds 
Andrej4086: calls $0.01
Zora445: checks 
*** FLOP *** [As 3d Qc]
Andrej4086: bets $0.06
Zora445: folds 
braga121: folds 
RWEST502: folds 
greyfox5310: calls $0.06
robyto56: folds 
*** TURN *** [As 3d Qc] [3c]
Andrej4086: bets $0.12
greyfox5310: calls $0.12
*** RIVER *** [As 3d Qc 3c] [Kh]
Andrej4086: bets $0.23
greyfox5310: folds 
Uncalled bet ($0.23) returned to Andrej4086
Andrej4086 collected $0.46 from pot
Andrej4086: doesn't show hand 
*** SUMMARY ***
Total pot $0.48 | Rake $0.02 
Board [As 3d Qc 3c Kh]
Seat 1: Zora445 (big blind) folded on the Flop
Seat 2: Dorex2007 folded before Flop (didn't bet)
Seat 3: NJMombach folded before Flop (didn't bet)
Seat 4: braga121 folded on the Flop
Seat 5: RWEST502 folded on the Flop
Seat 6: greyfox5310 folded on the River
Seat 7: robyto56 folded on the Flop
Seat 8: Snowman373 (button) folded before Flop (didn't bet)
Seat 9: Andrej4086 (small blind) collected ($0.46)



PokerStars Hand #233360431402:  Hold'em No Limit ($0.01/$0.02 USD) - 2022/01/21 17:49:44 PT [2022/01/21 20:49:44 ET]
Table 'Veritas' 9-max Seat #9 is the button
Seat 1: Zora445 ($2 in chips) 
Seat 2: Dorex2007 ($2.34 in chips) 
Seat 3: NJMombach ($6.94 in chips) 
Seat 4: braga121 ($1.48 in chips) 
Seat 5: RWEST502 ($2.46 in chips) 
Seat 6: greyfox5310 ($2.02 in chips) 
Seat 7: robyto56 ($1.75 in chips) 
Seat 8: Snowman373 ($1.41 in chips) 
Seat 9: Andrej4086 ($1.48 in chips) 
Zora445: posts small blind $0.01
Dorex2007: posts big blind $0.02
*** HOLE CARDS ***
Dealt to Dorex2007 [Js 4h]
NJMombach: folds 
braga121: raises $0.06 to $0.08
RWEST502: folds 
greyfox5310: folds 
robyto56: calls $0.08
Snowman373: folds 
Andrej4086: folds 
Zora445: folds 
Dorex2007: folds 
*** FLOP *** [As 3h 2d]
braga121: bets $0.06
robyto56: folds 
Uncalled bet ($0.06) returned to braga121
braga121 collected $0.18 from pot
braga121: doesn't show hand 
*** SUMMARY ***
Total pot $0.19 | Rake $0.01 
Board [As 3h 2d]
Seat 1: Zora445 (small blind) folded before Flop
Seat 2: Dorex2007 (big blind) folded before Flop
Seat 3: NJMombach folded before Flop (didn't bet)
Seat 4: braga121 collected ($0.18)
Seat 5: RWEST502 folded before Flop (didn't bet)
Seat 6: greyfox5310 folded before Flop (didn't bet)
Seat 7: robyto56 folded on the Flop
Seat 8: Snowman373 folded before Flop (didn't bet)
Seat 9: Andrej4086 (button) folded before Flop (didn't bet)



PokerStars Hand #233360455120:  Hold'em No Limit ($0.01/$0.02 USD) - 2022/01/21 17:50:35 PT [2022/01/21 20:50:35 ET]
Table 'Veritas' 9-max Seat #1 is the button
Seat 1: Zora445 ($1.99 in chips) 
Seat 2: Dorex2007 ($2.32 in chips) 
Seat 3: NJMombach ($6.94 in chips) 
Seat 4: braga121 ($1.58 in chips) 
Seat 5: RWEST502 ($2.46 in chips) 
Seat 6: greyfox5310 ($2.02 in chips) 
Seat 7: robyto56 ($1.67 in chips) 
Seat 8: Snowman373 ($1.41 in chips) 
Seat 9: Andrej4086 ($1.48 in chips) 
Dorex2007: posts small blind $0.01
NJMombach: posts big blind $0.02
*** HOLE CARDS ***
Dealt to Dorex2007 [6c 7c]
braga121: calls $0.02
RWEST502: calls $0.02
greyfox5310: calls $0.02
robyto56: folds 
Snowman373: folds 
Andrej4086: folds 
Zora445: raises $0.02 to $0.04
Dorex2007: folds 
NJMombach: folds 
braga121: calls $0.02
RWEST502: calls $0.02
greyfox5310: calls $0.02
*** FLOP *** [Qd 5d 8s]
braga121: bets $0.06
RWEST502: calls $0.06
greyfox5310: folds 
Zora445: calls $0.06
*** TURN *** [Qd 5d 8s] [6s]
braga121: checks 
RWEST502: checks 
Zora445: checks 
*** RIVER *** [Qd 5d 8s 6s] [2h]
braga121: bets $0.08
RWEST502: calls $0.08
Zora445: folds 
*** SHOW DOWN ***
braga121: shows [Qh Jd] (a pair of Queens)
RWEST502: shows [5c 8c] (two pair, Eights and Fives)
RWEST502 collected $0.51 from pot
*** SUMMARY ***
Total pot $0.53 | Rake $0.02 
Board [Qd 5d 8s 6s 2h]
Seat 1: Zora445 (button) folded on the River
Seat 2: Dorex2007 (small blind) folded before Flop
Seat 3: NJMombach (big blind) folded before Flop
Seat 4: braga121 showed [Qh Jd] and lost with a pair of Queens
Seat 5: RWEST502 showed [5c 8c] and won ($0.51) with two pair, Eights and Fives
Seat 6: greyfox5310 folded on the Flop
Seat 7: robyto56 folded before Flop (didn't bet)
Seat 8: Snowman373 folded before Flop (didn't bet)
Seat 9: Andrej4086 folded before Flop (didn't bet)



PokerStars Hand #233360471410:  Hold'em No Limit ($0.01/$0.02 USD) - 2022/01/21 17:51:26 PT [2022/01/21 20:51:26 ET]
Table 'Veritas' 9-max Seat #2 is the button
Seat 1: Zora445 ($1.89 in chips) 
Seat 2: Dorex2007 ($2.31 in chips) 
Seat 3: NJMombach ($6.92 in chips) 
Seat 4: braga121 ($1.40 in chips) 
Seat 5: RWEST502 ($2.79 in chips) 
Seat 6: greyfox5310 ($1.98 in chips) 
Seat 7: robyto56 ($1.67 in chips) 
Seat 8: Snowman373 ($1.41 in chips) 
Seat 9: Andrej4086 ($1.48 in chips) 
NJMombach: posts small blind $0.01
braga121: posts big blind $0.02
*** HOLE CARDS ***
Dealt to Dorex2007 [3d 5h]
RWEST502: calls $0.02
greyfox5310: folds 
robyto56: folds 
Snowman373: folds 
Andrej4086: folds 
Zora445: folds 
Dorex2007: folds 
NJMombach: folds 
braga121: checks 
*** FLOP *** [Ah 2s Ts]
braga121: bets $0.04
RWEST502: raises $0.13 to $0.17
braga121: folds 
Uncalled bet ($0.13) returned to RWEST502
RWEST502 collected $0.13 from pot
*** SUMMARY ***
Total pot $0.13 | Rake $0 
Board [Ah 2s Ts]
Seat 1: Zora445 folded before Flop (didn't bet)
Seat 2: Dorex2007 (button) folded before Flop (didn't bet)
Seat 3: NJMombach (small blind) folded before Flop
Seat 4: braga121 (big blind) folded on the Flop
Seat 5: RWEST502 collected ($0.13)
Seat 6: greyfox5310 folded before Flop (didn't bet)
Seat 7: robyto56 folded before Flop (didn't bet)
Seat 8: Snowman373 folded before Flop (didn't bet)
Seat 9: Andrej4086 folded before Flop (didn't bet)



PokerStars Hand #233360484517:  Hold'em No Limit ($0.01/$0.02 USD) - 2022/01/21 17:52:08 PT [2022/01/21 20:52:08 ET]
Table 'Veritas' 9-max Seat #3 is the button
Seat 1: Zora445 ($1.89 in chips) 
Seat 2: Dorex2007 ($2.31 in chips) 
Seat 3: NJMombach ($6.91 in chips) 
Seat 4: braga121 ($1.34 in chips) 
Seat 5: RWEST502 ($2.86 in chips) 
Seat 6: greyfox5310 ($1.98 in chips) 
Seat 7: robyto56 ($1.67 in chips) 
Seat 8: Snowman373 ($1.41 in chips) 
Seat 9: Andrej4086 ($1.48 in chips) 
braga121: posts small blind $0.01
RWEST502: posts big blind $0.02
*** HOLE CARDS ***
Dealt to Dorex2007 [Kd Qh]
greyfox5310: calls $0.02
robyto56: folds 
Snowman373: folds 
Andrej4086: folds 
Zora445: folds 
Dorex2007: raises $0.04 to $0.06
NJMombach: folds 
braga121: calls $0.05
RWEST502: calls $0.04
greyfox5310: calls $0.04
*** FLOP *** [4h Js Kh]
braga121: checks 
RWEST502: checks 
greyfox5310: checks 
Dorex2007: bets $0.15
braga121: folds 
RWEST502: folds 
greyfox5310: folds 
Uncalled bet ($0.15) returned to Dorex2007
Dorex2007 collected $0.23 from pot
Dorex2007: doesn't show hand 
*** SUMMARY ***
Total pot $0.24 | Rake $0.01 
Board [4h Js Kh]
Seat 1: Zora445 folded before Flop (didn't bet)
Seat 2: Dorex2007 collected ($0.23)
Seat 3: NJMombach (button) folded before Flop (didn't bet)
Seat 4: braga121 (small blind) folded on the Flop
Seat 5: RWEST502 (big blind) folded on the Flop
Seat 6: greyfox5310 folded on the Flop
Seat 7: robyto56 folded before Flop (didn't bet)
Seat 8: Snowman373 folded before Flop (didn't bet)
Seat 9: Andrej4086 folded before Flop (didn't bet)



PokerStars Hand #233360502243:  Hold'em No Limit ($0.01/$0.02 USD) - 2022/01/21 17:53:01 PT [2022/01/21 20:53:01 ET]
Table 'Veritas' 9-max Seat #4 is the button
Seat 1: Zora445 ($1.89 in chips) 
Seat 2: Dorex2007 ($2.48 in chips) 
Seat 3: NJMombach ($6.91 in chips) 
Seat 4: braga121 ($1.28 in chips) 
Seat 5: RWEST502 ($2.80 in chips) 
Seat 6: greyfox5310 ($1.92 in chips) 
Seat 7: robyto56 ($1.67 in chips) 
Seat 8: Snowman373 ($1.41 in chips) 
Seat 9: Andrej4086 ($1.48 in chips) 
RWEST502: posts small blind $0.01
greyfox5310: posts big blind $0.02
*** HOLE CARDS ***
Dealt to Dorex2007 [Tc 8d]
robyto56: folds 
Snowman373: folds 
Andrej4086 has timed out
Andrej4086: folds 
Zora445: calls $0.02
Dorex2007: folds 
NJMombach: folds 
braga121: folds 
RWEST502: calls $0.01
greyfox5310: checks 
*** FLOP *** [8c Ah Jh]
RWEST502: checks 
greyfox5310: checks 
Zora445: checks 
*** TURN *** [8c Ah Jh] [5c]
RWEST502: checks 
greyfox5310: checks 
Zora445: checks 
*** RIVER *** [8c Ah Jh 5c] [3c]
RWEST502: checks 
greyfox5310: checks 
Zora445: checks 
*** SHOW DOWN ***
RWEST502: shows [9d Kd] (high card Ace)
greyfox5310: mucks hand 
Zora445: mucks hand 
RWEST502 collected $0.06 from pot
*** SUMMARY ***
Total pot $0.06 | Rake $0 
Board [8c Ah Jh 5c 3c]
Seat 1: Zora445 mucked [Th 9c]
Seat 2: Dorex2007 folded before Flop (didn't bet)
Seat 3: NJMombach folded before Flop (didn't bet)
Seat 4: braga121 (button) folded before Flop (didn't bet)
Seat 5: RWEST502 (small blind) showed [9d Kd] and won ($0.06) with high card Ace
Seat 6: greyfox5310 (big blind) mucked [4h Td]
Seat 7: robyto56 folded before Flop (didn't bet)
Seat 8: Snowman373 folded before Flop (didn't bet)
Seat 9: Andrej4086 folded before Flop (didn't bet)



PokerStars Hand #233360515849:  Hold'em No Limit ($0.01/$0.02 USD) - 2022/01/21 17:53:45 PT [2022/01/21 20:53:45 ET]
Table 'Veritas' 9-max Seat #5 is the button
Seat 1: Zora445 ($1.87 in chips) 
Seat 2: Dorex2007 ($2.48 in chips) 
Seat 3: NJMombach ($6.91 in chips) 
Seat 4: braga121 ($1.28 in chips) 
Seat 5: RWEST502 ($2.84 in chips) 
Seat 6: greyfox5310 ($1.90 in chips) 
Seat 7: robyto56 ($1.67 in chips) 
Seat 8: Snowman373 ($1.41 in chips) 
Seat 9: Andrej4086 ($1.48 in chips) 
greyfox5310: posts small blind $0.01
robyto56: posts big blind $0.02
*** HOLE CARDS ***
Dealt to Dorex2007 [3d As]
Snowman373: folds 
Andrej4086: calls $0.02
Zora445: folds 
Dorex2007: folds 
NJMombach: folds 
braga121: calls $0.02
RWEST502: calls $0.02
greyfox5310: folds 
robyto56: checks 
*** FLOP *** [5c 8h Jd]
robyto56: checks 
Andrej4086: bets $0.09
braga121: calls $0.09
RWEST502: folds 
robyto56: folds 
*** TURN *** [5c 8h Jd] [4c]
Andrej4086: bets $0.13
braga121: calls $0.13
*** RIVER *** [5c 8h Jd 4c] [5s]
Andrej4086: bets $0.10
braga121: calls $0.10
*** SHOW DOWN ***
Andrej4086: shows [Th Jh] (two pair, Jacks and Fives)
braga121: shows [Js Ts] (two pair, Jacks and Fives)
Andrej4086 collected $0.35 from pot
braga121 collected $0.35 from pot
*** SUMMARY ***
Total pot $0.73 | Rake $0.03 
Board [5c 8h Jd 4c 5s]
Seat 1: Zora445 folded before Flop (didn't bet)
Seat 2: Dorex2007 folded before Flop (didn't bet)
Seat 3: NJMombach folded before Flop (didn't bet)
Seat 4: braga121 showed [Js Ts] and won ($0.35) with two pair, Jacks and Fives
Seat 5: RWEST502 (button) folded on the Flop
Seat 6: greyfox5310 (small blind) folded before Flop
Seat 7: robyto56 (big blind) folded on the Flop
Seat 8: Snowman373 folded before Flop (didn't bet)
Seat 9: Andrej4086 showed [Th Jh] and won ($0.35) with two pair, Jacks and Fives



PokerStars Hand #233360534252:  Hold'em No Limit ($0.01/$0.02 USD) - 2022/01/21 17:54:44 PT [2022/01/21 20:54:44 ET]
Table 'Veritas' 9-max Seat #6 is the button
Seat 1: Zora445 ($1.87 in chips) 
Seat 2: Dorex2007 ($2.48 in chips) 
Seat 3: NJMombach ($6.91 in chips) 
Seat 4: braga121 ($1.29 in chips) 
Seat 5: RWEST502 ($2.82 in chips) 
Seat 6: greyfox5310 ($1.89 in chips) 
Seat 7: robyto56 ($1.65 in chips) 
Seat 8: Snowman373 ($1.41 in chips) 
Seat 9: Andrej4086 ($1.49 in chips) 
robyto56: posts small blind $0.01
Snowman373: posts big blind $0.02
*** HOLE CARDS ***
Dealt to Dorex2007 [Tc 6s]
Andrej4086: folds 
Zora445: folds 
Dorex2007: folds 
NJMombach has timed out
NJMombach: folds 
braga121: calls $0.02
RWEST502: calls $0.02
greyfox5310: calls $0.02
robyto56: calls $0.01
Snowman373: checks 
*** FLOP *** [4s 2c 3d]
robyto56: bets $0.06
Snowman373: folds 
braga121: folds 
RWEST502: folds 
greyfox5310: folds 
Uncalled bet ($0.06) returned to robyto56
robyto56 collected $0.10 from pot
robyto56: doesn't show hand 
*** SUMMARY ***
Total pot $0.10 | Rake $0 
Board [4s 2c 3d]
Seat 1: Zora445 folded before Flop (didn't bet)
Seat 2: Dorex2007 folded before Flop (didn't bet)
Seat 3: NJMombach folded before Flop (didn't bet)
Seat 4: braga121 folded on the Flop
Seat 5: RWEST502 folded on the Flop
Seat 6: greyfox5310 (button) folded on the Flop
Seat 7: robyto56 (small blind) collected ($0.10)
Seat 8: Snowman373 (big blind) folded on the Flop
Seat 9: Andrej4086 folded before Flop (didn't bet)



PokerStars Hand #233360559223:  Hold'em No Limit ($0.01/$0.02 USD) - 2022/01/21 17:55:43 PT [2022/01/21 20:55:43 ET]
Table 'Veritas' 9-max Seat #7 is the button
Seat 1: Zora445 ($1.87 in chips) 
Seat 2: Dorex2007 ($2.48 in chips) 
Seat 4: braga121 ($1.27 in chips) 
Seat 5: RWEST502 ($2.80 in chips) 
Seat 6: greyfox5310 ($1.87 in chips) 
Seat 7: robyto56 ($1.73 in chips) 
Seat 8: Snowman373 ($1.39 in chips) 
Seat 9: Andrej4086 ($1.49 in chips) 
Snowman373: posts small blind $0.01
Andrej4086: posts big blind $0.02
*** HOLE CARDS ***
Dealt to Dorex2007 [4h Kc]
Zora445: calls $0.02
Dorex2007: folds 
braga121: folds 
RWEST502: calls $0.02
greyfox5310: calls $0.02
robyto56: calls $0.02
Snowman373: folds 
Andrej4086: checks 
*** FLOP *** [3s 8s 2d]
Andrej4086: checks 
Zora445: checks 
RWEST502: bets $0.11
greyfox5310: calls $0.11
robyto56: folds 
Andrej4086: calls $0.11
Zora445: folds 
*** TURN *** [3s 8s 2d] [5c]
Andrej4086: checks 
RWEST502: bets $0.02
greyfox5310: calls $0.02
NJMombach leaves the table
Andrej4086: calls $0.02
*** RIVER *** [3s 8s 2d 5c] [Ad]
Andrej4086: bets $0.24
RWEST502: calls $0.24
greyfox5310: folds 
*** SHOW DOWN ***
Andrej4086: shows [4s 2h] (a straight, Ace to Five)
RWEST502: mucks hand 
Andrej4086 collected $0.95 from pot
*** SUMMARY ***
Total pot $0.98 | Rake $0.03 
Board [3s 8s 2d 5c Ad]
Seat 1: Zora445 folded on the Flop
Seat 2: Dorex2007 folded before Flop (didn't bet)
Seat 4: braga121 folded before Flop (didn't bet)
Seat 5: RWEST502 mucked [3d 3h]
Seat 6: greyfox5310 folded on the River
Seat 7: robyto56 (button) folded on the Flop
Seat 8: Snowman373 (small blind) folded before Flop
Seat 9: Andrej4086 (big blind) showed [4s 2h] and won ($0.95) with a straight, Ace to Five



PokerStars Hand #233360720193:  Hold'em No Limit ($0.01/$0.02 USD) - 2022/01/21 18:04:23 PT [2022/01/21 21:04:23 ET]
Table 'Veritas' 9-max Seat #9 is the button
Seat 1: Zora445 ($1.13 in chips) 
Seat 2: Dorex2007 ($2.48 in chips) 
Seat 3: crazyJP ($1.65 in chips) 
Seat 4: braga121 ($0.90 in chips) 
Seat 6: greyfox5310 ($1.85 in chips) 
Seat 7: robyto56 ($1.77 in chips) 
Seat 8: Snowman373 ($1.35 in chips) 
Seat 9: Andrej4086 ($2.31 in chips) 
Zora445: posts small blind $0.01
Dorex2007: posts big blind $0.02
*** HOLE CARDS ***
Dealt to Dorex2007 [Kc Qd]
crazyJP: folds 
braga121: folds 
greyfox5310: folds 
robyto56: folds 
Snowman373: raises $0.04 to $0.06
Andrej4086: folds 
Zora445: folds 
Dorex2007: calls $0.04
*** FLOP *** [7h 3h Qs]
Dorex2007: bets $0.09
Snowman373: folds 
Uncalled bet ($0.09) returned to Dorex2007
Dorex2007 collected $0.13 from pot
Dorex2007: doesn't show hand 
*** SUMMARY ***
Total pot $0.13 | Rake $0 
Board [7h 3h Qs]
Seat 1: Zora445 (small blind) folded before Flop
Seat 2: Dorex2007 (big blind) collected ($0.13)
Seat 3: crazyJP folded before Flop (didn't bet)
Seat 4: braga121 folded before Flop (didn't bet)
Seat 6: greyfox5310 folded before Flop (didn't bet)
Seat 7: robyto56 folded before Flop (didn't bet)
Seat 8: Snowman373 folded on the Flop
Seat 9: Andrej4086 (button) folded before Flop (didn't bet)



PokerStars Hand #233360733746:  Hold'em No Limit ($0.01/$0.02 USD) - 2022/01/21 18:05:07 PT [2022/01/21 21:05:07 ET]
Table 'Veritas' 9-max Seat #1 is the button
Seat 1: Zora445 ($1.12 in chips) 
Seat 2: Dorex2007 ($2.55 in chips) 
Seat 3: crazyJP ($1.65 in chips) 
Seat 4: braga121 ($0.90 in chips) 
Seat 6: greyfox5310 ($1.85 in chips) 
Seat 7: robyto56 ($1.77 in chips) 
Seat 8: Snowman373 ($1.29 in chips) 
Seat 9: Andrej4086 ($2.31 in chips) 
Dorex2007: posts small blind $0.01
crazyJP: posts big blind $0.02
*** HOLE CARDS ***
Dealt to Dorex2007 [Js Qc]
braga121: folds 
greyfox5310: folds 
robyto56: raises $0.12 to $0.14
Snowman373: folds 
Andrej4086: folds 
Zora445: folds 
Dorex2007: folds 
crazyJP: folds 
Uncalled bet ($0.12) returned to robyto56
robyto56 collected $0.05 from pot
robyto56: doesn't show hand 
*** SUMMARY ***
Total pot $0.05 | Rake $0 
Seat 1: Zora445 (button) folded before Flop (didn't bet)
Seat 2: Dorex2007 (small blind) folded before Flop
Seat 3: crazyJP (big blind) folded before Flop
Seat 4: braga121 folded before Flop (didn't bet)
Seat 6: greyfox5310 folded before Flop (didn't bet)
Seat 7: robyto56 collected ($0.05)
Seat 8: Snowman373 folded before Flop (didn't bet)
Seat 9: Andrej4086 folded before Flop (didn't bet)



PokerStars Hand #233360746858:  Hold'em No Limit ($0.01/$0.02 USD) - 2022/01/21 18:05:49 PT [2022/01/21 21:05:49 ET]
Table 'Veritas' 9-max Seat #2 is the button
Seat 1: Zora445 ($1.12 in chips) 
Seat 2: Dorex2007 ($2.54 in chips) 
Seat 3: crazyJP ($1.63 in chips) 
Seat 4: braga121 ($0.90 in chips) 
Seat 5: RWEST502 ($2.33 in chips) 
Seat 6: greyfox5310 ($1.85 in chips) 
Seat 7: robyto56 ($1.80 in chips) 
Seat 8: Snowman373 ($1.29 in chips) 
Seat 9: Andrej4086 ($2.31 in chips) 
crazyJP: posts small blind $0.01
braga121: posts big blind $0.02
*** HOLE CARDS ***
Dealt to Dorex2007 [7c Js]
RWEST502: calls $0.02
greyfox5310: calls $0.02
robyto56: folds 
Snowman373: folds 
Andrej4086: folds 
Zora445: calls $0.02
Dorex2007: folds 
crazyJP: calls $0.01
braga121: raises $0.04 to $0.06
RWEST502: calls $0.04
greyfox5310: calls $0.04
Zora445: calls $0.04
crazyJP: folds 
*** FLOP *** [5d 4d Kh]
braga121: bets $0.13
RWEST502: folds 
greyfox5310: calls $0.13
Zora445: calls $0.13
*** TURN *** [5d 4d Kh] [4h]
braga121: bets $0.24
greyfox5310: folds 
Zora445: folds 
Uncalled bet ($0.24) returned to braga121
braga121 collected $0.63 from pot
braga121: doesn't show hand 
*** SUMMARY ***
Total pot $0.65 | Rake $0.02 
Board [5d 4d Kh 4h]
Seat 1: Zora445 folded on the Turn
Seat 2: Dorex2007 (button) folded before Flop (didn't bet)
Seat 3: crazyJP (small blind) folded before Flop
Seat 4: braga121 (big blind) collected ($0.63)
Seat 5: RWEST502 folded on the Flop
Seat 6: greyfox5310 folded on the Turn
Seat 7: robyto56 folded before Flop (didn't bet)
Seat 8: Snowman373 folded before Flop (didn't bet)
Seat 9: Andrej4086 folded before Flop (didn't bet)



PokerStars Hand #233360770351:  Hold'em No Limit ($0.01/$0.02 USD) - 2022/01/21 18:07:06 PT [2022/01/21 21:07:06 ET]
Table 'Veritas' 9-max Seat #3 is the button
Seat 1: Zora445 ($0.93 in chips) 
Seat 2: Dorex2007 ($2.54 in chips) 
Seat 3: crazyJP ($1.61 in chips) 
Seat 4: braga121 ($1.34 in chips) 
Seat 5: RWEST502 ($2.27 in chips) 
Seat 6: greyfox5310 ($1.66 in chips) 
Seat 7: robyto56 ($1.80 in chips) 
Seat 8: Snowman373 ($1.29 in chips) 
Seat 9: Andrej4086 ($2.31 in chips) 
braga121: posts small blind $0.01
RWEST502: posts big blind $0.02
*** HOLE CARDS ***
Dealt to Dorex2007 [5s 8s]
greyfox5310: folds 
greyfox5310 leaves the table
robyto56: folds 
Snowman373: folds 
Andrej4086: raises $0.06 to $0.08
Zora445: folds 
Dorex2007: folds 
crazyJP: folds 
U-boat101 joins the table at seat #6 
braga121: folds 
RWEST502: calls $0.06
*** FLOP *** [Th 7s 9s]
RWEST502: bets $0.02
Andrej4086: calls $0.02
*** TURN *** [Th 7s 9s] [6d]
RWEST502: bets $0.02
Andrej4086: calls $0.02
*** RIVER *** [Th 7s 9s 6d] [Jh]
RWEST502: bets $0.02
Andrej4086: calls $0.02
*** SHOW DOWN ***
RWEST502: shows [6s Js] (two pair, Jacks and Sixes)
Andrej4086: mucks hand 
RWEST502 collected $0.28 from pot
*** SUMMARY ***
Total pot $0.29 | Rake $0.01 
Board [Th 7s 9s 6d Jh]
Seat 1: Zora445 folded before Flop (didn't bet)
Seat 2: Dorex2007 folded before Flop (didn't bet)
Seat 3: crazyJP (button) folded before Flop (didn't bet)
Seat 4: braga121 (small blind) folded before Flop
Seat 5: RWEST502 (big blind) showed [6s Js] and won ($0.28) with two pair, Jacks and Sixes
Seat 6: greyfox5310 folded before Flop (didn't bet)
Seat 7: robyto56 folded before Flop (didn't bet)
Seat 8: Snowman373 folded before Flop (didn't bet)
Seat 9: Andrej4086 mucked [Ah Qd]



PokerStars Hand #233360782514:  Hold'em No Limit ($0.01/$0.02 USD) - 2022/01/21 18:07:46 PT [2022/01/21 21:07:46 ET]
Table 'Veritas' 9-max Seat #4 is the button
Seat 1: Zora445 ($0.93 in chips) 
Seat 2: Dorex2007 ($2.54 in chips) 
Seat 3: crazyJP ($1.61 in chips) 
Seat 4: braga121 ($1.33 in chips) 
Seat 5: RWEST502 ($2.41 in chips) 
Seat 6: U-boat101 ($2 in chips) 
Seat 7: robyto56 ($1.80 in chips) 
Seat 8: Snowman373 ($1.29 in chips) 
Seat 9: Andrej4086 ($2.17 in chips) 
RWEST502: posts small blind $0.01
U-boat101: posts big blind $0.02
*** HOLE CARDS ***
Dealt to Dorex2007 [7h 6h]
robyto56: calls $0.02
Snowman373: folds 
Andrej4086: calls $0.02
Zora445: folds 
Dorex2007 has timed out
Dorex2007: folds 
crazyJP: folds 
braga121: calls $0.02
RWEST502: calls $0.01
U-boat101: checks 
*** FLOP *** [Jd Ah 3h]
RWEST502: checks 
U-boat101: checks 
robyto56: checks 
Andrej4086: bets $0.04
braga121: calls $0.04
RWEST502: folds 
U-boat101: folds 
robyto56: calls $0.04
*** TURN *** [Jd Ah 3h] [6s]
robyto56: checks 
Andrej4086: bets $0.08
braga121: folds 
robyto56: folds 
Uncalled bet ($0.08) returned to Andrej4086
Andrej4086 collected $0.21 from pot
Andrej4086: doesn't show hand 
*** SUMMARY ***
Total pot $0.22 | Rake $0.01 
Board [Jd Ah 3h 6s]
Seat 1: Zora445 folded before Flop (didn't bet)
Seat 2: Dorex2007 folded before Flop (didn't bet)
Seat 3: crazyJP folded before Flop (didn't bet)
Seat 4: braga121 (button) folded on the Turn
Seat 5: RWEST502 (small blind) folded on the Flop
Seat 6: U-boat101 (big blind) folded on the Flop
Seat 7: robyto56 folded on the Turn
Seat 8: Snowman373 folded before Flop (didn't bet)
Seat 9: Andrej4086 collected ($0.21)



PokerStars Hand #233360810914:  Hold'em No Limit ($0.01/$0.02 USD) - 2022/01/21 18:09:20 PT [2022/01/21 21:09:20 ET]
Table 'Veritas' 9-max Seat #5 is the button
Seat 1: Zora445 ($0.93 in chips) 
Seat 2: Dorex2007 ($2.54 in chips) 
Seat 3: crazyJP ($1.61 in chips) 
Seat 4: braga121 ($1.27 in chips) 
Seat 5: RWEST502 ($2.39 in chips) 
Seat 6: U-boat101 ($1.98 in chips) 
Seat 7: robyto56 ($1.74 in chips) 
Seat 8: Snowman373 ($1.29 in chips) 
Seat 9: Andrej4086 ($2.32 in chips) 
U-boat101: posts small blind $0.01
robyto56: posts big blind $0.02
*** HOLE CARDS ***
Dealt to Dorex2007 [Js 2c]
Snowman373: folds 
Andrej4086: calls $0.02
Zora445: folds 
Dorex2007: folds 
crazyJP: raises $0.02 to $0.04
braga121: folds 
RWEST502: folds 
U-boat101: folds 
robyto56: folds 
Andrej4086: calls $0.02
*** FLOP *** [6d Jh Kc]
Andrej4086: checks 
crazyJP: bets $0.05
Andrej4086: folds 
Uncalled bet ($0.05) returned to crazyJP
crazyJP collected $0.11 from pot
*** SUMMARY ***
Total pot $0.11 | Rake $0 
Board [6d Jh Kc]
Seat 1: Zora445 folded before Flop (didn't bet)
Seat 2: Dorex2007 folded before Flop (didn't bet)
Seat 3: crazyJP collected ($0.11)
Seat 4: braga121 folded before Flop (didn't bet)
Seat 5: RWEST502 (button) folded before Flop (didn't bet)
Seat 6: U-boat101 (small blind) folded before Flop
Seat 7: robyto56 (big blind) folded before Flop
Seat 8: Snowman373 folded before Flop (didn't bet)
Seat 9: Andrej4086 folded on the Flop



PokerStars Hand #233360826749:  Hold'em No Limit ($0.01/$0.02 USD) - 2022/01/21 18:10:12 PT [2022/01/21 21:10:12 ET]
Table 'Veritas' 9-max Seat #6 is the button
Seat 1: Zora445 ($0.93 in chips) 
Seat 2: Dorex2007 ($2.54 in chips) 
Seat 3: crazyJP ($1.68 in chips) 
Seat 4: braga121 ($1.27 in chips) 
Seat 5: RWEST502 ($2.39 in chips) 
Seat 6: U-boat101 ($1.97 in chips) 
Seat 7: robyto56 ($1.72 in chips) 
Seat 8: Snowman373 ($1.29 in chips) 
Seat 9: Andrej4086 ($2.28 in chips) 
robyto56: posts small blind $0.01
Snowman373: posts big blind $0.02
*** HOLE CARDS ***
Dealt to Dorex2007 [4s 2h]
Andrej4086: calls $0.02
Zora445: folds 
Dorex2007: folds 
crazyJP: calls $0.02
braga121: raises $0.06 to $0.08
RWEST502: folds 
U-boat101: folds 
robyto56: calls $0.07
Snowman373: folds 
Andrej4086: calls $0.06
crazyJP: folds 
*** FLOP *** [4h Qh 8s]
robyto56: bets $0.02
Andrej4086: folds 
braga121: calls $0.02
*** TURN *** [4h Qh 8s] [Ts]
robyto56: bets $0.04
braga121: calls $0.04
*** RIVER *** [4h Qh 8s Ts] [6s]
robyto56: checks 
braga121: bets $0.24
robyto56: folds 
Uncalled bet ($0.24) returned to braga121
braga121 collected $0.39 from pot
braga121: doesn't show hand 
*** SUMMARY ***
Total pot $0.40 | Rake $0.01 
Board [4h Qh 8s Ts 6s]
Seat 1: Zora445 folded before Flop (didn't bet)
Seat 2: Dorex2007 folded before Flop (didn't bet)
Seat 3: crazyJP folded before Flop
Seat 4: braga121 collected ($0.39)
Seat 5: RWEST502 folded before Flop (didn't bet)
Seat 6: U-boat101 (button) folded before Flop (didn't bet)
Seat 7: robyto56 (small blind) folded on the River
Seat 8: Snowman373 (big blind) folded before Flop
Seat 9: Andrej4086 folded on the Flop



PokerStars Hand #233360854509:  Hold'em No Limit ($0.01/$0.02 USD) - 2022/01/21 18:11:44 PT [2022/01/21 21:11:44 ET]
Table 'Veritas' 9-max Seat #7 is the button
Seat 1: Zora445 ($0.93 in chips) 
Seat 2: Dorex2007 ($2.54 in chips) 
Seat 3: crazyJP ($1.66 in chips) 
Seat 4: braga121 ($1.52 in chips) 
Seat 5: RWEST502 ($2.39 in chips) 
Seat 6: U-boat101 ($1.97 in chips) 
Seat 7: robyto56 ($1.58 in chips) 
Seat 8: Snowman373 ($1.27 in chips) 
Seat 9: Andrej4086 ($2.20 in chips) 
Snowman373: posts small blind $0.01
Andrej4086: posts big blind $0.02
*** HOLE CARDS ***
Dealt to Dorex2007 [7h 2d]
Zora445: raises $0.02 to $0.04
Dorex2007: folds 
crazyJP: folds 
braga121: folds 
RWEST502: calls $0.04
U-boat101: folds 
robyto56: folds 
Snowman373: folds 
Andrej4086: calls $0.02
*** FLOP *** [Td Jc 3c]
Andrej4086: checks 
Zora445: bets $0.06
RWEST502: calls $0.06
Andrej4086: folds 
*** TURN *** [Td Jc 3c] [Kd]
Zora445: bets $0.12
RWEST502: raises $0.12 to $0.24
Zora445: raises $0.12 to $0.36
RWEST502: calls $0.12
*** RIVER *** [Td Jc 3c Kd] [8c]
Zora445: bets $0.47 and is all-in
RWEST502: calls $0.47
*** SHOW DOWN ***
Zora445: shows [4d 4c] (a pair of Fours)
RWEST502: shows [As Qc] (a straight, Ten to Ace)
RWEST502 collected $1.84 from pot
*** SUMMARY ***
Total pot $1.91 | Rake $0.07 
Board [Td Jc 3c Kd 8c]
Seat 1: Zora445 showed [4d 4c] and lost with a pair of Fours
Seat 2: Dorex2007 folded before Flop (didn't bet)
Seat 3: crazyJP folded before Flop (didn't bet)
Seat 4: braga121 folded before Flop (didn't bet)
Seat 5: RWEST502 showed [As Qc] and won ($1.84) with a straight, Ten to Ace
Seat 6: U-boat101 folded before Flop (didn't bet)
Seat 7: robyto56 (button) folded before Flop (didn't bet)
Seat 8: Snowman373 (small blind) folded before Flop
Seat 9: Andrej4086 (big blind) folded on the Flop



PokerStars Hand #233360869886:  Hold'em No Limit ($0.01/$0.02 USD) - 2022/01/21 18:12:35 PT [2022/01/21 21:12:35 ET]
Table 'Veritas' 9-max Seat #8 is the button
Seat 2: Dorex2007 ($2.54 in chips) 
Seat 3: crazyJP ($1.66 in chips) 
Seat 4: braga121 ($1.52 in chips) 
Seat 5: RWEST502 ($3.30 in chips) 
Seat 6: U-boat101 ($1.97 in chips) 
Seat 7: robyto56 ($1.58 in chips) 
Seat 8: Snowman373 ($1.26 in chips) 
Seat 9: Andrej4086 ($2.16 in chips) 
Andrej4086: posts small blind $0.01
Dorex2007: posts big blind $0.02
*** HOLE CARDS ***
Dealt to Dorex2007 [2s 5s]
crazyJP: folds 
Zora445 leaves the table
braga121: folds 
RWEST502: calls $0.02
U-boat101: folds 
robyto56: folds 
Snowman373: calls $0.02
Andrej4086: calls $0.01
Windowmaker2 joins the table at seat #1 
Dorex2007: checks 
*** FLOP *** [8c Ac 6s]
Andrej4086: bets $0.02
Dorex2007: folds 
RWEST502: folds 
Snowman373: calls $0.02
*** TURN *** [8c Ac 6s] [5h]
Andrej4086: bets $0.02
Snowman373: calls $0.02
*** RIVER *** [8c Ac 6s 5h] [Ah]
Andrej4086: bets $0.02
Snowman373: raises $0.13 to $0.15
Andrej4086: folds 
Uncalled bet ($0.13) returned to Snowman373
Snowman373 collected $0.19 from pot
Snowman373: doesn't show hand 
*** SUMMARY ***
Total pot $0.20 | Rake $0.01 
Board [8c Ac 6s 5h Ah]
Seat 2: Dorex2007 (big blind) folded on the Flop
Seat 3: crazyJP folded before Flop (didn't bet)
Seat 4: braga121 folded before Flop (didn't bet)
Seat 5: RWEST502 folded on the Flop
Seat 6: U-boat101 folded before Flop (didn't bet)
Seat 7: robyto56 folded before Flop (didn't bet)
Seat 8: Snowman373 (button) collected ($0.19)
Seat 9: Andrej4086 (small blind) folded on the River



PokerStars Hand #233360890890:  Hold'em No Limit ($0.01/$0.02 USD) - 2022/01/21 18:13:45 PT [2022/01/21 21:13:45 ET]
Table 'Veritas' 9-max Seat #9 is the button
Seat 2: Dorex2007 ($2.52 in chips) 
Seat 4: braga121 ($1.52 in chips) 
Seat 5: RWEST502 ($3.28 in chips) 
Seat 6: U-boat101 ($1.97 in chips) 
Seat 7: robyto56 ($1.58 in chips) 
Seat 8: Snowman373 ($1.37 in chips) 
Seat 9: Andrej4086 ($2.08 in chips) 
Dorex2007: posts small blind $0.01
crazyJP: is sitting out 
braga121: posts big blind $0.02
*** HOLE CARDS ***
Dealt to Dorex2007 [Kh Ah]
RWEST502: folds 
U-boat101: folds 
robyto56: folds 
Snowman373: folds 
crazyJP leaves the table
Andrej4086: folds 
Dorex2007: raises $0.04 to $0.06
1Asthma1 joins the table at seat #3 
braga121: calls $0.04
*** FLOP *** [9d 7c 6s]
Dorex2007: bets $0.08
braga121: calls $0.08
*** TURN *** [9d 7c 6s] [Qh]
Dorex2007: bets $0.18
braga121: calls $0.18
*** RIVER *** [9d 7c 6s Qh] [5s]
Dorex2007: bets $0.62
braga121: folds 
Uncalled bet ($0.62) returned to Dorex2007
Dorex2007 collected $0.62 from pot
Dorex2007: doesn't show hand 
*** SUMMARY ***
Total pot $0.64 | Rake $0.02 
Board [9d 7c 6s Qh 5s]
Seat 2: Dorex2007 (small blind) collected ($0.62)
Seat 4: braga121 (big blind) folded on the River
Seat 5: RWEST502 folded before Flop (didn't bet)
Seat 6: U-boat101 folded before Flop (didn't bet)
Seat 7: robyto56 folded before Flop (didn't bet)
Seat 8: Snowman373 folded before Flop (didn't bet)
Seat 9: Andrej4086 (button) folded before Flop (didn't bet)



PokerStars Hand #233360906014:  Hold'em No Limit ($0.01/$0.02 USD) - 2022/01/21 18:14:35 PT [2022/01/21 21:14:35 ET]
Table 'Veritas' 9-max Seat #2 is the button
Seat 1: Windowmaker2 ($1.60 in chips) 
Seat 2: Dorex2007 ($2.82 in chips) 
Seat 4: braga121 ($1.20 in chips) 
Seat 5: RWEST502 ($3.28 in chips) 
Seat 6: U-boat101 ($1.97 in chips) 
Seat 7: robyto56 ($1.58 in chips) 
Seat 8: Snowman373 ($1.37 in chips) 
Seat 9: Andrej4086 ($2.08 in chips) 
braga121: posts small blind $0.01
RWEST502: posts big blind $0.02
Windowmaker2: posts big blind $0.02
*** HOLE CARDS ***
Dealt to Dorex2007 [Kd 9d]
U-boat101: folds 
robyto56: calls $0.02
Snowman373: folds 
Andrej4086: folds 
Windowmaker2: checks 
Dorex2007: folds 
braga121: calls $0.01
RWEST502: checks 
*** FLOP *** [2c Js 8s]
braga121: bets $0.02
RWEST502: folds 
robyto56: calls $0.02
Windowmaker2: raises $0.12 to $0.14
braga121: folds 
robyto56: calls $0.12
*** TURN *** [2c Js 8s] [As]
robyto56: checks 
Windowmaker2: checks 
*** RIVER *** [2c Js 8s As] [6h]
robyto56: bets $0.18
Windowmaker2: calls $0.18
*** SHOW DOWN ***
robyto56: shows [2h Ah] (two pair, Aces and Deuces)
Windowmaker2: mucks hand 
robyto56 collected $0.71 from pot
*** SUMMARY ***
Total pot $0.74 | Rake $0.03 
Board [2c Js 8s As 6h]
Seat 1: Windowmaker2 mucked [2d Jc]
Seat 2: Dorex2007 (button) folded before Flop (didn't bet)
Seat 4: braga121 (small blind) folded on the Flop
Seat 5: RWEST502 (big blind) folded on the Flop
Seat 6: U-boat101 folded before Flop (didn't bet)
Seat 7: robyto56 showed [2h Ah] and won ($0.71) with two pair, Aces and Deuces
Seat 8: Snowman373 folded before Flop (didn't bet)
Seat 9: Andrej4086 folded before Flop (didn't bet)



PokerStars Hand #233360931200:  Hold'em No Limit ($0.01/$0.02 USD) - 2022/01/21 18:15:58 PT [2022/01/21 21:15:58 ET]
Table 'Veritas' 9-max Seat #4 is the button
Seat 1: Windowmaker2 ($1.26 in chips) 
Seat 2: Dorex2007 ($2.82 in chips) 
Seat 3: 1Asthma1 ($2 in chips) 
Seat 4: braga121 ($1.16 in chips) 
Seat 5: RWEST502 ($3.26 in chips) 
Seat 6: U-boat101 ($1.97 in chips) 
Seat 7: robyto56 ($1.95 in chips) 
Seat 8: Snowman373 ($1.37 in chips) 
Seat 9: Andrej4086 ($2.08 in chips) 
RWEST502: posts small blind $0.01
U-boat101: posts big blind $0.02
1Asthma1: posts big blind $0.02
*** HOLE CARDS ***
Dealt to Dorex2007 [4d 2d]
robyto56: folds 
Snowman373: folds 
Andrej4086: folds 
Windowmaker2: folds 
Dorex2007: folds 
1Asthma1: checks 
braga121: calls $0.02
RWEST502: folds 
U-boat101: checks 
*** FLOP *** [7d 2h 6c]
U-boat101: checks 
1Asthma1: checks 
braga121: bets $0.04
U-boat101: folds 
1Asthma1: folds 
Uncalled bet ($0.04) returned to braga121
braga121 collected $0.07 from pot
braga121: doesn't show hand 
*** SUMMARY ***
Total pot $0.07 | Rake $0 
Board [7d 2h 6c]
Seat 1: Windowmaker2 folded before Flop (didn't bet)
Seat 2: Dorex2007 folded before Flop (didn't bet)
Seat 3: 1Asthma1 folded on the Flop (didn't bet)
Seat 4: braga121 (button) collected ($0.07)
Seat 5: RWEST502 (small blind) folded before Flop
Seat 6: U-boat101 (big blind) folded on the Flop
Seat 7: robyto56 folded before Flop (didn't bet)
Seat 8: Snowman373 folded before Flop (didn't bet)
Seat 9: Andrej4086 folded before Flop (didn't bet)



PokerStars Hand #233360942897:  Hold'em No Limit ($0.01/$0.02 USD) - 2022/01/21 18:16:37 PT [2022/01/21 21:16:37 ET]
Table 'Veritas' 9-max Seat #5 is the button
Seat 1: Windowmaker2 ($1.26 in chips) 
Seat 2: Dorex2007 ($2.82 in chips) 
Seat 3: 1Asthma1 ($2 in chips) 
Seat 4: braga121 ($1.21 in chips) 
Seat 5: RWEST502 ($3.25 in chips) 
Seat 6: U-boat101 ($1.95 in chips) 
Seat 7: robyto56 ($1.95 in chips) 
Seat 8: Snowman373 ($1.37 in chips) 
Seat 9: Andrej4086 ($2.08 in chips) 
U-boat101: posts small blind $0.01
robyto56: posts big blind $0.02
*** HOLE CARDS ***
Dealt to Dorex2007 [6h 5s]
Snowman373: folds 
Andrej4086: folds 
Windowmaker2: folds 
Dorex2007: folds 
1Asthma1: folds 
braga121: calls $0.02
RWEST502: folds 
U-boat101: raises $0.04 to $0.06
robyto56: folds 
braga121: calls $0.04
*** FLOP *** [Ks 5c 6c]
U-boat101: checks 
braga121: bets $0.06
U-boat101: calls $0.06
*** TURN *** [Ks 5c 6c] [Qd]
U-boat101: checks 
braga121: bets $0.14
U-boat101: calls $0.14
*** RIVER *** [Ks 5c 6c Qd] [3d]
U-boat101: checks 
braga121: checks 
*** SHOW DOWN ***
U-boat101: shows [Ts Qs] (a pair of Queens)
braga121: shows [Jh Kd] (a pair of Kings)
braga121 collected $0.52 from pot
*** SUMMARY ***
Total pot $0.54 | Rake $0.02 
Board [Ks 5c 6c Qd 3d]
Seat 1: Windowmaker2 folded before Flop (didn't bet)
Seat 2: Dorex2007 folded before Flop (didn't bet)
Seat 3: 1Asthma1 folded before Flop (didn't bet)
Seat 4: braga121 showed [Jh Kd] and won ($0.52) with a pair of Kings
Seat 5: RWEST502 (button) folded before Flop (didn't bet)
Seat 6: U-boat101 (small blind) showed [Ts Qs] and lost with a pair of Queens
Seat 7: robyto56 (big blind) folded before Flop
Seat 8: Snowman373 folded before Flop (didn't bet)
Seat 9: Andrej4086 folded before Flop (didn't bet)



PokerStars Hand #233360964631:  Hold'em No Limit ($0.01/$0.02 USD) - 2022/01/21 18:17:49 PT [2022/01/21 21:17:49 ET]
Table 'Veritas' 9-max Seat #6 is the button
Seat 1: Windowmaker2 ($1.26 in chips) 
Seat 2: Dorex2007 ($2.82 in chips) 
Seat 3: 1Asthma1 ($2 in chips) 
Seat 4: braga121 ($1.47 in chips) 
Seat 5: RWEST502 ($3.25 in chips) 
Seat 6: U-boat101 ($1.69 in chips) 
Seat 7: robyto56 ($1.93 in chips) 
Seat 8: Snowman373 ($1.37 in chips) 
Seat 9: Andrej4086 ($2.08 in chips) 
robyto56: posts small blind $0.01
Snowman373: posts big blind $0.02
*** HOLE CARDS ***
Dealt to Dorex2007 [Ad Ac]
Andrej4086: folds 
Windowmaker2: folds 
Dorex2007: raises $0.04 to $0.06
1Asthma1: folds 
braga121: folds 
RWEST502: folds 
U-boat101: folds 
robyto56: folds 
Snowman373: folds 
Uncalled bet ($0.04) returned to Dorex2007
Dorex2007 collected $0.05 from pot
Dorex2007: doesn't show hand 
*** SUMMARY ***
Total pot $0.05 | Rake $0 
Seat 1: Windowmaker2 folded before Flop (didn't bet)
Seat 2: Dorex2007 collected ($0.05)
Seat 3: 1Asthma1 folded before Flop (didn't bet)
Seat 4: braga121 folded before Flop (didn't bet)
Seat 5: RWEST502 folded before Flop (didn't bet)
Seat 6: U-boat101 (button) folded before Flop (didn't bet)
Seat 7: robyto56 (small blind) folded before Flop
Seat 8: Snowman373 (big blind) folded before Flop
Seat 9: Andrej4086 folded before Flop (didn't bet)



PokerStars Hand #233360973808:  Hold'em No Limit ($0.01/$0.02 USD) - 2022/01/21 18:18:19 PT [2022/01/21 21:18:19 ET]
Table 'Veritas' 9-max Seat #7 is the button
Seat 1: Windowmaker2 ($1.26 in chips) 
Seat 2: Dorex2007 ($2.85 in chips) 
Seat 3: 1Asthma1 ($2 in chips) 
Seat 4: braga121 ($1.47 in chips) 
Seat 5: RWEST502 ($3.25 in chips) 
Seat 6: U-boat101 ($2 in chips) 
Seat 7: robyto56 ($1.92 in chips) 
Seat 8: Snowman373 ($1.35 in chips) 
Seat 9: Andrej4086 ($2.08 in chips) 
Snowman373: posts small blind $0.01
Andrej4086: posts big blind $0.02
*** HOLE CARDS ***
Dealt to Dorex2007 [4s 9h]
Windowmaker2: folds 
Dorex2007: folds 
1Asthma1: raises $0.04 to $0.06
braga121: folds 
RWEST502: calls $0.06
U-boat101: calls $0.06
robyto56: folds 
Snowman373: folds 
Andrej4086: calls $0.04
*** FLOP *** [Kh 5h 4h]
Andrej4086: checks 
1Asthma1: checks 
RWEST502: checks 
U-boat101: bets $0.12
Andrej4086: folds 
1Asthma1: folds 
RWEST502: folds 
Uncalled bet ($0.12) returned to U-boat101
U-boat101 collected $0.24 from pot
U-boat101: doesn't show hand 
*** SUMMARY ***
Total pot $0.25 | Rake $0.01 
Board [Kh 5h 4h]
Seat 1: Windowmaker2 folded before Flop (didn't bet)
Seat 2: Dorex2007 folded before Flop (didn't bet)
Seat 3: 1Asthma1 folded on the Flop
Seat 4: braga121 folded before Flop (didn't bet)
Seat 5: RWEST502 folded on the Flop
Seat 6: U-boat101 collected ($0.24)
Seat 7: robyto56 (button) folded before Flop (didn't bet)
Seat 8: Snowman373 (small blind) folded before Flop
Seat 9: Andrej4086 (big blind) folded on the Flop



PokerStars Hand #233361003142:  Hold'em No Limit ($0.01/$0.02 USD) - 2022/01/21 18:19:25 PT [2022/01/21 21:19:25 ET]
Table 'Veritas' 9-max Seat #8 is the button
Seat 1: Windowmaker2 ($1.26 in chips) 
Seat 2: Dorex2007 ($2.85 in chips) 
Seat 3: 1Asthma1 ($2 in chips) 
Seat 4: braga121 ($1.47 in chips) 
Seat 5: RWEST502 ($3.19 in chips) 
Seat 6: U-boat101 ($2.18 in chips) 
Seat 7: robyto56 ($1.92 in chips) 
Seat 8: Snowman373 ($1.34 in chips) 
Seat 9: Andrej4086 ($2.02 in chips) 
Andrej4086: posts small blind $0.01
Windowmaker2: posts big blind $0.02
*** HOLE CARDS ***
Dealt to Dorex2007 [5c 9h]
Dorex2007: folds 
1Asthma1: folds 
braga121: folds 
RWEST502: folds 
U-boat101: folds 
robyto56: calls $0.02
Snowman373: folds 
Andrej4086: raises $0.04 to $0.06
Windowmaker2: folds 
robyto56: calls $0.04
*** FLOP *** [4h 5d 2d]
Andrej4086: bets $1.96 and is all-in
robyto56: folds 
Uncalled bet ($1.96) returned to Andrej4086
Andrej4086 collected $0.14 from pot
Andrej4086: doesn't show hand 
*** SUMMARY ***
Total pot $0.14 | Rake $0 
Board [4h 5d 2d]
Seat 1: Windowmaker2 (big blind) folded before Flop
Seat 2: Dorex2007 folded before Flop (didn't bet)
Seat 3: 1Asthma1 folded before Flop (didn't bet)
Seat 4: braga121 folded before Flop (didn't bet)
Seat 5: RWEST502 folded before Flop (didn't bet)
Seat 6: U-boat101 folded before Flop (didn't bet)
Seat 7: robyto56 folded on the Flop
Seat 8: Snowman373 (button) folded before Flop (didn't bet)
Seat 9: Andrej4086 (small blind) collected ($0.14)



PokerStars Hand #233361018966:  Hold'em No Limit ($0.01/$0.02 USD) - 2022/01/21 18:20:09 PT [2022/01/21 21:20:09 ET]
Table 'Veritas' 9-max Seat #9 is the button
Seat 1: Windowmaker2 ($1.24 in chips) 
Seat 2: Dorex2007 ($2.85 in chips) 
Seat 3: 1Asthma1 ($2 in chips) 
Seat 4: braga121 ($1.47 in chips) 
Seat 5: RWEST502 ($3.19 in chips) 
Seat 6: U-boat101 ($2.18 in chips) 
Seat 7: robyto56 ($1.86 in chips) 
Seat 8: Snowman373 ($1.34 in chips) 
Seat 9: Andrej4086 ($2.10 in chips) 
Windowmaker2: posts small blind $0.01
Dorex2007: posts big blind $0.02
*** HOLE CARDS ***
Dealt to Dorex2007 [Ks 5d]
1Asthma1: folds 
braga121: folds 
RWEST502: folds 
U-boat101: folds 
robyto56: calls $0.02
Snowman373: folds 
Andrej4086: folds 
Windowmaker2: folds 
Dorex2007: checks 
*** FLOP *** [3d Kh 6s]
Dorex2007: bets $0.03
robyto56: calls $0.03
*** TURN *** [3d Kh 6s] [5s]
Dorex2007: bets $0.26
robyto56: folds 
Uncalled bet ($0.26) returned to Dorex2007
Dorex2007 collected $0.11 from pot
Dorex2007: doesn't show hand 
*** SUMMARY ***
Total pot $0.11 | Rake $0 
Board [3d Kh 6s 5s]
Seat 1: Windowmaker2 (small blind) folded before Flop
Seat 2: Dorex2007 (big blind) collected ($0.11)
Seat 3: 1Asthma1 folded before Flop (didn't bet)
Seat 4: braga121 folded before Flop (didn't bet)
Seat 5: RWEST502 folded before Flop (didn't bet)
Seat 6: U-boat101 folded before Flop (didn't bet)
Seat 7: robyto56 folded on the Turn
Seat 8: Snowman373 folded before Flop (didn't bet)
Seat 9: Andrej4086 (button) folded before Flop (didn't bet)



PokerStars Hand #233361034196:  Hold'em No Limit ($0.01/$0.02 USD) - 2022/01/21 18:21:00 PT [2022/01/21 21:21:00 ET]
Table 'Veritas' 9-max Seat #1 is the button
Seat 1: Windowmaker2 ($1.23 in chips) 
Seat 2: Dorex2007 ($2.91 in chips) 
Seat 3: 1Asthma1 ($2 in chips) 
Seat 4: braga121 ($1.47 in chips) 
Seat 5: RWEST502 ($3.19 in chips) 
Seat 6: U-boat101 ($2.18 in chips) 
Seat 7: robyto56 ($1.81 in chips) 
Seat 8: Snowman373 ($1.34 in chips) 
Seat 9: Andrej4086 ($2.10 in chips) 
Dorex2007: posts small blind $0.01
1Asthma1: posts big blind $0.02
*** HOLE CARDS ***
Dealt to Dorex2007 [Jd 4c]
braga121: folds 
RWEST502: calls $0.02
U-boat101: raises $0.04 to $0.06
robyto56: calls $0.06
Snowman373: folds 
Andrej4086: folds 
Windowmaker2: folds 
Dorex2007: folds 
1Asthma1: folds 
RWEST502: calls $0.04
*** FLOP *** [4h 8h 7c]
RWEST502: checks 
U-boat101: checks 
robyto56: bets $0.10
RWEST502: folds 
U-boat101: calls $0.10
*** TURN *** [4h 8h 7c] [4d]
U-boat101: checks 
robyto56: bets $0.40
U-boat101: folds 
Uncalled bet ($0.40) returned to robyto56
robyto56 collected $0.40 from pot
robyto56: doesn't show hand 
*** SUMMARY ***
Total pot $0.41 | Rake $0.01 
Board [4h 8h 7c 4d]
Seat 1: Windowmaker2 (button) folded before Flop (didn't bet)
Seat 2: Dorex2007 (small blind) folded before Flop
Seat 3: 1Asthma1 (big blind) folded before Flop
Seat 4: braga121 folded before Flop (didn't bet)
Seat 5: RWEST502 folded on the Flop
Seat 6: U-boat101 folded on the Turn
Seat 7: robyto56 collected ($0.40)
Seat 8: Snowman373 folded before Flop (didn't bet)
Seat 9: Andrej4086 folded before Flop (didn't bet)



PokerStars Hand #233361054403:  Hold'em No Limit ($0.01/$0.02 USD) - 2022/01/21 18:22:09 PT [2022/01/21 21:22:09 ET]
Table 'Veritas' 9-max Seat #2 is the button
Seat 1: Windowmaker2 ($1.23 in chips) 
Seat 2: Dorex2007 ($2.90 in chips) 
Seat 3: 1Asthma1 ($2 in chips) 
Seat 4: braga121 ($1.47 in chips) 
Seat 5: RWEST502 ($3.13 in chips) 
Seat 6: U-boat101 ($2.02 in chips) 
Seat 7: robyto56 ($2.05 in chips) 
Seat 8: Snowman373 ($1.34 in chips) 
Seat 9: Andrej4086 ($2.10 in chips) 
1Asthma1: posts small blind $0.01
braga121: posts big blind $0.02
*** HOLE CARDS ***
Dealt to Dorex2007 [5d 3h]
RWEST502: folds 
U-boat101: folds 
robyto56: calls $0.02
Snowman373: folds 
Andrej4086: calls $0.02
Windowmaker2: folds 
Dorex2007: folds 
1Asthma1: folds 
braga121: checks 
*** FLOP *** [Kd 7c 5c]
braga121: checks 
robyto56: checks 
Andrej4086: bets $0.04
braga121: folds 
robyto56: folds 
Uncalled bet ($0.04) returned to Andrej4086
Andrej4086 collected $0.07 from pot
Andrej4086: doesn't show hand 
*** SUMMARY ***
Total pot $0.07 | Rake $0 
Board [Kd 7c 5c]
Seat 1: Windowmaker2 folded before Flop (didn't bet)
Seat 2: Dorex2007 (button) folded before Flop (didn't bet)
Seat 3: 1Asthma1 (small blind) folded before Flop
Seat 4: braga121 (big blind) folded on the Flop
Seat 5: RWEST502 folded before Flop (didn't bet)
Seat 6: U-boat101 folded before Flop (didn't bet)
Seat 7: robyto56 folded on the Flop
Seat 8: Snowman373 folded before Flop (didn't bet)
Seat 9: Andrej4086 collected ($0.07)



PokerStars Hand #233361081357:  Hold'em No Limit ($0.01/$0.02 USD) - 2022/01/21 18:23:41 PT [2022/01/21 21:23:41 ET]
Table 'Veritas' 9-max Seat #3 is the button
Seat 1: Windowmaker2 ($1.23 in chips) 
Seat 2: Dorex2007 ($2.90 in chips) 
Seat 3: 1Asthma1 ($2 in chips) 
Seat 4: braga121 ($1.45 in chips) 
Seat 5: RWEST502 ($3.13 in chips) 
Seat 6: U-boat101 ($2.02 in chips) 
Seat 7: robyto56 ($2.03 in chips) 
Seat 8: Snowman373 ($1.34 in chips) 
Seat 9: Andrej4086 ($2.15 in chips) 
braga121: posts small blind $0.01
RWEST502: posts big blind $0.02
*** HOLE CARDS ***
Dealt to Dorex2007 [Tc 5s]
U-boat101: folds 
robyto56: folds 
Snowman373: folds 
Andrej4086: folds 
Windowmaker2: folds 
Dorex2007: folds 
1Asthma1: folds 
braga121: calls $0.01
RWEST502: checks 
*** FLOP *** [2d 9s Ah]
braga121: checks 
RWEST502: checks 
*** TURN *** [2d 9s Ah] [3s]
braga121: checks 
RWEST502: checks 
*** RIVER *** [2d 9s Ah 3s] [Kc]
braga121: checks 
RWEST502: bets $0.04
braga121: folds 
Uncalled bet ($0.04) returned to RWEST502
RWEST502 collected $0.04 from pot
*** SUMMARY ***
Total pot $0.04 | Rake $0 
Board [2d 9s Ah 3s Kc]
Seat 1: Windowmaker2 folded before Flop (didn't bet)
Seat 2: Dorex2007 folded before Flop (didn't bet)
Seat 3: 1Asthma1 (button) folded before Flop (didn't bet)
Seat 4: braga121 (small blind) folded on the River
Seat 5: RWEST502 (big blind) collected ($0.04)
Seat 6: U-boat101 folded before Flop (didn't bet)
Seat 7: robyto56 folded before Flop (didn't bet)
Seat 8: Snowman373 folded before Flop (didn't bet)
Seat 9: Andrej4086 folded before Flop (didn't bet)



PokerStars Hand #233361095592:  Hold'em No Limit ($0.01/$0.02 USD) - 2022/01/21 18:24:28 PT [2022/01/21 21:24:28 ET]
Table 'Veritas' 9-max Seat #4 is the button
Seat 1: Windowmaker2 ($1.23 in chips) 
Seat 2: Dorex2007 ($2.90 in chips) 
Seat 3: 1Asthma1 ($2 in chips) 
Seat 4: braga121 ($1.43 in chips) 
Seat 5: RWEST502 ($3.15 in chips) 
Seat 6: U-boat101 ($2.02 in chips) 
Seat 7: robyto56 ($2.03 in chips) 
Seat 8: Snowman373 ($1.34 in chips) 
Seat 9: Andrej4086 ($2.15 in chips) 
RWEST502: posts small blind $0.01
U-boat101: posts big blind $0.02
*** HOLE CARDS ***
Dealt to Dorex2007 [Ts 9c]
robyto56: calls $0.02
Snowman373: folds 
Andrej4086: folds 
Windowmaker2: folds 
Dorex2007: folds 
1Asthma1: folds 
braga121: folds 
RWEST502: calls $0.01
U-boat101: raises $0.04 to $0.06
robyto56: calls $0.04
RWEST502: calls $0.04
*** FLOP *** [Jc 3d 7h]
RWEST502: checks 
U-boat101: bets $0.09
robyto56: folds 
RWEST502: folds 
Uncalled bet ($0.09) returned to U-boat101
U-boat101 collected $0.17 from pot
U-boat101: doesn't show hand 
*** SUMMARY ***
Total pot $0.18 | Rake $0.01 
Board [Jc 3d 7h]
Seat 1: Windowmaker2 folded before Flop (didn't bet)
Seat 2: Dorex2007 folded before Flop (didn't bet)
Seat 3: 1Asthma1 folded before Flop (didn't bet)
Seat 4: braga121 (button) folded before Flop (didn't bet)
Seat 5: RWEST502 (small blind) folded on the Flop
Seat 6: U-boat101 (big blind) collected ($0.17)
Seat 7: robyto56 folded on the Flop
Seat 8: Snowman373 folded before Flop (didn't bet)
Seat 9: Andrej4086 folded before Flop (didn't bet)



PokerStars Hand #233361116073:  Hold'em No Limit ($0.01/$0.02 USD) - 2022/01/21 18:25:14 PT [2022/01/21 21:25:14 ET]
Table 'Veritas' 9-max Seat #5 is the button
Seat 1: Windowmaker2 ($1.23 in chips) 
Seat 2: Dorex2007 ($2.90 in chips) 
Seat 3: 1Asthma1 ($2 in chips) 
Seat 4: braga121 ($1.43 in chips) 
Seat 5: RWEST502 ($3.09 in chips) 
Seat 6: U-boat101 ($2.13 in chips) 
Seat 7: robyto56 ($1.97 in chips) 
Seat 8: Snowman373 ($1.34 in chips) 
Seat 9: Andrej4086 ($2.15 in chips) 
U-boat101: posts small blind $0.01
robyto56: posts big blind $0.02
*** HOLE CARDS ***
Dealt to Dorex2007 [8c 5h]
Snowman373: folds 
Andrej4086: raises $0.05 to $0.07
Windowmaker2: folds 
Dorex2007 has timed out
Dorex2007: folds 
1Asthma1: folds 
braga121: folds 
RWEST502: calls $0.07
U-boat101: folds 
robyto56: calls $0.05
*** FLOP *** [2c 9h Td]
robyto56: checks 
Andrej4086: checks 
RWEST502: checks 
*** TURN *** [2c 9h Td] [3d]
robyto56: checks 
Andrej4086: checks 
RWEST502: checks 
*** RIVER *** [2c 9h Td 3d] [Kd]
robyto56: bets $0.10
Andrej4086: folds 
RWEST502: folds 
Uncalled bet ($0.10) returned to robyto56
robyto56 collected $0.21 from pot
robyto56: doesn't show hand 
*** SUMMARY ***
Total pot $0.22 | Rake $0.01 
Board [2c 9h Td 3d Kd]
Seat 1: Windowmaker2 folded before Flop (didn't bet)
Seat 2: Dorex2007 folded before Flop (didn't bet)
Seat 3: 1Asthma1 folded before Flop (didn't bet)
Seat 4: braga121 folded before Flop (didn't bet)
Seat 5: RWEST502 (button) folded on the River
Seat 6: U-boat101 (small blind) folded before Flop
Seat 7: robyto56 (big blind) collected ($0.21)
Seat 8: Snowman373 folded before Flop (didn't bet)
Seat 9: Andrej4086 folded on the River



PokerStars Hand #233361146619:  Hold'em No Limit ($0.01/$0.02 USD) - 2022/01/21 18:26:58 PT [2022/01/21 21:26:58 ET]
Table 'Veritas' 9-max Seat #7 is the button
Seat 1: Windowmaker2 ($1.17 in chips) 
Seat 2: Dorex2007 ($2.90 in chips) 
Seat 3: 1Asthma1 ($2 in chips) 
Seat 4: braga121 ($1.61 in chips) 
Seat 5: RWEST502 ($2.96 in chips) 
Seat 6: U-boat101 ($2.12 in chips) 
Seat 7: robyto56 ($2.10 in chips) 
Seat 8: Snowman373 ($1.28 in chips) 
Seat 9: Andrej4086 ($2.08 in chips) 
Snowman373: posts small blind $0.01
Andrej4086: posts big blind $0.02
*** HOLE CARDS ***
Dealt to Dorex2007 [5h 8d]
Windowmaker2: folds 
Dorex2007: folds 
1Asthma1: folds 
braga121: folds 
RWEST502: calls $0.02
U-boat101: raises $0.04 to $0.06
robyto56: folds 
Snowman373: folds 
Andrej4086: calls $0.04
RWEST502: calls $0.04
*** FLOP *** [9d 9h Kh]
Andrej4086: checks 
RWEST502: checks 
U-boat101: bets $0.09
Andrej4086: folds 
RWEST502: folds 
Uncalled bet ($0.09) returned to U-boat101
U-boat101 collected $0.18 from pot
U-boat101: doesn't show hand 
*** SUMMARY ***
Total pot $0.19 | Rake $0.01 
Board [9d 9h Kh]
Seat 1: Windowmaker2 folded before Flop (didn't bet)
Seat 2: Dorex2007 folded before Flop (didn't bet)
Seat 3: 1Asthma1 folded before Flop (didn't bet)
Seat 4: braga121 folded before Flop (didn't bet)
Seat 5: RWEST502 folded on the Flop
Seat 6: U-boat101 collected ($0.18)
Seat 7: robyto56 (button) folded before Flop (didn't bet)
Seat 8: Snowman373 (small blind) folded before Flop
Seat 9: Andrej4086 (big blind) folded on the Flop



PokerStars Hand #233361158204:  Hold'em No Limit ($0.01/$0.02 USD) - 2022/01/21 18:27:38 PT [2022/01/21 21:27:38 ET]
Table 'Veritas' 9-max Seat #8 is the button
Seat 1: Windowmaker2 ($1.17 in chips) 
Seat 2: Dorex2007 ($2.90 in chips) 
Seat 3: 1Asthma1 ($2 in chips) 
Seat 4: braga121 ($1.61 in chips) 
Seat 5: RWEST502 ($2.90 in chips) 
Seat 6: U-boat101 ($2.24 in chips) 
Seat 7: robyto56 ($2.10 in chips) 
Seat 8: Snowman373 ($1.27 in chips) 
Seat 9: Andrej4086 ($2.02 in chips) 
Andrej4086: posts small blind $0.01
Windowmaker2: posts big blind $0.02
*** HOLE CARDS ***
Dealt to Dorex2007 [Ts 3s]
Dorex2007: folds 
1Asthma1: folds 
braga121: raises $0.04 to $0.06
RWEST502: folds 
U-boat101: folds 
robyto56: folds 
Snowman373: folds 
Andrej4086: folds 
Windowmaker2: folds 
Uncalled bet ($0.04) returned to braga121
braga121 collected $0.05 from pot
braga121: doesn't show hand 
*** SUMMARY ***
Total pot $0.05 | Rake $0 
Seat 1: Windowmaker2 (big blind) folded before Flop
Seat 2: Dorex2007 folded before Flop (didn't bet)
Seat 3: 1Asthma1 folded before Flop (didn't bet)
Seat 4: braga121 collected ($0.05)
Seat 5: RWEST502 folded before Flop (didn't bet)
Seat 6: U-boat101 folded before Flop (didn't bet)
Seat 7: robyto56 folded before Flop (didn't bet)
Seat 8: Snowman373 (button) folded before Flop (didn't bet)
Seat 9: Andrej4086 (small blind) folded before Flop



PokerStars Hand #233361165836:  Hold'em No Limit ($0.01/$0.02 USD) - 2022/01/21 18:28:04 PT [2022/01/21 21:28:04 ET]
Table 'Veritas' 9-max Seat #9 is the button
Seat 1: Windowmaker2 ($1.15 in chips) 
Seat 2: Dorex2007 ($2.90 in chips) 
Seat 3: 1Asthma1 ($2 in chips) 
Seat 4: braga121 ($1.64 in chips) 
Seat 5: RWEST502 ($2.90 in chips) 
Seat 6: U-boat101 ($2.24 in chips) 
Seat 7: robyto56 ($2.10 in chips) 
Seat 8: Snowman373 ($1.27 in chips) 
Seat 9: Andrej4086 ($2.01 in chips) 
Windowmaker2: posts small blind $0.01
Dorex2007: posts big blind $0.02
*** HOLE CARDS ***
Dealt to Dorex2007 [7d 9h]
1Asthma1: folds 
braga121: folds 
RWEST502: calls $0.02
U-boat101: raises $0.03 to $0.05
robyto56: calls $0.05
Snowman373: folds 
Andrej4086: calls $0.05
Windowmaker2: folds 
Dorex2007: folds 
RWEST502: calls $0.03
*** FLOP *** [4c 7s 8h]
RWEST502: bets $0.02
U-boat101: calls $0.02
robyto56: calls $0.02
Andrej4086: calls $0.02
*** TURN *** [4c 7s 8h] [9s]
RWEST502: bets $0.02
U-boat101: calls $0.02
robyto56: calls $0.02
Andrej4086: calls $0.02
*** RIVER *** [4c 7s 8h 9s] [Th]
RWEST502: checks 
U-boat101: checks 
robyto56: bets $0.02
Andrej4086: calls $0.02
RWEST502: calls $0.02
U-boat101: folds 
*** SHOW DOWN ***
robyto56: shows [Qd 6d] (a straight, Six to Ten)
Andrej4086: shows [6c 2c] (a straight, Six to Ten)
RWEST502: mucks hand 
robyto56 collected $0.22 from pot
Andrej4086 collected $0.21 from pot
*** SUMMARY ***
Total pot $0.45 | Rake $0.02 
Board [4c 7s 8h 9s Th]
Seat 1: Windowmaker2 (small blind) folded before Flop
Seat 2: Dorex2007 (big blind) folded before Flop
Seat 3: 1Asthma1 folded before Flop (didn't bet)
Seat 4: braga121 folded before Flop (didn't bet)
Seat 5: RWEST502 mucked [9c 7c]
Seat 6: U-boat101 folded on the River
Seat 7: robyto56 showed [Qd 6d] and won ($0.22) with a straight, Six to Ten
Seat 8: Snowman373 folded before Flop (didn't bet)
Seat 9: Andrej4086 (button) showed [6c 2c] and won ($0.21) with a straight, Six to Ten



PokerStars Hand #233361183890:  Hold'em No Limit ($0.01/$0.02 USD) - 2022/01/21 18:29:06 PT [2022/01/21 21:29:06 ET]
Table 'Veritas' 9-max Seat #1 is the button
Seat 1: Windowmaker2 ($1.14 in chips) 
Seat 2: Dorex2007 ($2.88 in chips) 
Seat 3: 1Asthma1 ($2 in chips) 
Seat 4: braga121 ($1.64 in chips) 
Seat 5: RWEST502 ($2.79 in chips) 
Seat 6: U-boat101 ($2.15 in chips) 
Seat 7: robyto56 ($2.21 in chips) 
Seat 8: Snowman373 ($1.27 in chips) 
Seat 9: Andrej4086 ($2.11 in chips) 
Dorex2007: posts small blind $0.01
1Asthma1: posts big blind $0.02
*** HOLE CARDS ***
Dealt to Dorex2007 [8c As]
braga121: raises $0.04 to $0.06
RWEST502: folds 
U-boat101: folds 
robyto56: folds 
Snowman373: folds 
Andrej4086: folds 
Windowmaker2: folds 
Dorex2007: calls $0.05
1Asthma1: folds 
*** FLOP *** [4h 3d Ac]
Dorex2007: checks 
braga121: bets $0.06
Dorex2007: calls $0.06
*** TURN *** [4h 3d Ac] [6c]
Dorex2007: checks 
braga121: checks 
*** RIVER *** [4h 3d Ac 6c] [7s]
Dorex2007: bets $0.17
braga121: folds 
Uncalled bet ($0.17) returned to Dorex2007
Dorex2007 collected $0.25 from pot
Dorex2007: doesn't show hand 
*** SUMMARY ***
Total pot $0.26 | Rake $0.01 
Board [4h 3d Ac 6c 7s]
Seat 1: Windowmaker2 (button) folded before Flop (didn't bet)
Seat 2: Dorex2007 (small blind) collected ($0.25)
Seat 3: 1Asthma1 (big blind) folded before Flop
Seat 4: braga121 folded on the River
Seat 5: RWEST502 folded before Flop (didn't bet)
Seat 6: U-boat101 folded before Flop (didn't bet)
Seat 7: robyto56 folded before Flop (didn't bet)
Seat 8: Snowman373 folded before Flop (didn't bet)
Seat 9: Andrej4086 folded before Flop (didn't bet)



PokerStars Hand #233361202822:  Hold'em No Limit ($0.01/$0.02 USD) - 2022/01/21 18:30:11 PT [2022/01/21 21:30:11 ET]
Table 'Veritas' 9-max Seat #2 is the button
Seat 1: Windowmaker2 ($1.14 in chips) 
Seat 2: Dorex2007 ($3.01 in chips) 
Seat 3: 1Asthma1 ($2 in chips) 
Seat 4: braga121 ($1.52 in chips) 
Seat 5: RWEST502 ($2.79 in chips) 
Seat 6: U-boat101 ($2.15 in chips) 
Seat 7: robyto56 ($2.21 in chips) 
Seat 8: Snowman373 ($1.27 in chips) 
Seat 9: Andrej4086 ($2.11 in chips) 
1Asthma1: posts small blind $0.01
braga121: posts big blind $0.02
*** HOLE CARDS ***
Dealt to Dorex2007 [3s 2d]
RWEST502: calls $0.02
U-boat101: raises $0.03 to $0.05
robyto56: folds 
Snowman373: folds 
Andrej4086: folds 
Windowmaker2: folds 
Dorex2007: folds 
1Asthma1: calls $0.04
braga121: calls $0.03
RWEST502: raises $0.20 to $0.25
U-boat101: folds 
1Asthma1: folds 
braga121: folds 
Uncalled bet ($0.20) returned to RWEST502
RWEST502 collected $0.20 from pot
RWEST502: doesn't show hand 
*** SUMMARY ***
Total pot $0.20 | Rake $0 
Seat 1: Windowmaker2 folded before Flop (didn't bet)
Seat 2: Dorex2007 (button) folded before Flop (didn't bet)
Seat 3: 1Asthma1 (small blind) folded before Flop
Seat 4: braga121 (big blind) folded before Flop
Seat 5: RWEST502 collected ($0.20)
Seat 6: U-boat101 folded before Flop
Seat 7: robyto56 folded before Flop (didn't bet)
Seat 8: Snowman373 folded before Flop (didn't bet)
Seat 9: Andrej4086 folded before Flop (didn't bet)



PokerStars Hand #233361216067:  Hold'em No Limit ($0.01/$0.02 USD) - 2022/01/21 18:30:56 PT [2022/01/21 21:30:56 ET]
Table 'Veritas' 9-max Seat #3 is the button
Seat 1: Windowmaker2 ($1.14 in chips) 
Seat 2: Dorex2007 ($3.01 in chips) 
Seat 3: 1Asthma1 ($2 in chips) 
Seat 4: braga121 ($1.47 in chips) 
Seat 5: RWEST502 ($2.94 in chips) 
Seat 6: U-boat101 ($2.10 in chips) 
Seat 7: robyto56 ($2.21 in chips) 
Seat 8: Snowman373 ($1.27 in chips) 
Seat 9: Andrej4086 ($2.11 in chips) 
braga121: posts small blind $0.01
RWEST502: posts big blind $0.02
*** HOLE CARDS ***
Dealt to Dorex2007 [5h 2h]
U-boat101: folds 
robyto56: calls $0.02
Snowman373: folds 
Andrej4086: folds 
Windowmaker2: calls $0.02
Dorex2007: folds 
1Asthma1: folds 
braga121: folds 
RWEST502: checks 
*** FLOP *** [8d Th 6c]
RWEST502: checks 
robyto56: checks 
Snowman373 is disconnected 
Windowmaker2: checks 
*** TURN *** [8d Th 6c] [Jh]
RWEST502: checks 
robyto56: checks 
Windowmaker2: bets $0.04
RWEST502: folds 
robyto56: calls $0.04
*** RIVER *** [8d Th 6c Jh] [4h]
robyto56: checks 
Windowmaker2: checks 
*** SHOW DOWN ***
robyto56: shows [7h 6d] (a pair of Sixes)
Windowmaker2: mucks hand 
robyto56 collected $0.14 from pot
*** SUMMARY ***
Total pot $0.15 | Rake $0.01 
Board [8d Th 6c Jh 4h]
Seat 1: Windowmaker2 mucked [3c 3h]
Seat 2: Dorex2007 folded before Flop (didn't bet)
Seat 3: 1Asthma1 (button) folded before Flop (didn't bet)
Seat 4: braga121 (small blind) folded before Flop
Seat 5: RWEST502 (big blind) folded on the Turn
Seat 6: U-boat101 folded before Flop (didn't bet)
Seat 7: robyto56 showed [7h 6d] and won ($0.14) with a pair of Sixes
Seat 8: Snowman373 folded before Flop (didn't bet)
Seat 9: Andrej4086 folded before Flop (didn't bet)



PokerStars Hand #233361240052:  Hold'em No Limit ($0.01/$0.02 USD) - 2022/01/21 18:32:12 PT [2022/01/21 21:32:12 ET]
Table 'Veritas' 9-max Seat #4 is the button
Seat 1: Windowmaker2 ($1.08 in chips) 
Seat 2: Dorex2007 ($3.01 in chips) 
Seat 3: 1Asthma1 ($2 in chips) 
Seat 4: braga121 ($1.46 in chips) 
Seat 5: RWEST502 ($2.92 in chips) 
Seat 6: U-boat101 ($2.10 in chips) 
Seat 7: robyto56 ($2.29 in chips) 
Seat 8: Snowman373 ($1.27 in chips) 
Seat 9: Andrej4086 ($2.11 in chips) 
RWEST502: posts small blind $0.01
U-boat101: posts big blind $0.02
*** HOLE CARDS ***
Dealt to Dorex2007 [2h 7h]
robyto56: calls $0.02
Snowman373: folds 
Andrej4086: folds 
Windowmaker2: folds 
Dorex2007: folds 
1Asthma1: folds 
braga121: calls $0.02
RWEST502: calls $0.01
U-boat101: checks 
*** FLOP *** [Qh 4s Th]
RWEST502: checks 
U-boat101: checks 
robyto56: checks 
braga121: checks 
*** TURN *** [Qh 4s Th] [5h]
RWEST502: checks 
U-boat101: checks 
robyto56: checks 
braga121: checks 
*** RIVER *** [Qh 4s Th 5h] [4h]
RWEST502: checks 
U-boat101: checks 
robyto56: checks 
braga121: checks 
*** SHOW DOWN ***
RWEST502: shows [As 5d] (two pair, Fives and Fours)
U-boat101: shows [9d Ts] (two pair, Tens and Fours)
robyto56: mucks hand 
braga121: shows [Ah 6s] (a flush, Ace high)
braga121 collected $0.08 from pot
*** SUMMARY ***
Total pot $0.08 | Rake $0 
Board [Qh 4s Th 5h 4h]
Seat 1: Windowmaker2 folded before Flop (didn't bet)
Seat 2: Dorex2007 folded before Flop (didn't bet)
Seat 3: 1Asthma1 folded before Flop (didn't bet)
Seat 4: braga121 (button) showed [Ah 6s] and won ($0.08) with a flush, Ace high
Seat 5: RWEST502 (small blind) showed [As 5d] and lost with two pair, Fives and Fours
Seat 6: U-boat101 (big blind) showed [9d Ts] and lost with two pair, Tens and Fours
Seat 7: robyto56 mucked [3s 3c]
Seat 8: Snowman373 folded before Flop (didn't bet)
Seat 9: Andrej4086 folded before Flop (didn't bet)



PokerStars Hand #233361259200:  Hold'em No Limit ($0.01/$0.02 USD) - 2022/01/21 18:33:18 PT [2022/01/21 21:33:18 ET]
Table 'Veritas' 9-max Seat #5 is the button
Seat 1: Windowmaker2 ($1.08 in chips) 
Seat 2: Dorex2007 ($3.01 in chips) 
Seat 3: 1Asthma1 ($2 in chips) 
Seat 4: braga121 ($1.52 in chips) 
Seat 5: RWEST502 ($2.90 in chips) 
Seat 6: U-boat101 ($2.08 in chips) 
Seat 7: robyto56 ($2.27 in chips) 
Seat 8: Snowman373 ($1.27 in chips) 
Seat 9: Andrej4086 ($2.11 in chips) 
U-boat101: posts small blind $0.01
robyto56: posts big blind $0.02
*** HOLE CARDS ***
Dealt to Dorex2007 [Ts 2h]
Snowman373: folds 
Andrej4086: calls $0.02
Windowmaker2: folds 
Dorex2007 has timed out
Dorex2007: folds 
1Asthma1: folds 
braga121 has timed out
braga121: folds 
RWEST502: folds 
U-boat101: calls $0.01
robyto56: checks 
*** FLOP *** [6d Ah 3h]
U-boat101: checks 
robyto56: checks 
Andrej4086: checks 
*** TURN *** [6d Ah 3h] [Qs]
U-boat101: bets $0.03
robyto56: folds 
Andrej4086: calls $0.03
*** RIVER *** [6d Ah 3h Qs] [Jc]
robyto56 leaves the table
1Asthma1 leaves the table
U-boat101: bets $0.06
Andrej4086: folds 
Uncalled bet ($0.06) returned to U-boat101
U-boat101 collected $0.12 from pot
U-boat101: doesn't show hand 
*** SUMMARY ***
Total pot $0.12 | Rake $0 
Board [6d Ah 3h Qs Jc]
Seat 1: Windowmaker2 folded before Flop (didn't bet)
Seat 2: Dorex2007 folded before Flop (didn't bet)
Seat 3: 1Asthma1 folded before Flop (didn't bet)
Seat 4: braga121 folded before Flop (didn't bet)
Seat 5: RWEST502 (button) folded before Flop (didn't bet)
Seat 6: U-boat101 (small blind) collected ($0.12)
Seat 7: robyto56 (big blind) folded on the Turn
Seat 8: Snowman373 folded before Flop (didn't bet)
Seat 9: Andrej4086 folded on the River



PokerStars Hand #233361283899:  Hold'em No Limit ($0.01/$0.02 USD) - 2022/01/21 18:34:44 PT [2022/01/21 21:34:44 ET]
Table 'Veritas' 9-max Seat #6 is the button
Seat 1: Windowmaker2 ($1.08 in chips) 
Seat 2: Dorex2007 ($3.01 in chips) 
Seat 4: braga121 ($1.52 in chips) 
Seat 5: RWEST502 ($2.90 in chips) 
Seat 6: U-boat101 ($2.15 in chips) 
Seat 8: Snowman373 ($1.27 in chips) 
Seat 9: Andrej4086 ($2.06 in chips) 
Snowman373: posts small blind $0.01
Andrej4086: posts big blind $0.02
*** HOLE CARDS ***
Dealt to Dorex2007 [6d Qs]
Windowmaker2: folds 
Dorex2007: folds 
braga121: calls $0.02
RWEST502: folds 
U-boat101: folds 
Snowman373: folds 
Andrej4086: checks 
*** FLOP *** [7c As 9h]
RWEST502 leaves the table
Andrej4086: checks 
braga121: checks 
*** TURN *** [7c As 9h] [8s]
Andrej4086: checks 
braga121: bets $0.02
Andrej4086: folds 
Uncalled bet ($0.02) returned to braga121
braga121 collected $0.05 from pot
braga121: doesn't show hand 
*** SUMMARY ***
Total pot $0.05 | Rake $0 
Board [7c As 9h 8s]
Seat 1: Windowmaker2 folded before Flop (didn't bet)
Seat 2: Dorex2007 folded before Flop (didn't bet)
Seat 4: braga121 collected ($0.05)
Seat 5: RWEST502 folded before Flop (didn't bet)
Seat 6: U-boat101 (button) folded before Flop (didn't bet)
Seat 8: Snowman373 (small blind) folded before Flop
Seat 9: Andrej4086 (big blind) folded on the Turn



PokerStars Hand #233361295456:  Hold'em No Limit ($0.01/$0.02 USD) - 2022/01/21 18:35:23 PT [2022/01/21 21:35:23 ET]
Table 'Veritas' 9-max Seat #8 is the button
Seat 1: Windowmaker2 ($1.08 in chips) 
Seat 2: Dorex2007 ($3.01 in chips) 
Seat 4: braga121 ($1.55 in chips) 
Seat 6: U-boat101 ($2.15 in chips) 
Seat 8: Snowman373 ($1.26 in chips) 
Seat 9: Andrej4086 ($2.04 in chips) 
Andrej4086: posts small blind $0.01
Windowmaker2: posts big blind $0.02
*** HOLE CARDS ***
Dealt to Dorex2007 [9c 3h]
Dorex2007: folds 
braga121: calls $0.02
U-boat101: folds 
Snowman373: calls $0.02
Andrej4086: calls $0.01
Windowmaker2: checks 
*** FLOP *** [Tc 9h 9d]
Andrej4086: checks 
Windowmaker2: checks 
braga121: bets $0.04
Snowman373: folds 
Andrej4086: folds 
Windowmaker2: folds 
Uncalled bet ($0.04) returned to braga121
braga121 collected $0.08 from pot
braga121: doesn't show hand 
*** SUMMARY ***
Total pot $0.08 | Rake $0 
Board [Tc 9h 9d]
Seat 1: Windowmaker2 (big blind) folded on the Flop
Seat 2: Dorex2007 folded before Flop (didn't bet)
Seat 4: braga121 collected ($0.08)
Seat 6: U-boat101 folded before Flop (didn't bet)
Seat 8: Snowman373 (button) folded on the Flop
Seat 9: Andrej4086 (small blind) folded on the Flop



