PokerStars Hand #224007365579:  Hold'em No Limit ($0.01/$0.02 USD) - 2021/02/19 16:32:55 PT [2021/02/19 19:32:55 ET]
Table 'Antielus V' 9-max Seat #9 is the button
Seat 1: ziv456 ($3.53 in chips) 
Seat 2: Dorex2007 ($1.50 in chips) 
Seat 3: GUILLE 1308 ($2.16 in chips) 
Seat 4: WARRENtheSAP ($2.68 in chips) 
Seat 5: will2th3 ($1.14 in chips) 
Seat 6: rafael-nik ($2.43 in chips) 
Seat 7: GypsyBaron ($2.13 in chips) 
Seat 8: Nick.Siloff ($2 in chips) 
Seat 9: ps_chase ($3.16 in chips) 
ziv456: posts small blind $0.01
Dorex2007: posts big blind $0.02
*** HOLE CARDS ***
Dealt to Dorex2007 [3h Kc]
GUILLE 1308: folds 
WARRENtheSAP: folds 
will2th3: calls $0.02
rafael-nik: folds 
GypsyBaron: folds 
Nick.Siloff: folds 
ps_chase: raises $0.07 to $0.09
ziv456: folds 
Dorex2007: folds 
will2th3: calls $0.07
*** FLOP *** [Ah 6d Td]
will2th3: checks 
ps_chase: checks 
*** TURN *** [Ah 6d Td] [8h]
will2th3: checks 
ps_chase: checks 
*** RIVER *** [Ah 6d Td 8h] [3c]
will2th3: checks 
ps_chase: bets $0.14
will2th3: folds 
Uncalled bet ($0.14) returned to ps_chase
ps_chase collected $0.20 from pot
*** SUMMARY ***
Total pot $0.21 | Rake $0.01 
Board [Ah 6d Td 8h 3c]
Seat 1: ziv456 (small blind) folded before Flop
Seat 2: Dorex2007 (big blind) folded before Flop
Seat 3: GUILLE 1308 folded before Flop (didn't bet)
Seat 4: WARRENtheSAP folded before Flop (didn't bet)
Seat 5: will2th3 folded on the River
Seat 6: rafael-nik folded before Flop (didn't bet)
Seat 7: GypsyBaron folded before Flop (didn't bet)
Seat 8: Nick.Siloff folded before Flop (didn't bet)
Seat 9: ps_chase (button) collected ($0.20)



PokerStars Hand #224007398452:  Hold'em No Limit ($0.01/$0.02 USD) - 2021/02/19 16:34:01 PT [2021/02/19 19:34:01 ET]
Table 'Antielus V' 9-max Seat #1 is the button
Seat 1: ziv456 ($3.52 in chips) 
Seat 2: Dorex2007 ($1.48 in chips) 
Seat 3: GUILLE 1308 ($2.16 in chips) 
Seat 4: WARRENtheSAP ($2.68 in chips) 
Seat 5: will2th3 ($1.05 in chips) 
Seat 6: rafael-nik ($2.43 in chips) 
Seat 7: GypsyBaron ($2.13 in chips) 
Seat 8: Nick.Siloff ($2 in chips) 
Seat 9: ps_chase ($3.27 in chips) 
Dorex2007: posts small blind $0.01
GUILLE 1308: posts big blind $0.02
*** HOLE CARDS ***
Dealt to Dorex2007 [9c 7c]
WARRENtheSAP: folds 
will2th3: raises $0.02 to $0.04
rafael-nik: calls $0.04
GypsyBaron: folds 
Nick.Siloff: folds 
ps_chase: folds 
ziv456: calls $0.04
Dorex2007: folds 
GUILLE 1308: folds 
*** FLOP *** [Ks 3d 6d]
will2th3: checks 
rafael-nik: bets $0.06
ziv456: folds 
will2th3: folds 
Uncalled bet ($0.06) returned to rafael-nik
rafael-nik collected $0.14 from pot
rafael-nik: doesn't show hand 
*** SUMMARY ***
Total pot $0.15 | Rake $0.01 
Board [Ks 3d 6d]
Seat 1: ziv456 (button) folded on the Flop
Seat 2: Dorex2007 (small blind) folded before Flop
Seat 3: GUILLE 1308 (big blind) folded before Flop
Seat 4: WARRENtheSAP folded before Flop (didn't bet)
Seat 5: will2th3 folded on the Flop
Seat 6: rafael-nik collected ($0.14)
Seat 7: GypsyBaron folded before Flop (didn't bet)
Seat 8: Nick.Siloff folded before Flop (didn't bet)
Seat 9: ps_chase folded before Flop (didn't bet)



PokerStars Hand #224007416178:  Hold'em No Limit ($0.01/$0.02 USD) - 2021/02/19 16:34:37 PT [2021/02/19 19:34:37 ET]
Table 'Antielus V' 9-max Seat #2 is the button
Seat 1: ziv456 ($3.48 in chips) 
Seat 2: Dorex2007 ($1.47 in chips) 
Seat 3: GUILLE 1308 ($2.14 in chips) 
Seat 4: WARRENtheSAP ($2.68 in chips) 
Seat 5: will2th3 ($1.01 in chips) 
Seat 6: rafael-nik ($2.53 in chips) 
Seat 7: GypsyBaron ($2.13 in chips) 
Seat 8: Nick.Siloff ($2 in chips) 
Seat 9: ps_chase ($3.27 in chips) 
GUILLE 1308: posts small blind $0.01
WARRENtheSAP: posts big blind $0.02
*** HOLE CARDS ***
Dealt to Dorex2007 [2h 9h]
will2th3: raises $0.02 to $0.04
rafael-nik: calls $0.04
GypsyBaron: folds 
Nick.Siloff: folds 
ps_chase: folds 
ziv456: calls $0.04
Dorex2007: folds 
GUILLE 1308: folds 
WARRENtheSAP: calls $0.02
*** FLOP *** [8s 9s 2c]
WARRENtheSAP: checks 
will2th3: bets $0.10
rafael-nik: folds 
ziv456: calls $0.10
WARRENtheSAP: folds 
*** TURN *** [8s 9s 2c] [Kc]
will2th3: checks 
ziv456: bets $0.24
will2th3: calls $0.24
*** RIVER *** [8s 9s 2c Kc] [6h]
will2th3: bets $0.63 and is all-in
ziv456: folds 
Uncalled bet ($0.63) returned to will2th3
will2th3 collected $0.82 from pot
will2th3: doesn't show hand 
*** SUMMARY ***
Total pot $0.85 | Rake $0.03 
Board [8s 9s 2c Kc 6h]
Seat 1: ziv456 folded on the River
Seat 2: Dorex2007 (button) folded before Flop (didn't bet)
Seat 3: GUILLE 1308 (small blind) folded before Flop
Seat 4: WARRENtheSAP (big blind) folded on the Flop
Seat 5: will2th3 collected ($0.82)
Seat 6: rafael-nik folded on the Flop
Seat 7: GypsyBaron folded before Flop (didn't bet)
Seat 8: Nick.Siloff folded before Flop (didn't bet)
Seat 9: ps_chase folded before Flop (didn't bet)



PokerStars Hand #224007463376:  Hold'em No Limit ($0.01/$0.02 USD) - 2021/02/19 16:35:59 PT [2021/02/19 19:35:59 ET]
Table 'Antielus V' 9-max Seat #3 is the button
Seat 1: ziv456 ($3.10 in chips) 
Seat 2: Dorex2007 ($1.47 in chips) 
Seat 3: GUILLE 1308 ($2.13 in chips) 
Seat 4: WARRENtheSAP ($2.64 in chips) 
Seat 5: will2th3 ($1.45 in chips) 
Seat 6: rafael-nik ($2.49 in chips) 
Seat 7: GypsyBaron ($2.13 in chips) 
Seat 8: Nick.Siloff ($2 in chips) 
Seat 9: ps_chase ($3.27 in chips) 
WARRENtheSAP: posts small blind $0.01
ziv456 said, "wp"
will2th3: posts big blind $0.02
*** HOLE CARDS ***
Dealt to Dorex2007 [Qd As]
rafael-nik: folds 
GypsyBaron: folds 
Nick.Siloff: folds 
ps_chase: folds 
ziv456: calls $0.02
Dorex2007: raises $0.04 to $0.06
GUILLE 1308: folds 
WARRENtheSAP: folds 
will2th3: calls $0.04
ziv456: calls $0.04
*** FLOP *** [Jc Ac 8h]
will2th3: checks 
ziv456: checks 
Dorex2007: bets $0.18
will2th3: folds 
ziv456: folds 
Uncalled bet ($0.18) returned to Dorex2007
Dorex2007 collected $0.18 from pot
Dorex2007: doesn't show hand 
*** SUMMARY ***
Total pot $0.19 | Rake $0.01 
Board [Jc Ac 8h]
Seat 1: ziv456 folded on the Flop
Seat 2: Dorex2007 collected ($0.18)
Seat 3: GUILLE 1308 (button) folded before Flop (didn't bet)
Seat 4: WARRENtheSAP (small blind) folded before Flop
Seat 5: will2th3 (big blind) folded on the Flop
Seat 6: rafael-nik folded before Flop (didn't bet)
Seat 7: GypsyBaron folded before Flop (didn't bet)
Seat 8: Nick.Siloff folded before Flop (didn't bet)
Seat 9: ps_chase folded before Flop (didn't bet)



PokerStars Hand #224007484101:  Hold'em No Limit ($0.01/$0.02 USD) - 2021/02/19 16:36:41 PT [2021/02/19 19:36:41 ET]
Table 'Antielus V' 9-max Seat #4 is the button
Seat 1: ziv456 ($3.04 in chips) 
Seat 2: Dorex2007 ($1.59 in chips) 
Seat 3: GUILLE 1308 ($2.13 in chips) 
Seat 4: WARRENtheSAP ($2.63 in chips) 
Seat 5: will2th3 ($1.39 in chips) 
Seat 6: rafael-nik ($2.49 in chips) 
Seat 7: GypsyBaron ($2.13 in chips) 
Seat 8: Nick.Siloff ($2 in chips) 
Seat 9: ps_chase ($3.27 in chips) 
will2th3: posts small blind $0.01
rafael-nik: posts big blind $0.02
*** HOLE CARDS ***
Dealt to Dorex2007 [5h Jc]
GypsyBaron: folds 
will2th3 said, "You had spades "
Nick.Siloff: folds 
ps_chase: folds 
ziv456: folds 
Dorex2007: folds 
GUILLE 1308: folds 
WARRENtheSAP: folds 
will2th3: raises $0.02 to $0.04
rafael-nik: calls $0.02
*** FLOP *** [7c 8h Qh]
ziv456 said, "not even close ;)"
will2th3: bets $0.02
rafael-nik: raises $0.12 to $0.14
ziv456 said, "failed draw"
will2th3: calls $0.12
*** TURN *** [7c 8h Qh] [4s]
will2th3: checks 
rafael-nik: bets $0.35
will2th3 said, "Lol"
will2th3: folds 
Uncalled bet ($0.35) returned to rafael-nik
rafael-nik collected $0.35 from pot
rafael-nik: doesn't show hand 
*** SUMMARY ***
Total pot $0.36 | Rake $0.01 
Board [7c 8h Qh 4s]
Seat 1: ziv456 folded before Flop (didn't bet)
Seat 2: Dorex2007 folded before Flop (didn't bet)
Seat 3: GUILLE 1308 folded before Flop (didn't bet)
Seat 4: WARRENtheSAP (button) folded before Flop (didn't bet)
Seat 5: will2th3 (small blind) folded on the Turn
Seat 6: rafael-nik (big blind) collected ($0.35)
Seat 7: GypsyBaron folded before Flop (didn't bet)
Seat 8: Nick.Siloff folded before Flop (didn't bet)
Seat 9: ps_chase folded before Flop (didn't bet)



PokerStars Hand #224007508870:  Hold'em No Limit ($0.01/$0.02 USD) - 2021/02/19 16:37:32 PT [2021/02/19 19:37:32 ET]
Table 'Antielus V' 9-max Seat #5 is the button
Seat 1: ziv456 ($3.04 in chips) 
Seat 2: Dorex2007 ($1.59 in chips) 
Seat 3: GUILLE 1308 ($2.13 in chips) 
Seat 4: WARRENtheSAP ($2.63 in chips) 
Seat 5: will2th3 ($1.21 in chips) 
Seat 6: rafael-nik ($2.66 in chips) 
Seat 7: GypsyBaron ($2.13 in chips) 
Seat 8: Nick.Siloff ($2 in chips) 
Seat 9: ps_chase ($3.27 in chips) 
rafael-nik: posts small blind $0.01
GypsyBaron: posts big blind $0.02
*** HOLE CARDS ***
Dealt to Dorex2007 [Qs 7h]
Nick.Siloff: folds 
ps_chase: folds 
ziv456: folds 
Dorex2007: folds 
GUILLE 1308: calls $0.02
WARRENtheSAP: folds 
will2th3: folds 
rafael-nik: calls $0.01
GypsyBaron: checks 
*** FLOP *** [3h 2s 6s]
rafael-nik: bets $0.06
GypsyBaron: folds 
GUILLE 1308: calls $0.06
*** TURN *** [3h 2s 6s] [Js]
rafael-nik: bets $0.06
GUILLE 1308: calls $0.06
*** RIVER *** [3h 2s 6s Js] [9s]
rafael-nik: checks 
GUILLE 1308: bets $1.99 and is all-in
rafael-nik: folds 
Uncalled bet ($1.99) returned to GUILLE 1308
GUILLE 1308 collected $0.29 from pot
GUILLE 1308: doesn't show hand 
*** SUMMARY ***
Total pot $0.30 | Rake $0.01 
Board [3h 2s 6s Js 9s]
Seat 1: ziv456 folded before Flop (didn't bet)
Seat 2: Dorex2007 folded before Flop (didn't bet)
Seat 3: GUILLE 1308 collected ($0.29)
Seat 4: WARRENtheSAP folded before Flop (didn't bet)
Seat 5: will2th3 (button) folded before Flop (didn't bet)
Seat 6: rafael-nik (small blind) folded on the River
Seat 7: GypsyBaron (big blind) folded on the Flop
Seat 8: Nick.Siloff folded before Flop (didn't bet)
Seat 9: ps_chase folded before Flop (didn't bet)



PokerStars Hand #224007537895:  Hold'em No Limit ($0.01/$0.02 USD) - 2021/02/19 16:38:31 PT [2021/02/19 19:38:31 ET]
Table 'Antielus V' 9-max Seat #6 is the button
Seat 1: ziv456 ($3.04 in chips) 
Seat 2: Dorex2007 ($1.59 in chips) 
Seat 3: GUILLE 1308 ($2.28 in chips) 
Seat 4: WARRENtheSAP ($2.63 in chips) 
Seat 5: will2th3 ($1.21 in chips) 
Seat 6: rafael-nik ($2.52 in chips) 
Seat 7: GypsyBaron ($2.11 in chips) 
Seat 8: Nick.Siloff ($2 in chips) 
Seat 9: ps_chase ($3.27 in chips) 
GypsyBaron: posts small blind $0.01
Nick.Siloff: posts big blind $0.02
*** HOLE CARDS ***
Dealt to Dorex2007 [As Tc]
ps_chase: folds 
ziv456: folds 
Dorex2007: raises $0.04 to $0.06
GUILLE 1308: folds 
WARRENtheSAP: folds 
will2th3: calls $0.06
rafael-nik: folds 
GypsyBaron: folds 
Nick.Siloff: calls $0.04
*** FLOP *** [2s Qs 6h]
Nick.Siloff: checks 
Dorex2007: bets $0.09
will2th3: folds 
Nick.Siloff: calls $0.09
*** TURN *** [2s Qs 6h] [5s]
Nick.Siloff: checks 
Dorex2007: bets $0.36
Nick.Siloff: calls $0.36
*** RIVER *** [2s Qs 6h 5s] [Jh]
Nick.Siloff: checks 
Dorex2007: bets $1.05
Nick.Siloff: folds 
Uncalled bet ($1.05) returned to Dorex2007
Dorex2007 collected $1.05 from pot
Dorex2007: doesn't show hand 
*** SUMMARY ***
Total pot $1.09 | Rake $0.04 
Board [2s Qs 6h 5s Jh]
Seat 1: ziv456 folded before Flop (didn't bet)
Seat 2: Dorex2007 collected ($1.05)
Seat 3: GUILLE 1308 folded before Flop (didn't bet)
Seat 4: WARRENtheSAP folded before Flop (didn't bet)
Seat 5: will2th3 folded on the Flop
Seat 6: rafael-nik (button) folded before Flop (didn't bet)
Seat 7: GypsyBaron (small blind) folded before Flop
Seat 8: Nick.Siloff (big blind) folded on the River
Seat 9: ps_chase folded before Flop (didn't bet)



PokerStars Hand #224007559635:  Hold'em No Limit ($0.01/$0.02 USD) - 2021/02/19 16:39:16 PT [2021/02/19 19:39:16 ET]
Table 'Antielus V' 9-max Seat #7 is the button
Seat 1: ziv456 ($3.04 in chips) 
Seat 2: Dorex2007 ($2.13 in chips) 
Seat 3: GUILLE 1308 ($2.28 in chips) 
Seat 4: WARRENtheSAP ($2.63 in chips) 
Seat 5: will2th3 ($1.15 in chips) 
Seat 6: rafael-nik ($2.52 in chips) 
Seat 7: GypsyBaron ($2.10 in chips) 
Seat 8: Nick.Siloff ($2 in chips) 
Seat 9: ps_chase ($3.27 in chips) 
Nick.Siloff: posts small blind $0.01
ps_chase: posts big blind $0.02
*** HOLE CARDS ***
Dealt to Dorex2007 [6h 4h]
ziv456: folds 
Dorex2007: folds 
GUILLE 1308: folds 
WARRENtheSAP: folds 
will2th3: calls $0.02
rafael-nik: calls $0.02
GypsyBaron: folds 
Nick.Siloff: raises $0.26 to $0.28
ps_chase: folds 
will2th3: calls $0.26
rafael-nik: folds 
*** FLOP *** [6c 7d 8s]
Nick.Siloff: bets $0.39
will2th3: raises $0.48 to $0.87 and is all-in
Nick.Siloff: calls $0.48
*** TURN *** [6c 7d 8s] [2d]
*** RIVER *** [6c 7d 8s 2d] [7c]
*** SHOW DOWN ***
Nick.Siloff: shows [6d As] (two pair, Sevens and Sixes)
will2th3: shows [Js Ks] (a pair of Sevens)
Nick.Siloff collected $2.26 from pot
*** SUMMARY ***
Total pot $2.34 | Rake $0.08 
Board [6c 7d 8s 2d 7c]
Seat 1: ziv456 folded before Flop (didn't bet)
Seat 2: Dorex2007 folded before Flop (didn't bet)
Seat 3: GUILLE 1308 folded before Flop (didn't bet)
Seat 4: WARRENtheSAP folded before Flop (didn't bet)
Seat 5: will2th3 showed [Js Ks] and lost with a pair of Sevens
Seat 6: rafael-nik folded before Flop
Seat 7: GypsyBaron (button) folded before Flop (didn't bet)
Seat 8: Nick.Siloff (small blind) showed [6d As] and won ($2.26) with two pair, Sevens and Sixes
Seat 9: ps_chase (big blind) folded before Flop



PokerStars Hand #224007589776:  Hold'em No Limit ($0.01/$0.02 USD) - 2021/02/19 16:40:18 PT [2021/02/19 19:40:18 ET]
Table 'Antielus V' 9-max Seat #8 is the button
Seat 1: ziv456 ($3.04 in chips) 
Seat 2: Dorex2007 ($2.13 in chips) 
Seat 3: GUILLE 1308 ($2.28 in chips) 
Seat 4: WARRENtheSAP ($2.63 in chips) 
Seat 6: rafael-nik ($2.50 in chips) 
Seat 7: GypsyBaron ($2.10 in chips) 
Seat 8: Nick.Siloff ($3.11 in chips) 
Seat 9: ps_chase ($3.25 in chips) 
ps_chase: posts small blind $0.01
ziv456: posts big blind $0.02
*** HOLE CARDS ***
Dealt to Dorex2007 [As Js]
Dorex2007: raises $0.04 to $0.06
will2th3 leaves the table
GUILLE 1308: folds 
WARRENtheSAP: folds 
rafael-nik: folds 
GypsyBaron: folds 
Nick.Siloff: folds 
ps_chase: folds 
ziv456: raises $0.13 to $0.19
Dorex2007: calls $0.13
*** FLOP *** [7h 2c 5c]
ziv456: bets $0.25
Dorex2007: folds 
Uncalled bet ($0.25) returned to ziv456
ziv456 collected $0.38 from pot
ziv456: doesn't show hand 
*** SUMMARY ***
Total pot $0.39 | Rake $0.01 
Board [7h 2c 5c]
Seat 1: ziv456 (big blind) collected ($0.38)
Seat 2: Dorex2007 folded on the Flop
Seat 3: GUILLE 1308 folded before Flop (didn't bet)
Seat 4: WARRENtheSAP folded before Flop (didn't bet)
Seat 6: rafael-nik folded before Flop (didn't bet)
Seat 7: GypsyBaron folded before Flop (didn't bet)
Seat 8: Nick.Siloff (button) folded before Flop (didn't bet)
Seat 9: ps_chase (small blind) folded before Flop



PokerStars Hand #224007605400:  Hold'em No Limit ($0.01/$0.02 USD) - 2021/02/19 16:40:51 PT [2021/02/19 19:40:51 ET]
Table 'Antielus V' 9-max Seat #9 is the button
Seat 1: ziv456 ($3.23 in chips) 
Seat 2: Dorex2007 ($1.94 in chips) 
Seat 3: GUILLE 1308 ($2.28 in chips) 
Seat 4: WARRENtheSAP ($2.63 in chips) 
Seat 6: rafael-nik ($2.50 in chips) 
Seat 7: GypsyBaron ($2.10 in chips) 
Seat 8: Nick.Siloff ($3.11 in chips) 
Seat 9: ps_chase ($3.24 in chips) 
ziv456: posts small blind $0.01
Dorex2007: posts big blind $0.02
*** HOLE CARDS ***
Dealt to Dorex2007 [2h Ah]
ringo990 joins the table at seat #5 
GUILLE 1308 has timed out
GUILLE 1308: folds 
WARRENtheSAP: folds 
rafael-nik: calls $0.02
GypsyBaron: folds 
Nick.Siloff: raises $0.10 to $0.12
ps_chase: calls $0.12
ziv456: folds 
Dorex2007: folds 
rafael-nik: calls $0.10
*** FLOP *** [Kh Qd As]
rafael-nik: bets $0.04
Nick.Siloff: calls $0.04
ps_chase: folds 
*** TURN *** [Kh Qd As] [Ac]
rafael-nik: checks 
Nick.Siloff: checks 
*** RIVER *** [Kh Qd As Ac] [3c]
rafael-nik: checks 
Nick.Siloff: checks 
*** SHOW DOWN ***
rafael-nik: shows [Qs 5s] (two pair, Aces and Queens)
Nick.Siloff: mucks hand 
rafael-nik collected $0.45 from pot
*** SUMMARY ***
Total pot $0.47 | Rake $0.02 
Board [Kh Qd As Ac 3c]
Seat 1: ziv456 (small blind) folded before Flop
Seat 2: Dorex2007 (big blind) folded before Flop
Seat 3: GUILLE 1308 folded before Flop (didn't bet)
Seat 4: WARRENtheSAP folded before Flop (didn't bet)
Seat 6: rafael-nik showed [Qs 5s] and won ($0.45) with two pair, Aces and Queens
Seat 7: GypsyBaron folded before Flop (didn't bet)
Seat 8: Nick.Siloff mucked [8c 8h]
Seat 9: ps_chase (button) folded on the Flop



PokerStars Hand #224007643749:  Hold'em No Limit ($0.01/$0.02 USD) - 2021/02/19 16:42:10 PT [2021/02/19 19:42:10 ET]
Table 'Antielus V' 9-max Seat #1 is the button
Seat 1: ziv456 ($3.22 in chips) 
Seat 2: Dorex2007 ($1.92 in chips) 
Seat 3: GUILLE 1308 ($2.28 in chips) 
Seat 4: WARRENtheSAP ($2.63 in chips) 
Seat 6: rafael-nik ($2.79 in chips) 
Seat 7: GypsyBaron ($2.10 in chips) 
Seat 8: Nick.Siloff ($2.95 in chips) 
Seat 9: ps_chase ($3.12 in chips) 
Dorex2007: posts small blind $0.01
GUILLE 1308: posts big blind $0.02
ringo990: sits out 
*** HOLE CARDS ***
Dealt to Dorex2007 [Jh 2h]
WARRENtheSAP: folds 
rafael-nik: folds 
GypsyBaron: folds 
Nick.Siloff: folds 
ps_chase: folds 
ziv456: calls $0.02
Dorex2007: folds 
GUILLE 1308: checks 
*** FLOP *** [Js 2c 5d]
GUILLE 1308: checks 
ziv456: bets $0.02
GUILLE 1308: calls $0.02
*** TURN *** [Js 2c 5d] [Qd]
GUILLE 1308: checks 
ziv456: bets $0.03
GUILLE 1308: calls $0.03
*** RIVER *** [Js 2c 5d Qd] [4h]
GUILLE 1308: checks 
ziv456: bets $0.09
GUILLE 1308: folds 
Uncalled bet ($0.09) returned to ziv456
ziv456 collected $0.14 from pot
ziv456: doesn't show hand 
*** SUMMARY ***
Total pot $0.15 | Rake $0.01 
Board [Js 2c 5d Qd 4h]
Seat 1: ziv456 (button) collected ($0.14)
Seat 2: Dorex2007 (small blind) folded before Flop
Seat 3: GUILLE 1308 (big blind) folded on the River
Seat 4: WARRENtheSAP folded before Flop (didn't bet)
Seat 6: rafael-nik folded before Flop (didn't bet)
Seat 7: GypsyBaron folded before Flop (didn't bet)
Seat 8: Nick.Siloff folded before Flop (didn't bet)
Seat 9: ps_chase folded before Flop (didn't bet)



PokerStars Hand #224007680352:  Hold'em No Limit ($0.01/$0.02 USD) - 2021/02/19 16:43:09 PT [2021/02/19 19:43:09 ET]
Table 'Antielus V' 9-max Seat #2 is the button
Seat 1: ziv456 ($3.29 in chips) 
Seat 2: Dorex2007 ($1.91 in chips) 
Seat 3: GUILLE 1308 ($2.21 in chips) 
Seat 4: WARRENtheSAP ($2.63 in chips) 
Seat 6: rafael-nik ($2.79 in chips) 
Seat 7: GypsyBaron ($2.10 in chips) 
Seat 8: Nick.Siloff ($2.95 in chips) 
Seat 9: ps_chase ($3.12 in chips) 
GUILLE 1308: posts small blind $0.01
WARRENtheSAP: posts big blind $0.02
ringo990: sits out 
*** HOLE CARDS ***
Dealt to Dorex2007 [5c 6d]
rafael-nik: folds 
GypsyBaron: folds 
Nick.Siloff: raises $0.02 to $0.04
ps_chase: calls $0.04
ziv456: folds 
Dorex2007: folds 
GUILLE 1308: folds 
WARRENtheSAP: folds 
*** FLOP *** [As Jd 2d]
Nick.Siloff: bets $0.03
ps_chase: calls $0.03
*** TURN *** [As Jd 2d] [Ks]
Nick.Siloff: bets $0.20
ps_chase: calls $0.20
*** RIVER *** [As Jd 2d Ks] [2h]
Nick.Siloff: checks 
ps_chase: checks 
*** SHOW DOWN ***
Nick.Siloff: shows [Js Ts] (two pair, Jacks and Deuces)
ps_chase: shows [Qc Kh] (two pair, Kings and Deuces)
ps_chase collected $0.55 from pot
*** SUMMARY ***
Total pot $0.57 | Rake $0.02 
Board [As Jd 2d Ks 2h]
Seat 1: ziv456 folded before Flop (didn't bet)
Seat 2: Dorex2007 (button) folded before Flop (didn't bet)
Seat 3: GUILLE 1308 (small blind) folded before Flop
Seat 4: WARRENtheSAP (big blind) folded before Flop
Seat 6: rafael-nik folded before Flop (didn't bet)
Seat 7: GypsyBaron folded before Flop (didn't bet)
Seat 8: Nick.Siloff showed [Js Ts] and lost with two pair, Jacks and Deuces
Seat 9: ps_chase showed [Qc Kh] and won ($0.55) with two pair, Kings and Deuces



PokerStars Hand #224007708157:  Hold'em No Limit ($0.01/$0.02 USD) - 2021/02/19 16:44:08 PT [2021/02/19 19:44:08 ET]
Table 'Antielus V' 9-max Seat #3 is the button
Seat 1: ziv456 ($3.29 in chips) 
Seat 2: Dorex2007 ($1.91 in chips) 
Seat 3: GUILLE 1308 ($2.20 in chips) 
Seat 4: WARRENtheSAP ($2.61 in chips) 
Seat 5: ringo990 ($1.60 in chips) 
Seat 6: rafael-nik ($2.79 in chips) 
Seat 7: GypsyBaron ($2.10 in chips) 
Seat 8: Nick.Siloff ($2.68 in chips) 
Seat 9: ps_chase ($3.40 in chips) 
WARRENtheSAP: posts small blind $0.01
ringo990: posts big blind $0.02
*** HOLE CARDS ***
Dealt to Dorex2007 [8h 4s]
rafael-nik: folds 
GypsyBaron: folds 
Nick.Siloff: folds 
ps_chase: raises $0.05 to $0.07
ziv456: folds 
Dorex2007: folds 
GUILLE 1308: calls $0.07
WARRENtheSAP: folds 
ringo990: raises $0.05 to $0.12
ps_chase: calls $0.05
GUILLE 1308: calls $0.05
*** FLOP *** [7c 6d 9s]
ringo990: checks 
ps_chase: checks 
GUILLE 1308: checks 
*** TURN *** [7c 6d 9s] [3s]
ringo990: checks 
ps_chase: checks 
GUILLE 1308: checks 
*** RIVER *** [7c 6d 9s 3s] [8c]
ringo990: checks 
ps_chase: checks 
GUILLE 1308: checks 
*** SHOW DOWN ***
ringo990: shows [Js 2s] (high card Jack)
ps_chase: shows [As Qc] (high card Ace)
GUILLE 1308: shows [6s Ac] (a pair of Sixes)
GUILLE 1308 collected $0.36 from pot
*** SUMMARY ***
Total pot $0.37 | Rake $0.01 
Board [7c 6d 9s 3s 8c]
Seat 1: ziv456 folded before Flop (didn't bet)
Seat 2: Dorex2007 folded before Flop (didn't bet)
Seat 3: GUILLE 1308 (button) showed [6s Ac] and won ($0.36) with a pair of Sixes
Seat 4: WARRENtheSAP (small blind) folded before Flop
Seat 5: ringo990 (big blind) showed [Js 2s] and lost with high card Jack
Seat 6: rafael-nik folded before Flop (didn't bet)
Seat 7: GypsyBaron folded before Flop (didn't bet)
Seat 8: Nick.Siloff folded before Flop (didn't bet)
Seat 9: ps_chase showed [As Qc] and lost with high card Ace



PokerStars Hand #224007733888:  Hold'em No Limit ($0.01/$0.02 USD) - 2021/02/19 16:45:02 PT [2021/02/19 19:45:02 ET]
Table 'Antielus V' 9-max Seat #4 is the button
Seat 1: ziv456 ($3.29 in chips) 
Seat 2: Dorex2007 ($1.91 in chips) 
Seat 3: GUILLE 1308 ($2.44 in chips) 
Seat 4: WARRENtheSAP ($2.60 in chips) 
Seat 5: ringo990 ($1.48 in chips) 
Seat 6: rafael-nik ($2.79 in chips) 
Seat 7: GypsyBaron ($2.10 in chips) 
Seat 8: Nick.Siloff ($2.68 in chips) 
Seat 9: ps_chase ($3.28 in chips) 
ringo990: posts small blind $0.01
rafael-nik: posts big blind $0.02
*** HOLE CARDS ***
Dealt to Dorex2007 [Ac 8s]
GypsyBaron: folds 
Nick.Siloff: folds 
ps_chase: folds 
ziv456: folds 
Dorex2007: folds 
GUILLE 1308: folds 
WARRENtheSAP: calls $0.02
ringo990: raises $0.02 to $0.04
rafael-nik: calls $0.02
WARRENtheSAP: calls $0.02
*** FLOP *** [Qc Qh 2h]
ringo990: bets $0.12
rafael-nik: folds 
WARRENtheSAP: folds 
Uncalled bet ($0.12) returned to ringo990
ringo990 collected $0.12 from pot
ringo990: doesn't show hand 
*** SUMMARY ***
Total pot $0.12 | Rake $0 
Board [Qc Qh 2h]
Seat 1: ziv456 folded before Flop (didn't bet)
Seat 2: Dorex2007 folded before Flop (didn't bet)
Seat 3: GUILLE 1308 folded before Flop (didn't bet)
Seat 4: WARRENtheSAP (button) folded on the Flop
Seat 5: ringo990 (small blind) collected ($0.12)
Seat 6: rafael-nik (big blind) folded on the Flop
Seat 7: GypsyBaron folded before Flop (didn't bet)
Seat 8: Nick.Siloff folded before Flop (didn't bet)
Seat 9: ps_chase folded before Flop (didn't bet)



PokerStars Hand #224007752418:  Hold'em No Limit ($0.01/$0.02 USD) - 2021/02/19 16:45:41 PT [2021/02/19 19:45:41 ET]
Table 'Antielus V' 9-max Seat #5 is the button
Seat 1: ziv456 ($3.29 in chips) 
Seat 2: Dorex2007 ($1.91 in chips) 
Seat 3: GUILLE 1308 ($2.44 in chips) 
Seat 4: WARRENtheSAP ($2.56 in chips) 
Seat 5: ringo990 ($1.56 in chips) 
Seat 6: rafael-nik ($2.75 in chips) 
Seat 7: GypsyBaron ($2.10 in chips) 
Seat 8: Nick.Siloff ($2.68 in chips) 
Seat 9: ps_chase ($3.28 in chips) 
rafael-nik: posts small blind $0.01
GypsyBaron: posts big blind $0.02
*** HOLE CARDS ***
Dealt to Dorex2007 [6h 5h]
Nick.Siloff: folds 
ps_chase: folds 
ziv456: folds 
Dorex2007: folds 
GUILLE 1308: calls $0.02
WARRENtheSAP: folds 
ringo990: folds 
rafael-nik: calls $0.01
GypsyBaron: checks 
*** FLOP *** [Ah Th 7h]
rafael-nik: checks 
GypsyBaron: checks 
GUILLE 1308: checks 
*** TURN *** [Ah Th 7h] [3d]
rafael-nik: bets $0.02
GypsyBaron: folds 
GUILLE 1308: calls $0.02
*** RIVER *** [Ah Th 7h 3d] [4d]
rafael-nik: checks 
GUILLE 1308: checks 
*** SHOW DOWN ***
rafael-nik: shows [5s Tc] (a pair of Tens)
GUILLE 1308: mucks hand 
rafael-nik collected $0.10 from pot
*** SUMMARY ***
Total pot $0.10 | Rake $0 
Board [Ah Th 7h 3d 4d]
Seat 1: ziv456 folded before Flop (didn't bet)
Seat 2: Dorex2007 folded before Flop (didn't bet)
Seat 3: GUILLE 1308 mucked [6d 6s]
Seat 4: WARRENtheSAP folded before Flop (didn't bet)
Seat 5: ringo990 (button) folded before Flop (didn't bet)
Seat 6: rafael-nik (small blind) showed [5s Tc] and won ($0.10) with a pair of Tens
Seat 7: GypsyBaron (big blind) folded on the Turn
Seat 8: Nick.Siloff folded before Flop (didn't bet)
Seat 9: ps_chase folded before Flop (didn't bet)



PokerStars Hand #224007775798:  Hold'em No Limit ($0.01/$0.02 USD) - 2021/02/19 16:46:31 PT [2021/02/19 19:46:31 ET]
Table 'Antielus V' 9-max Seat #6 is the button
Seat 1: ziv456 ($3.29 in chips) 
Seat 2: Dorex2007 ($1.91 in chips) 
Seat 3: GUILLE 1308 ($2.40 in chips) 
Seat 4: WARRENtheSAP ($2.56 in chips) 
Seat 5: ringo990 ($1.56 in chips) 
Seat 6: rafael-nik ($2.81 in chips) 
Seat 7: GypsyBaron ($2.08 in chips) 
Seat 8: Nick.Siloff ($2.68 in chips) 
Seat 9: ps_chase ($3.28 in chips) 
GypsyBaron: posts small blind $0.01
Nick.Siloff: posts big blind $0.02
*** HOLE CARDS ***
Dealt to Dorex2007 [4h Kd]
ps_chase: folds 
ziv456: folds 
Dorex2007: folds 
GUILLE 1308: calls $0.02
WARRENtheSAP: folds 
ringo990: folds 
rafael-nik: folds 
GypsyBaron: folds 
Nick.Siloff: raises $0.08 to $0.10
GUILLE 1308: calls $0.08
*** FLOP *** [6s Ah Jd]
Nick.Siloff: bets $0.10
GUILLE 1308: calls $0.10
*** TURN *** [6s Ah Jd] [8h]
Nick.Siloff: checks 
GUILLE 1308: bets $0.40
Nick.Siloff: folds 
Uncalled bet ($0.40) returned to GUILLE 1308
GUILLE 1308 collected $0.40 from pot
GUILLE 1308: doesn't show hand 
*** SUMMARY ***
Total pot $0.41 | Rake $0.01 
Board [6s Ah Jd 8h]
Seat 1: ziv456 folded before Flop (didn't bet)
Seat 2: Dorex2007 folded before Flop (didn't bet)
Seat 3: GUILLE 1308 collected ($0.40)
Seat 4: WARRENtheSAP folded before Flop (didn't bet)
Seat 5: ringo990 folded before Flop (didn't bet)
Seat 6: rafael-nik (button) folded before Flop (didn't bet)
Seat 7: GypsyBaron (small blind) folded before Flop
Seat 8: Nick.Siloff (big blind) folded on the Turn
Seat 9: ps_chase folded before Flop (didn't bet)



PokerStars Hand #224007798145:  Hold'em No Limit ($0.01/$0.02 USD) - 2021/02/19 16:47:18 PT [2021/02/19 19:47:18 ET]
Table 'Antielus V' 9-max Seat #7 is the button
Seat 1: ziv456 ($3.29 in chips) 
Seat 2: Dorex2007 ($1.91 in chips) 
Seat 3: GUILLE 1308 ($2.60 in chips) 
Seat 4: WARRENtheSAP ($2.56 in chips) 
Seat 5: ringo990 ($1.56 in chips) 
Seat 6: rafael-nik ($2.81 in chips) 
Seat 7: GypsyBaron ($2.07 in chips) 
Seat 8: Nick.Siloff ($2.48 in chips) 
Seat 9: ps_chase ($3.28 in chips) 
Nick.Siloff: posts small blind $0.01
ps_chase: posts big blind $0.02
*** HOLE CARDS ***
Dealt to Dorex2007 [3c Td]
ziv456: folds 
Dorex2007: folds 
GUILLE 1308: folds 
WARRENtheSAP: folds 
ringo990: raises $1.54 to $1.56 and is all-in
rafael-nik: folds 
GypsyBaron: folds 
Nick.Siloff: raises $0.92 to $2.48 and is all-in
ps_chase: folds 
Uncalled bet ($0.92) returned to Nick.Siloff
*** FLOP *** [Jd 6h 2c]
*** TURN *** [Jd 6h 2c] [6c]
*** RIVER *** [Jd 6h 2c 6c] [9h]
*** SHOW DOWN ***
Nick.Siloff: shows [Ac Kh] (a pair of Sixes)
ringo990: shows [Tc Kc] (a pair of Sixes - lower kicker)
Nick.Siloff collected $3.03 from pot
*** SUMMARY ***
Total pot $3.14 | Rake $0.11 
Board [Jd 6h 2c 6c 9h]
Seat 1: ziv456 folded before Flop (didn't bet)
Seat 2: Dorex2007 folded before Flop (didn't bet)
Seat 3: GUILLE 1308 folded before Flop (didn't bet)
Seat 4: WARRENtheSAP folded before Flop (didn't bet)
Seat 5: ringo990 showed [Tc Kc] and lost with a pair of Sixes
Seat 6: rafael-nik folded before Flop (didn't bet)
Seat 7: GypsyBaron (button) folded before Flop (didn't bet)
Seat 8: Nick.Siloff (small blind) showed [Ac Kh] and won ($3.03) with a pair of Sixes
Seat 9: ps_chase (big blind) folded before Flop



PokerStars Hand #224007819628:  Hold'em No Limit ($0.01/$0.02 USD) - 2021/02/19 16:48:04 PT [2021/02/19 19:48:04 ET]
Table 'Antielus V' 9-max Seat #8 is the button
Seat 1: ziv456 ($3.29 in chips) 
Seat 2: Dorex2007 ($1.91 in chips) 
Seat 3: GUILLE 1308 ($2.60 in chips) 
Seat 4: WARRENtheSAP ($2.56 in chips) 
Seat 6: rafael-nik ($2.81 in chips) 
Seat 7: GypsyBaron ($2.07 in chips) 
Seat 8: Nick.Siloff ($3.95 in chips) 
Seat 9: ps_chase ($3.26 in chips) 
ps_chase: posts small blind $0.01
ziv456: posts big blind $0.02
*** HOLE CARDS ***
Dealt to Dorex2007 [Ac 9s]
Dorex2007: folds 
GUILLE 1308: folds 
WARRENtheSAP: folds 
ringo990 leaves the table
rafael-nik: folds 
GypsyBaron: folds 
Nick.Siloff: raises $0.02 to $0.04
ps_chase: calls $0.03
ziv456: calls $0.02
*** FLOP *** [9h 7d 7c]
ps_chase: checks 
ziv456: bets $0.08
Nick.Siloff: raises $0.14 to $0.22
ps_chase: folds 
ziv456: folds 
Uncalled bet ($0.14) returned to Nick.Siloff
Nick.Siloff collected $0.27 from pot
Nick.Siloff: doesn't show hand 
*** SUMMARY ***
Total pot $0.28 | Rake $0.01 
Board [9h 7d 7c]
Seat 1: ziv456 (big blind) folded on the Flop
Seat 2: Dorex2007 folded before Flop (didn't bet)
Seat 3: GUILLE 1308 folded before Flop (didn't bet)
Seat 4: WARRENtheSAP folded before Flop (didn't bet)
Seat 6: rafael-nik folded before Flop (didn't bet)
Seat 7: GypsyBaron folded before Flop (didn't bet)
Seat 8: Nick.Siloff (button) collected ($0.27)
Seat 9: ps_chase (small blind) folded on the Flop



PokerStars Hand #224007841031:  Hold'em No Limit ($0.01/$0.02 USD) - 2021/02/19 16:48:50 PT [2021/02/19 19:48:50 ET]
Table 'Antielus V' 9-max Seat #9 is the button
Seat 1: ziv456 ($3.17 in chips) 
Seat 2: Dorex2007 ($1.91 in chips) 
Seat 3: GUILLE 1308 ($2.60 in chips) 
Seat 4: WARRENtheSAP ($2.56 in chips) 
Seat 6: rafael-nik ($2.81 in chips) 
Seat 7: GypsyBaron ($2.07 in chips) 
Seat 8: Nick.Siloff ($4.10 in chips) 
Seat 9: ps_chase ($3.22 in chips) 
ziv456: posts small blind $0.01
Dorex2007: posts big blind $0.02
*** HOLE CARDS ***
Dealt to Dorex2007 [Td Ad]
GUILLE 1308: folds 
WARRENtheSAP: folds 
rafael-nik: raises $0.05 to $0.07
GypsyBaron: folds 
Nick.Siloff: folds 
ps_chase: folds 
ziv456: raises $0.16 to $0.23
Dorex2007: folds 
rafael-nik: calls $0.16
*** FLOP *** [Th 5h 6d]
MrKelni joins the table at seat #5 
ziv456: bets $0.31
rafael-nik: raises $2.27 to $2.58 and is all-in
ziv456: folds 
Uncalled bet ($2.27) returned to rafael-nik
rafael-nik collected $1.06 from pot
rafael-nik: doesn't show hand 
*** SUMMARY ***
Total pot $1.10 | Rake $0.04 
Board [Th 5h 6d]
Seat 1: ziv456 (small blind) folded on the Flop
Seat 2: Dorex2007 (big blind) folded before Flop
Seat 3: GUILLE 1308 folded before Flop (didn't bet)
Seat 4: WARRENtheSAP folded before Flop (didn't bet)
Seat 6: rafael-nik collected ($1.06)
Seat 7: GypsyBaron folded before Flop (didn't bet)
Seat 8: Nick.Siloff folded before Flop (didn't bet)
Seat 9: ps_chase (button) folded before Flop (didn't bet)



PokerStars Hand #224007855510:  Hold'em No Limit ($0.01/$0.02 USD) - 2021/02/19 16:49:21 PT [2021/02/19 19:49:21 ET]
Table 'Antielus V' 9-max Seat #1 is the button
Seat 1: ziv456 ($2.63 in chips) 
Seat 2: Dorex2007 ($1.89 in chips) 
Seat 3: GUILLE 1308 ($2.60 in chips) 
Seat 4: WARRENtheSAP ($2.56 in chips) 
Seat 6: rafael-nik ($3.33 in chips) 
Seat 7: GypsyBaron ($2.07 in chips) 
Seat 8: Nick.Siloff ($4.10 in chips) 
Seat 9: ps_chase ($3.22 in chips) 
Dorex2007: posts small blind $0.01
GUILLE 1308: posts big blind $0.02
MrKelni: sits out 
*** HOLE CARDS ***
Dealt to Dorex2007 [Ts 6c]
WARRENtheSAP: folds 
rafael-nik: raises $0.08 to $0.10
GypsyBaron: folds 
Nick.Siloff: folds 
ps_chase: folds 
ziv456: folds 
Dorex2007: folds 
MrKelni leaves the table
GUILLE 1308: folds 
Uncalled bet ($0.08) returned to rafael-nik
rafael-nik collected $0.05 from pot
rafael-nik: doesn't show hand 
*** SUMMARY ***
Total pot $0.05 | Rake $0 
Seat 1: ziv456 (button) folded before Flop (didn't bet)
Seat 2: Dorex2007 (small blind) folded before Flop
Seat 3: GUILLE 1308 (big blind) folded before Flop
Seat 4: WARRENtheSAP folded before Flop (didn't bet)
Seat 6: rafael-nik collected ($0.05)
Seat 7: GypsyBaron folded before Flop (didn't bet)
Seat 8: Nick.Siloff folded before Flop (didn't bet)
Seat 9: ps_chase folded before Flop (didn't bet)



PokerStars Hand #224007864140:  Hold'em No Limit ($0.01/$0.02 USD) - 2021/02/19 16:49:40 PT [2021/02/19 19:49:40 ET]
Table 'Antielus V' 9-max Seat #2 is the button
Seat 1: ziv456 ($2.63 in chips) 
Seat 2: Dorex2007 ($1.88 in chips) 
Seat 3: GUILLE 1308 ($2.58 in chips) 
Seat 4: WARRENtheSAP ($2.56 in chips) 
Seat 6: rafael-nik ($3.36 in chips) 
Seat 7: GypsyBaron ($2.07 in chips) 
Seat 8: Nick.Siloff ($4.10 in chips) 
Seat 9: ps_chase ($3.22 in chips) 
GUILLE 1308: posts small blind $0.01
WARRENtheSAP: posts big blind $0.02
*** HOLE CARDS ***
Dealt to Dorex2007 [Ad 6s]
rafael-nik: folds 
GypsyBaron: folds 
Nick.Siloff: folds 
ps_chase: folds 
ziv456: raises $0.04 to $0.06
Dorex2007: folds 
GUILLE 1308: folds 
WARRENtheSAP: folds 
Uncalled bet ($0.04) returned to ziv456
ziv456 collected $0.05 from pot
ziv456: doesn't show hand 
*** SUMMARY ***
Total pot $0.05 | Rake $0 
Seat 1: ziv456 collected ($0.05)
Seat 2: Dorex2007 (button) folded before Flop (didn't bet)
Seat 3: GUILLE 1308 (small blind) folded before Flop
Seat 4: WARRENtheSAP (big blind) folded before Flop
Seat 6: rafael-nik folded before Flop (didn't bet)
Seat 7: GypsyBaron folded before Flop (didn't bet)
Seat 8: Nick.Siloff folded before Flop (didn't bet)
Seat 9: ps_chase folded before Flop (didn't bet)



PokerStars Hand #224007898543:  Hold'em No Limit ($0.01/$0.02 USD) - 2021/02/19 16:50:37 PT [2021/02/19 19:50:37 ET]
Table 'Antielus V' 9-max Seat #3 is the button
Seat 1: ziv456 ($2.66 in chips) 
Seat 2: Dorex2007 ($1.88 in chips) 
Seat 3: GUILLE 1308 ($2.57 in chips) 
Seat 4: WARRENtheSAP ($2.54 in chips) 
Seat 6: rafael-nik ($3.36 in chips) 
Seat 7: GypsyBaron ($2.07 in chips) 
Seat 8: Nick.Siloff ($4.10 in chips) 
Seat 9: ps_chase ($3.22 in chips) 
WARRENtheSAP: posts small blind $0.01
rafael-nik: posts big blind $0.02
*** HOLE CARDS ***
Dealt to Dorex2007 [2h 8h]
GypsyBaron: folds 
Nick.Siloff: folds 
ps_chase: folds 
ziv456: raises $0.04 to $0.06
Dorex2007: folds 
GUILLE 1308: folds 
WARRENtheSAP: calls $0.05
rafael-nik: folds 
*** FLOP *** [Th 4h 8s]
WARRENtheSAP: checks 
ziv456: bets $0.09
WARRENtheSAP: calls $0.09
*** TURN *** [Th 4h 8s] [Ac]
WARRENtheSAP: checks 
ziv456: checks 
*** RIVER *** [Th 4h 8s Ac] [3d]
WARRENtheSAP: checks 
ziv456: checks 
*** SHOW DOWN ***
WARRENtheSAP: shows [Qc Js] (high card Ace)
ziv456: shows [Jh Td] (a pair of Tens)
ziv456 collected $0.31 from pot
*** SUMMARY ***
Total pot $0.32 | Rake $0.01 
Board [Th 4h 8s Ac 3d]
Seat 1: ziv456 showed [Jh Td] and won ($0.31) with a pair of Tens
Seat 2: Dorex2007 folded before Flop (didn't bet)
Seat 3: GUILLE 1308 (button) folded before Flop (didn't bet)
Seat 4: WARRENtheSAP (small blind) showed [Qc Js] and lost with high card Ace
Seat 6: rafael-nik (big blind) folded before Flop
Seat 7: GypsyBaron folded before Flop (didn't bet)
Seat 8: Nick.Siloff folded before Flop (didn't bet)
Seat 9: ps_chase folded before Flop (didn't bet)



PokerStars Hand #224007917518:  Hold'em No Limit ($0.01/$0.02 USD) - 2021/02/19 16:51:18 PT [2021/02/19 19:51:18 ET]
Table 'Antielus V' 9-max Seat #4 is the button
Seat 1: ziv456 ($2.82 in chips) 
Seat 2: Dorex2007 ($1.88 in chips) 
Seat 3: GUILLE 1308 ($2.57 in chips) 
Seat 4: WARRENtheSAP ($2.39 in chips) 
Seat 6: rafael-nik ($3.34 in chips) 
Seat 7: GypsyBaron ($2.07 in chips) 
Seat 8: Nick.Siloff ($4.10 in chips) 
Seat 9: ps_chase ($3.22 in chips) 
rafael-nik: posts small blind $0.01
GypsyBaron: posts big blind $0.02
*** HOLE CARDS ***
Dealt to Dorex2007 [6c 7c]
Nick.Siloff: folds 
abufirs joins the table at seat #5 
ps_chase: raises $0.07 to $0.09
ziv456: folds 
Dorex2007: folds 
GUILLE 1308: folds 
WARRENtheSAP: folds 
rafael-nik: folds 
GypsyBaron: calls $0.07
*** FLOP *** [2h Tc Ac]
GypsyBaron: checks 
ps_chase: bets $0.13
GypsyBaron: folds 
Uncalled bet ($0.13) returned to ps_chase
ps_chase collected $0.18 from pot
*** SUMMARY ***
Total pot $0.19 | Rake $0.01 
Board [2h Tc Ac]
Seat 1: ziv456 folded before Flop (didn't bet)
Seat 2: Dorex2007 folded before Flop (didn't bet)
Seat 3: GUILLE 1308 folded before Flop (didn't bet)
Seat 4: WARRENtheSAP (button) folded before Flop (didn't bet)
Seat 6: rafael-nik (small blind) folded before Flop
Seat 7: GypsyBaron (big blind) folded on the Flop
Seat 8: Nick.Siloff folded before Flop (didn't bet)
Seat 9: ps_chase collected ($0.18)



PokerStars Hand #224007934169:  Hold'em No Limit ($0.01/$0.02 USD) - 2021/02/19 16:51:54 PT [2021/02/19 19:51:54 ET]
Table 'Antielus V' 9-max Seat #6 is the button
Seat 1: ziv456 ($2.82 in chips) 
Seat 2: Dorex2007 ($1.88 in chips) 
Seat 3: GUILLE 1308 ($2.57 in chips) 
Seat 4: WARRENtheSAP ($2.39 in chips) 
Seat 6: rafael-nik ($3.33 in chips) 
Seat 7: GypsyBaron ($2 in chips) 
Seat 8: Nick.Siloff ($4.10 in chips) 
Seat 9: ps_chase ($3.31 in chips) 
GypsyBaron: posts small blind $0.01
Nick.Siloff: posts big blind $0.02
abufirs: sits out 
*** HOLE CARDS ***
Dealt to Dorex2007 [As 3d]
ps_chase: folds 
ziv456: folds 
Dorex2007: folds 
GUILLE 1308: folds 
WARRENtheSAP: raises $0.04 to $0.06
rafael-nik: calls $0.06
GypsyBaron: folds 
Nick.Siloff: folds 
*** FLOP *** [5s Ks 8s]
WARRENtheSAP: checks 
rafael-nik: bets $0.14
WARRENtheSAP: folds 
Uncalled bet ($0.14) returned to rafael-nik
rafael-nik collected $0.14 from pot
rafael-nik: doesn't show hand 
*** SUMMARY ***
Total pot $0.15 | Rake $0.01 
Board [5s Ks 8s]
Seat 1: ziv456 folded before Flop (didn't bet)
Seat 2: Dorex2007 folded before Flop (didn't bet)
Seat 3: GUILLE 1308 folded before Flop (didn't bet)
Seat 4: WARRENtheSAP folded on the Flop
Seat 6: rafael-nik (button) collected ($0.14)
Seat 7: GypsyBaron (small blind) folded before Flop
Seat 8: Nick.Siloff (big blind) folded before Flop
Seat 9: ps_chase folded before Flop (didn't bet)



PokerStars Hand #224007958119:  Hold'em No Limit ($0.01/$0.02 USD) - 2021/02/19 16:52:27 PT [2021/02/19 19:52:27 ET]
Table 'Antielus V' 9-max Seat #7 is the button
Seat 1: ziv456 ($2.82 in chips) 
Seat 2: Dorex2007 ($1.88 in chips) 
Seat 3: GUILLE 1308 ($2.57 in chips) 
Seat 4: WARRENtheSAP ($2.33 in chips) 
Seat 6: rafael-nik ($3.41 in chips) 
Seat 7: GypsyBaron ($2 in chips) 
Seat 8: Nick.Siloff ($4.08 in chips) 
Seat 9: ps_chase ($3.31 in chips) 
Nick.Siloff: posts small blind $0.01
ps_chase: posts big blind $0.02
abufirs: sits out 
*** HOLE CARDS ***
Dealt to Dorex2007 [2h Ac]
ziv456: folds 
Dorex2007: folds 
GUILLE 1308: folds 
WARRENtheSAP: folds 
rafael-nik: folds 
GypsyBaron: folds 
Nick.Siloff: folds 
Uncalled bet ($0.01) returned to ps_chase
ps_chase collected $0.02 from pot
*** SUMMARY ***
Total pot $0.02 | Rake $0 
Seat 1: ziv456 folded before Flop (didn't bet)
Seat 2: Dorex2007 folded before Flop (didn't bet)
Seat 3: GUILLE 1308 folded before Flop (didn't bet)
Seat 4: WARRENtheSAP folded before Flop (didn't bet)
Seat 6: rafael-nik folded before Flop (didn't bet)
Seat 7: GypsyBaron (button) folded before Flop (didn't bet)
Seat 8: Nick.Siloff (small blind) folded before Flop
Seat 9: ps_chase (big blind) collected ($0.02)



PokerStars Hand #224007966599:  Hold'em No Limit ($0.01/$0.02 USD) - 2021/02/19 16:52:45 PT [2021/02/19 19:52:45 ET]
Table 'Antielus V' 9-max Seat #8 is the button
Seat 1: ziv456 ($2.82 in chips) 
Seat 2: Dorex2007 ($1.88 in chips) 
Seat 3: GUILLE 1308 ($2.57 in chips) 
Seat 4: WARRENtheSAP ($2.33 in chips) 
Seat 6: rafael-nik ($3.41 in chips) 
Seat 7: GypsyBaron ($2 in chips) 
Seat 8: Nick.Siloff ($4.07 in chips) 
Seat 9: ps_chase ($3.32 in chips) 
ps_chase: posts small blind $0.01
ziv456: posts big blind $0.02
abufirs: sits out 
*** HOLE CARDS ***
Dealt to Dorex2007 [Qd 9d]
Dorex2007: folds 
GUILLE 1308: folds 
WARRENtheSAP: folds 
rafael-nik: calls $0.02
GypsyBaron: folds 
Nick.Siloff: folds 
ps_chase: raises $0.09 to $0.11
ziv456: raises $0.24 to $0.35
rafael-nik: folds 
ps_chase: calls $0.24
*** FLOP *** [Qh 4c 2h]
ps_chase: checks 
ziv456: checks 
*** TURN *** [Qh 4c 2h] [5d]
ps_chase: checks 
ziv456: bets $0.15
ps_chase: folds 
Uncalled bet ($0.15) returned to ziv456
ziv456 collected $0.69 from pot
ziv456: doesn't show hand 
*** SUMMARY ***
Total pot $0.72 | Rake $0.03 
Board [Qh 4c 2h 5d]
Seat 1: ziv456 (big blind) collected ($0.69)
Seat 2: Dorex2007 folded before Flop (didn't bet)
Seat 3: GUILLE 1308 folded before Flop (didn't bet)
Seat 4: WARRENtheSAP folded before Flop (didn't bet)
Seat 6: rafael-nik folded before Flop
Seat 7: GypsyBaron folded before Flop (didn't bet)
Seat 8: Nick.Siloff (button) folded before Flop (didn't bet)
Seat 9: ps_chase (small blind) folded on the Turn



PokerStars Hand #224008008430:  Hold'em No Limit ($0.01/$0.02 USD) - 2021/02/19 16:54:17 PT [2021/02/19 19:54:17 ET]
Table 'Antielus V' 9-max Seat #9 is the button
Seat 1: ziv456 ($3.16 in chips) 
Seat 2: Dorex2007 ($1.88 in chips) 
Seat 3: GUILLE 1308 ($2.57 in chips) 
Seat 4: WARRENtheSAP ($2.33 in chips) 
Seat 6: rafael-nik ($3.39 in chips) 
Seat 7: GypsyBaron ($2 in chips) 
Seat 8: Nick.Siloff ($4.07 in chips) 
Seat 9: ps_chase ($2.97 in chips) 
ziv456: posts small blind $0.01
Dorex2007: posts big blind $0.02
abufirs: sits out 
*** HOLE CARDS ***
Dealt to Dorex2007 [Jh 9d]
GUILLE 1308: folds 
WARRENtheSAP: folds 
rafael-nik: folds 
GypsyBaron: folds 
Nick.Siloff: raises $0.02 to $0.04
ps_chase: folds 
ziv456: calls $0.03
Dorex2007: folds 
*** FLOP *** [3s Qs Jc]
ziv456: checks 
Nick.Siloff: checks 
*** TURN *** [3s Qs Jc] [Ts]
ziv456: checks 
Nick.Siloff: bets $0.05
ziv456: folds 
Uncalled bet ($0.05) returned to Nick.Siloff
Nick.Siloff collected $0.10 from pot
Nick.Siloff: doesn't show hand 
*** SUMMARY ***
Total pot $0.10 | Rake $0 
Board [3s Qs Jc Ts]
Seat 1: ziv456 (small blind) folded on the Turn
Seat 2: Dorex2007 (big blind) folded before Flop
Seat 3: GUILLE 1308 folded before Flop (didn't bet)
Seat 4: WARRENtheSAP folded before Flop (didn't bet)
Seat 6: rafael-nik folded before Flop (didn't bet)
Seat 7: GypsyBaron folded before Flop (didn't bet)
Seat 8: Nick.Siloff collected ($0.10)
Seat 9: ps_chase (button) folded before Flop (didn't bet)



PokerStars Hand #224008026664:  Hold'em No Limit ($0.01/$0.02 USD) - 2021/02/19 16:54:56 PT [2021/02/19 19:54:56 ET]
Table 'Antielus V' 9-max Seat #1 is the button
Seat 1: ziv456 ($3.12 in chips) 
Seat 2: Dorex2007 ($1.86 in chips) 
Seat 3: GUILLE 1308 ($2.57 in chips) 
Seat 4: WARRENtheSAP ($2.33 in chips) 
Seat 6: rafael-nik ($3.39 in chips) 
Seat 7: GypsyBaron ($2 in chips) 
Seat 8: Nick.Siloff ($4.13 in chips) 
Seat 9: ps_chase ($2.97 in chips) 
Dorex2007: posts small blind $0.01
GUILLE 1308: posts big blind $0.02
abufirs: sits out 
*** HOLE CARDS ***
Dealt to Dorex2007 [Qh 6c]
WARRENtheSAP: folds 
rafael-nik: raises $0.02 to $0.04
GypsyBaron: folds 
Nick.Siloff: folds 
ps_chase: folds 
ziv456: folds 
Dorex2007: folds 
GUILLE 1308: calls $0.02
*** FLOP *** [3c Ah Qc]
GUILLE 1308: checks 
rafael-nik: bets $0.02
GUILLE 1308: calls $0.02
*** TURN *** [3c Ah Qc] [Td]
GUILLE 1308: checks 
rafael-nik: bets $0.13
GUILLE 1308: calls $0.13
*** RIVER *** [3c Ah Qc Td] [6s]
GUILLE 1308: checks 
rafael-nik: bets $0.38
GUILLE 1308: folds 
Uncalled bet ($0.38) returned to rafael-nik
rafael-nik collected $0.38 from pot
rafael-nik: doesn't show hand 
*** SUMMARY ***
Total pot $0.39 | Rake $0.01 
Board [3c Ah Qc Td 6s]
Seat 1: ziv456 (button) folded before Flop (didn't bet)
Seat 2: Dorex2007 (small blind) folded before Flop
Seat 3: GUILLE 1308 (big blind) folded on the River
Seat 4: WARRENtheSAP folded before Flop (didn't bet)
Seat 6: rafael-nik collected ($0.38)
Seat 7: GypsyBaron folded before Flop (didn't bet)
Seat 8: Nick.Siloff folded before Flop (didn't bet)
Seat 9: ps_chase folded before Flop (didn't bet)



PokerStars Hand #224008041613:  Hold'em No Limit ($0.01/$0.02 USD) - 2021/02/19 16:55:32 PT [2021/02/19 19:55:32 ET]
Table 'Antielus V' 9-max Seat #2 is the button
Seat 1: ziv456 ($3.12 in chips) 
Seat 2: Dorex2007 ($1.85 in chips) 
Seat 3: GUILLE 1308 ($2.38 in chips) 
Seat 4: WARRENtheSAP ($2.33 in chips) 
Seat 6: rafael-nik ($3.58 in chips) 
Seat 7: GypsyBaron ($2 in chips) 
Seat 8: Nick.Siloff ($4.13 in chips) 
Seat 9: ps_chase ($2.97 in chips) 
GUILLE 1308: posts small blind $0.01
WARRENtheSAP: posts big blind $0.02
abufirs: sits out 
*** HOLE CARDS ***
Dealt to Dorex2007 [8c 4d]
rafael-nik: raises $0.02 to $0.04
GypsyBaron: folds 
Nick.Siloff: folds 
ps_chase: folds 
ziv456: folds 
Dorex2007: folds 
GUILLE 1308: folds 
WARRENtheSAP: calls $0.02
*** FLOP *** [Td 7d 5s]
WARRENtheSAP: checks 
rafael-nik: bets $0.09
WARRENtheSAP: folds 
Uncalled bet ($0.09) returned to rafael-nik
rafael-nik collected $0.09 from pot
rafael-nik: doesn't show hand 
*** SUMMARY ***
Total pot $0.09 | Rake $0 
Board [Td 7d 5s]
Seat 1: ziv456 folded before Flop (didn't bet)
Seat 2: Dorex2007 (button) folded before Flop (didn't bet)
Seat 3: GUILLE 1308 (small blind) folded before Flop
Seat 4: WARRENtheSAP (big blind) folded on the Flop
Seat 6: rafael-nik collected ($0.09)
Seat 7: GypsyBaron folded before Flop (didn't bet)
Seat 8: Nick.Siloff folded before Flop (didn't bet)
Seat 9: ps_chase folded before Flop (didn't bet)



PokerStars Hand #224008050609:  Hold'em No Limit ($0.01/$0.02 USD) - 2021/02/19 16:55:57 PT [2021/02/19 19:55:57 ET]
Table 'Antielus V' 9-max Seat #3 is the button
Seat 1: ziv456 ($3.12 in chips) 
Seat 2: Dorex2007 ($1.85 in chips) 
Seat 3: GUILLE 1308 ($2.37 in chips) 
Seat 4: WARRENtheSAP ($2.29 in chips) 
Seat 5: abufirs ($1.68 in chips) 
Seat 6: rafael-nik ($3.63 in chips) 
Seat 7: GypsyBaron ($2 in chips) 
Seat 8: Nick.Siloff ($4.13 in chips) 
Seat 9: ps_chase ($2.97 in chips) 
WARRENtheSAP: posts small blind $0.01
abufirs: posts big blind $0.02
*** HOLE CARDS ***
Dealt to Dorex2007 [2c 6s]
rafael-nik: raises $0.04 to $0.06
GypsyBaron: calls $0.06
Nick.Siloff: folds 
ps_chase: folds 
ziv456: folds 
Dorex2007: folds 
GUILLE 1308: folds 
WARRENtheSAP: folds 
abufirs: folds 
*** FLOP *** [5s 9s 6c]
rafael-nik: bets $0.14
GypsyBaron: folds 
Uncalled bet ($0.14) returned to rafael-nik
rafael-nik collected $0.14 from pot
rafael-nik: doesn't show hand 
*** SUMMARY ***
Total pot $0.15 | Rake $0.01 
Board [5s 9s 6c]
Seat 1: ziv456 folded before Flop (didn't bet)
Seat 2: Dorex2007 folded before Flop (didn't bet)
Seat 3: GUILLE 1308 (button) folded before Flop (didn't bet)
Seat 4: WARRENtheSAP (small blind) folded before Flop
Seat 5: abufirs (big blind) folded before Flop
Seat 6: rafael-nik collected ($0.14)
Seat 7: GypsyBaron folded on the Flop
Seat 8: Nick.Siloff folded before Flop (didn't bet)
Seat 9: ps_chase folded before Flop (didn't bet)



PokerStars Hand #224008062519:  Hold'em No Limit ($0.01/$0.02 USD) - 2021/02/19 16:56:30 PT [2021/02/19 19:56:30 ET]
Table 'Antielus V' 9-max Seat #4 is the button
Seat 1: ziv456 ($3.12 in chips) 
Seat 2: Dorex2007 ($1.85 in chips) 
Seat 3: GUILLE 1308 ($2.37 in chips) 
Seat 4: WARRENtheSAP ($2.28 in chips) 
Seat 5: abufirs ($1.66 in chips) 
Seat 6: rafael-nik ($3.71 in chips) 
Seat 7: GypsyBaron ($2 in chips) 
Seat 8: Nick.Siloff ($4.13 in chips) 
Seat 9: ps_chase ($2.97 in chips) 
abufirs: posts small blind $0.01
rafael-nik: posts big blind $0.02
*** HOLE CARDS ***
Dealt to Dorex2007 [Ah 9d]
GypsyBaron: calls $0.02
Nick.Siloff: folds 
ps_chase: raises $0.07 to $0.09
ziv456: folds 
Dorex2007: folds 
GUILLE 1308: folds 
WARRENtheSAP: folds 
abufirs: folds 
rafael-nik: calls $0.07
GypsyBaron: calls $0.07
*** FLOP *** [4d 7h 7d]
rafael-nik: checks 
GypsyBaron: checks 
ps_chase: bets $0.19
rafael-nik: folds 
GypsyBaron: folds 
Uncalled bet ($0.19) returned to ps_chase
ps_chase collected $0.27 from pot
*** SUMMARY ***
Total pot $0.28 | Rake $0.01 
Board [4d 7h 7d]
Seat 1: ziv456 folded before Flop (didn't bet)
Seat 2: Dorex2007 folded before Flop (didn't bet)
Seat 3: GUILLE 1308 folded before Flop (didn't bet)
Seat 4: WARRENtheSAP (button) folded before Flop (didn't bet)
Seat 5: abufirs (small blind) folded before Flop
Seat 6: rafael-nik (big blind) folded on the Flop
Seat 7: GypsyBaron folded on the Flop
Seat 8: Nick.Siloff folded before Flop (didn't bet)
Seat 9: ps_chase collected ($0.27)



PokerStars Hand #224008077427:  Hold'em No Limit ($0.01/$0.02 USD) - 2021/02/19 16:57:11 PT [2021/02/19 19:57:11 ET]
Table 'Antielus V' 9-max Seat #5 is the button
Seat 1: ziv456 ($3.12 in chips) 
Seat 2: Dorex2007 ($1.85 in chips) 
Seat 3: GUILLE 1308 ($2.37 in chips) 
Seat 4: WARRENtheSAP ($2.28 in chips) 
Seat 5: abufirs ($1.65 in chips) 
Seat 6: rafael-nik ($3.62 in chips) 
Seat 7: GypsyBaron ($2 in chips) 
Seat 8: Nick.Siloff ($4.13 in chips) 
Seat 9: ps_chase ($3.15 in chips) 
rafael-nik: posts small blind $0.01
GypsyBaron: posts big blind $0.02
*** HOLE CARDS ***
Dealt to Dorex2007 [Ad 3d]
Nick.Siloff: folds 
ps_chase: folds 
ziv456: raises $0.06 to $0.08
Dorex2007: folds 
GUILLE 1308: folds 
WARRENtheSAP: folds 
abufirs: folds 
rafael-nik: folds 
GypsyBaron: raises $1.92 to $2 and is all-in
ziv456: folds 
Uncalled bet ($1.92) returned to GypsyBaron
GypsyBaron collected $0.17 from pot
GypsyBaron: doesn't show hand 
*** SUMMARY ***
Total pot $0.17 | Rake $0 
Seat 1: ziv456 folded before Flop
Seat 2: Dorex2007 folded before Flop (didn't bet)
Seat 3: GUILLE 1308 folded before Flop (didn't bet)
Seat 4: WARRENtheSAP folded before Flop (didn't bet)
Seat 5: abufirs (button) folded before Flop (didn't bet)
Seat 6: rafael-nik (small blind) folded before Flop
Seat 7: GypsyBaron (big blind) collected ($0.17)
Seat 8: Nick.Siloff folded before Flop (didn't bet)
Seat 9: ps_chase folded before Flop (didn't bet)



PokerStars Hand #224008085454:  Hold'em No Limit ($0.01/$0.02 USD) - 2021/02/19 16:57:33 PT [2021/02/19 19:57:33 ET]
Table 'Antielus V' 9-max Seat #6 is the button
Seat 1: ziv456 ($3.04 in chips) 
Seat 2: Dorex2007 ($1.85 in chips) 
Seat 3: GUILLE 1308 ($2.37 in chips) 
Seat 4: WARRENtheSAP ($2.28 in chips) 
Seat 5: abufirs ($1.65 in chips) 
Seat 6: rafael-nik ($3.61 in chips) 
Seat 7: GypsyBaron ($2.09 in chips) 
Seat 8: Nick.Siloff ($4.13 in chips) 
Seat 9: ps_chase ($3.15 in chips) 
GypsyBaron: posts small blind $0.01
Nick.Siloff: posts big blind $0.02
*** HOLE CARDS ***
Dealt to Dorex2007 [9h 3d]
ps_chase: folds 
ziv456: folds 
Dorex2007: folds 
GUILLE 1308: folds 
WARRENtheSAP: raises $0.04 to $0.06
abufirs: folds 
rafael-nik: folds 
GypsyBaron: folds 
Nick.Siloff: folds 
Uncalled bet ($0.04) returned to WARRENtheSAP
WARRENtheSAP collected $0.05 from pot
WARRENtheSAP: doesn't show hand 
*** SUMMARY ***
Total pot $0.05 | Rake $0 
Seat 1: ziv456 folded before Flop (didn't bet)
Seat 2: Dorex2007 folded before Flop (didn't bet)
Seat 3: GUILLE 1308 folded before Flop (didn't bet)
Seat 4: WARRENtheSAP collected ($0.05)
Seat 5: abufirs folded before Flop (didn't bet)
Seat 6: rafael-nik (button) folded before Flop (didn't bet)
Seat 7: GypsyBaron (small blind) folded before Flop
Seat 8: Nick.Siloff (big blind) folded before Flop
Seat 9: ps_chase folded before Flop (didn't bet)



PokerStars Hand #224008091188:  Hold'em No Limit ($0.01/$0.02 USD) - 2021/02/19 16:57:49 PT [2021/02/19 19:57:49 ET]
Table 'Antielus V' 9-max Seat #7 is the button
Seat 1: ziv456 ($3.04 in chips) 
Seat 2: Dorex2007 ($1.85 in chips) 
Seat 3: GUILLE 1308 ($2.37 in chips) 
Seat 4: WARRENtheSAP ($2.31 in chips) 
Seat 5: abufirs ($1.65 in chips) 
Seat 6: rafael-nik ($3.61 in chips) 
Seat 7: GypsyBaron ($2.08 in chips) 
Seat 8: Nick.Siloff ($4.11 in chips) 
Seat 9: ps_chase ($3.15 in chips) 
Nick.Siloff: posts small blind $0.01
ps_chase: posts big blind $0.02
*** HOLE CARDS ***
Dealt to Dorex2007 [Ac 3s]
ziv456: folds 
Dorex2007: folds 
GUILLE 1308: folds 
WARRENtheSAP: folds 
abufirs: folds 
rafael-nik: calls $0.02
GypsyBaron: folds 
Nick.Siloff: folds 
ps_chase: raises $0.07 to $0.09
rafael-nik: calls $0.07
*** FLOP *** [4d Ts 7h]
ps_chase: checks 
rafael-nik: checks 
*** TURN *** [4d Ts 7h] [Ad]
ps_chase: checks 
rafael-nik: checks 
*** RIVER *** [4d Ts 7h Ad] [9h]
ps_chase: bets $0.13
rafael-nik: folds 
Uncalled bet ($0.13) returned to ps_chase
ps_chase collected $0.18 from pot
*** SUMMARY ***
Total pot $0.19 | Rake $0.01 
Board [4d Ts 7h Ad 9h]
Seat 1: ziv456 folded before Flop (didn't bet)
Seat 2: Dorex2007 folded before Flop (didn't bet)
Seat 3: GUILLE 1308 folded before Flop (didn't bet)
Seat 4: WARRENtheSAP folded before Flop (didn't bet)
Seat 5: abufirs folded before Flop (didn't bet)
Seat 6: rafael-nik folded on the River
Seat 7: GypsyBaron (button) folded before Flop (didn't bet)
Seat 8: Nick.Siloff (small blind) folded before Flop
Seat 9: ps_chase (big blind) collected ($0.18)



PokerStars Hand #224008112419:  Hold'em No Limit ($0.01/$0.02 USD) - 2021/02/19 16:58:48 PT [2021/02/19 19:58:48 ET]
Table 'Antielus V' 9-max Seat #8 is the button
Seat 1: ziv456 ($3.04 in chips) 
Seat 2: Dorex2007 ($1.85 in chips) 
Seat 3: GUILLE 1308 ($2.37 in chips) 
Seat 4: WARRENtheSAP ($2.31 in chips) 
Seat 5: abufirs ($1.65 in chips) 
Seat 6: rafael-nik ($3.52 in chips) 
Seat 7: GypsyBaron ($2.08 in chips) 
Seat 8: Nick.Siloff ($4.10 in chips) 
Seat 9: ps_chase ($3.24 in chips) 
ps_chase: posts small blind $0.01
ziv456: posts big blind $0.02
*** HOLE CARDS ***
Dealt to Dorex2007 [Ks 4c]
Dorex2007: folds 
GUILLE 1308: calls $0.02
WARRENtheSAP has timed out
WARRENtheSAP: folds 
abufirs: folds 
rafael-nik: folds 
GypsyBaron: folds 
Nick.Siloff: folds 
ps_chase: folds 
ziv456: raises $0.04 to $0.06
GUILLE 1308: calls $0.04
*** FLOP *** [Kh Qd 7d]
ziv456: bets $0.09
GUILLE 1308: calls $0.09
*** TURN *** [Kh Qd 7d] [6c]
ziv456: checks 
GUILLE 1308: checks 
*** RIVER *** [Kh Qd 7d 6c] [7h]
ziv456: checks 
GUILLE 1308: checks 
*** SHOW DOWN ***
ziv456: shows [Ah 8s] (a pair of Sevens)
GUILLE 1308: shows [4s 4h] (two pair, Sevens and Fours)
GUILLE 1308 collected $0.30 from pot
*** SUMMARY ***
Total pot $0.31 | Rake $0.01 
Board [Kh Qd 7d 6c 7h]
Seat 1: ziv456 (big blind) showed [Ah 8s] and lost with a pair of Sevens
Seat 2: Dorex2007 folded before Flop (didn't bet)
Seat 3: GUILLE 1308 showed [4s 4h] and won ($0.30) with two pair, Sevens and Fours
Seat 4: WARRENtheSAP folded before Flop (didn't bet)
Seat 5: abufirs folded before Flop (didn't bet)
Seat 6: rafael-nik folded before Flop (didn't bet)
Seat 7: GypsyBaron folded before Flop (didn't bet)
Seat 8: Nick.Siloff (button) folded before Flop (didn't bet)
Seat 9: ps_chase (small blind) folded before Flop



PokerStars Hand #224008130799:  Hold'em No Limit ($0.01/$0.02 USD) - 2021/02/19 16:59:40 PT [2021/02/19 19:59:40 ET]
Table 'Antielus V' 9-max Seat #9 is the button
Seat 1: ziv456 ($2.89 in chips) 
Seat 2: Dorex2007 ($1.85 in chips) 
Seat 3: GUILLE 1308 ($2.52 in chips) 
Seat 4: WARRENtheSAP ($2.31 in chips) 
Seat 5: abufirs ($1.65 in chips) 
Seat 6: rafael-nik ($3.52 in chips) 
Seat 7: GypsyBaron ($2.08 in chips) 
Seat 8: Nick.Siloff ($4.10 in chips) 
Seat 9: ps_chase ($3.23 in chips) 
ziv456: posts small blind $0.01
Dorex2007: posts big blind $0.02
*** HOLE CARDS ***
Dealt to Dorex2007 [Jc Jh]
GUILLE 1308: folds 
WARRENtheSAP: folds 
abufirs: folds 
rafael-nik: calls $0.02
GypsyBaron: folds 
Nick.Siloff: folds 
ps_chase: folds 
ziv456: calls $0.01
Dorex2007: raises $0.06 to $0.08
rafael-nik: calls $0.06
ziv456: folds 
*** FLOP *** [Ks 9c Td]
Dorex2007: bets $0.17
rafael-nik: calls $0.17
*** TURN *** [Ks 9c Td] [Kh]
Dorex2007: checks 
rafael-nik: checks 
*** RIVER *** [Ks 9c Td Kh] [8c]
Dorex2007: checks 
rafael-nik: checks 
*** SHOW DOWN ***
Dorex2007: shows [Jc Jh] (two pair, Kings and Jacks)
rafael-nik: mucks hand 
Dorex2007 collected $0.50 from pot
*** SUMMARY ***
Total pot $0.52 | Rake $0.02 
Board [Ks 9c Td Kh 8c]
Seat 1: ziv456 (small blind) folded before Flop
Seat 2: Dorex2007 (big blind) showed [Jc Jh] and won ($0.50) with two pair, Kings and Jacks
Seat 3: GUILLE 1308 folded before Flop (didn't bet)
Seat 4: WARRENtheSAP folded before Flop (didn't bet)
Seat 5: abufirs folded before Flop (didn't bet)
Seat 6: rafael-nik mucked [Tc Qs]
Seat 7: GypsyBaron folded before Flop (didn't bet)
Seat 8: Nick.Siloff folded before Flop (didn't bet)
Seat 9: ps_chase (button) folded before Flop (didn't bet)



PokerStars Hand #224008145101:  Hold'em No Limit ($0.01/$0.02 USD) - 2021/02/19 17:00:18 PT [2021/02/19 20:00:18 ET]
Table 'Antielus V' 9-max Seat #1 is the button
Seat 1: ziv456 ($2.87 in chips) 
Seat 2: Dorex2007 ($2.10 in chips) 
Seat 3: GUILLE 1308 ($2.52 in chips) 
Seat 4: WARRENtheSAP ($2.31 in chips) 
Seat 5: abufirs ($1.65 in chips) 
Seat 6: rafael-nik ($3.27 in chips) 
Seat 7: GypsyBaron ($2.08 in chips) 
Seat 8: Nick.Siloff ($4.10 in chips) 
Seat 9: ps_chase ($3.23 in chips) 
Dorex2007: posts small blind $0.01
GUILLE 1308: posts big blind $0.02
*** HOLE CARDS ***
Dealt to Dorex2007 [Qc 4h]
WARRENtheSAP: folds 
abufirs: folds 
rafael-nik: raises $0.02 to $0.04
GypsyBaron: folds 
Nick.Siloff: raises $0.10 to $0.14
ps_chase: folds 
ziv456: folds 
Dorex2007: folds 
GUILLE 1308: folds 
rafael-nik: calls $0.10
*** FLOP *** [3h 4s 6d]
rafael-nik: checks 
Nick.Siloff: bets $0.26
rafael-nik: folds 
Uncalled bet ($0.26) returned to Nick.Siloff
Nick.Siloff collected $0.30 from pot
Nick.Siloff: doesn't show hand 
*** SUMMARY ***
Total pot $0.31 | Rake $0.01 
Board [3h 4s 6d]
Seat 1: ziv456 (button) folded before Flop (didn't bet)
Seat 2: Dorex2007 (small blind) folded before Flop
Seat 3: GUILLE 1308 (big blind) folded before Flop
Seat 4: WARRENtheSAP folded before Flop (didn't bet)
Seat 5: abufirs folded before Flop (didn't bet)
Seat 6: rafael-nik folded on the Flop
Seat 7: GypsyBaron folded before Flop (didn't bet)
Seat 8: Nick.Siloff collected ($0.30)
Seat 9: ps_chase folded before Flop (didn't bet)



PokerStars Hand #224008161271:  Hold'em No Limit ($0.01/$0.02 USD) - 2021/02/19 17:00:58 PT [2021/02/19 20:00:58 ET]
Table 'Antielus V' 9-max Seat #2 is the button
Seat 1: ziv456 ($2.87 in chips) 
Seat 2: Dorex2007 ($2.09 in chips) 
Seat 3: GUILLE 1308 ($2.50 in chips) 
Seat 4: WARRENtheSAP ($2.31 in chips) 
Seat 5: abufirs ($1.65 in chips) 
Seat 6: rafael-nik ($3.13 in chips) 
Seat 7: GypsyBaron ($2.08 in chips) 
Seat 8: Nick.Siloff ($4.26 in chips) 
Seat 9: ps_chase ($3.23 in chips) 
GUILLE 1308: posts small blind $0.01
WARRENtheSAP: posts big blind $0.02
*** HOLE CARDS ***
Dealt to Dorex2007 [2s Tc]
abufirs: folds 
rafael-nik: folds 
GypsyBaron: folds 
Nick.Siloff: folds 
ps_chase: raises $0.05 to $0.07
ziv456: folds 
Dorex2007: folds 
GUILLE 1308 has timed out
GUILLE 1308: folds 
WARRENtheSAP: calls $0.05
*** FLOP *** [Jd 3c Kh]
WARRENtheSAP: checks 
ps_chase: bets $0.10
WARRENtheSAP: folds 
Uncalled bet ($0.10) returned to ps_chase
ps_chase collected $0.14 from pot
*** SUMMARY ***
Total pot $0.15 | Rake $0.01 
Board [Jd 3c Kh]
Seat 1: ziv456 folded before Flop (didn't bet)
Seat 2: Dorex2007 (button) folded before Flop (didn't bet)
Seat 3: GUILLE 1308 (small blind) folded before Flop
Seat 4: WARRENtheSAP (big blind) folded on the Flop
Seat 5: abufirs folded before Flop (didn't bet)
Seat 6: rafael-nik folded before Flop (didn't bet)
Seat 7: GypsyBaron folded before Flop (didn't bet)
Seat 8: Nick.Siloff folded before Flop (didn't bet)
Seat 9: ps_chase collected ($0.14)



PokerStars Hand #224008195083:  Hold'em No Limit ($0.01/$0.02 USD) - 2021/02/19 17:02:07 PT [2021/02/19 20:02:07 ET]
Table 'Antielus V' 9-max Seat #4 is the button
Seat 1: ziv456 ($2.87 in chips) 
Seat 2: Dorex2007 ($2.09 in chips) 
Seat 4: WARRENtheSAP ($2.24 in chips) 
Seat 5: abufirs ($1.65 in chips) 
Seat 6: rafael-nik ($3.13 in chips) 
Seat 7: GypsyBaron ($2.08 in chips) 
Seat 8: Nick.Siloff ($4.26 in chips) 
Seat 9: ps_chase ($3.30 in chips) 
abufirs: posts small blind $0.01
rafael-nik: posts big blind $0.02
*** HOLE CARDS ***
Dealt to Dorex2007 [7h Qs]
GypsyBaron: folds 
Nick.Siloff: folds 
ps_chase: folds 
ziv456: folds 
Dorex2007: folds 
WARRENtheSAP: folds 
abufirs: folds 
Uncalled bet ($0.01) returned to rafael-nik
rafael-nik collected $0.02 from pot
rafael-nik: doesn't show hand 
*** SUMMARY ***
Total pot $0.02 | Rake $0 
Seat 1: ziv456 folded before Flop (didn't bet)
Seat 2: Dorex2007 folded before Flop (didn't bet)
Seat 4: WARRENtheSAP (button) folded before Flop (didn't bet)
Seat 5: abufirs (small blind) folded before Flop
Seat 6: rafael-nik (big blind) collected ($0.02)
Seat 7: GypsyBaron folded before Flop (didn't bet)
Seat 8: Nick.Siloff folded before Flop (didn't bet)
Seat 9: ps_chase folded before Flop (didn't bet)



PokerStars Hand #224008200834:  Hold'em No Limit ($0.01/$0.02 USD) - 2021/02/19 17:02:20 PT [2021/02/19 20:02:20 ET]
Table 'Antielus V' 9-max Seat #5 is the button
Seat 1: ziv456 ($2.87 in chips) 
Seat 2: Dorex2007 ($2.09 in chips) 
Seat 4: WARRENtheSAP ($2.24 in chips) 
Seat 5: abufirs ($1.64 in chips) 
Seat 6: rafael-nik ($3.14 in chips) 
Seat 7: GypsyBaron ($2.08 in chips) 
Seat 8: Nick.Siloff ($4.26 in chips) 
Seat 9: ps_chase ($3.30 in chips) 
rafael-nik: posts small blind $0.01
GypsyBaron: posts big blind $0.02
*** HOLE CARDS ***
Dealt to Dorex2007 [Ah Ac]
Nick.Siloff: folds 
ps_chase: folds 
ziv456: folds 
Dorex2007: raises $0.04 to $0.06
WARRENtheSAP: folds 
abufirs: folds 
rafael-nik: folds 
GypsyBaron: calls $0.04
*** FLOP *** [8d 7c 4c]
GypsyBaron: checks 
Dorex2007: bets $0.13
GypsyBaron: raises $0.13 to $0.26
Dorex2007: calls $0.13
*** TURN *** [8d 7c 4c] [2c]
GypsyBaron: checks 
Dorex2007: bets $0.32
GypsyBaron: calls $0.32
*** RIVER *** [8d 7c 4c 2c] [3d]
GypsyBaron: checks 
Dorex2007: bets $1.45 and is all-in
GypsyBaron: calls $1.44 and is all-in
Uncalled bet ($0.01) returned to Dorex2007
*** SHOW DOWN ***
Dorex2007: shows [Ah Ac] (a pair of Aces)
GypsyBaron: shows [4d 4s] (three of a kind, Fours)
GypsyBaron collected $4.02 from pot
*** SUMMARY ***
Total pot $4.17 | Rake $0.15 
Board [8d 7c 4c 2c 3d]
Seat 1: ziv456 folded before Flop (didn't bet)
Seat 2: Dorex2007 showed [Ah Ac] and lost with a pair of Aces
Seat 4: WARRENtheSAP folded before Flop (didn't bet)
Seat 5: abufirs (button) folded before Flop (didn't bet)
Seat 6: rafael-nik (small blind) folded before Flop
Seat 7: GypsyBaron (big blind) showed [4d 4s] and won ($4.02) with three of a kind, Fours
Seat 8: Nick.Siloff folded before Flop (didn't bet)
Seat 9: ps_chase folded before Flop (didn't bet)



PokerStars Hand #224008248384:  Hold'em No Limit ($0.01/$0.02 USD) - 2021/02/19 17:04:06 PT [2021/02/19 20:04:06 ET]
Table 'Antielus V' 9-max Seat #7 is the button
Seat 1: ziv456 ($2.87 in chips) 
Seat 2: Dorex2007 ($2 in chips) 
Seat 3: GUILLE 1308 ($2.49 in chips) 
Seat 4: WARRENtheSAP ($2.24 in chips) 
Seat 5: abufirs ($1.69 in chips) 
Seat 6: rafael-nik ($3.11 in chips) 
Seat 7: GypsyBaron ($4.01 in chips) 
Seat 8: Nick.Siloff ($4.24 in chips) 
Seat 9: ps_chase ($3.30 in chips) 
Nick.Siloff: posts small blind $0.01
ps_chase: posts big blind $0.02
*** HOLE CARDS ***
Dealt to Dorex2007 [3h 3d]
ziv456: raises $0.06 to $0.08
Dorex2007: folds 
GUILLE 1308: folds 
WARRENtheSAP: folds 
abufirs: folds 
rafael-nik: calls $0.08
GypsyBaron: folds 
Nick.Siloff: folds 
ps_chase: folds 
*** FLOP *** [4d 6s 9d]
ziv456: bets $0.12
rafael-nik: calls $0.12
*** TURN *** [4d 6s 9d] [Ts]
ziv456: bets $0.27
rafael-nik: raises $0.95 to $1.22
ziv456: folds 
Uncalled bet ($0.95) returned to rafael-nik
rafael-nik collected $0.94 from pot
rafael-nik: doesn't show hand 
*** SUMMARY ***
Total pot $0.97 | Rake $0.03 
Board [4d 6s 9d Ts]
Seat 1: ziv456 folded on the Turn
Seat 2: Dorex2007 folded before Flop (didn't bet)
Seat 3: GUILLE 1308 folded before Flop (didn't bet)
Seat 4: WARRENtheSAP folded before Flop (didn't bet)
Seat 5: abufirs folded before Flop (didn't bet)
Seat 6: rafael-nik collected ($0.94)
Seat 7: GypsyBaron (button) folded before Flop (didn't bet)
Seat 8: Nick.Siloff (small blind) folded before Flop
Seat 9: ps_chase (big blind) folded before Flop



PokerStars Hand #224008273314:  Hold'em No Limit ($0.01/$0.02 USD) - 2021/02/19 17:05:01 PT [2021/02/19 20:05:01 ET]
Table 'Antielus V' 9-max Seat #8 is the button
Seat 1: ziv456 ($2.40 in chips) 
Seat 2: Dorex2007 ($2 in chips) 
Seat 3: GUILLE 1308 ($2.49 in chips) 
Seat 4: WARRENtheSAP ($2.24 in chips) 
Seat 5: abufirs ($1.69 in chips) 
Seat 6: rafael-nik ($3.58 in chips) 
Seat 7: GypsyBaron ($4.01 in chips) 
Seat 8: Nick.Siloff ($4.23 in chips) 
Seat 9: ps_chase ($3.28 in chips) 
ps_chase: posts small blind $0.01
ziv456: posts big blind $0.02
*** HOLE CARDS ***
Dealt to Dorex2007 [2d 5d]
Dorex2007: folds 
GUILLE 1308: folds 
WARRENtheSAP: raises $0.04 to $0.06
abufirs: folds 
rafael-nik: folds 
GypsyBaron: folds 
Nick.Siloff: folds 
ps_chase: folds 
ziv456: calls $0.04
*** FLOP *** [Jh Ad 7h]
ziv456: checks 
GypsyBaron leaves the table
WARRENtheSAP: bets $0.07
ziv456: folds 
Uncalled bet ($0.07) returned to WARRENtheSAP
WARRENtheSAP collected $0.13 from pot
WARRENtheSAP: doesn't show hand 
*** SUMMARY ***
Total pot $0.13 | Rake $0 
Board [Jh Ad 7h]
Seat 1: ziv456 (big blind) folded on the Flop
Seat 2: Dorex2007 folded before Flop (didn't bet)
Seat 3: GUILLE 1308 folded before Flop (didn't bet)
Seat 4: WARRENtheSAP collected ($0.13)
Seat 5: abufirs folded before Flop (didn't bet)
Seat 6: rafael-nik folded before Flop (didn't bet)
Seat 7: GypsyBaron folded before Flop (didn't bet)
Seat 8: Nick.Siloff (button) folded before Flop (didn't bet)
Seat 9: ps_chase (small blind) folded before Flop



PokerStars Hand #224008290242:  Hold'em No Limit ($0.01/$0.02 USD) - 2021/02/19 17:05:38 PT [2021/02/19 20:05:38 ET]
Table 'Antielus V' 9-max Seat #9 is the button
Seat 1: ziv456 ($2.34 in chips) 
Seat 2: Dorex2007 ($2 in chips) 
Seat 3: GUILLE 1308 ($2.49 in chips) 
Seat 4: WARRENtheSAP ($2.31 in chips) 
Seat 5: abufirs ($1.69 in chips) 
Seat 6: rafael-nik ($3.58 in chips) 
Seat 8: Nick.Siloff ($4.23 in chips) 
Seat 9: ps_chase ($3.27 in chips) 
ziv456: posts small blind $0.01
Dorex2007: posts big blind $0.02
*** HOLE CARDS ***
Dealt to Dorex2007 [Th 7h]
GUILLE 1308: calls $0.02
WARRENtheSAP: folds 
abufirs: folds 
rafael-nik: folds 
Nick.Siloff: folds 
ps_chase: folds 
ziv456: raises $0.06 to $0.08
Dorex2007: folds 
GUILLE 1308: calls $0.06
*** FLOP *** [Td Kh Jh]
ziv456: bets $0.11
GUILLE 1308: calls $0.11
*** TURN *** [Td Kh Jh] [4c]
ziv456: bets $0.20
GUILLE 1308: folds 
Uncalled bet ($0.20) returned to ziv456
ziv456 collected $0.39 from pot
ziv456: doesn't show hand 
*** SUMMARY ***
Total pot $0.40 | Rake $0.01 
Board [Td Kh Jh 4c]
Seat 1: ziv456 (small blind) collected ($0.39)
Seat 2: Dorex2007 (big blind) folded before Flop
Seat 3: GUILLE 1308 folded on the Turn
Seat 4: WARRENtheSAP folded before Flop (didn't bet)
Seat 5: abufirs folded before Flop (didn't bet)
Seat 6: rafael-nik folded before Flop (didn't bet)
Seat 8: Nick.Siloff folded before Flop (didn't bet)
Seat 9: ps_chase (button) folded before Flop (didn't bet)



PokerStars Hand #224008315119:  Hold'em No Limit ($0.01/$0.02 USD) - 2021/02/19 17:06:24 PT [2021/02/19 20:06:24 ET]
Table 'Antielus V' 9-max Seat #1 is the button
Seat 1: ziv456 ($2.54 in chips) 
Seat 2: Dorex2007 ($1.98 in chips) 
Seat 3: GUILLE 1308 ($2.30 in chips) 
Seat 4: WARRENtheSAP ($2.31 in chips) 
Seat 5: abufirs ($1.69 in chips) 
Seat 6: rafael-nik ($3.58 in chips) 
Seat 8: Nick.Siloff ($4.23 in chips) 
Seat 9: ps_chase ($3.27 in chips) 
Dorex2007: posts small blind $0.01
GUILLE 1308: posts big blind $0.02
*** HOLE CARDS ***
Dealt to Dorex2007 [6h Ah]
WARRENtheSAP: raises $0.08 to $0.10
abufirs: folds 
rafael-nik: folds 
Nick.Siloff: folds 
ps_chase: folds 
ziv456: folds 
Dorex2007: folds 
GUILLE 1308: folds 
Uncalled bet ($0.08) returned to WARRENtheSAP
WARRENtheSAP collected $0.05 from pot
WARRENtheSAP: doesn't show hand 
*** SUMMARY ***
Total pot $0.05 | Rake $0 
Seat 1: ziv456 (button) folded before Flop (didn't bet)
Seat 2: Dorex2007 (small blind) folded before Flop
Seat 3: GUILLE 1308 (big blind) folded before Flop
Seat 4: WARRENtheSAP collected ($0.05)
Seat 5: abufirs folded before Flop (didn't bet)
Seat 6: rafael-nik folded before Flop (didn't bet)
Seat 8: Nick.Siloff folded before Flop (didn't bet)
Seat 9: ps_chase folded before Flop (didn't bet)



PokerStars Hand #224008325933:  Hold'em No Limit ($0.01/$0.02 USD) - 2021/02/19 17:06:48 PT [2021/02/19 20:06:48 ET]
Table 'Antielus V' 9-max Seat #2 is the button
Seat 1: ziv456 ($2.54 in chips) 
Seat 2: Dorex2007 ($1.97 in chips) 
Seat 3: GUILLE 1308 ($2.28 in chips) 
Seat 4: WARRENtheSAP ($2.34 in chips) 
Seat 5: abufirs ($1.69 in chips) 
Seat 6: rafael-nik ($3.58 in chips) 
Seat 8: Nick.Siloff ($4.23 in chips) 
Seat 9: ps_chase ($3.27 in chips) 
GUILLE 1308: posts small blind $0.01
WARRENtheSAP: posts big blind $0.02
*** HOLE CARDS ***
Dealt to Dorex2007 [4s Kh]
abufirs: folds 
rafael-nik: folds 
Nick.Siloff: folds 
ps_chase: folds 
ziv456: raises $0.04 to $0.06
Dorex2007: folds 
GUILLE 1308: folds 
WARRENtheSAP: calls $0.04
*** FLOP *** [2s Kc Qd]
WARRENtheSAP: folds 
WARRENtheSAP leaves the table
ziv456 collected $0.13 from pot
ziv456: doesn't show hand 
*** SUMMARY ***
Total pot $0.13 | Rake $0 
Board [2s Kc Qd]
Seat 1: ziv456 collected ($0.13)
Seat 2: Dorex2007 (button) folded before Flop (didn't bet)
Seat 3: GUILLE 1308 (small blind) folded before Flop
Seat 4: WARRENtheSAP (big blind) folded on the Flop
Seat 5: abufirs folded before Flop (didn't bet)
Seat 6: rafael-nik folded before Flop (didn't bet)
Seat 8: Nick.Siloff folded before Flop (didn't bet)
Seat 9: ps_chase folded before Flop (didn't bet)



PokerStars Hand #224008336278:  Hold'em No Limit ($0.01/$0.02 USD) - 2021/02/19 17:07:12 PT [2021/02/19 20:07:12 ET]
Table 'Antielus V' 9-max Seat #3 is the button
Seat 1: ziv456 ($2.61 in chips) 
Seat 2: Dorex2007 ($1.97 in chips) 
Seat 3: GUILLE 1308 ($2.27 in chips) 
Seat 5: abufirs ($1.69 in chips) 
Seat 6: rafael-nik ($3.58 in chips) 
Seat 8: Nick.Siloff ($4.23 in chips) 
Seat 9: ps_chase ($3.27 in chips) 
abufirs: posts small blind $0.01
rafael-nik: posts big blind $0.02
*** HOLE CARDS ***
Dealt to Dorex2007 [4c 7s]
ziv456 said, "???"
Nick.Siloff: folds 
ps_chase: folds 
ziv456: raises $0.04 to $0.06
Dorex2007: folds 
GUILLE 1308: folds 
abufirs: folds 
rafael-nik: folds 
Uncalled bet ($0.04) returned to ziv456
ziv456 collected $0.05 from pot
ziv456: doesn't show hand 
*** SUMMARY ***
Total pot $0.05 | Rake $0 
Seat 1: ziv456 collected ($0.05)
Seat 2: Dorex2007 folded before Flop (didn't bet)
Seat 3: GUILLE 1308 (button) folded before Flop (didn't bet)
Seat 5: abufirs (small blind) folded before Flop
Seat 6: rafael-nik (big blind) folded before Flop
Seat 8: Nick.Siloff folded before Flop (didn't bet)
Seat 9: ps_chase folded before Flop (didn't bet)



PokerStars Hand #224008344160:  Hold'em No Limit ($0.01/$0.02 USD) - 2021/02/19 17:07:29 PT [2021/02/19 20:07:29 ET]
Table 'Antielus V' 9-max Seat #5 is the button
Seat 1: ziv456 ($2.64 in chips) 
Seat 2: Dorex2007 ($1.97 in chips) 
Seat 3: GUILLE 1308 ($2.27 in chips) 
Seat 5: abufirs ($1.68 in chips) 
Seat 6: rafael-nik ($3.56 in chips) 
Seat 8: Nick.Siloff ($4.23 in chips) 
Seat 9: ps_chase ($3.27 in chips) 
rafael-nik: posts small blind $0.01
Nick.Siloff: posts big blind $0.02
*** HOLE CARDS ***
Dealt to Dorex2007 [Kd 8h]
ps_chase: folds 
ziv456: folds 
Dorex2007: folds 
GUILLE 1308: calls $0.02
abufirs: raises $0.07 to $0.09
rafael-nik: folds 
Nick.Siloff: folds 
GUILLE 1308: folds 
Uncalled bet ($0.07) returned to abufirs
rafael-nik leaves the table
abufirs collected $0.07 from pot
*** SUMMARY ***
Total pot $0.07 | Rake $0 
Seat 1: ziv456 folded before Flop (didn't bet)
Seat 2: Dorex2007 folded before Flop (didn't bet)
Seat 3: GUILLE 1308 folded before Flop
Seat 5: abufirs (button) collected ($0.07)
Seat 6: rafael-nik (small blind) folded before Flop
Seat 8: Nick.Siloff (big blind) folded before Flop
Seat 9: ps_chase folded before Flop (didn't bet)



PokerStars Hand #224008354561:  Hold'em No Limit ($0.01/$0.02 USD) - 2021/02/19 17:07:52 PT [2021/02/19 20:07:52 ET]
Table 'Antielus V' 9-max Seat #8 is the button
Seat 1: ziv456 ($2.64 in chips) 
Seat 2: Dorex2007 ($1.97 in chips) 
Seat 3: GUILLE 1308 ($2.25 in chips) 
Seat 5: abufirs ($1.73 in chips) 
Seat 8: Nick.Siloff ($4.21 in chips) 
Seat 9: ps_chase ($3.27 in chips) 
ps_chase: posts small blind $0.01
ziv456: posts big blind $0.02
*** HOLE CARDS ***
Dealt to Dorex2007 [7s Qc]
Dorex2007: folds 
GUILLE 1308: folds 
abufirs: folds 
Nick.Siloff: folds 
ps_chase: folds 
Uncalled bet ($0.01) returned to ziv456
ziv456 collected $0.02 from pot
ziv456: doesn't show hand 
*** SUMMARY ***
Total pot $0.02 | Rake $0 
Seat 1: ziv456 (big blind) collected ($0.02)
Seat 2: Dorex2007 folded before Flop (didn't bet)
Seat 3: GUILLE 1308 folded before Flop (didn't bet)
Seat 5: abufirs folded before Flop (didn't bet)
Seat 8: Nick.Siloff (button) folded before Flop (didn't bet)
Seat 9: ps_chase (small blind) folded before Flop



PokerStars Hand #224008360680:  Hold'em No Limit ($0.01/$0.02 USD) - 2021/02/19 17:08:06 PT [2021/02/19 20:08:06 ET]
Table 'Antielus V' 9-max Seat #9 is the button
Seat 1: ziv456 ($2.65 in chips) 
Seat 2: Dorex2007 ($1.97 in chips) 
Seat 3: GUILLE 1308 ($2.25 in chips) 
Seat 5: abufirs ($1.73 in chips) 
Seat 8: Nick.Siloff ($4.21 in chips) 
Seat 9: ps_chase ($3.26 in chips) 
ziv456: posts small blind $0.01
Dorex2007: posts big blind $0.02
*** HOLE CARDS ***
Dealt to Dorex2007 [Qc Td]
GUILLE 1308: folds 
abufirs: calls $0.02
Nick.Siloff: folds 
ps_chase: folds 
ziv456: calls $0.01
Dorex2007: checks 
*** FLOP *** [9h 6s 4s]
ziv456: bets $0.02
Dorex2007: calls $0.02
abufirs: calls $0.02
*** TURN *** [9h 6s 4s] [Ts]
ziv456: bets $0.02
Dorex2007: raises $0.08 to $0.10
abufirs: folds 
ziv456: folds 
Uncalled bet ($0.08) returned to Dorex2007
Dorex2007 collected $0.15 from pot
Dorex2007: doesn't show hand 
*** SUMMARY ***
Total pot $0.16 | Rake $0.01 
Board [9h 6s 4s Ts]
Seat 1: ziv456 (small blind) folded on the Turn
Seat 2: Dorex2007 (big blind) collected ($0.15)
Seat 3: GUILLE 1308 folded before Flop (didn't bet)
Seat 5: abufirs folded on the Turn
Seat 8: Nick.Siloff folded before Flop (didn't bet)
Seat 9: ps_chase (button) folded before Flop (didn't bet)



PokerStars Hand #224008373664:  Hold'em No Limit ($0.01/$0.02 USD) - 2021/02/19 17:08:36 PT [2021/02/19 20:08:36 ET]
Table 'Antielus V' 9-max Seat #1 is the button
Seat 1: ziv456 ($2.59 in chips) 
Seat 2: Dorex2007 ($2.06 in chips) 
Seat 3: GUILLE 1308 ($2.25 in chips) 
Seat 5: abufirs ($1.69 in chips) 
Seat 8: Nick.Siloff ($4.21 in chips) 
Seat 9: ps_chase ($3.26 in chips) 
Dorex2007: posts small blind $0.01
GUILLE 1308: posts big blind $0.02
*** HOLE CARDS ***
Dealt to Dorex2007 [8s Tc]
abufirs: folds 
Nick.Siloff: folds 
abufirs leaves the table
ps_chase: raises $0.05 to $0.07
ziv456: folds 
Dorex2007: folds 
GUILLE 1308: folds 
Uncalled bet ($0.05) returned to ps_chase
ps_chase collected $0.05 from pot
*** SUMMARY ***
Total pot $0.05 | Rake $0 
Seat 1: ziv456 (button) folded before Flop (didn't bet)
Seat 2: Dorex2007 (small blind) folded before Flop
Seat 3: GUILLE 1308 (big blind) folded before Flop
Seat 5: abufirs folded before Flop (didn't bet)
Seat 8: Nick.Siloff folded before Flop (didn't bet)
Seat 9: ps_chase collected ($0.05)



PokerStars Hand #224008392940:  Hold'em No Limit ($0.01/$0.02 USD) - 2021/02/19 17:08:58 PT [2021/02/19 20:08:58 ET]
Table 'Antielus V' 9-max Seat #2 is the button
Seat 1: ziv456 ($2.59 in chips) 
Seat 2: Dorex2007 ($2.05 in chips) 
Seat 3: GUILLE 1308 ($2.23 in chips) 
Seat 8: Nick.Siloff ($4.21 in chips) 
Seat 9: ps_chase ($3.29 in chips) 
GUILLE 1308: posts small blind $0.01
Nick.Siloff: posts big blind $0.02
*** HOLE CARDS ***
Dealt to Dorex2007 [Ah 5c]
ps_chase: folds 
ziv456: raises $0.04 to $0.06
Dorex2007: folds 
GUILLE 1308: folds 
Nick.Siloff: folds 
Uncalled bet ($0.04) returned to ziv456
ziv456 collected $0.05 from pot
ziv456: doesn't show hand 
*** SUMMARY ***
Total pot $0.05 | Rake $0 
Seat 1: ziv456 collected ($0.05)
Seat 2: Dorex2007 (button) folded before Flop (didn't bet)
Seat 3: GUILLE 1308 (small blind) folded before Flop
Seat 8: Nick.Siloff (big blind) folded before Flop
Seat 9: ps_chase folded before Flop (didn't bet)



PokerStars Hand #224008401957:  Hold'em No Limit ($0.01/$0.02 USD) - 2021/02/19 17:09:18 PT [2021/02/19 20:09:18 ET]
Table 'Antielus V' 9-max Seat #3 is the button
Seat 1: ziv456 ($2.62 in chips) 
Seat 2: Dorex2007 ($2.05 in chips) 
Seat 3: GUILLE 1308 ($2.22 in chips) 
Seat 8: Nick.Siloff ($4.19 in chips) 
Seat 9: ps_chase ($3.29 in chips) 
Nick.Siloff: posts small blind $0.01
ps_chase: posts big blind $0.02
*** HOLE CARDS ***
Dealt to Dorex2007 [Ks 9s]
ziv456: folds 
Dorex2007: raises $0.02 to $0.04
GUILLE 1308: folds 
Nick.Siloff: folds 
ps_chase: folds 
Uncalled bet ($0.02) returned to Dorex2007
Dorex2007 collected $0.05 from pot
Dorex2007: doesn't show hand 
*** SUMMARY ***
Total pot $0.05 | Rake $0 
Seat 1: ziv456 folded before Flop (didn't bet)
Seat 2: Dorex2007 collected ($0.05)
Seat 3: GUILLE 1308 (button) folded before Flop (didn't bet)
Seat 8: Nick.Siloff (small blind) folded before Flop
Seat 9: ps_chase (big blind) folded before Flop



PokerStars Hand #224008414569:  Hold'em No Limit ($0.01/$0.02 USD) - 2021/02/19 17:09:47 PT [2021/02/19 20:09:47 ET]
Table 'Antielus V' 9-max Seat #8 is the button
Seat 1: ziv456 ($2.62 in chips) 
Seat 2: Dorex2007 ($2.08 in chips) 
Seat 3: GUILLE 1308 ($2.22 in chips) 
Seat 8: Nick.Siloff ($4.18 in chips) 
Seat 9: ps_chase ($3.27 in chips) 
ps_chase: posts small blind $0.01
ziv456: posts big blind $0.02
*** HOLE CARDS ***
Dealt to Dorex2007 [Kc 5h]
Dorex2007: folds 
GUILLE 1308: folds 
Nick.Siloff: folds 
ps_chase: folds 
Uncalled bet ($0.01) returned to ziv456
ziv456 collected $0.02 from pot
ziv456: doesn't show hand 
*** SUMMARY ***
Total pot $0.02 | Rake $0 
Seat 1: ziv456 (big blind) collected ($0.02)
Seat 2: Dorex2007 folded before Flop (didn't bet)
Seat 3: GUILLE 1308 folded before Flop (didn't bet)
Seat 8: Nick.Siloff (button) folded before Flop (didn't bet)
Seat 9: ps_chase (small blind) folded before Flop



PokerStars Hand #224008423538:  Hold'em No Limit ($0.01/$0.02 USD) - 2021/02/19 17:10:07 PT [2021/02/19 20:10:07 ET]
Table 'Antielus V' 9-max Seat #9 is the button
Seat 1: ziv456 ($2.63 in chips) 
Seat 2: Dorex2007 ($2.08 in chips) 
Seat 3: GUILLE 1308 ($2.22 in chips) 
Seat 8: Nick.Siloff ($4.18 in chips) 
Seat 9: ps_chase ($3.26 in chips) 
ziv456: posts small blind $0.01
Dorex2007: posts big blind $0.02
*** HOLE CARDS ***
Dealt to Dorex2007 [7s 7c]
GUILLE 1308: folds 
Nick.Siloff: folds 
ps_chase: folds 
ziv456: calls $0.01
Dorex2007: raises $0.04 to $0.06
ziv456: folds 
Uncalled bet ($0.04) returned to Dorex2007
Dorex2007 collected $0.04 from pot
Dorex2007: doesn't show hand 
*** SUMMARY ***
Total pot $0.04 | Rake $0 
Seat 1: ziv456 (small blind) folded before Flop
Seat 2: Dorex2007 (big blind) collected ($0.04)
Seat 3: GUILLE 1308 folded before Flop (didn't bet)
Seat 8: Nick.Siloff folded before Flop (didn't bet)
Seat 9: ps_chase (button) folded before Flop (didn't bet)



PokerStars Hand #224008432311:  Hold'em No Limit ($0.01/$0.02 USD) - 2021/02/19 17:10:27 PT [2021/02/19 20:10:27 ET]
Table 'Antielus V' 9-max Seat #1 is the button
Seat 1: ziv456 ($2.61 in chips) 
Seat 2: Dorex2007 ($2.10 in chips) 
Seat 3: GUILLE 1308 ($2.22 in chips) 
Seat 8: Nick.Siloff ($4.18 in chips) 
Seat 9: ps_chase ($3.26 in chips) 
Dorex2007: posts small blind $0.01
GUILLE 1308: posts big blind $0.02
*** HOLE CARDS ***
Dealt to Dorex2007 [Jc 9d]
Nick.Siloff: folds 
ps_chase: folds 
ziv456: raises $0.04 to $0.06
Dorex2007: folds 
GUILLE 1308: folds 
Uncalled bet ($0.04) returned to ziv456
ziv456 collected $0.05 from pot
ziv456: doesn't show hand 
*** SUMMARY ***
Total pot $0.05 | Rake $0 
Seat 1: ziv456 (button) collected ($0.05)
Seat 2: Dorex2007 (small blind) folded before Flop
Seat 3: GUILLE 1308 (big blind) folded before Flop
Seat 8: Nick.Siloff folded before Flop (didn't bet)
Seat 9: ps_chase folded before Flop (didn't bet)



