PokerStars Hand #228014650533:  Hold'em No Limit ($0.01/$0.02 USD) - 2021/07/02 20:10:19 PT [2021/07/02 23:10:19 ET]
Table 'Frisia IV' 9-max Seat #9 is the button
Seat 1: maxkxi ($1.74 in chips) 
Seat 2: themarfs ($2.37 in chips) 
Seat 3: catneedsFOOD ($0.69 in chips) 
Seat 4: Ease-From-Fear ($2.88 in chips) 
Seat 5: molinero001 ($2 in chips) 
Seat 6: icara78 ($3.58 in chips) 
Seat 7: jorge171119 ($2.51 in chips) 
Seat 8: Dorex2007 ($2 in chips) 
Seat 9: NormBabe ($1.97 in chips) 
maxkxi: posts small blind $0.01
themarfs: posts big blind $0.02
Dorex2007: posts big blind $0.02
*** HOLE CARDS ***
Dealt to Dorex2007 [7h Ks]
catneedsFOOD: folds 
Ease-From-Fear: folds 
molinero001: raises $0.05 to $0.07
icara78: folds 
jorge171119: folds 
Dorex2007: folds 
NormBabe: folds 
maxkxi: calls $0.06
themarfs: folds 
*** FLOP *** [Td Js 7d]
maxkxi: checks 
molinero001: bets $0.06
maxkxi: calls $0.06
*** TURN *** [Td Js 7d] [9h]
maxkxi: checks 
molinero001: checks 
*** RIVER *** [Td Js 7d 9h] [9s]
maxkxi: bets $0.10
molinero001: folds 
Uncalled bet ($0.10) returned to maxkxi
maxkxi collected $0.29 from pot
maxkxi: doesn't show hand 
*** SUMMARY ***
Total pot $0.30 | Rake $0.01 
Board [Td Js 7d 9h 9s]
Seat 1: maxkxi (small blind) collected ($0.29)
Seat 2: themarfs (big blind) folded before Flop
Seat 3: catneedsFOOD folded before Flop (didn't bet)
Seat 4: Ease-From-Fear folded before Flop (didn't bet)
Seat 5: molinero001 folded on the River
Seat 6: icara78 folded before Flop (didn't bet)
Seat 7: jorge171119 folded before Flop (didn't bet)
Seat 8: Dorex2007 folded before Flop (didn't bet)
Seat 9: NormBabe (button) folded before Flop (didn't bet)



PokerStars Hand #228014668055:  Hold'em No Limit ($0.01/$0.02 USD) - 2021/07/02 20:11:46 PT [2021/07/02 23:11:46 ET]
Table 'Frisia IV' 9-max Seat #1 is the button
Seat 1: maxkxi ($1.90 in chips) 
Seat 2: themarfs ($2.35 in chips) 
Seat 3: catneedsFOOD ($0.69 in chips) 
Seat 4: Ease-From-Fear ($2.88 in chips) 
Seat 5: molinero001 ($2 in chips) 
Seat 6: icara78 ($3.58 in chips) 
Seat 7: jorge171119 ($2.51 in chips) 
Seat 8: Dorex2007 ($1.98 in chips) 
Seat 9: NormBabe ($1.97 in chips) 
themarfs: posts small blind $0.01
catneedsFOOD: posts big blind $0.02
*** HOLE CARDS ***
Dealt to Dorex2007 [Ac 9h]
Ease-From-Fear: folds 
molinero001: folds 
icara78: folds 
jorge171119: calls $0.02
Dorex2007: folds 
NormBabe: folds 
maxkxi: calls $0.02
themarfs: folds 
catneedsFOOD: checks 
*** FLOP *** [Qc Jd 8s]
catneedsFOOD: checks 
jorge171119: checks 
maxkxi: bets $0.07
catneedsFOOD: folds 
jorge171119: folds 
Uncalled bet ($0.07) returned to maxkxi
maxkxi collected $0.07 from pot
maxkxi: doesn't show hand 
*** SUMMARY ***
Total pot $0.07 | Rake $0 
Board [Qc Jd 8s]
Seat 1: maxkxi (button) collected ($0.07)
Seat 2: themarfs (small blind) folded before Flop
Seat 3: catneedsFOOD (big blind) folded on the Flop
Seat 4: Ease-From-Fear folded before Flop (didn't bet)
Seat 5: molinero001 folded before Flop (didn't bet)
Seat 6: icara78 folded before Flop (didn't bet)
Seat 7: jorge171119 folded on the Flop
Seat 8: Dorex2007 folded before Flop (didn't bet)
Seat 9: NormBabe folded before Flop (didn't bet)



PokerStars Hand #228014676283:  Hold'em No Limit ($0.01/$0.02 USD) - 2021/07/02 20:12:27 PT [2021/07/02 23:12:27 ET]
Table 'Frisia IV' 9-max Seat #2 is the button
Seat 1: maxkxi ($1.95 in chips) 
Seat 2: themarfs ($2.34 in chips) 
Seat 4: Ease-From-Fear ($2.88 in chips) 
Seat 5: molinero001 ($2 in chips) 
Seat 6: icara78 ($3.58 in chips) 
Seat 7: jorge171119 ($2.49 in chips) 
Seat 8: Dorex2007 ($1.98 in chips) 
Seat 9: NormBabe ($1.97 in chips) 
Ease-From-Fear: posts small blind $0.01
molinero001: posts big blind $0.02
*** HOLE CARDS ***
Dealt to Dorex2007 [Ah 7h]
icara78: folds 
jorge171119: folds 
Dorex2007: folds 
NormBabe: calls $0.02
maxkxi: calls $0.02
themarfs: folds 
Ease-From-Fear: folds 
molinero001: checks 
*** FLOP *** [7c 3s 5h]
molinero001: checks 
NormBabe: checks 
maxkxi: checks 
*** TURN *** [7c 3s 5h] [Th]
molinero001: checks 
NormBabe: checks 
maxkxi: checks 
*** RIVER *** [7c 3s 5h Th] [Qs]
molinero001: checks 
NormBabe: checks 
maxkxi: checks 
*** SHOW DOWN ***
molinero001: shows [Ac 8s] (high card Ace)
NormBabe: shows [2d 2s] (a pair of Deuces)
maxkxi: mucks hand 
NormBabe collected $0.07 from pot
*** SUMMARY ***
Total pot $0.07 | Rake $0 
Board [7c 3s 5h Th Qs]
Seat 1: maxkxi mucked [Kd 8h]
Seat 2: themarfs (button) folded before Flop (didn't bet)
Seat 4: Ease-From-Fear (small blind) folded before Flop
Seat 5: molinero001 (big blind) showed [Ac 8s] and lost with high card Ace
Seat 6: icara78 folded before Flop (didn't bet)
Seat 7: jorge171119 folded before Flop (didn't bet)
Seat 8: Dorex2007 folded before Flop (didn't bet)
Seat 9: NormBabe showed [2d 2s] and won ($0.07) with a pair of Deuces



PokerStars Hand #228014685316:  Hold'em No Limit ($0.01/$0.02 USD) - 2021/07/02 20:13:11 PT [2021/07/02 23:13:11 ET]
Table 'Frisia IV' 9-max Seat #4 is the button
Seat 1: maxkxi ($1.93 in chips) 
Seat 2: themarfs ($2.34 in chips) 
Seat 4: Ease-From-Fear ($2.87 in chips) 
Seat 5: molinero001 ($2 in chips) 
Seat 6: icara78 ($3.58 in chips) 
Seat 7: jorge171119 ($2.49 in chips) 
Seat 8: Dorex2007 ($1.98 in chips) 
Seat 9: NormBabe ($2.02 in chips) 
molinero001: posts small blind $0.01
icara78: posts big blind $0.02
*** HOLE CARDS ***
Dealt to Dorex2007 [Ks 2c]
jorge171119: calls $0.02
Dorex2007: folds 
NormBabe: folds 
maxkxi: raises $0.07 to $0.09
themarfs: folds 
Ease-From-Fear: folds 
molinero001: raises $0.18 to $0.27
icara78: folds 
jorge171119: folds 
maxkxi: calls $0.18
*** FLOP *** [As 7s 3c]
molinero001: bets $0.14
maxkxi: raises $0.26 to $0.40
molinero001: folds 
Uncalled bet ($0.26) returned to maxkxi
maxkxi collected $0.83 from pot
maxkxi: doesn't show hand 
*** SUMMARY ***
Total pot $0.86 | Rake $0.03 
Board [As 7s 3c]
Seat 1: maxkxi collected ($0.83)
Seat 2: themarfs folded before Flop (didn't bet)
Seat 4: Ease-From-Fear (button) folded before Flop (didn't bet)
Seat 5: molinero001 (small blind) folded on the Flop
Seat 6: icara78 (big blind) folded before Flop
Seat 7: jorge171119 folded before Flop
Seat 8: Dorex2007 folded before Flop (didn't bet)
Seat 9: NormBabe folded before Flop (didn't bet)



PokerStars Hand #228014711610:  Hold'em No Limit ($0.01/$0.02 USD) - 2021/07/02 20:14:40 PT [2021/07/02 23:14:40 ET]
Table 'Frisia IV' 9-max Seat #5 is the button
Seat 1: maxkxi ($2.35 in chips) 
Seat 2: themarfs ($2.34 in chips) 
Seat 4: Ease-From-Fear ($2.87 in chips) 
Seat 5: molinero001 ($2 in chips) 
Seat 6: icara78 ($3.56 in chips) 
Seat 7: jorge171119 ($2.47 in chips) 
Seat 8: Dorex2007 ($1.98 in chips) 
Seat 9: NormBabe ($2.02 in chips) 
icara78: posts small blind $0.01
jorge171119: posts big blind $0.02
*** HOLE CARDS ***
Dealt to Dorex2007 [Ks 3h]
Dorex2007: folds 
NormBabe: folds 
maxkxi: folds 
themarfs: folds 
Ease-From-Fear: folds 
molinero001: folds 
icara78: folds 
Uncalled bet ($0.01) returned to jorge171119
jorge171119 collected $0.02 from pot
jorge171119: doesn't show hand 
*** SUMMARY ***
Total pot $0.02 | Rake $0 
Seat 1: maxkxi folded before Flop (didn't bet)
Seat 2: themarfs folded before Flop (didn't bet)
Seat 4: Ease-From-Fear folded before Flop (didn't bet)
Seat 5: molinero001 (button) folded before Flop (didn't bet)
Seat 6: icara78 (small blind) folded before Flop
Seat 7: jorge171119 (big blind) collected ($0.02)
Seat 8: Dorex2007 folded before Flop (didn't bet)
Seat 9: NormBabe folded before Flop (didn't bet)



PokerStars Hand #228014716497:  Hold'em No Limit ($0.01/$0.02 USD) - 2021/07/02 20:15:04 PT [2021/07/02 23:15:04 ET]
Table 'Frisia IV' 9-max Seat #6 is the button
Seat 1: maxkxi ($2.35 in chips) 
Seat 2: themarfs ($2.34 in chips) 
Seat 4: Ease-From-Fear ($2.87 in chips) 
Seat 5: molinero001 ($2 in chips) 
Seat 6: icara78 ($3.55 in chips) 
Seat 7: jorge171119 ($2.48 in chips) 
Seat 8: Dorex2007 ($1.98 in chips) 
Seat 9: NormBabe ($2.02 in chips) 
jorge171119: posts small blind $0.01
Dorex2007: posts big blind $0.02
*** HOLE CARDS ***
Dealt to Dorex2007 [Ts Th]
NormBabe: folds 
maxkxi: calls $0.02
themarfs: folds 
Ease-From-Fear: raises $0.07 to $0.09
molinero001: folds 
icara78: folds 
jorge171119: calls $0.08
Dorex2007: calls $0.07
maxkxi: calls $0.07
*** FLOP *** [Ad Td 4h]
jorge171119: checks 
Dorex2007: checks 
maxkxi: checks 
Ease-From-Fear: bets $0.12
jorge171119: folds 
Dorex2007: raises $0.24 to $0.36
maxkxi: folds 
Ease-From-Fear: raises $2.42 to $2.78 and is all-in
Dorex2007: calls $1.53 and is all-in
Uncalled bet ($0.89) returned to Ease-From-Fear
*** TURN *** [Ad Td 4h] [Ah]
*** RIVER *** [Ad Td 4h Ah] [6h]
*** SHOW DOWN ***
Dorex2007: shows [Ts Th] (a full house, Tens full of Aces)
Ease-From-Fear: shows [Qd Jd] (a pair of Aces)
Dorex2007 cashed out the hand for $2.59 | Cash Out Fee $0.03
*** SUMMARY ***
Total pot $4.14 | Rake $0.14 
Board [Ad Td 4h Ah 6h]
Seat 1: maxkxi folded on the Flop
Seat 2: themarfs folded before Flop (didn't bet)
Seat 4: Ease-From-Fear showed [Qd Jd] and lost with a pair of Aces
Seat 5: molinero001 folded before Flop (didn't bet)
Seat 6: icara78 (button) folded before Flop (didn't bet)
Seat 7: jorge171119 (small blind) folded on the Flop
Seat 8: Dorex2007 (big blind) showed [Ts Th] and won ($4) with a full house, Tens full of Aces (pot not awarded as player cashed out)
Seat 9: NormBabe folded before Flop (didn't bet)



PokerStars Hand #228014739582:  Hold'em No Limit ($0.01/$0.02 USD) - 2021/07/02 20:16:58 PT [2021/07/02 23:16:58 ET]
Table 'Frisia IV' 9-max Seat #7 is the button
Seat 1: maxkxi ($2.26 in chips) 
Seat 2: themarfs ($2.34 in chips) 
Seat 4: Ease-From-Fear ($2 in chips) 
Seat 5: molinero001 ($2 in chips) 
Seat 6: icara78 ($3.55 in chips) 
Seat 7: jorge171119 ($2.39 in chips) 
Seat 8: Dorex2007 ($2.59 in chips) 
Seat 9: NormBabe ($2.02 in chips) 
Dorex2007: posts small blind $0.01
NormBabe: posts big blind $0.02
catneedsFOOD: sits out 
*** HOLE CARDS ***
Dealt to Dorex2007 [Ac Ts]
maxkxi: folds 
themarfs has timed out
themarfs: folds 
Ease-From-Fear: folds 
molinero001: folds 
icara78: folds 
jorge171119: folds 
Dorex2007: raises $0.04 to $0.06
NormBabe: folds 
Uncalled bet ($0.04) returned to Dorex2007
Dorex2007 collected $0.04 from pot
Dorex2007: doesn't show hand 
*** SUMMARY ***
Total pot $0.04 | Rake $0 
Seat 1: maxkxi folded before Flop (didn't bet)
Seat 2: themarfs folded before Flop (didn't bet)
Seat 4: Ease-From-Fear folded before Flop (didn't bet)
Seat 5: molinero001 folded before Flop (didn't bet)
Seat 6: icara78 folded before Flop (didn't bet)
Seat 7: jorge171119 (button) folded before Flop (didn't bet)
Seat 8: Dorex2007 (small blind) collected ($0.04)
Seat 9: NormBabe (big blind) folded before Flop



PokerStars Hand #228014746902:  Hold'em No Limit ($0.01/$0.02 USD) - 2021/07/02 20:17:34 PT [2021/07/02 23:17:34 ET]
Table 'Frisia IV' 9-max Seat #8 is the button
Seat 1: maxkxi ($2.26 in chips) 
Seat 2: themarfs ($2.34 in chips) 
Seat 3: catneedsFOOD ($0.67 in chips) 
Seat 4: Ease-From-Fear ($2 in chips) 
Seat 5: molinero001 ($2 in chips) 
Seat 6: icara78 ($3.55 in chips) 
Seat 7: jorge171119 ($2.39 in chips) 
Seat 8: Dorex2007 ($2.61 in chips) 
Seat 9: NormBabe ($2 in chips) 
NormBabe: posts small blind $0.01
maxkxi: posts big blind $0.02
catneedsFOOD: posts small blind $0.01
*** HOLE CARDS ***
Dealt to Dorex2007 [9d 2d]
themarfs: folds 
catneedsFOOD: calls $0.02
Ease-From-Fear: folds 
molinero001: folds 
icara78: calls $0.02
jorge171119 has timed out
jorge171119: folds 
Dorex2007: folds 
NormBabe: folds 
maxkxi: checks 
*** FLOP *** [6c Jh 9s]
maxkxi: checks 
catneedsFOOD: bets $0.04
icara78: calls $0.04
maxkxi: folds 
*** TURN *** [6c Jh 9s] [4d]
catneedsFOOD: bets $0.07
icara78: folds 
Uncalled bet ($0.07) returned to catneedsFOOD
catneedsFOOD collected $0.15 from pot
catneedsFOOD: doesn't show hand 
*** SUMMARY ***
Total pot $0.16 | Rake $0.01 
Board [6c Jh 9s 4d]
Seat 1: maxkxi (big blind) folded on the Flop
Seat 2: themarfs folded before Flop (didn't bet)
Seat 3: catneedsFOOD collected ($0.15)
Seat 4: Ease-From-Fear folded before Flop (didn't bet)
Seat 5: molinero001 folded before Flop (didn't bet)
Seat 6: icara78 folded on the Turn
Seat 7: jorge171119 folded before Flop (didn't bet)
Seat 8: Dorex2007 (button) folded before Flop (didn't bet)
Seat 9: NormBabe (small blind) folded before Flop



PokerStars Hand #228014757521:  Hold'em No Limit ($0.01/$0.02 USD) - 2021/07/02 20:18:26 PT [2021/07/02 23:18:26 ET]
Table 'Frisia IV' 9-max Seat #9 is the button
Seat 1: maxkxi ($2.24 in chips) 
Seat 2: themarfs ($2.34 in chips) 
Seat 3: catneedsFOOD ($0.75 in chips) 
Seat 4: Ease-From-Fear ($2 in chips) 
Seat 5: molinero001 ($2 in chips) 
Seat 6: icara78 ($3.49 in chips) 
Seat 7: jorge171119 ($2.39 in chips) 
Seat 8: Dorex2007 ($2.61 in chips) 
Seat 9: NormBabe ($1.99 in chips) 
maxkxi: posts small blind $0.01
themarfs: posts big blind $0.02
*** HOLE CARDS ***
Dealt to Dorex2007 [8c 6c]
catneedsFOOD: folds 
Ease-From-Fear: folds 
molinero001: folds 
icara78: folds 
jorge171119: calls $0.02
Dorex2007: folds 
NormBabe: folds 
maxkxi: calls $0.01
themarfs: checks 
*** FLOP *** [3c Jc 2c]
maxkxi: checks 
themarfs: checks 
jorge171119: bets $0.03
maxkxi: calls $0.03
themarfs: calls $0.03
*** TURN *** [3c Jc 2c] [Js]
maxkxi: checks 
themarfs: checks 
jorge171119: checks 
*** RIVER *** [3c Jc 2c Js] [Kh]
maxkxi: checks 
themarfs: checks 
jorge171119: checks 
*** SHOW DOWN ***
maxkxi: shows [4h 5c] (a pair of Jacks)
themarfs: shows [Kc 2d] (two pair, Kings and Jacks)
jorge171119: mucks hand 
themarfs collected $0.14 from pot
*** SUMMARY ***
Total pot $0.15 | Rake $0.01 
Board [3c Jc 2c Js Kh]
Seat 1: maxkxi (small blind) showed [4h 5c] and lost with a pair of Jacks
Seat 2: themarfs (big blind) showed [Kc 2d] and won ($0.14) with two pair, Kings and Jacks
Seat 3: catneedsFOOD folded before Flop (didn't bet)
Seat 4: Ease-From-Fear folded before Flop (didn't bet)
Seat 5: molinero001 folded before Flop (didn't bet)
Seat 6: icara78 folded before Flop (didn't bet)
Seat 7: jorge171119 mucked [2h Qh]
Seat 8: Dorex2007 folded before Flop (didn't bet)
Seat 9: NormBabe (button) folded before Flop (didn't bet)



PokerStars Hand #228014769949:  Hold'em No Limit ($0.01/$0.02 USD) - 2021/07/02 20:19:27 PT [2021/07/02 23:19:27 ET]
Table 'Frisia IV' 9-max Seat #1 is the button
Seat 1: maxkxi ($2.19 in chips) 
Seat 2: themarfs ($2.43 in chips) 
Seat 3: catneedsFOOD ($0.75 in chips) 
Seat 4: Ease-From-Fear ($2 in chips) 
Seat 5: molinero001 ($2 in chips) 
Seat 6: icara78 ($3.49 in chips) 
Seat 7: jorge171119 ($2.34 in chips) 
Seat 8: Dorex2007 ($2.61 in chips) 
Seat 9: NormBabe ($1.99 in chips) 
themarfs: posts small blind $0.01
catneedsFOOD: posts big blind $0.02
*** HOLE CARDS ***
Dealt to Dorex2007 [5c Ac]
Ease-From-Fear: folds 
molinero001: folds 
icara78: folds 
jorge171119: folds 
Dorex2007: folds 
NormBabe: folds 
maxkxi: folds 
themarfs: folds 
Uncalled bet ($0.01) returned to catneedsFOOD
catneedsFOOD collected $0.02 from pot
catneedsFOOD: doesn't show hand 
*** SUMMARY ***
Total pot $0.02 | Rake $0 
Seat 1: maxkxi (button) folded before Flop (didn't bet)
Seat 2: themarfs (small blind) folded before Flop
Seat 3: catneedsFOOD (big blind) collected ($0.02)
Seat 4: Ease-From-Fear folded before Flop (didn't bet)
Seat 5: molinero001 folded before Flop (didn't bet)
Seat 6: icara78 folded before Flop (didn't bet)
Seat 7: jorge171119 folded before Flop (didn't bet)
Seat 8: Dorex2007 folded before Flop (didn't bet)
Seat 9: NormBabe folded before Flop (didn't bet)



PokerStars Hand #228014775060:  Hold'em No Limit ($0.01/$0.02 USD) - 2021/07/02 20:19:52 PT [2021/07/02 23:19:52 ET]
Table 'Frisia IV' 9-max Seat #2 is the button
Seat 1: maxkxi ($2.19 in chips) 
Seat 2: themarfs ($2.42 in chips) 
Seat 3: catneedsFOOD ($0.76 in chips) 
Seat 4: Ease-From-Fear ($2 in chips) 
Seat 5: molinero001 ($2 in chips) 
Seat 6: icara78 ($3.49 in chips) 
Seat 7: jorge171119 ($2.34 in chips) 
Seat 8: Dorex2007 ($2.61 in chips) 
Seat 9: NormBabe ($1.99 in chips) 
catneedsFOOD: posts small blind $0.01
Ease-From-Fear: posts big blind $0.02
*** HOLE CARDS ***
Dealt to Dorex2007 [2h Th]
molinero001: folds 
icara78: folds 
jorge171119: folds 
Dorex2007: folds 
NormBabe: folds 
maxkxi: folds 
themarfs: folds 
catneedsFOOD: calls $0.01
Ease-From-Fear: checks 
*** FLOP *** [7s As 5h]
catneedsFOOD: bets $0.02
Ease-From-Fear: folds 
Uncalled bet ($0.02) returned to catneedsFOOD
catneedsFOOD collected $0.04 from pot
catneedsFOOD: doesn't show hand 
*** SUMMARY ***
Total pot $0.04 | Rake $0 
Board [7s As 5h]
Seat 1: maxkxi folded before Flop (didn't bet)
Seat 2: themarfs (button) folded before Flop (didn't bet)
Seat 3: catneedsFOOD (small blind) collected ($0.04)
Seat 4: Ease-From-Fear (big blind) folded on the Flop
Seat 5: molinero001 folded before Flop (didn't bet)
Seat 6: icara78 folded before Flop (didn't bet)
Seat 7: jorge171119 folded before Flop (didn't bet)
Seat 8: Dorex2007 folded before Flop (didn't bet)
Seat 9: NormBabe folded before Flop (didn't bet)



PokerStars Hand #228014781830:  Hold'em No Limit ($0.01/$0.02 USD) - 2021/07/02 20:20:26 PT [2021/07/02 23:20:26 ET]
Table 'Frisia IV' 9-max Seat #3 is the button
Seat 1: maxkxi ($2.19 in chips) 
Seat 2: themarfs ($2.42 in chips) 
Seat 3: catneedsFOOD ($0.78 in chips) 
Seat 4: Ease-From-Fear ($2 in chips) 
Seat 5: molinero001 ($2 in chips) 
Seat 6: icara78 ($3.49 in chips) 
Seat 7: jorge171119 ($2.34 in chips) 
Seat 8: Dorex2007 ($2.61 in chips) 
Seat 9: NormBabe ($1.99 in chips) 
Ease-From-Fear: posts small blind $0.01
molinero001: posts big blind $0.02
*** HOLE CARDS ***
Dealt to Dorex2007 [Jc 9s]
icara78: folds 
jorge171119: folds 
Dorex2007: folds 
NormBabe: folds 
maxkxi: folds 
themarfs: folds 
catneedsFOOD: raises $0.04 to $0.06
Ease-From-Fear: folds 
molinero001: folds 
Uncalled bet ($0.04) returned to catneedsFOOD
catneedsFOOD collected $0.05 from pot
catneedsFOOD: doesn't show hand 
*** SUMMARY ***
Total pot $0.05 | Rake $0 
Seat 1: maxkxi folded before Flop (didn't bet)
Seat 2: themarfs folded before Flop (didn't bet)
Seat 3: catneedsFOOD (button) collected ($0.05)
Seat 4: Ease-From-Fear (small blind) folded before Flop
Seat 5: molinero001 (big blind) folded before Flop
Seat 6: icara78 folded before Flop (didn't bet)
Seat 7: jorge171119 folded before Flop (didn't bet)
Seat 8: Dorex2007 folded before Flop (didn't bet)
Seat 9: NormBabe folded before Flop (didn't bet)



PokerStars Hand #228014786305:  Hold'em No Limit ($0.01/$0.02 USD) - 2021/07/02 20:20:48 PT [2021/07/02 23:20:48 ET]
Table 'Frisia IV' 9-max Seat #4 is the button
Seat 1: maxkxi ($2.19 in chips) 
Seat 2: themarfs ($2.42 in chips) 
Seat 3: catneedsFOOD ($0.81 in chips) 
Seat 4: Ease-From-Fear ($2 in chips) 
Seat 5: molinero001 ($2 in chips) 
Seat 6: icara78 ($3.49 in chips) 
Seat 7: jorge171119 ($2.34 in chips) 
Seat 8: Dorex2007 ($2.61 in chips) 
Seat 9: NormBabe ($1.99 in chips) 
molinero001: posts small blind $0.01
icara78: posts big blind $0.02
*** HOLE CARDS ***
Dealt to Dorex2007 [As 7s]
jorge171119: calls $0.02
Dorex2007: folds 
NormBabe: folds 
maxkxi: folds 
themarfs: folds 
catneedsFOOD: calls $0.02
Ease-From-Fear: folds 
maxkxi leaves the table
molinero001: folds 
icara78: raises $3.47 to $3.49 and is all-in
jorge171119: folds 
catneedsFOOD: folds 
Uncalled bet ($3.47) returned to icara78
icara78 collected $0.07 from pot
icara78: doesn't show hand 
*** SUMMARY ***
Total pot $0.07 | Rake $0 
Seat 1: maxkxi folded before Flop (didn't bet)
Seat 2: themarfs folded before Flop (didn't bet)
Seat 3: catneedsFOOD folded before Flop
Seat 4: Ease-From-Fear (button) folded before Flop (didn't bet)
Seat 5: molinero001 (small blind) folded before Flop
Seat 6: icara78 (big blind) collected ($0.07)
Seat 7: jorge171119 folded before Flop
Seat 8: Dorex2007 folded before Flop (didn't bet)
Seat 9: NormBabe folded before Flop (didn't bet)



PokerStars Hand #228014792243:  Hold'em No Limit ($0.01/$0.02 USD) - 2021/07/02 20:21:18 PT [2021/07/02 23:21:18 ET]
Table 'Frisia IV' 9-max Seat #5 is the button
Seat 2: themarfs ($2.42 in chips) 
Seat 3: catneedsFOOD ($0.79 in chips) 
Seat 4: Ease-From-Fear ($2 in chips) 
Seat 5: molinero001 ($2 in chips) 
Seat 6: icara78 ($3.54 in chips) 
Seat 7: jorge171119 ($2.32 in chips) 
Seat 8: Dorex2007 ($2.61 in chips) 
Seat 9: NormBabe ($1.99 in chips) 
icara78: posts small blind $0.01
jorge171119: posts big blind $0.02
*** HOLE CARDS ***
Dealt to Dorex2007 [6s 4h]
Dorex2007: folds 
NormBabe: folds 
themarfs: raises $0.04 to $0.06
catneedsFOOD: folds 
Ease-From-Fear: folds 
molinero001: folds 
icara78: folds 
jorge171119: calls $0.04
*** FLOP *** [3s 6d Kh]
jorge171119: checks 
themarfs: bets $0.09
jorge171119: calls $0.09
*** TURN *** [3s 6d Kh] [5h]
jorge171119: checks 
themarfs: bets $0.15
Cocipoker joins the table at seat #1 
jorge171119: calls $0.15
*** RIVER *** [3s 6d Kh 5h] [2c]
jorge171119: checks 
themarfs: checks 
*** SHOW DOWN ***
jorge171119: shows [2h 2s] (three of a kind, Deuces)
themarfs: mucks hand 
jorge171119 collected $0.59 from pot
*** SUMMARY ***
Total pot $0.61 | Rake $0.02 
Board [3s 6d Kh 5h 2c]
Seat 2: themarfs mucked [Kd Ah]
Seat 3: catneedsFOOD folded before Flop (didn't bet)
Seat 4: Ease-From-Fear folded before Flop (didn't bet)
Seat 5: molinero001 (button) folded before Flop (didn't bet)
Seat 6: icara78 (small blind) folded before Flop
Seat 7: jorge171119 (big blind) showed [2h 2s] and won ($0.59) with three of a kind, Deuces
Seat 8: Dorex2007 folded before Flop (didn't bet)
Seat 9: NormBabe folded before Flop (didn't bet)



PokerStars Hand #228014800792:  Hold'em No Limit ($0.01/$0.02 USD) - 2021/07/02 20:22:01 PT [2021/07/02 23:22:01 ET]
Table 'Frisia IV' 9-max Seat #6 is the button
Seat 2: themarfs ($2.12 in chips) 
Seat 3: catneedsFOOD ($0.79 in chips) 
Seat 4: Ease-From-Fear ($2 in chips) 
Seat 5: molinero001 ($2 in chips) 
Seat 6: icara78 ($3.53 in chips) 
Seat 7: jorge171119 ($2.61 in chips) 
Seat 8: Dorex2007 ($2.61 in chips) 
Seat 9: NormBabe ($1.99 in chips) 
jorge171119: posts small blind $0.01
Dorex2007: posts big blind $0.02
Cocipoker: sits out 
*** HOLE CARDS ***
Dealt to Dorex2007 [3s Qh]
NormBabe: folds 
themarfs: folds 
catneedsFOOD: folds 
Ease-From-Fear: folds 
molinero001: raises $0.04 to $0.06
icara78: folds 
jorge171119: folds 
Dorex2007: folds 
Uncalled bet ($0.04) returned to molinero001
molinero001 collected $0.05 from pot
molinero001: doesn't show hand 
*** SUMMARY ***
Total pot $0.05 | Rake $0 
Seat 2: themarfs folded before Flop (didn't bet)
Seat 3: catneedsFOOD folded before Flop (didn't bet)
Seat 4: Ease-From-Fear folded before Flop (didn't bet)
Seat 5: molinero001 collected ($0.05)
Seat 6: icara78 (button) folded before Flop (didn't bet)
Seat 7: jorge171119 (small blind) folded before Flop
Seat 8: Dorex2007 (big blind) folded before Flop
Seat 9: NormBabe folded before Flop (didn't bet)



PokerStars Hand #228014804918:  Hold'em No Limit ($0.01/$0.02 USD) - 2021/07/02 20:22:21 PT [2021/07/02 23:22:21 ET]
Table 'Frisia IV' 9-max Seat #7 is the button
Seat 2: themarfs ($2.12 in chips) 
Seat 3: catneedsFOOD ($0.79 in chips) 
Seat 4: Ease-From-Fear ($2 in chips) 
Seat 5: molinero001 ($2.03 in chips) 
Seat 6: icara78 ($3.53 in chips) 
Seat 7: jorge171119 ($2.60 in chips) 
Seat 8: Dorex2007 ($2.59 in chips) 
Seat 9: NormBabe ($1.99 in chips) 
Dorex2007: posts small blind $0.01
NormBabe: posts big blind $0.02
Cocipoker: sits out 
*** HOLE CARDS ***
Dealt to Dorex2007 [Kd 5c]
themarfs: folds 
catneedsFOOD: folds 
Ease-From-Fear: folds 
molinero001: folds 
icara78: folds 
jorge171119: calls $0.02
Dorex2007: folds 
NormBabe: checks 
*** FLOP *** [3d 8s Ad]
NormBabe: checks 
jorge171119: checks 
*** TURN *** [3d 8s Ad] [Qs]
NormBabe: checks 
jorge171119: checks 
*** RIVER *** [3d 8s Ad Qs] [Ks]
NormBabe: checks 
jorge171119: checks 
*** SHOW DOWN ***
NormBabe: shows [Td 3s] (a pair of Threes)
jorge171119: mucks hand 
NormBabe collected $0.05 from pot
*** SUMMARY ***
Total pot $0.05 | Rake $0 
Board [3d 8s Ad Qs Ks]
Seat 2: themarfs folded before Flop (didn't bet)
Seat 3: catneedsFOOD folded before Flop (didn't bet)
Seat 4: Ease-From-Fear folded before Flop (didn't bet)
Seat 5: molinero001 folded before Flop (didn't bet)
Seat 6: icara78 folded before Flop (didn't bet)
Seat 7: jorge171119 (button) mucked [6s 9c]
Seat 8: Dorex2007 (small blind) folded before Flop
Seat 9: NormBabe (big blind) showed [Td 3s] and won ($0.05) with a pair of Threes



PokerStars Hand #228014814156:  Hold'em No Limit ($0.01/$0.02 USD) - 2021/07/02 20:23:07 PT [2021/07/02 23:23:07 ET]
Table 'Frisia IV' 9-max Seat #8 is the button
Seat 1: Cocipoker ($2 in chips) 
Seat 2: themarfs ($2.12 in chips) 
Seat 3: catneedsFOOD ($0.79 in chips) 
Seat 4: Ease-From-Fear ($2 in chips) 
Seat 5: molinero001 ($2.03 in chips) 
Seat 6: icara78 ($3.53 in chips) 
Seat 7: jorge171119 ($2.58 in chips) 
Seat 8: Dorex2007 ($2.58 in chips) 
Seat 9: NormBabe ($2.02 in chips) 
NormBabe: posts small blind $0.01
Cocipoker: posts big blind $0.02
*** HOLE CARDS ***
Dealt to Dorex2007 [Qc 9d]
themarfs: folds 
catneedsFOOD: calls $0.02
Ease-From-Fear: folds 
molinero001: folds 
icara78: folds 
jorge171119: folds 
Dorex2007: folds 
NormBabe: folds 
Cocipoker: checks 
*** FLOP *** [Qd 8s 4c]
Cocipoker: checks 
catneedsFOOD: bets $0.05
Cocipoker: folds 
Uncalled bet ($0.05) returned to catneedsFOOD
catneedsFOOD collected $0.05 from pot
catneedsFOOD: doesn't show hand 
*** SUMMARY ***
Total pot $0.05 | Rake $0 
Board [Qd 8s 4c]
Seat 1: Cocipoker (big blind) folded on the Flop
Seat 2: themarfs folded before Flop (didn't bet)
Seat 3: catneedsFOOD collected ($0.05)
Seat 4: Ease-From-Fear folded before Flop (didn't bet)
Seat 5: molinero001 folded before Flop (didn't bet)
Seat 6: icara78 folded before Flop (didn't bet)
Seat 7: jorge171119 folded before Flop (didn't bet)
Seat 8: Dorex2007 (button) folded before Flop (didn't bet)
Seat 9: NormBabe (small blind) folded before Flop



PokerStars Hand #228014821476:  Hold'em No Limit ($0.01/$0.02 USD) - 2021/07/02 20:23:44 PT [2021/07/02 23:23:44 ET]
Table 'Frisia IV' 9-max Seat #9 is the button
Seat 1: Cocipoker ($1.98 in chips) 
Seat 2: themarfs ($2.12 in chips) 
Seat 3: catneedsFOOD ($0.82 in chips) 
Seat 4: Ease-From-Fear ($2 in chips) 
Seat 5: molinero001 ($2.03 in chips) 
Seat 6: icara78 ($3.53 in chips) 
Seat 7: jorge171119 ($2.58 in chips) 
Seat 8: Dorex2007 ($2.58 in chips) 
Seat 9: NormBabe ($2.01 in chips) 
Cocipoker: posts small blind $0.01
themarfs: posts big blind $0.02
*** HOLE CARDS ***
Dealt to Dorex2007 [9h Jh]
catneedsFOOD: folds 
Ease-From-Fear: folds 
molinero001: folds 
icara78: folds 
jorge171119 has timed out
jorge171119: folds 
Dorex2007: folds 
NormBabe: folds 
Cocipoker: raises $0.04 to $0.06
themarfs: folds 
Uncalled bet ($0.04) returned to Cocipoker
Cocipoker collected $0.04 from pot
Cocipoker: doesn't show hand 
*** SUMMARY ***
Total pot $0.04 | Rake $0 
Seat 1: Cocipoker (small blind) collected ($0.04)
Seat 2: themarfs (big blind) folded before Flop
Seat 3: catneedsFOOD folded before Flop (didn't bet)
Seat 4: Ease-From-Fear folded before Flop (didn't bet)
Seat 5: molinero001 folded before Flop (didn't bet)
Seat 6: icara78 folded before Flop (didn't bet)
Seat 7: jorge171119 folded before Flop (didn't bet)
Seat 8: Dorex2007 folded before Flop (didn't bet)
Seat 9: NormBabe (button) folded before Flop (didn't bet)



PokerStars Hand #228014828119:  Hold'em No Limit ($0.01/$0.02 USD) - 2021/07/02 20:24:17 PT [2021/07/02 23:24:17 ET]
Table 'Frisia IV' 9-max Seat #1 is the button
Seat 1: Cocipoker ($2 in chips) 
Seat 2: themarfs ($2.10 in chips) 
Seat 4: Ease-From-Fear ($2 in chips) 
Seat 5: molinero001 ($2.03 in chips) 
Seat 6: icara78 ($3.53 in chips) 
Seat 8: Dorex2007 ($2.58 in chips) 
Seat 9: NormBabe ($2.01 in chips) 
themarfs: posts small blind $0.01
catneedsFOOD: is sitting out 
Ease-From-Fear: posts big blind $0.02
*** HOLE CARDS ***
Dealt to Dorex2007 [Jc 8s]
molinero001: folds 
icara78: folds 
Dorex2007: folds 
NormBabe: folds 
Cocipoker: folds 
themarfs: raises $0.04 to $0.06
Ease-From-Fear: calls $0.04
*** FLOP *** [3c 7d 2d]
themarfs: checks 
Ease-From-Fear: checks 
*** TURN *** [3c 7d 2d] [3d]
themarfs: checks 
Ease-From-Fear: bets $0.07
catneedsFOOD is disconnected 
themarfs: folds 
Uncalled bet ($0.07) returned to Ease-From-Fear
Ease-From-Fear collected $0.12 from pot
*** SUMMARY ***
Total pot $0.12 | Rake $0 
Board [3c 7d 2d 3d]
Seat 1: Cocipoker (button) folded before Flop (didn't bet)
Seat 2: themarfs (small blind) folded on the Turn
Seat 4: Ease-From-Fear (big blind) collected ($0.12)
Seat 5: molinero001 folded before Flop (didn't bet)
Seat 6: icara78 folded before Flop (didn't bet)
Seat 8: Dorex2007 folded before Flop (didn't bet)
Seat 9: NormBabe folded before Flop (didn't bet)



PokerStars Hand #228014839539:  Hold'em No Limit ($0.01/$0.02 USD) - 2021/07/02 20:25:14 PT [2021/07/02 23:25:14 ET]
Table 'Frisia IV' 9-max Seat #2 is the button
Seat 1: Cocipoker ($2 in chips) 
Seat 2: themarfs ($2.04 in chips) 
Seat 4: Ease-From-Fear ($2.06 in chips) 
Seat 6: icara78 ($3.53 in chips) 
Seat 7: jorge171119 ($2.58 in chips) 
Seat 8: Dorex2007 ($2.58 in chips) 
Seat 9: NormBabe ($2.01 in chips) 
Ease-From-Fear: posts small blind $0.01
molinero001: is sitting out 
icara78: posts big blind $0.02
*** HOLE CARDS ***
Dealt to Dorex2007 [Jd 3c]
jorge171119: folds 
Dorex2007: folds 
NormBabe: folds 
Cocipoker: folds 
themarfs: raises $0.04 to $0.06
molinero001 leaves the table
Ease-From-Fear: raises $0.18 to $0.24
icara78: folds 
themarfs: folds 
Uncalled bet ($0.18) returned to Ease-From-Fear
Ease-From-Fear collected $0.14 from pot
*** SUMMARY ***
Total pot $0.14 | Rake $0 
Seat 1: Cocipoker folded before Flop (didn't bet)
Seat 2: themarfs (button) folded before Flop
Seat 4: Ease-From-Fear (small blind) collected ($0.14)
Seat 6: icara78 (big blind) folded before Flop
Seat 7: jorge171119 folded before Flop (didn't bet)
Seat 8: Dorex2007 folded before Flop (didn't bet)
Seat 9: NormBabe folded before Flop (didn't bet)



PokerStars Hand #228014846757:  Hold'em No Limit ($0.01/$0.02 USD) - 2021/07/02 20:25:52 PT [2021/07/02 23:25:52 ET]
Table 'Frisia IV' 9-max Seat #4 is the button
Seat 1: Cocipoker ($2 in chips) 
Seat 2: themarfs ($2 in chips) 
Seat 4: Ease-From-Fear ($2.14 in chips) 
Seat 6: icara78 ($3.51 in chips) 
Seat 7: jorge171119 ($2.58 in chips) 
Seat 8: Dorex2007 ($2.58 in chips) 
Seat 9: NormBabe ($2.01 in chips) 
icara78: posts small blind $0.01
jorge171119: posts big blind $0.02
*** HOLE CARDS ***
Dealt to Dorex2007 [Td 5s]
Dorex2007: folds 
NormBabe: folds 
Cocipoker: folds 
themarfs: folds 
Ease-From-Fear: folds 
icara78: calls $0.01
jorge171119: raises $0.02 to $0.04
icara78: calls $0.02
*** FLOP *** [Qs Kh 8h]
icara78: checks 
jorge171119: bets $0.04
icara78: folds 
Uncalled bet ($0.04) returned to jorge171119
jorge171119 collected $0.08 from pot
jorge171119: doesn't show hand 
*** SUMMARY ***
Total pot $0.08 | Rake $0 
Board [Qs Kh 8h]
Seat 1: Cocipoker folded before Flop (didn't bet)
Seat 2: themarfs folded before Flop (didn't bet)
Seat 4: Ease-From-Fear (button) folded before Flop (didn't bet)
Seat 6: icara78 (small blind) folded on the Flop
Seat 7: jorge171119 (big blind) collected ($0.08)
Seat 8: Dorex2007 folded before Flop (didn't bet)
Seat 9: NormBabe folded before Flop (didn't bet)



PokerStars Hand #228014853861:  Hold'em No Limit ($0.01/$0.02 USD) - 2021/07/02 20:26:28 PT [2021/07/02 23:26:28 ET]
Table 'Frisia IV' 9-max Seat #6 is the button
Seat 1: Cocipoker ($2 in chips) 
Seat 2: themarfs ($2 in chips) 
Seat 4: Ease-From-Fear ($2.14 in chips) 
Seat 6: icara78 ($3.47 in chips) 
Seat 7: jorge171119 ($2.62 in chips) 
Seat 8: Dorex2007 ($2.58 in chips) 
Seat 9: NormBabe ($2.01 in chips) 
jorge171119: posts small blind $0.01
Dorex2007: posts big blind $0.02
*** HOLE CARDS ***
Dealt to Dorex2007 [4d Qc]
KHODUSOV joins the table at seat #5 
NormBabe: folds 
Cocipoker: folds 
themarfs: folds 
Ease-From-Fear: folds 
icara78: folds 
jorge171119: calls $0.01
Dorex2007: checks 
*** FLOP *** [9s Kh 7c]
jorge171119: checks 
Dorex2007: checks 
*** TURN *** [9s Kh 7c] [7s]
jorge171119: checks 
Dorex2007: checks 
*** RIVER *** [9s Kh 7c 7s] [8d]
jorge171119: bets $0.02
Dorex2007: folds 
Uncalled bet ($0.02) returned to jorge171119
jorge171119 collected $0.04 from pot
jorge171119: doesn't show hand 
*** SUMMARY ***
Total pot $0.04 | Rake $0 
Board [9s Kh 7c 7s 8d]
Seat 1: Cocipoker folded before Flop (didn't bet)
Seat 2: themarfs folded before Flop (didn't bet)
Seat 4: Ease-From-Fear folded before Flop (didn't bet)
Seat 6: icara78 (button) folded before Flop (didn't bet)
Seat 7: jorge171119 (small blind) collected ($0.04)
Seat 8: Dorex2007 (big blind) folded on the River
Seat 9: NormBabe folded before Flop (didn't bet)



PokerStars Hand #228014864563:  Hold'em No Limit ($0.01/$0.02 USD) - 2021/07/02 20:27:22 PT [2021/07/02 23:27:22 ET]
Table 'Frisia IV' 9-max Seat #7 is the button
Seat 1: Cocipoker ($2 in chips) 
Seat 2: themarfs ($2 in chips) 
Seat 4: Ease-From-Fear ($2.14 in chips) 
Seat 5: KHODUSOV ($0.80 in chips) 
Seat 6: icara78 ($3.47 in chips) 
Seat 7: jorge171119 ($2.64 in chips) 
Seat 8: Dorex2007 ($2.56 in chips) 
Seat 9: NormBabe ($2.01 in chips) 
Dorex2007: posts small blind $0.01
NormBabe: posts big blind $0.02
KHODUSOV: posts big blind $0.02
*** HOLE CARDS ***
Dealt to Dorex2007 [Js 6h]
Cocipoker: folds 
Cocipoker leaves the table
themarfs: raises $0.06 to $0.08
Ease-From-Fear: folds 
KHODUSOV: folds 
icara78: folds 
jorge171119: calls $0.08
Dorex2007: folds 
NormBabe: calls $0.06
*** FLOP *** [Qc 3s 4d]
pogomonstar joins the table at seat #1 
NormBabe: checks 
themarfs: checks 
jorge171119: checks 
*** TURN *** [Qc 3s 4d] [3c]
NormBabe: checks 
themarfs: checks 
jorge171119: checks 
*** RIVER *** [Qc 3s 4d 3c] [9s]
NormBabe: checks 
themarfs: checks 
jorge171119: checks 
*** SHOW DOWN ***
NormBabe: shows [8c 8s] (two pair, Eights and Threes)
themarfs: mucks hand 
jorge171119: mucks hand 
NormBabe collected $0.26 from pot
*** SUMMARY ***
Total pot $0.27 | Rake $0.01 
Board [Qc 3s 4d 3c 9s]
Seat 1: Cocipoker folded before Flop (didn't bet)
Seat 2: themarfs mucked [Ad Jh]
Seat 4: Ease-From-Fear folded before Flop (didn't bet)
Seat 5: KHODUSOV folded before Flop (didn't bet)
Seat 6: icara78 folded before Flop (didn't bet)
Seat 7: jorge171119 (button) mucked [Kh 2h]
Seat 8: Dorex2007 (small blind) folded before Flop
Seat 9: NormBabe (big blind) showed [8c 8s] and won ($0.26) with two pair, Eights and Threes



PokerStars Hand #228014875244:  Hold'em No Limit ($0.01/$0.02 USD) - 2021/07/02 20:28:17 PT [2021/07/02 23:28:17 ET]
Table 'Frisia IV' 9-max Seat #8 is the button
Seat 1: pogomonstar ($2 in chips) 
Seat 2: themarfs ($2 in chips) 
Seat 4: Ease-From-Fear ($2.14 in chips) 
Seat 5: KHODUSOV ($0.80 in chips) 
Seat 6: icara78 ($3.47 in chips) 
Seat 7: jorge171119 ($2.56 in chips) 
Seat 8: Dorex2007 ($2.55 in chips) 
Seat 9: NormBabe ($2.19 in chips) 
NormBabe: posts small blind $0.01
pogomonstar: posts big blind $0.02
*** HOLE CARDS ***
Dealt to Dorex2007 [Ac Qc]
themarfs: folds 
Ease-From-Fear: raises $0.06 to $0.08
KHODUSOV: folds 
icara78: folds 
jorge171119: folds 
Dorex2007: raises $0.16 to $0.24
NormBabe: folds 
pogomonstar: folds 
Ease-From-Fear: raises $0.38 to $0.62
Dorex2007: calls $0.38
*** FLOP *** [Ah Jh 5c]
Ease-From-Fear: bets $0.14
Dorex2007: raises $1.79 to $1.93 and is all-in
Ease-From-Fear: calls $1.38 and is all-in
Uncalled bet ($0.41) returned to Dorex2007
*** TURN *** [Ah Jh 5c] [3h]
*** RIVER *** [Ah Jh 5c 3h] [8s]
*** SHOW DOWN ***
Ease-From-Fear: shows [As Ad] (three of a kind, Aces)
Dorex2007: shows [Ac Qc] (a pair of Aces)
Ease-From-Fear collected $4.16 from pot
Dorex2007 cashed out the hand for $0.21
*** SUMMARY ***
Total pot $4.31 | Rake $0.15 
Board [Ah Jh 5c 3h 8s]
Seat 1: pogomonstar (big blind) folded before Flop
Seat 2: themarfs folded before Flop (didn't bet)
Seat 4: Ease-From-Fear showed [As Ad] and won ($4.16) with three of a kind, Aces
Seat 5: KHODUSOV folded before Flop (didn't bet)
Seat 6: icara78 folded before Flop (didn't bet)
Seat 7: jorge171119 folded before Flop (didn't bet)
Seat 8: Dorex2007 (button) showed [Ac Qc] and lost with a pair of Aces (cashed out).
Seat 9: NormBabe (small blind) folded before Flop



PokerStars Hand #228014890248:  Hold'em No Limit ($0.01/$0.02 USD) - 2021/07/02 20:29:34 PT [2021/07/02 23:29:34 ET]
Table 'Frisia IV' 9-max Seat #9 is the button
Seat 1: pogomonstar ($1.98 in chips) 
Seat 2: themarfs ($2 in chips) 
Seat 4: Ease-From-Fear ($4.16 in chips) 
Seat 5: KHODUSOV ($0.80 in chips) 
Seat 6: icara78 ($3.47 in chips) 
Seat 7: jorge171119 ($2.56 in chips) 
Seat 8: Dorex2007 ($0.62 in chips) 
Seat 9: NormBabe ($2.18 in chips) 
pogomonstar: posts small blind $0.01
themarfs: posts big blind $0.02
*** HOLE CARDS ***
Dealt to Dorex2007 [6c Ah]
Ease-From-Fear: folds 
KHODUSOV: folds 
icara78: calls $0.02
jorge171119: calls $0.02
Dorex2007: folds 
NormBabe: folds 
pogomonstar: calls $0.01
themarfs: checks 
*** FLOP *** [3d 9d 4h]
pogomonstar: checks 
themarfs: checks 
icara78: bets $3.45 and is all-in
jorge171119: folds 
pogomonstar: folds 
themarfs: folds 
Uncalled bet ($3.45) returned to icara78
icara78 collected $0.08 from pot
icara78: doesn't show hand 
*** SUMMARY ***
Total pot $0.08 | Rake $0 
Board [3d 9d 4h]
Seat 1: pogomonstar (small blind) folded on the Flop
Seat 2: themarfs (big blind) folded on the Flop
Seat 4: Ease-From-Fear folded before Flop (didn't bet)
Seat 5: KHODUSOV folded before Flop (didn't bet)
Seat 6: icara78 collected ($0.08)
Seat 7: jorge171119 folded on the Flop
Seat 8: Dorex2007 folded before Flop (didn't bet)
Seat 9: NormBabe (button) folded before Flop (didn't bet)



PokerStars Hand #228014898734:  Hold'em No Limit ($0.01/$0.02 USD) - 2021/07/02 20:30:18 PT [2021/07/02 23:30:18 ET]
Table 'Frisia IV' 9-max Seat #1 is the button
Seat 1: pogomonstar ($1.96 in chips) 
Seat 2: themarfs ($2 in chips) 
Seat 4: Ease-From-Fear ($4.16 in chips) 
Seat 5: KHODUSOV ($0.80 in chips) 
Seat 6: icara78 ($3.53 in chips) 
Seat 7: jorge171119 ($2.54 in chips) 
Seat 8: Dorex2007 ($2 in chips) 
Seat 9: NormBabe ($2.18 in chips) 
themarfs: posts small blind $0.01
Ease-From-Fear: posts big blind $0.02
*** HOLE CARDS ***
Dealt to Dorex2007 [Ks 4s]
KHODUSOV: folds 
icara78: folds 
jorge171119: raises $0.04 to $0.06
Dorex2007: folds 
NormBabe: folds 
pogomonstar: folds 
themarfs: folds 
Ease-From-Fear: folds 
Uncalled bet ($0.04) returned to jorge171119
jorge171119 collected $0.05 from pot
jorge171119: doesn't show hand 
*** SUMMARY ***
Total pot $0.05 | Rake $0 
Seat 1: pogomonstar (button) folded before Flop (didn't bet)
Seat 2: themarfs (small blind) folded before Flop
Seat 4: Ease-From-Fear (big blind) folded before Flop
Seat 5: KHODUSOV folded before Flop (didn't bet)
Seat 6: icara78 folded before Flop (didn't bet)
Seat 7: jorge171119 collected ($0.05)
Seat 8: Dorex2007 folded before Flop (didn't bet)
Seat 9: NormBabe folded before Flop (didn't bet)



PokerStars Hand #228014910435:  Hold'em No Limit ($0.01/$0.02 USD) - 2021/07/02 20:30:40 PT [2021/07/02 23:30:40 ET]
Table 'Frisia IV' 9-max Seat #2 is the button
Seat 1: pogomonstar ($1.96 in chips) 
Seat 2: themarfs ($2 in chips) 
Seat 4: Ease-From-Fear ($4.14 in chips) 
Seat 5: KHODUSOV ($0.80 in chips) 
Seat 6: icara78 ($3.53 in chips) 
Seat 7: jorge171119 ($2.57 in chips) 
Seat 8: Dorex2007 ($2 in chips) 
Seat 9: NormBabe ($2.18 in chips) 
Ease-From-Fear: posts small blind $0.01
KHODUSOV: posts big blind $0.02
*** HOLE CARDS ***
Dealt to Dorex2007 [Jc Tc]
icara78: folds 
jorge171119: calls $0.02
Dorex2007: folds 
NormBabe: folds 
pogomonstar: folds 
themarfs: folds 
Ease-From-Fear: folds 
KHODUSOV: checks 
*** FLOP *** [4c Kc As]
KHODUSOV: checks 
jorge171119: bets $0.02
KHODUSOV: folds 
Uncalled bet ($0.02) returned to jorge171119
jorge171119 collected $0.05 from pot
jorge171119: doesn't show hand 
*** SUMMARY ***
Total pot $0.05 | Rake $0 
Board [4c Kc As]
Seat 1: pogomonstar folded before Flop (didn't bet)
Seat 2: themarfs (button) folded before Flop (didn't bet)
Seat 4: Ease-From-Fear (small blind) folded before Flop
Seat 5: KHODUSOV (big blind) folded on the Flop
Seat 6: icara78 folded before Flop (didn't bet)
Seat 7: jorge171119 collected ($0.05)
Seat 8: Dorex2007 folded before Flop (didn't bet)
Seat 9: NormBabe folded before Flop (didn't bet)



PokerStars Hand #228014915968:  Hold'em No Limit ($0.01/$0.02 USD) - 2021/07/02 20:31:08 PT [2021/07/02 23:31:08 ET]
Table 'Frisia IV' 9-max Seat #4 is the button
Seat 1: pogomonstar ($1.96 in chips) 
Seat 2: themarfs ($2 in chips) 
Seat 4: Ease-From-Fear ($4.13 in chips) 
Seat 5: KHODUSOV ($0.80 in chips) 
Seat 6: icara78 ($3.53 in chips) 
Seat 7: jorge171119 ($2.60 in chips) 
Seat 8: Dorex2007 ($2 in chips) 
Seat 9: NormBabe ($2.18 in chips) 
KHODUSOV: posts small blind $0.01
icara78: posts big blind $0.02
*** HOLE CARDS ***
Dealt to Dorex2007 [Ac 2c]
jorge171119 has timed out
jorge171119: folds 
Dorex2007: folds 
NormBabe: folds 
pogomonstar: folds 
themarfs: raises $0.04 to $0.06
Ease-From-Fear: folds 
KHODUSOV: calls $0.05
icara78: calls $0.04
*** FLOP *** [Kh 5h 4d]
KHODUSOV: bets $0.02
icara78: calls $0.02
themarfs: folds 
*** TURN *** [Kh 5h 4d] [Ad]
KHODUSOV: bets $0.02
icara78: calls $0.02
*** RIVER *** [Kh 5h 4d Ad] [3h]
KHODUSOV: bets $0.02
icara78: calls $0.02
*** SHOW DOWN ***
KHODUSOV: shows [Js Jh] (a pair of Jacks)
icara78: mucks hand 
KHODUSOV collected $0.29 from pot
*** SUMMARY ***
Total pot $0.30 | Rake $0.01 
Board [Kh 5h 4d Ad 3h]
Seat 1: pogomonstar folded before Flop (didn't bet)
Seat 2: themarfs folded on the Flop
Seat 4: Ease-From-Fear (button) folded before Flop (didn't bet)
Seat 5: KHODUSOV (small blind) showed [Js Jh] and won ($0.29) with a pair of Jacks
Seat 6: icara78 (big blind) mucked [6c 6d]
Seat 7: jorge171119 folded before Flop (didn't bet)
Seat 8: Dorex2007 folded before Flop (didn't bet)
Seat 9: NormBabe folded before Flop (didn't bet)



PokerStars Hand #228014925116:  Hold'em No Limit ($0.01/$0.02 USD) - 2021/07/02 20:31:55 PT [2021/07/02 23:31:55 ET]
Table 'Frisia IV' 9-max Seat #5 is the button
Seat 1: pogomonstar ($1.96 in chips) 
Seat 2: themarfs ($2 in chips) 
Seat 4: Ease-From-Fear ($4.13 in chips) 
Seat 5: KHODUSOV ($0.97 in chips) 
Seat 6: icara78 ($3.41 in chips) 
Seat 7: jorge171119 ($2.60 in chips) 
Seat 8: Dorex2007 ($2 in chips) 
Seat 9: NormBabe ($2.18 in chips) 
icara78: posts small blind $0.01
jorge171119: posts big blind $0.02
*** HOLE CARDS ***
Dealt to Dorex2007 [Ks 4d]
Dorex2007: folds 
NormBabe: folds 
pogomonstar: raises $0.04 to $0.06
themarfs: calls $0.06
Ease-From-Fear: folds 
KHODUSOV: folds 
icara78: folds 
jorge171119: folds 
*** FLOP *** [7h As Qh]
pogomonstar: bets $0.07
themarfs: folds 
Uncalled bet ($0.07) returned to pogomonstar
pogomonstar collected $0.14 from pot
pogomonstar: doesn't show hand 
*** SUMMARY ***
Total pot $0.15 | Rake $0.01 
Board [7h As Qh]
Seat 1: pogomonstar collected ($0.14)
Seat 2: themarfs folded on the Flop
Seat 4: Ease-From-Fear folded before Flop (didn't bet)
Seat 5: KHODUSOV (button) folded before Flop (didn't bet)
Seat 6: icara78 (small blind) folded before Flop
Seat 7: jorge171119 (big blind) folded before Flop
Seat 8: Dorex2007 folded before Flop (didn't bet)
Seat 9: NormBabe folded before Flop (didn't bet)



PokerStars Hand #228014932303:  Hold'em No Limit ($0.01/$0.02 USD) - 2021/07/02 20:32:31 PT [2021/07/02 23:32:31 ET]
Table 'Frisia IV' 9-max Seat #6 is the button
Seat 1: pogomonstar ($2.04 in chips) 
Seat 2: themarfs ($2 in chips) 
Seat 4: Ease-From-Fear ($4.13 in chips) 
Seat 5: KHODUSOV ($0.97 in chips) 
Seat 6: icara78 ($3.40 in chips) 
Seat 7: jorge171119 ($2.58 in chips) 
Seat 8: Dorex2007 ($2 in chips) 
Seat 9: NormBabe ($2.18 in chips) 
jorge171119: posts small blind $0.01
Dorex2007: posts big blind $0.02
*** HOLE CARDS ***
Dealt to Dorex2007 [Qh Kh]
NormBabe: folds 
pogomonstar: calls $0.02
themarfs: folds 
Ease-From-Fear: folds 
KHODUSOV: folds 
icara78: folds 
jorge171119: calls $0.01
Dorex2007: checks 
*** FLOP *** [8d 9h Th]
jorge171119: bets $0.06
Dorex2007: raises $0.10 to $0.16
pogomonstar: calls $0.16
jorge171119: calls $0.10
*** TURN *** [8d 9h Th] [3h]
jorge171119: checks 
Dorex2007: bets $0.26
pogomonstar: calls $0.26
jorge171119: calls $0.26
*** RIVER *** [8d 9h Th 3h] [Tc]
jorge171119: checks 
Dorex2007: bets $0.64
pogomonstar: folds 
jorge171119: raises $0.64 to $1.28
Dorex2007: raises $0.28 to $1.56 and is all-in
jorge171119: calls $0.28
*** SHOW DOWN ***
Dorex2007: shows [Qh Kh] (a flush, King high)
jorge171119: shows [Ts 9c] (a full house, Tens full of Nines)
jorge171119 collected $4.28 from pot
*** SUMMARY ***
Total pot $4.44 | Rake $0.16 
Board [8d 9h Th 3h Tc]
Seat 1: pogomonstar folded on the River
Seat 2: themarfs folded before Flop (didn't bet)
Seat 4: Ease-From-Fear folded before Flop (didn't bet)
Seat 5: KHODUSOV folded before Flop (didn't bet)
Seat 6: icara78 (button) folded before Flop (didn't bet)
Seat 7: jorge171119 (small blind) showed [Ts 9c] and won ($4.28) with a full house, Tens full of Nines
Seat 8: Dorex2007 (big blind) showed [Qh Kh] and lost with a flush, King high
Seat 9: NormBabe folded before Flop (didn't bet)



PokerStars Hand #228014961210:  Hold'em No Limit ($0.01/$0.02 USD) - 2021/07/02 20:34:41 PT [2021/07/02 23:34:41 ET]
Table 'Frisia IV' 9-max Seat #9 is the button
Seat 1: pogomonstar ($1.61 in chips) 
Seat 4: Ease-From-Fear ($4.13 in chips) 
Seat 5: KHODUSOV ($0.97 in chips) 
Seat 6: icara78 ($3.40 in chips) 
Seat 7: jorge171119 ($4.86 in chips) 
Seat 8: Dorex2007 ($2 in chips) 
Seat 9: NormBabe ($2.17 in chips) 
pogomonstar: posts small blind $0.01
Ease-From-Fear: posts big blind $0.02
Dorex2007: posts small blind $0.01
*** HOLE CARDS ***
Dealt to Dorex2007 [Th As]
KHODUSOV: folds 
icara78: folds 
jorge171119: calls $0.02
Dorex2007: calls $0.02
NormBabe: folds 
pogomonstar: calls $0.01
Ease-From-Fear: checks 
*** FLOP *** [Ts 9s Jh]
catneedsFOOD leaves the table
pogomonstar: checks 
Ease-From-Fear: checks 
jorge171119: bets $0.04
Dorex2007: calls $0.04
pogomonstar: folds 
Ease-From-Fear: folds 
*** TURN *** [Ts 9s Jh] [7c]
jorge171119: bets $0.05
Dorex2007: calls $0.05
*** RIVER *** [Ts 9s Jh 7c] [8h]
jorge171119: checks 
Dorex2007: bets $0.26
jorge171119: calls $0.26
*** SHOW DOWN ***
Dorex2007: shows [Th As] (a straight, Seven to Jack)
jorge171119: shows [Ks Jc] (a straight, Seven to Jack)
jorge171119 collected $0.38 from pot
Dorex2007 collected $0.38 from pot
BetoG10404 joins the table at seat #2 
*** SUMMARY ***
Total pot $0.79 | Rake $0.03 
Board [Ts 9s Jh 7c 8h]
Seat 1: pogomonstar (small blind) folded on the Flop
Seat 4: Ease-From-Fear (big blind) folded on the Flop
Seat 5: KHODUSOV folded before Flop (didn't bet)
Seat 6: icara78 folded before Flop (didn't bet)
Seat 7: jorge171119 showed [Ks Jc] and won ($0.38) with a straight, Seven to Jack
Seat 8: Dorex2007 showed [Th As] and won ($0.38) with a straight, Seven to Jack
Seat 9: NormBabe (button) folded before Flop (didn't bet)



PokerStars Hand #228014976415:  Hold'em No Limit ($0.01/$0.02 USD) - 2021/07/02 20:36:00 PT [2021/07/02 23:36:00 ET]
Table 'Frisia IV' 9-max Seat #1 is the button
Seat 1: pogomonstar ($1.59 in chips) 
Seat 4: Ease-From-Fear ($4.11 in chips) 
Seat 5: KHODUSOV ($0.97 in chips) 
Seat 6: icara78 ($3.40 in chips) 
Seat 7: jorge171119 ($4.87 in chips) 
Seat 8: Dorex2007 ($2 in chips) 
Seat 9: NormBabe ($2.17 in chips) 
Ease-From-Fear: posts small blind $0.01
KHODUSOV: posts big blind $0.02
*** HOLE CARDS ***
Dealt to Dorex2007 [9d 9c]
Chicão36 joins the table at seat #3 
icara78: folds 
jorge171119: calls $0.02
Dorex2007: calls $0.02
NormBabe: folds 
pogomonstar: raises $0.06 to $0.08
Ease-From-Fear: folds 
KHODUSOV: calls $0.06
jorge171119: calls $0.06
Dorex2007: calls $0.06
*** FLOP *** [7h Ah 2s]
KHODUSOV: bets $0.02
jorge171119: calls $0.02
Dorex2007: calls $0.02
pogomonstar: calls $0.02
*** TURN *** [7h Ah 2s] [Qd]
KHODUSOV: bets $0.02
jorge171119: calls $0.02
Dorex2007: calls $0.02
pogomonstar: calls $0.02
*** RIVER *** [7h Ah 2s Qd] [Ac]
KHODUSOV: bets $0.02
jorge171119: calls $0.02
Dorex2007: folds 
pogomonstar: calls $0.02
*** SHOW DOWN ***
KHODUSOV: shows [6d 6h] (two pair, Aces and Sixes)
jorge171119: shows [Tc As] (three of a kind, Aces)
pogomonstar: mucks hand 
jorge171119 collected $0.53 from pot
*** SUMMARY ***
Total pot $0.55 | Rake $0.02 
Board [7h Ah 2s Qd Ac]
Seat 1: pogomonstar (button) mucked [Jc Jd]
Seat 4: Ease-From-Fear (small blind) folded before Flop
Seat 5: KHODUSOV (big blind) showed [6d 6h] and lost with two pair, Aces and Sixes
Seat 6: icara78 folded before Flop (didn't bet)
Seat 7: jorge171119 showed [Tc As] and won ($0.53) with three of a kind, Aces
Seat 8: Dorex2007 folded on the River
Seat 9: NormBabe folded before Flop (didn't bet)



PokerStars Hand #228014989365:  Hold'em No Limit ($0.01/$0.02 USD) - 2021/07/02 20:37:07 PT [2021/07/02 23:37:07 ET]
Table 'Frisia IV' 9-max Seat #4 is the button
Seat 1: pogomonstar ($1.45 in chips) 
Seat 2: BetoG10404 ($0.80 in chips) 
Seat 3: Chicão36 ($0.80 in chips) 
Seat 4: Ease-From-Fear ($4.10 in chips) 
Seat 5: KHODUSOV ($0.83 in chips) 
Seat 6: icara78 ($3.40 in chips) 
Seat 7: jorge171119 ($5.26 in chips) 
Seat 8: Dorex2007 ($1.88 in chips) 
Seat 9: NormBabe ($2.17 in chips) 
KHODUSOV: posts small blind $0.01
icara78: posts big blind $0.02
BetoG10404: posts big blind $0.02
Chicão36: posts big blind $0.02
*** HOLE CARDS ***
Dealt to Dorex2007 [Td 3c]
jorge171119: calls $0.02
Dorex2007: folds 
NormBabe: folds 
pogomonstar: folds 
BetoG10404: checks 
Chicão36: checks 
Ease-From-Fear: calls $0.02
KHODUSOV: raises $0.04 to $0.06
icara78: folds 
jorge171119: calls $0.04
BetoG10404: folds 
Chicão36: calls $0.04
Ease-From-Fear: calls $0.04
*** FLOP *** [3s Qc 4h]
KHODUSOV: bets $0.14
jorge171119: folds 
Chicão36: folds 
Ease-From-Fear: calls $0.14
*** TURN *** [3s Qc 4h] [Jc]
KHODUSOV: bets $0.02
Ease-From-Fear: calls $0.02
*** RIVER *** [3s Qc 4h Jc] [Jd]
KHODUSOV: bets $0.02
Ease-From-Fear: calls $0.02
*** SHOW DOWN ***
KHODUSOV: shows [9d 9s] (two pair, Jacks and Nines)
Ease-From-Fear: shows [9h Qh] (two pair, Queens and Jacks)
Ease-From-Fear collected $0.62 from pot
*** SUMMARY ***
Total pot $0.64 | Rake $0.02 
Board [3s Qc 4h Jc Jd]
Seat 1: pogomonstar folded before Flop (didn't bet)
Seat 2: BetoG10404 folded before Flop (didn't bet)
Seat 3: Chicão36 folded on the Flop
Seat 4: Ease-From-Fear (button) showed [9h Qh] and won ($0.62) with two pair, Queens and Jacks
Seat 5: KHODUSOV (small blind) showed [9d 9s] and lost with two pair, Jacks and Nines
Seat 6: icara78 (big blind) folded before Flop
Seat 7: jorge171119 folded on the Flop
Seat 8: Dorex2007 folded before Flop (didn't bet)
Seat 9: NormBabe folded before Flop (didn't bet)



PokerStars Hand #228015006563:  Hold'em No Limit ($0.01/$0.02 USD) - 2021/07/02 20:38:36 PT [2021/07/02 23:38:36 ET]
Table 'Frisia IV' 9-max Seat #5 is the button
Seat 1: pogomonstar ($1.45 in chips) 
Seat 2: BetoG10404 ($0.78 in chips) 
Seat 3: Chicão36 ($0.74 in chips) 
Seat 4: Ease-From-Fear ($4.48 in chips) 
Seat 5: KHODUSOV ($0.80 in chips) 
Seat 6: icara78 ($3.38 in chips) 
Seat 7: jorge171119 ($5.20 in chips) 
Seat 8: Dorex2007 ($2 in chips) 
Seat 9: NormBabe ($2.17 in chips) 
icara78: posts small blind $0.01
jorge171119: posts big blind $0.02
*** HOLE CARDS ***
Dealt to Dorex2007 [5h Kh]
Dorex2007: folds 
NormBabe: folds 
pogomonstar: folds 
BetoG10404: folds 
Chicão36: folds 
Ease-From-Fear: folds 
KHODUSOV: folds 
icara78: folds 
Uncalled bet ($0.01) returned to jorge171119
jorge171119 collected $0.02 from pot
jorge171119: doesn't show hand 
*** SUMMARY ***
Total pot $0.02 | Rake $0 
Seat 1: pogomonstar folded before Flop (didn't bet)
Seat 2: BetoG10404 folded before Flop (didn't bet)
Seat 3: Chicão36 folded before Flop (didn't bet)
Seat 4: Ease-From-Fear folded before Flop (didn't bet)
Seat 5: KHODUSOV (button) folded before Flop (didn't bet)
Seat 6: icara78 (small blind) folded before Flop
Seat 7: jorge171119 (big blind) collected ($0.02)
Seat 8: Dorex2007 folded before Flop (didn't bet)
Seat 9: NormBabe folded before Flop (didn't bet)



PokerStars Hand #228015010246:  Hold'em No Limit ($0.01/$0.02 USD) - 2021/07/02 20:38:56 PT [2021/07/02 23:38:56 ET]
Table 'Frisia IV' 9-max Seat #6 is the button
Seat 1: pogomonstar ($1.45 in chips) 
Seat 2: BetoG10404 ($0.78 in chips) 
Seat 3: Chicão36 ($0.74 in chips) 
Seat 4: Ease-From-Fear ($4.48 in chips) 
Seat 5: KHODUSOV ($0.80 in chips) 
Seat 6: icara78 ($3.37 in chips) 
Seat 7: jorge171119 ($5.21 in chips) 
Seat 8: Dorex2007 ($2 in chips) 
Seat 9: NormBabe ($2.17 in chips) 
jorge171119: posts small blind $0.01
Dorex2007: posts big blind $0.02
*** HOLE CARDS ***
Dealt to Dorex2007 [3c 5s]
NormBabe: folds 
pogomonstar: raises $0.04 to $0.06
BetoG10404: folds 
Chicão36: calls $0.06
Ease-From-Fear: folds 
KHODUSOV: calls $0.06
icara78: calls $0.06
jorge171119: calls $0.05
Dorex2007: folds 
*** FLOP *** [Kc Ah 4s]
jorge171119: checks 
pogomonstar: bets $0.15
Chicão36: folds 
KHODUSOV: folds 
icara78: calls $0.15
jorge171119: folds 
*** TURN *** [Kc Ah 4s] [4d]
pogomonstar: bets $0.30
icara78: folds 
Uncalled bet ($0.30) returned to pogomonstar
pogomonstar collected $0.60 from pot
pogomonstar: doesn't show hand 
*** SUMMARY ***
Total pot $0.62 | Rake $0.02 
Board [Kc Ah 4s 4d]
Seat 1: pogomonstar collected ($0.60)
Seat 2: BetoG10404 folded before Flop (didn't bet)
Seat 3: Chicão36 folded on the Flop
Seat 4: Ease-From-Fear folded before Flop (didn't bet)
Seat 5: KHODUSOV folded on the Flop
Seat 6: icara78 (button) folded on the Turn
Seat 7: jorge171119 (small blind) folded on the Flop
Seat 8: Dorex2007 (big blind) folded before Flop
Seat 9: NormBabe folded before Flop (didn't bet)



PokerStars Hand #228015020500:  Hold'em No Limit ($0.01/$0.02 USD) - 2021/07/02 20:39:49 PT [2021/07/02 23:39:49 ET]
Table 'Frisia IV' 9-max Seat #7 is the button
Seat 1: pogomonstar ($1.84 in chips) 
Seat 2: BetoG10404 ($0.78 in chips) 
Seat 3: Chicão36 ($0.68 in chips) 
Seat 4: Ease-From-Fear ($4.48 in chips) 
Seat 5: KHODUSOV ($0.80 in chips) 
Seat 6: icara78 ($3.16 in chips) 
Seat 7: jorge171119 ($5.15 in chips) 
Seat 8: Dorex2007 ($1.98 in chips) 
Seat 9: NormBabe ($2.17 in chips) 
Dorex2007: posts small blind $0.01
NormBabe: posts big blind $0.02
*** HOLE CARDS ***
Dealt to Dorex2007 [9d Ts]
pogomonstar: folds 
BetoG10404: folds 
Chicão36: folds 
Ease-From-Fear: folds 
KHODUSOV: folds 
icara78: folds 
jorge171119: raises $0.02 to $0.04
Dorex2007: folds 
NormBabe: folds 
Uncalled bet ($0.02) returned to jorge171119
jorge171119 collected $0.05 from pot
jorge171119: doesn't show hand 
*** SUMMARY ***
Total pot $0.05 | Rake $0 
Seat 1: pogomonstar folded before Flop (didn't bet)
Seat 2: BetoG10404 folded before Flop (didn't bet)
Seat 3: Chicão36 folded before Flop (didn't bet)
Seat 4: Ease-From-Fear folded before Flop (didn't bet)
Seat 5: KHODUSOV folded before Flop (didn't bet)
Seat 6: icara78 folded before Flop (didn't bet)
Seat 7: jorge171119 (button) collected ($0.05)
Seat 8: Dorex2007 (small blind) folded before Flop
Seat 9: NormBabe (big blind) folded before Flop



PokerStars Hand #228015025093:  Hold'em No Limit ($0.01/$0.02 USD) - 2021/07/02 20:40:13 PT [2021/07/02 23:40:13 ET]
Table 'Frisia IV' 9-max Seat #8 is the button
Seat 1: pogomonstar ($1.84 in chips) 
Seat 2: BetoG10404 ($0.78 in chips) 
Seat 3: Chicão36 ($0.68 in chips) 
Seat 4: Ease-From-Fear ($4.48 in chips) 
Seat 5: KHODUSOV ($0.80 in chips) 
Seat 6: icara78 ($3.16 in chips) 
Seat 7: jorge171119 ($5.18 in chips) 
Seat 8: Dorex2007 ($1.97 in chips) 
Seat 9: NormBabe ($2.15 in chips) 
NormBabe: posts small blind $0.01
pogomonstar: posts big blind $0.02
*** HOLE CARDS ***
Dealt to Dorex2007 [Js Ks]
BetoG10404: folds 
Chicão36: folds 
Ease-From-Fear: folds 
KHODUSOV: folds 
icara78: folds 
jorge171119: raises $0.02 to $0.04
Dorex2007: calls $0.04
NormBabe: folds 
pogomonstar: calls $0.02
*** FLOP *** [5d Qc 8c]
pogomonstar: checks 
jorge171119: bets $0.04
Dorex2007: folds 
pogomonstar: folds 
Uncalled bet ($0.04) returned to jorge171119
jorge171119 collected $0.13 from pot
jorge171119: doesn't show hand 
*** SUMMARY ***
Total pot $0.13 | Rake $0 
Board [5d Qc 8c]
Seat 1: pogomonstar (big blind) folded on the Flop
Seat 2: BetoG10404 folded before Flop (didn't bet)
Seat 3: Chicão36 folded before Flop (didn't bet)
Seat 4: Ease-From-Fear folded before Flop (didn't bet)
Seat 5: KHODUSOV folded before Flop (didn't bet)
Seat 6: icara78 folded before Flop (didn't bet)
Seat 7: jorge171119 collected ($0.13)
Seat 8: Dorex2007 (button) folded on the Flop
Seat 9: NormBabe (small blind) folded before Flop



PokerStars Hand #228015034777:  Hold'em No Limit ($0.01/$0.02 USD) - 2021/07/02 20:41:03 PT [2021/07/02 23:41:03 ET]
Table 'Frisia IV' 9-max Seat #9 is the button
Seat 1: pogomonstar ($1.80 in chips) 
Seat 2: BetoG10404 ($0.78 in chips) 
Seat 3: Chicão36 ($0.68 in chips) 
Seat 4: Ease-From-Fear ($4.48 in chips) 
Seat 5: KHODUSOV ($0.80 in chips) 
Seat 6: icara78 ($3.16 in chips) 
Seat 7: jorge171119 ($5.27 in chips) 
Seat 8: Dorex2007 ($1.93 in chips) 
Seat 9: NormBabe ($2.14 in chips) 
pogomonstar: posts small blind $0.01
BetoG10404: posts big blind $0.02
*** HOLE CARDS ***
Dealt to Dorex2007 [3h 4h]
Chicão36: folds 
Ease-From-Fear: folds 
KHODUSOV: folds 
icara78: folds 
jorge171119: calls $0.02
Dorex2007: calls $0.02
NormBabe: folds 
pogomonstar: calls $0.01
BetoG10404: checks 
*** FLOP *** [Js Qs Tc]
pogomonstar: checks 
BetoG10404: checks 
jorge171119: checks 
Dorex2007: checks 
*** TURN *** [Js Qs Tc] [5s]
pogomonstar: bets $0.04
BetoG10404: folds 
jorge171119: folds 
Dorex2007: folds 
Uncalled bet ($0.04) returned to pogomonstar
pogomonstar collected $0.08 from pot
*** SUMMARY ***
Total pot $0.08 | Rake $0 
Board [Js Qs Tc 5s]
Seat 1: pogomonstar (small blind) collected ($0.08)
Seat 2: BetoG10404 (big blind) folded on the Turn
Seat 3: Chicão36 folded before Flop (didn't bet)
Seat 4: Ease-From-Fear folded before Flop (didn't bet)
Seat 5: KHODUSOV folded before Flop (didn't bet)
Seat 6: icara78 folded before Flop (didn't bet)
Seat 7: jorge171119 folded on the Turn
Seat 8: Dorex2007 folded on the Turn
Seat 9: NormBabe (button) folded before Flop (didn't bet)



PokerStars Hand #228015048190:  Hold'em No Limit ($0.01/$0.02 USD) - 2021/07/02 20:42:14 PT [2021/07/02 23:42:14 ET]
Table 'Frisia IV' 9-max Seat #1 is the button
Seat 1: pogomonstar ($1.86 in chips) 
Seat 2: BetoG10404 ($0.76 in chips) 
Seat 3: Chicão36 ($0.68 in chips) 
Seat 4: Ease-From-Fear ($4.48 in chips) 
Seat 5: KHODUSOV ($0.80 in chips) 
Seat 6: icara78 ($3.16 in chips) 
Seat 7: jorge171119 ($5.25 in chips) 
Seat 8: Dorex2007 ($1.91 in chips) 
Seat 9: NormBabe ($2.14 in chips) 
BetoG10404: posts small blind $0.01
Chicão36: posts big blind $0.02
*** HOLE CARDS ***
Dealt to Dorex2007 [7s Kh]
Ease-From-Fear: folds 
KHODUSOV: folds 
icara78: folds 
jorge171119: raises $0.02 to $0.04
Dorex2007: folds 
NormBabe: folds 
pogomonstar: folds 
BetoG10404: calls $0.03
Chicão36: calls $0.02
*** FLOP *** [5c 6c 6h]
BetoG10404: bets $0.06
Chicão36: calls $0.06
jorge171119: calls $0.06
*** TURN *** [5c 6c 6h] [Kd]
BetoG10404: checks 
Chicão36: checks 
jorge171119: checks 
*** RIVER *** [5c 6c 6h Kd] [4d]
BetoG10404: bets $0.06
Chicão36: folds 
jorge171119: folds 
Uncalled bet ($0.06) returned to BetoG10404
BetoG10404 collected $0.29 from pot
BetoG10404: doesn't show hand 
*** SUMMARY ***
Total pot $0.30 | Rake $0.01 
Board [5c 6c 6h Kd 4d]
Seat 1: pogomonstar (button) folded before Flop (didn't bet)
Seat 2: BetoG10404 (small blind) collected ($0.29)
Seat 3: Chicão36 (big blind) folded on the River
Seat 4: Ease-From-Fear folded before Flop (didn't bet)
Seat 5: KHODUSOV folded before Flop (didn't bet)
Seat 6: icara78 folded before Flop (didn't bet)
Seat 7: jorge171119 folded on the River
Seat 8: Dorex2007 folded before Flop (didn't bet)
Seat 9: NormBabe folded before Flop (didn't bet)



PokerStars Hand #228015064298:  Hold'em No Limit ($0.01/$0.02 USD) - 2021/07/02 20:43:40 PT [2021/07/02 23:43:40 ET]
Table 'Frisia IV' 9-max Seat #2 is the button
Seat 1: pogomonstar ($1.86 in chips) 
Seat 2: BetoG10404 ($0.95 in chips) 
Seat 3: Chicão36 ($0.58 in chips) 
Seat 4: Ease-From-Fear ($4.48 in chips) 
Seat 5: KHODUSOV ($0.80 in chips) 
Seat 6: icara78 ($3.16 in chips) 
Seat 7: jorge171119 ($5.15 in chips) 
Seat 8: Dorex2007 ($1.91 in chips) 
Seat 9: NormBabe ($2.14 in chips) 
Chicão36: posts small blind $0.01
Ease-From-Fear: posts big blind $0.02
*** HOLE CARDS ***
Dealt to Dorex2007 [7c Td]
KHODUSOV: folds 
icara78: folds 
jorge171119: folds 
Dorex2007: folds 
NormBabe: folds 
pogomonstar: folds 
BetoG10404: folds 
Chicão36: calls $0.01
Ease-From-Fear: checks 
*** FLOP *** [2s Jd 3s]
Chicão36: checks 
Ease-From-Fear: checks 
*** TURN *** [2s Jd 3s] [Ks]
Chicão36: bets $0.02
Ease-From-Fear: folds 
Uncalled bet ($0.02) returned to Chicão36
Chicão36 collected $0.04 from pot
Chicão36: doesn't show hand 
*** SUMMARY ***
Total pot $0.04 | Rake $0 
Board [2s Jd 3s Ks]
Seat 1: pogomonstar folded before Flop (didn't bet)
Seat 2: BetoG10404 (button) folded before Flop (didn't bet)
Seat 3: Chicão36 (small blind) collected ($0.04)
Seat 4: Ease-From-Fear (big blind) folded on the Turn
Seat 5: KHODUSOV folded before Flop (didn't bet)
Seat 6: icara78 folded before Flop (didn't bet)
Seat 7: jorge171119 folded before Flop (didn't bet)
Seat 8: Dorex2007 folded before Flop (didn't bet)
Seat 9: NormBabe folded before Flop (didn't bet)



PokerStars Hand #228015070709:  Hold'em No Limit ($0.01/$0.02 USD) - 2021/07/02 20:44:16 PT [2021/07/02 23:44:16 ET]
Table 'Frisia IV' 9-max Seat #3 is the button
Seat 1: pogomonstar ($1.86 in chips) 
Seat 2: BetoG10404 ($0.95 in chips) 
Seat 3: Chicão36 ($0.60 in chips) 
Seat 4: Ease-From-Fear ($4.46 in chips) 
Seat 5: KHODUSOV ($0.80 in chips) 
Seat 6: icara78 ($3.16 in chips) 
Seat 7: jorge171119 ($5.15 in chips) 
Seat 8: Dorex2007 ($1.91 in chips) 
Seat 9: NormBabe ($2.14 in chips) 
Ease-From-Fear: posts small blind $0.01
KHODUSOV: posts big blind $0.02
*** HOLE CARDS ***
Dealt to Dorex2007 [7h 8h]
icara78: calls $0.02
jorge171119: calls $0.02
Dorex2007: calls $0.02
NormBabe: folds 
pogomonstar: folds 
BetoG10404: calls $0.02
Chicão36: calls $0.02
Ease-From-Fear: folds 
KHODUSOV: raises $0.04 to $0.06
icara78: calls $0.04
jorge171119: calls $0.04
Dorex2007: calls $0.04
BetoG10404: folds 
Chicão36: calls $0.04
*** FLOP *** [9h 6d 7c]
KHODUSOV: bets $0.02
icara78: calls $0.02
jorge171119: folds 
Dorex2007: raises $0.19 to $0.21
Chicão36: calls $0.21
KHODUSOV: folds 
icara78: folds 
*** TURN *** [9h 6d 7c] [Js]
Dorex2007: bets $0.76
Chicão36: calls $0.33 and is all-in
Uncalled bet ($0.43) returned to Dorex2007
*** RIVER *** [9h 6d 7c Js] [9d]
*** SHOW DOWN ***
Dorex2007: shows [7h 8h] (two pair, Nines and Sevens)
Chicão36: shows [8d Ad] (a pair of Nines)
Dorex2007 cashed out the hand for $1.17 | Cash Out Fee $0.01
*** SUMMARY ***
Total pot $1.45 | Rake $0.05 
Board [9h 6d 7c Js 9d]
Seat 1: pogomonstar folded before Flop (didn't bet)
Seat 2: BetoG10404 folded before Flop
Seat 3: Chicão36 (button) showed [8d Ad] and lost with a pair of Nines
Seat 4: Ease-From-Fear (small blind) folded before Flop
Seat 5: KHODUSOV (big blind) folded on the Flop
Seat 6: icara78 folded on the Flop
Seat 7: jorge171119 folded on the Flop
Seat 8: Dorex2007 showed [7h 8h] and won ($1.40) with two pair, Nines and Sevens (pot not awarded as player cashed out)
Seat 9: NormBabe folded before Flop (didn't bet)



PokerStars Hand #228015084069:  Hold'em No Limit ($0.01/$0.02 USD) - 2021/07/02 20:45:29 PT [2021/07/02 23:45:29 ET]
Table 'Frisia IV' 9-max Seat #4 is the button
Seat 1: pogomonstar ($1.86 in chips) 
Seat 2: BetoG10404 ($0.93 in chips) 
Seat 4: Ease-From-Fear ($4.45 in chips) 
Seat 5: KHODUSOV ($0.80 in chips) 
Seat 6: icara78 ($3.08 in chips) 
Seat 7: jorge171119 ($5.09 in chips) 
Seat 8: Dorex2007 ($2.48 in chips) 
Seat 9: NormBabe ($2.14 in chips) 
KHODUSOV: posts small blind $0.01
icara78: posts big blind $0.02
*** HOLE CARDS ***
Dealt to Dorex2007 [Ac 7c]
Chicão36 leaves the table
jorge171119: folds 
Dorex2007: calls $0.02
NormBabe: raises $0.07 to $0.09
pogomonstar: folds 
BetoG10404: folds 
Ease-From-Fear: folds 
KHODUSOV: calls $0.08
icara78: folds 
Dorex2007: calls $0.07
*** FLOP *** [8d Qh 3s]
KHODUSOV: bets $0.02
Dorex2007: folds 
NormBabe: raises $0.36 to $0.38
KHODUSOV: folds 
Uncalled bet ($0.36) returned to NormBabe
NormBabe collected $0.32 from pot
NormBabe: doesn't show hand 
*** SUMMARY ***
Total pot $0.33 | Rake $0.01 
Board [8d Qh 3s]
Seat 1: pogomonstar folded before Flop (didn't bet)
Seat 2: BetoG10404 folded before Flop (didn't bet)
Seat 4: Ease-From-Fear (button) folded before Flop (didn't bet)
Seat 5: KHODUSOV (small blind) folded on the Flop
Seat 6: icara78 (big blind) folded before Flop
Seat 7: jorge171119 folded before Flop (didn't bet)
Seat 8: Dorex2007 folded on the Flop
Seat 9: NormBabe collected ($0.32)



PokerStars Hand #228015101476:  Hold'em No Limit ($0.01/$0.02 USD) - 2021/07/02 20:46:15 PT [2021/07/02 23:46:15 ET]
Table 'Frisia IV' 9-max Seat #5 is the button
Seat 1: pogomonstar ($1.86 in chips) 
Seat 2: BetoG10404 ($0.93 in chips) 
Seat 4: Ease-From-Fear ($4.45 in chips) 
Seat 5: KHODUSOV ($0.80 in chips) 
Seat 6: icara78 ($3.06 in chips) 
Seat 7: jorge171119 ($5.09 in chips) 
Seat 8: Dorex2007 ($2.39 in chips) 
Seat 9: NormBabe ($2.35 in chips) 
icara78: posts small blind $0.01
jorge171119: posts big blind $0.02
*** HOLE CARDS ***
Dealt to Dorex2007 [8c 5c]
Dorex2007: folds 
NormBabe: folds 
pogomonstar: folds 
BetoG10404: folds 
Ease-From-Fear: folds 
KHODUSOV has timed out
KHODUSOV: folds 
icara78: calls $0.01
jorge171119: raises $0.04 to $0.06
icara78: calls $0.04
*** FLOP *** [6h Jh Td]
icara78: checks 
jorge171119: checks 
*** TURN *** [6h Jh Td] [5d]
icara78: checks 
jorge171119: bets $0.06
icara78: calls $0.06
*** RIVER *** [6h Jh Td 5d] [4d]
icara78: checks 
jorge171119: checks 
*** SHOW DOWN ***
icara78: shows [Qc Jd] (a pair of Jacks)
jorge171119: mucks hand 
icara78 collected $0.23 from pot
*** SUMMARY ***
Total pot $0.24 | Rake $0.01 
Board [6h Jh Td 5d 4d]
Seat 1: pogomonstar folded before Flop (didn't bet)
Seat 2: BetoG10404 folded before Flop (didn't bet)
Seat 4: Ease-From-Fear folded before Flop (didn't bet)
Seat 5: KHODUSOV (button) folded before Flop (didn't bet)
Seat 6: icara78 (small blind) showed [Qc Jd] and won ($0.23) with a pair of Jacks
Seat 7: jorge171119 (big blind) mucked [Ac Ks]
Seat 8: Dorex2007 folded before Flop (didn't bet)
Seat 9: NormBabe folded before Flop (didn't bet)



PokerStars Hand #228015123384:  Hold'em No Limit ($0.01/$0.02 USD) - 2021/07/02 20:47:38 PT [2021/07/02 23:47:38 ET]
Table 'Frisia IV' 9-max Seat #6 is the button
Seat 1: pogomonstar ($1.86 in chips) 
Seat 2: BetoG10404 ($0.93 in chips) 
Seat 4: Ease-From-Fear ($4.45 in chips) 
Seat 6: icara78 ($3.17 in chips) 
Seat 7: jorge171119 ($4.97 in chips) 
Seat 8: Dorex2007 ($2.39 in chips) 
Seat 9: NormBabe ($2.35 in chips) 
jorge171119: posts small blind $0.01
Dorex2007: posts big blind $0.02
*** HOLE CARDS ***
Dealt to Dorex2007 [2d 6d]
NormBabe: folds 
pogomonstar: folds 
BetoG10404: folds 
Ease-From-Fear: folds 
icara78: raises $0.02 to $0.04
jorge171119: folds 
Dorex2007: calls $0.02
*** FLOP *** [8c 8h Th]
Dorex2007: checks 
icara78: checks 
*** TURN *** [8c 8h Th] [Ts]
Dorex2007: bets $0.09
icara78: calls $0.09
*** RIVER *** [8c 8h Th Ts] [Tc]
Dorex2007: checks 
icara78: checks 
*** SHOW DOWN ***
Dorex2007: shows [2d 6d] (a full house, Tens full of Eights)
icara78: shows [Ah Qh] (a full house, Tens full of Eights)
Dorex2007 collected $0.13 from pot
icara78 collected $0.13 from pot
*** SUMMARY ***
Total pot $0.27 | Rake $0.01 
Board [8c 8h Th Ts Tc]
Seat 1: pogomonstar folded before Flop (didn't bet)
Seat 2: BetoG10404 folded before Flop (didn't bet)
Seat 4: Ease-From-Fear folded before Flop (didn't bet)
Seat 6: icara78 (button) showed [Ah Qh] and won ($0.13) with a full house, Tens full of Eights
Seat 7: jorge171119 (small blind) folded before Flop
Seat 8: Dorex2007 (big blind) showed [2d 6d] and won ($0.13) with a full house, Tens full of Eights
Seat 9: NormBabe folded before Flop (didn't bet)



PokerStars Hand #228015131401:  Hold'em No Limit ($0.01/$0.02 USD) - 2021/07/02 20:48:22 PT [2021/07/02 23:48:22 ET]
Table 'Frisia IV' 9-max Seat #7 is the button
Seat 1: pogomonstar ($1.86 in chips) 
Seat 2: BetoG10404 ($0.93 in chips) 
Seat 4: Ease-From-Fear ($4.45 in chips) 
Seat 5: KHODUSOV ($0.80 in chips) 
Seat 6: icara78 ($3.17 in chips) 
Seat 7: jorge171119 ($4.96 in chips) 
Seat 8: Dorex2007 ($2.39 in chips) 
Seat 9: NormBabe ($2.35 in chips) 
Dorex2007: posts small blind $0.01
NormBabe: posts big blind $0.02
*** HOLE CARDS ***
Dealt to Dorex2007 [Ts Th]
pogomonstar: folds 
BetoG10404: raises $0.02 to $0.04
Ease-From-Fear: folds 
KHODUSOV: raises $0.02 to $0.06
icara78: folds 
jorge171119: calls $0.06
Dorex2007: calls $0.05
NormBabe: folds 
BetoG10404: calls $0.02
*** FLOP *** [8h 3s 7d]
Dorex2007: bets $0.25
BetoG10404: calls $0.25
KHODUSOV: raises $0.25 to $0.50
jorge171119: folds 
Dorex2007: calls $0.25
joaomattosalves joins the table at seat #3 
BetoG10404: raises $0.32 to $0.82
KHODUSOV: calls $0.24 and is all-in
Dorex2007: calls $0.32
*** TURN *** [8h 3s 7d] [Jd]
Dorex2007: checks 
BetoG10404: bets $0.05 and is all-in
Dorex2007: calls $0.05
*** RIVER *** [8h 3s 7d Jd] [4h]
*** SHOW DOWN ***
Dorex2007: shows [Ts Th] (a pair of Tens)
BetoG10404: shows [3h 3c] (three of a kind, Threes)
BetoG10404 collected $0.25 from side pot
KHODUSOV: shows [Ac As] (a pair of Aces)
BetoG10404 collected $2.39 from main pot
Dorex2007 cashed out the hand for $0.39
*** SUMMARY ***
Total pot $2.74 Main pot $2.39. Side pot $0.25. | Rake $0.10 
Board [8h 3s 7d Jd 4h]
Seat 1: pogomonstar folded before Flop (didn't bet)
Seat 2: BetoG10404 showed [3h 3c] and won ($2.64) with three of a kind, Threes
Seat 4: Ease-From-Fear folded before Flop (didn't bet)
Seat 5: KHODUSOV showed [Ac As] and lost with a pair of Aces
Seat 6: icara78 folded before Flop (didn't bet)
Seat 7: jorge171119 (button) folded on the Flop
Seat 8: Dorex2007 (small blind) showed [Ts Th] and lost with a pair of Tens (cashed out).
Seat 9: NormBabe (big blind) folded before Flop



PokerStars Hand #228015145067:  Hold'em No Limit ($0.01/$0.02 USD) - 2021/07/02 20:49:36 PT [2021/07/02 23:49:36 ET]
Table 'Frisia IV' 9-max Seat #8 is the button
Seat 1: pogomonstar ($1.86 in chips) 
Seat 2: BetoG10404 ($2.64 in chips) 
Seat 4: Ease-From-Fear ($4.45 in chips) 
Seat 5: KHODUSOV ($0.80 in chips) 
Seat 6: icara78 ($3.17 in chips) 
Seat 7: jorge171119 ($4.90 in chips) 
Seat 8: Dorex2007 ($1.85 in chips) 
Seat 9: NormBabe ($2.33 in chips) 
NormBabe: posts small blind $0.01
pogomonstar: posts big blind $0.02
joaomattosalves: sits out 
*** HOLE CARDS ***
Dealt to Dorex2007 [5h 5d]
BetoG10404: folds 
BetoG10404 leaves the table
Ease-From-Fear: folds 
KHODUSOV: raises $0.04 to $0.06
icara78: folds 
jorge171119: calls $0.06
Dorex2007: calls $0.06
NormBabe: folds 
pogomonstar: folds 
*** FLOP *** [2c Ad 6c]
KHODUSOV: bets $0.02
jorge171119: folds 
Dorex2007: calls $0.02
*** TURN *** [2c Ad 6c] [4s]
KHODUSOV: bets $0.02
Dorex2007: calls $0.02
*** RIVER *** [2c Ad 6c 4s] [Jh]
KHODUSOV: bets $0.02
Dorex2007: folds 
Uncalled bet ($0.02) returned to KHODUSOV
KHODUSOV collected $0.28 from pot
KHODUSOV: doesn't show hand 
*** SUMMARY ***
Total pot $0.29 | Rake $0.01 
Board [2c Ad 6c 4s Jh]
Seat 1: pogomonstar (big blind) folded before Flop
Seat 2: BetoG10404 folded before Flop (didn't bet)
Seat 4: Ease-From-Fear folded before Flop (didn't bet)
Seat 5: KHODUSOV collected ($0.28)
Seat 6: icara78 folded before Flop (didn't bet)
Seat 7: jorge171119 folded on the Flop
Seat 8: Dorex2007 (button) folded on the River
Seat 9: NormBabe (small blind) folded before Flop



PokerStars Hand #228015155725:  Hold'em No Limit ($0.01/$0.02 USD) - 2021/07/02 20:50:34 PT [2021/07/02 23:50:34 ET]
Table 'Frisia IV' 9-max Seat #9 is the button
Seat 1: pogomonstar ($1.84 in chips) 
Seat 3: joaomattosalves ($0.80 in chips) 
Seat 4: Ease-From-Fear ($4.45 in chips) 
Seat 5: KHODUSOV ($0.98 in chips) 
Seat 6: icara78 ($3.17 in chips) 
Seat 7: jorge171119 ($4.84 in chips) 
Seat 8: Dorex2007 ($2 in chips) 
Seat 9: NormBabe ($2.32 in chips) 
pogomonstar: posts small blind $0.01
joaomattosalves: posts big blind $0.02
*** HOLE CARDS ***
Dealt to Dorex2007 [As 3c]
Ease-From-Fear: folds 
KHODUSOV: raises $0.04 to $0.06
icara78: folds 
jorge171119: calls $0.06
Dorex2007: folds 
NormBabe: folds 
pogomonstar: folds 
joaomattosalves: folds 
*** FLOP *** [2d 7h 8c]
KHODUSOV: bets $0.02
jorge171119: folds 
Uncalled bet ($0.02) returned to KHODUSOV
KHODUSOV collected $0.14 from pot
KHODUSOV: doesn't show hand 
*** SUMMARY ***
Total pot $0.15 | Rake $0.01 
Board [2d 7h 8c]
Seat 1: pogomonstar (small blind) folded before Flop
Seat 3: joaomattosalves (big blind) folded before Flop
Seat 4: Ease-From-Fear folded before Flop (didn't bet)
Seat 5: KHODUSOV collected ($0.14)
Seat 6: icara78 folded before Flop (didn't bet)
Seat 7: jorge171119 folded on the Flop
Seat 8: Dorex2007 folded before Flop (didn't bet)
Seat 9: NormBabe (button) folded before Flop (didn't bet)



PokerStars Hand #228015161298:  Hold'em No Limit ($0.01/$0.02 USD) - 2021/07/02 20:51:04 PT [2021/07/02 23:51:04 ET]
Table 'Frisia IV' 9-max Seat #1 is the button
Seat 1: pogomonstar ($1.83 in chips) 
Seat 3: joaomattosalves ($0.78 in chips) 
Seat 4: Ease-From-Fear ($4.45 in chips) 
Seat 5: KHODUSOV ($1.06 in chips) 
Seat 6: icara78 ($3.17 in chips) 
Seat 7: jorge171119 ($4.78 in chips) 
Seat 8: Dorex2007 ($2 in chips) 
Seat 9: NormBabe ($2.32 in chips) 
joaomattosalves: posts small blind $0.01
Ease-From-Fear: posts big blind $0.02
*** HOLE CARDS ***
Dealt to Dorex2007 [3h Ks]
KHODUSOV: folds 
schubidi joins the table at seat #2 
icara78: folds 
jorge171119: folds 
jorge171119 leaves the table
Dorex2007: folds 
NormBabe: calls $0.02
pogomonstar: folds 
joaomattosalves: raises $0.02 to $0.04
Ease-From-Fear: folds 
NormBabe: calls $0.02
*** FLOP *** [Kh 9d 9s]
tridmax joins the table at seat #7 
joaomattosalves: checks 
NormBabe: checks 
*** TURN *** [Kh 9d 9s] [3d]
joaomattosalves: bets $0.10
NormBabe: folds 
Uncalled bet ($0.10) returned to joaomattosalves
joaomattosalves collected $0.10 from pot
joaomattosalves: doesn't show hand 
*** SUMMARY ***
Total pot $0.10 | Rake $0 
Board [Kh 9d 9s 3d]
Seat 1: pogomonstar (button) folded before Flop (didn't bet)
Seat 3: joaomattosalves (small blind) collected ($0.10)
Seat 4: Ease-From-Fear (big blind) folded before Flop
Seat 5: KHODUSOV folded before Flop (didn't bet)
Seat 6: icara78 folded before Flop (didn't bet)
Seat 7: jorge171119 folded before Flop (didn't bet)
Seat 8: Dorex2007 folded before Flop (didn't bet)
Seat 9: NormBabe folded on the Turn



PokerStars Hand #228015168826:  Hold'em No Limit ($0.01/$0.02 USD) - 2021/07/02 20:51:45 PT [2021/07/02 23:51:45 ET]
Table 'Frisia IV' 9-max Seat #3 is the button
Seat 1: pogomonstar ($1.83 in chips) 
Seat 3: joaomattosalves ($0.84 in chips) 
Seat 4: Ease-From-Fear ($4.43 in chips) 
Seat 5: KHODUSOV ($1.06 in chips) 
Seat 6: icara78 ($3.17 in chips) 
Seat 8: Dorex2007 ($2 in chips) 
Seat 9: NormBabe ($2.28 in chips) 
Ease-From-Fear: posts small blind $0.01
KHODUSOV: posts big blind $0.02
tridmax: sits out 
schubidi: sits out 
*** HOLE CARDS ***
Dealt to Dorex2007 [5c 6s]
icara78: calls $0.02
Dorex2007: folds 
NormBabe: folds 
pogomonstar: raises $0.04 to $0.06
joaomattosalves: calls $0.06
Ease-From-Fear: folds 
KHODUSOV has timed out
KHODUSOV: folds 
icara78: calls $0.04
*** FLOP *** [8h Qh 4s]
icara78: checks 
pogomonstar: checks 
joaomattosalves: bets $0.20
icara78: folds 
pogomonstar: folds 
Uncalled bet ($0.20) returned to joaomattosalves
joaomattosalves collected $0.20 from pot
joaomattosalves: doesn't show hand 
*** SUMMARY ***
Total pot $0.21 | Rake $0.01 
Board [8h Qh 4s]
Seat 1: pogomonstar folded on the Flop
Seat 3: joaomattosalves (button) collected ($0.20)
Seat 4: Ease-From-Fear (small blind) folded before Flop
Seat 5: KHODUSOV (big blind) folded before Flop
Seat 6: icara78 folded on the Flop
Seat 8: Dorex2007 folded before Flop (didn't bet)
Seat 9: NormBabe folded before Flop (didn't bet)



PokerStars Hand #228015183536:  Hold'em No Limit ($0.01/$0.02 USD) - 2021/07/02 20:53:06 PT [2021/07/02 23:53:06 ET]
Table 'Frisia IV' 9-max Seat #4 is the button
Seat 1: pogomonstar ($1.77 in chips) 
Seat 3: joaomattosalves ($0.98 in chips) 
Seat 4: Ease-From-Fear ($4.42 in chips) 
Seat 6: icara78 ($3.11 in chips) 
Seat 7: tridmax ($2 in chips) 
Seat 8: Dorex2007 ($2 in chips) 
Seat 9: NormBabe ($2.28 in chips) 
icara78: posts small blind $0.01
tridmax: posts big blind $0.02
schubidi: sits out 
*** HOLE CARDS ***
Dealt to Dorex2007 [7d 4s]
Dorex2007: folds 
NormBabe: folds 
pogomonstar: raises $0.04 to $0.06
joaomattosalves: folds 
Ease-From-Fear: folds 
icara78: folds 
tridmax: folds 
Uncalled bet ($0.04) returned to pogomonstar
pogomonstar collected $0.05 from pot
pogomonstar: doesn't show hand 
*** SUMMARY ***
Total pot $0.05 | Rake $0 
Seat 1: pogomonstar collected ($0.05)
Seat 3: joaomattosalves folded before Flop (didn't bet)
Seat 4: Ease-From-Fear (button) folded before Flop (didn't bet)
Seat 6: icara78 (small blind) folded before Flop
Seat 7: tridmax (big blind) folded before Flop
Seat 8: Dorex2007 folded before Flop (didn't bet)
Seat 9: NormBabe folded before Flop (didn't bet)



PokerStars Hand #228015187605:  Hold'em No Limit ($0.01/$0.02 USD) - 2021/07/02 20:53:28 PT [2021/07/02 23:53:28 ET]
Table 'Frisia IV' 9-max Seat #6 is the button
Seat 1: pogomonstar ($1.80 in chips) 
Seat 3: joaomattosalves ($0.98 in chips) 
Seat 4: Ease-From-Fear ($4.42 in chips) 
Seat 6: icara78 ($3.10 in chips) 
Seat 7: tridmax ($2 in chips) 
Seat 8: Dorex2007 ($2 in chips) 
Seat 9: NormBabe ($2.28 in chips) 
tridmax: posts small blind $0.01
Dorex2007: posts big blind $0.02
schubidi: sits out 
*** HOLE CARDS ***
Dealt to Dorex2007 [3d 7s]
NormBabe: folds 
pogomonstar: folds 
joaomattosalves: folds 
Ease-From-Fear: folds 
icara78: folds 
tridmax: folds 
Uncalled bet ($0.01) returned to Dorex2007
Dorex2007 collected $0.02 from pot
Dorex2007: doesn't show hand 
*** SUMMARY ***
Total pot $0.02 | Rake $0 
Seat 1: pogomonstar folded before Flop (didn't bet)
Seat 3: joaomattosalves folded before Flop (didn't bet)
Seat 4: Ease-From-Fear folded before Flop (didn't bet)
Seat 6: icara78 (button) folded before Flop (didn't bet)
Seat 7: tridmax (small blind) folded before Flop
Seat 8: Dorex2007 (big blind) collected ($0.02)
Seat 9: NormBabe folded before Flop (didn't bet)



PokerStars Hand #228015192498:  Hold'em No Limit ($0.01/$0.02 USD) - 2021/07/02 20:53:55 PT [2021/07/02 23:53:55 ET]
Table 'Frisia IV' 9-max Seat #7 is the button
Seat 1: pogomonstar ($1.80 in chips) 
Seat 3: joaomattosalves ($0.98 in chips) 
Seat 4: Ease-From-Fear ($4.42 in chips) 
Seat 5: KHODUSOV ($1.04 in chips) 
Seat 6: icara78 ($3.10 in chips) 
Seat 7: tridmax ($2 in chips) 
Seat 8: Dorex2007 ($2.01 in chips) 
Seat 9: NormBabe ($2.28 in chips) 
Dorex2007: posts small blind $0.01
NormBabe: posts big blind $0.02
schubidi: sits out 
KHODUSOV: posts small blind $0.01
*** HOLE CARDS ***
Dealt to Dorex2007 [3d 8s]
pogomonstar: raises $0.04 to $0.06
joaomattosalves: calls $0.06
Ease-From-Fear: folds 
KHODUSOV: calls $0.06
icara78: folds 
tridmax: folds 
Dorex2007: folds 
NormBabe: folds 
*** FLOP *** [6h 3s Ac]
pogomonstar: bets $0.18
joaomattosalves: calls $0.18
KHODUSOV: folds 
*** TURN *** [6h 3s Ac] [9c]
pogomonstar: bets $0.51
joaomattosalves: raises $0.23 to $0.74 and is all-in
pogomonstar: calls $0.23
*** RIVER *** [6h 3s Ac 9c] [Jc]
*** SHOW DOWN ***
pogomonstar: shows [Ah Kc] (a pair of Aces)
joaomattosalves: shows [Qh Qc] (a pair of Queens)
pogomonstar collected $1.99 from pot
*** SUMMARY ***
Total pot $2.06 | Rake $0.07 
Board [6h 3s Ac 9c Jc]
Seat 1: pogomonstar showed [Ah Kc] and won ($1.99) with a pair of Aces
Seat 3: joaomattosalves showed [Qh Qc] and lost with a pair of Queens
Seat 4: Ease-From-Fear folded before Flop (didn't bet)
Seat 5: KHODUSOV folded on the Flop
Seat 6: icara78 folded before Flop (didn't bet)
Seat 7: tridmax (button) folded before Flop (didn't bet)
Seat 8: Dorex2007 (small blind) folded before Flop
Seat 9: NormBabe (big blind) folded before Flop



PokerStars Hand #228015213729:  Hold'em No Limit ($0.01/$0.02 USD) - 2021/07/02 20:55:08 PT [2021/07/02 23:55:08 ET]
Table 'Frisia IV' 9-max Seat #8 is the button
Seat 1: pogomonstar ($2.81 in chips) 
Seat 4: Ease-From-Fear ($4.42 in chips) 
Seat 5: KHODUSOV ($0.97 in chips) 
Seat 6: icara78 ($3.10 in chips) 
Seat 7: tridmax ($2 in chips) 
Seat 8: Dorex2007 ($2 in chips) 
Seat 9: NormBabe ($2.26 in chips) 
NormBabe: posts small blind $0.01
pogomonstar: posts big blind $0.02
schubidi: sits out 
*** HOLE CARDS ***
Dealt to Dorex2007 [Qs 9s]
Ease-From-Fear: folds 
KHODUSOV: raises $0.04 to $0.06
icara78: folds 
tridmax: folds 
Dorex2007: folds 
NormBabe: folds 
pogomonstar: folds 
Uncalled bet ($0.04) returned to KHODUSOV
KHODUSOV collected $0.05 from pot
KHODUSOV: doesn't show hand 
*** SUMMARY ***
Total pot $0.05 | Rake $0 
Seat 1: pogomonstar (big blind) folded before Flop
Seat 4: Ease-From-Fear folded before Flop (didn't bet)
Seat 5: KHODUSOV collected ($0.05)
Seat 6: icara78 folded before Flop (didn't bet)
Seat 7: tridmax folded before Flop (didn't bet)
Seat 8: Dorex2007 (button) folded before Flop (didn't bet)
Seat 9: NormBabe (small blind) folded before Flop



PokerStars Hand #228015217079:  Hold'em No Limit ($0.01/$0.02 USD) - 2021/07/02 20:55:31 PT [2021/07/02 23:55:31 ET]
Table 'Frisia IV' 9-max Seat #9 is the button
Seat 1: pogomonstar ($2.79 in chips) 
Seat 2: schubidi ($1.04 in chips) 
Seat 3: joaomattosalves ($0.80 in chips) 
Seat 4: Ease-From-Fear ($4.42 in chips) 
Seat 5: KHODUSOV ($1 in chips) 
Seat 6: icara78 ($3.10 in chips) 
Seat 7: tridmax ($2 in chips) 
Seat 8: Dorex2007 ($2 in chips) 
Seat 9: NormBabe ($2.25 in chips) 
pogomonstar: posts small blind $0.01
schubidi: posts big blind $0.02
*** HOLE CARDS ***
Dealt to Dorex2007 [Qc 4c]
joaomattosalves: folds 
Ease-From-Fear: folds 
KHODUSOV: folds 
icara78: calls $0.02
tridmax: folds 
Dorex2007: folds 
NormBabe: folds 
pogomonstar: raises $0.04 to $0.06
schubidi: folds 
icara78: calls $0.04
*** FLOP *** [5h 8h 7s]
pogomonstar: bets $0.08
icara78: folds 
Uncalled bet ($0.08) returned to pogomonstar
pogomonstar collected $0.14 from pot
pogomonstar: doesn't show hand 
*** SUMMARY ***
Total pot $0.14 | Rake $0 
Board [5h 8h 7s]
Seat 1: pogomonstar (small blind) collected ($0.14)
Seat 2: schubidi (big blind) folded before Flop
Seat 3: joaomattosalves folded before Flop (didn't bet)
Seat 4: Ease-From-Fear folded before Flop (didn't bet)
Seat 5: KHODUSOV folded before Flop (didn't bet)
Seat 6: icara78 folded on the Flop
Seat 7: tridmax folded before Flop (didn't bet)
Seat 8: Dorex2007 folded before Flop (didn't bet)
Seat 9: NormBabe (button) folded before Flop (didn't bet)



PokerStars Hand #228015222498:  Hold'em No Limit ($0.01/$0.02 USD) - 2021/07/02 20:56:08 PT [2021/07/02 23:56:08 ET]
Table 'Frisia IV' 9-max Seat #1 is the button
Seat 1: pogomonstar ($2.87 in chips) 
Seat 2: schubidi ($1.02 in chips) 
Seat 3: joaomattosalves ($0.80 in chips) 
Seat 4: Ease-From-Fear ($4.42 in chips) 
Seat 5: KHODUSOV ($1 in chips) 
Seat 6: icara78 ($3.04 in chips) 
Seat 7: tridmax ($2 in chips) 
Seat 8: Dorex2007 ($2 in chips) 
Seat 9: NormBabe ($2.25 in chips) 
schubidi: posts small blind $0.01
joaomattosalves: posts big blind $0.02
*** HOLE CARDS ***
Dealt to Dorex2007 [7c 8d]
Ease-From-Fear: folds 
KHODUSOV: folds 
icara78: folds 
tridmax: folds 
Dorex2007: folds 
NormBabe: folds 
pogomonstar: raises $0.04 to $0.06
schubidi: folds 
joaomattosalves: calls $0.04
*** FLOP *** [9h 5h Qh]
joaomattosalves: checks 
pogomonstar: checks 
*** TURN *** [9h 5h Qh] [9d]
joaomattosalves: bets $0.13
pogomonstar: folds 
Uncalled bet ($0.13) returned to joaomattosalves
joaomattosalves collected $0.13 from pot
joaomattosalves: doesn't show hand 
*** SUMMARY ***
Total pot $0.13 | Rake $0 
Board [9h 5h Qh 9d]
Seat 1: pogomonstar (button) folded on the Turn
Seat 2: schubidi (small blind) folded before Flop
Seat 3: joaomattosalves (big blind) collected ($0.13)
Seat 4: Ease-From-Fear folded before Flop (didn't bet)
Seat 5: KHODUSOV folded before Flop (didn't bet)
Seat 6: icara78 folded before Flop (didn't bet)
Seat 7: tridmax folded before Flop (didn't bet)
Seat 8: Dorex2007 folded before Flop (didn't bet)
Seat 9: NormBabe folded before Flop (didn't bet)



PokerStars Hand #228015230833:  Hold'em No Limit ($0.01/$0.02 USD) - 2021/07/02 20:57:04 PT [2021/07/02 23:57:04 ET]
Table 'Frisia IV' 9-max Seat #2 is the button
Seat 1: pogomonstar ($2.81 in chips) 
Seat 2: schubidi ($1.01 in chips) 
Seat 3: joaomattosalves ($0.87 in chips) 
Seat 4: Ease-From-Fear ($4.42 in chips) 
Seat 5: KHODUSOV ($1 in chips) 
Seat 6: icara78 ($3.04 in chips) 
Seat 7: tridmax ($2 in chips) 
Seat 8: Dorex2007 ($2 in chips) 
Seat 9: NormBabe ($2.25 in chips) 
joaomattosalves: posts small blind $0.01
Ease-From-Fear: posts big blind $0.02
*** HOLE CARDS ***
Dealt to Dorex2007 [6c 3s]
KHODUSOV: folds 
icara78: folds 
tridmax: folds 
Dorex2007: folds 
NormBabe: folds 
pogomonstar: folds 
schubidi: folds 
joaomattosalves: calls $0.01
Ease-From-Fear: raises $0.06 to $0.08
joaomattosalves: folds 
Uncalled bet ($0.06) returned to Ease-From-Fear
Ease-From-Fear collected $0.04 from pot
*** SUMMARY ***
Total pot $0.04 | Rake $0 
Seat 1: pogomonstar folded before Flop (didn't bet)
Seat 2: schubidi (button) folded before Flop (didn't bet)
Seat 3: joaomattosalves (small blind) folded before Flop
Seat 4: Ease-From-Fear (big blind) collected ($0.04)
Seat 5: KHODUSOV folded before Flop (didn't bet)
Seat 6: icara78 folded before Flop (didn't bet)
Seat 7: tridmax folded before Flop (didn't bet)
Seat 8: Dorex2007 folded before Flop (didn't bet)
Seat 9: NormBabe folded before Flop (didn't bet)



PokerStars Hand #228015235010:  Hold'em No Limit ($0.01/$0.02 USD) - 2021/07/02 20:57:31 PT [2021/07/02 23:57:31 ET]
Table 'Frisia IV' 9-max Seat #3 is the button
Seat 1: pogomonstar ($2.81 in chips) 
Seat 2: schubidi ($1.01 in chips) 
Seat 3: joaomattosalves ($0.85 in chips) 
Seat 4: Ease-From-Fear ($4.44 in chips) 
Seat 5: KHODUSOV ($1 in chips) 
Seat 6: icara78 ($3.04 in chips) 
Seat 7: tridmax ($2 in chips) 
Seat 8: Dorex2007 ($2 in chips) 
Seat 9: NormBabe ($2.25 in chips) 
Ease-From-Fear: posts small blind $0.01
KHODUSOV: posts big blind $0.02
*** HOLE CARDS ***
Dealt to Dorex2007 [Ac 3d]
icara78: calls $0.02
tridmax: folds 
Dorex2007: folds 
NormBabe: folds 
pogomonstar: folds 
schubidi: folds 
joaomattosalves: calls $0.02
Ease-From-Fear: folds 
KHODUSOV: checks 
*** FLOP *** [9d Qh 7c]
KHODUSOV: bets $0.02
icara78: calls $0.02
joaomattosalves: folds 
*** TURN *** [9d Qh 7c] [5d]
KHODUSOV: checks 
icara78: checks 
*** RIVER *** [9d Qh 7c 5d] [3h]
KHODUSOV: checks 
icara78: checks 
*** SHOW DOWN ***
KHODUSOV: shows [8c 7d] (a pair of Sevens)
icara78: mucks hand 
KHODUSOV collected $0.11 from pot
*** SUMMARY ***
Total pot $0.11 | Rake $0 
Board [9d Qh 7c 5d 3h]
Seat 1: pogomonstar folded before Flop (didn't bet)
Seat 2: schubidi folded before Flop (didn't bet)
Seat 3: joaomattosalves (button) folded on the Flop
Seat 4: Ease-From-Fear (small blind) folded before Flop
Seat 5: KHODUSOV (big blind) showed [8c 7d] and won ($0.11) with a pair of Sevens
Seat 6: icara78 mucked [4h 4c]
Seat 7: tridmax folded before Flop (didn't bet)
Seat 8: Dorex2007 folded before Flop (didn't bet)
Seat 9: NormBabe folded before Flop (didn't bet)



PokerStars Hand #228015241492:  Hold'em No Limit ($0.01/$0.02 USD) - 2021/07/02 20:58:14 PT [2021/07/02 23:58:14 ET]
Table 'Frisia IV' 9-max Seat #4 is the button
Seat 1: pogomonstar ($2.81 in chips) 
Seat 2: schubidi ($1.01 in chips) 
Seat 3: joaomattosalves ($0.83 in chips) 
Seat 4: Ease-From-Fear ($4.43 in chips) 
Seat 5: KHODUSOV ($1.07 in chips) 
Seat 6: icara78 ($3 in chips) 
Seat 7: tridmax ($2 in chips) 
Seat 8: Dorex2007 ($2 in chips) 
Seat 9: NormBabe ($2.25 in chips) 
KHODUSOV: posts small blind $0.01
icara78: posts big blind $0.02
*** HOLE CARDS ***
Dealt to Dorex2007 [Jh Th]
tridmax: folds 
Dorex2007: raises $0.04 to $0.06
NormBabe: folds 
pogomonstar: folds 
schubidi: folds 
joaomattosalves: folds 
Ease-From-Fear: folds 
KHODUSOV: folds 
icara78: calls $0.04
*** FLOP *** [4s 9d 5d]
icara78: checks 
Dorex2007: checks 
*** TURN *** [4s 9d 5d] [Ks]
icara78: checks 
Dorex2007: bets $0.07
icara78: calls $0.07
*** RIVER *** [4s 9d 5d Ks] [Ad]
icara78: checks 
Dorex2007: bets $0.26
icara78: folds 
Uncalled bet ($0.26) returned to Dorex2007
Dorex2007 collected $0.26 from pot
Dorex2007: doesn't show hand 
*** SUMMARY ***
Total pot $0.27 | Rake $0.01 
Board [4s 9d 5d Ks Ad]
Seat 1: pogomonstar folded before Flop (didn't bet)
Seat 2: schubidi folded before Flop (didn't bet)
Seat 3: joaomattosalves folded before Flop (didn't bet)
Seat 4: Ease-From-Fear (button) folded before Flop (didn't bet)
Seat 5: KHODUSOV (small blind) folded before Flop
Seat 6: icara78 (big blind) folded on the River
Seat 7: tridmax folded before Flop (didn't bet)
Seat 8: Dorex2007 collected ($0.26)
Seat 9: NormBabe folded before Flop (didn't bet)



PokerStars Hand #228015247708:  Hold'em No Limit ($0.01/$0.02 USD) - 2021/07/02 20:58:56 PT [2021/07/02 23:58:56 ET]
Table 'Frisia IV' 9-max Seat #5 is the button
Seat 1: pogomonstar ($2.81 in chips) 
Seat 2: schubidi ($1.01 in chips) 
Seat 3: joaomattosalves ($0.83 in chips) 
Seat 4: Ease-From-Fear ($4.43 in chips) 
Seat 5: KHODUSOV ($1.06 in chips) 
Seat 6: icara78 ($2.87 in chips) 
Seat 7: tridmax ($2 in chips) 
Seat 8: Dorex2007 ($2.13 in chips) 
Seat 9: NormBabe ($2.25 in chips) 
icara78: posts small blind $0.01
tridmax: posts big blind $0.02
*** HOLE CARDS ***
Dealt to Dorex2007 [8c Qh]
Dorex2007: folds 
NormBabe: calls $0.02
pogomonstar: folds 
schubidi: folds 
joaomattosalves: folds 
Ease-From-Fear: folds 
KHODUSOV: raises $0.04 to $0.06
icara78: folds 
tridmax: folds 
NormBabe: calls $0.04
*** FLOP *** [Ts 6h Kc]
NormBabe: checks 
KHODUSOV: bets $0.02
NormBabe: calls $0.02
*** TURN *** [Ts 6h Kc] [As]
NormBabe: checks 
KHODUSOV: bets $0.02
NormBabe: calls $0.02
*** RIVER *** [Ts 6h Kc As] [Jh]
NormBabe: checks 
KHODUSOV: bets $0.02
NormBabe: calls $0.02
*** SHOW DOWN ***
KHODUSOV: shows [Th 9s] (a pair of Tens)
NormBabe: shows [Jc Jd] (three of a kind, Jacks)
NormBabe collected $0.26 from pot
*** SUMMARY ***
Total pot $0.27 | Rake $0.01 
Board [Ts 6h Kc As Jh]
Seat 1: pogomonstar folded before Flop (didn't bet)
Seat 2: schubidi folded before Flop (didn't bet)
Seat 3: joaomattosalves folded before Flop (didn't bet)
Seat 4: Ease-From-Fear folded before Flop (didn't bet)
Seat 5: KHODUSOV (button) showed [Th 9s] and lost with a pair of Tens
Seat 6: icara78 (small blind) folded before Flop
Seat 7: tridmax (big blind) folded before Flop
Seat 8: Dorex2007 folded before Flop (didn't bet)
Seat 9: NormBabe showed [Jc Jd] and won ($0.26) with three of a kind, Jacks



PokerStars Hand #228015255030:  Hold'em No Limit ($0.01/$0.02 USD) - 2021/07/02 20:59:45 PT [2021/07/02 23:59:45 ET]
Table 'Frisia IV' 9-max Seat #6 is the button
Seat 1: pogomonstar ($2.81 in chips) 
Seat 2: schubidi ($1.01 in chips) 
Seat 3: joaomattosalves ($0.83 in chips) 
Seat 4: Ease-From-Fear ($4.43 in chips) 
Seat 5: KHODUSOV ($0.94 in chips) 
Seat 6: icara78 ($2.86 in chips) 
Seat 7: tridmax ($2 in chips) 
Seat 8: Dorex2007 ($2.13 in chips) 
Seat 9: NormBabe ($2.39 in chips) 
tridmax: posts small blind $0.01
Dorex2007: posts big blind $0.02
*** HOLE CARDS ***
Dealt to Dorex2007 [8h 4s]
NormBabe: folds 
pogomonstar: raises $0.04 to $0.06
schubidi: folds 
joaomattosalves: calls $0.06
Ease-From-Fear: folds 
KHODUSOV: calls $0.06
icara78: folds 
tridmax: folds 
Dorex2007: folds 
*** FLOP *** [4d Qh Jd]
pogomonstar: bets $0.10
joaomattosalves: raises $0.10 to $0.20
KHODUSOV: raises $0.68 to $0.88 and is all-in
pogomonstar: folds 
joaomattosalves: calls $0.57 and is all-in
Uncalled bet ($0.11) returned to KHODUSOV
*** TURN *** [4d Qh Jd] [9h]
*** RIVER *** [4d Qh Jd 9h] [Ts]
*** SHOW DOWN ***
joaomattosalves: shows [Ks Jc] (a straight, Nine to King)
KHODUSOV: shows [9c Qs] (two pair, Queens and Nines)
joaomattosalves collected $1.79 from pot
*** SUMMARY ***
Total pot $1.85 | Rake $0.06 
Board [4d Qh Jd 9h Ts]
Seat 1: pogomonstar folded on the Flop
Seat 2: schubidi folded before Flop (didn't bet)
Seat 3: joaomattosalves showed [Ks Jc] and won ($1.79) with a straight, Nine to King
Seat 4: Ease-From-Fear folded before Flop (didn't bet)
Seat 5: KHODUSOV showed [9c Qs] and lost with two pair, Queens and Nines
Seat 6: icara78 (button) folded before Flop (didn't bet)
Seat 7: tridmax (small blind) folded before Flop
Seat 8: Dorex2007 (big blind) folded before Flop
Seat 9: NormBabe folded before Flop (didn't bet)



