PokerStars Hand #232845098462:  Hold'em No Limit ($0.01/$0.02 USD) - 2022/01/05 10:44:42 PT [2022/01/05 13:44:42 ET]
Table 'Seili III' 9-max Seat #5 is the button
Seat 1: Yaroon11 ($3.89 in chips) 
Seat 2: Dorex2007 ($2 in chips) 
Seat 3: juhilaci ($0.13 in chips) 
Seat 4: Tichon479 ($0.80 in chips) 
Seat 5: Hydroxoxo ($1.30 in chips) 
Seat 6: infiniti888 ($1.98 in chips) 
Seat 7: TERUDUM ($1.60 in chips) 
Seat 8: iglowh ($2.44 in chips) 
Seat 9: Frebbe420 ($1.96 in chips) 
infiniti888: posts small blind $0.01
TERUDUM: posts big blind $0.02
Dorex2007: posts big blind $0.02
Tichon479: posts big blind $0.02
*** HOLE CARDS ***
Dealt to Dorex2007 [6c Kd]
iglowh: calls $0.02
Frebbe420: calls $0.02
Yaroon11: folds 
Dorex2007: checks 
juhilaci: folds 
Tichon479: checks 
Hydroxoxo: folds 
infiniti888: folds 
TERUDUM: checks 
*** FLOP *** [5c 3d Ah]
TERUDUM: checks 
iglowh: checks 
Frebbe420: checks 
Dorex2007: checks 
Tichon479: checks 
*** TURN *** [5c 3d Ah] [4s]
TERUDUM: checks 
iglowh: checks 
Frebbe420: checks 
Dorex2007: checks 
Tichon479: checks 
*** RIVER *** [5c 3d Ah 4s] [5d]
TERUDUM: checks 
iglowh: checks 
Frebbe420: checks 
Dorex2007: bets $0.11
Tichon479: folds 
TERUDUM: folds 
iglowh: folds 
Frebbe420: folds 
Uncalled bet ($0.11) returned to Dorex2007
Dorex2007 collected $0.11 from pot
Dorex2007: doesn't show hand 
*** SUMMARY ***
Total pot $0.11 | Rake $0 
Board [5c 3d Ah 4s 5d]
Seat 1: Yaroon11 folded before Flop (didn't bet)
Seat 2: Dorex2007 collected ($0.11)
Seat 3: juhilaci folded before Flop (didn't bet)
Seat 4: Tichon479 folded on the River (didn't bet)
Seat 5: Hydroxoxo (button) folded before Flop (didn't bet)
Seat 6: infiniti888 (small blind) folded before Flop
Seat 7: TERUDUM (big blind) folded on the River
Seat 8: iglowh folded on the River
Seat 9: Frebbe420 folded on the River



PokerStars Hand #232845127887:  Hold'em No Limit ($0.01/$0.02 USD) - 2022/01/05 10:45:35 PT [2022/01/05 13:45:35 ET]
Table 'Seili III' 9-max Seat #6 is the button
Seat 1: Yaroon11 ($3.89 in chips) 
Seat 2: Dorex2007 ($2.09 in chips) 
Seat 3: juhilaci ($0.13 in chips) 
Seat 4: Tichon479 ($0.78 in chips) 
Seat 5: Hydroxoxo ($1.30 in chips) 
Seat 6: infiniti888 ($1.97 in chips) 
Seat 7: TERUDUM ($1.58 in chips) 
Seat 8: iglowh ($2.42 in chips) 
Seat 9: Frebbe420 ($1.94 in chips) 
TERUDUM: posts small blind $0.01
iglowh: posts big blind $0.02
*** HOLE CARDS ***
Dealt to Dorex2007 [8s 7s]
Frebbe420: calls $0.02
Yaroon11: folds 
Dorex2007: folds 
juhilaci: raises $0.11 to $0.13 and is all-in
Tichon479: folds 
Hydroxoxo: folds 
infiniti888: folds 
TERUDUM: calls $0.12
iglowh: folds 
Frebbe420: calls $0.11
*** FLOP *** [Jd 2c 8h]
TERUDUM: bets $0.20
Frebbe420: calls $0.20
*** TURN *** [Jd 2c 8h] [7h]
TERUDUM: checks 
Frebbe420: checks 
*** RIVER *** [Jd 2c 8h 7h] [Js]
TERUDUM: checks 
Frebbe420: bets $0.78
TERUDUM: folds 
Uncalled bet ($0.78) returned to Frebbe420
*** SHOW DOWN ***
Frebbe420: shows [Ad 8d] (two pair, Jacks and Eights)
Frebbe420 collected $0.38 from side pot
juhilaci: shows [Jc 7c] (a full house, Jacks full of Sevens)
juhilaci collected $0.40 from main pot
*** SUMMARY ***
Total pot $0.81 Main pot $0.40. Side pot $0.38. | Rake $0.03 
Board [Jd 2c 8h 7h Js]
Seat 1: Yaroon11 folded before Flop (didn't bet)
Seat 2: Dorex2007 folded before Flop (didn't bet)
Seat 3: juhilaci showed [Jc 7c] and won ($0.40) with a full house, Jacks full of Sevens
Seat 4: Tichon479 folded before Flop (didn't bet)
Seat 5: Hydroxoxo folded before Flop (didn't bet)
Seat 6: infiniti888 (button) folded before Flop (didn't bet)
Seat 7: TERUDUM (small blind) folded on the River
Seat 8: iglowh (big blind) folded before Flop
Seat 9: Frebbe420 showed [Ad 8d] and won ($0.38) with two pair, Jacks and Eights



PokerStars Hand #232845160754:  Hold'em No Limit ($0.01/$0.02 USD) - 2022/01/05 10:46:34 PT [2022/01/05 13:46:34 ET]
Table 'Seili III' 9-max Seat #7 is the button
Seat 1: Yaroon11 ($3.89 in chips) 
Seat 2: Dorex2007 ($2.09 in chips) 
Seat 3: juhilaci ($0.40 in chips) 
Seat 4: Tichon479 ($0.78 in chips) 
Seat 5: Hydroxoxo ($1.30 in chips) 
Seat 6: infiniti888 ($1.97 in chips) 
Seat 7: TERUDUM ($1.25 in chips) 
Seat 8: iglowh ($2.40 in chips) 
Seat 9: Frebbe420 ($1.99 in chips) 
iglowh: posts small blind $0.01
Frebbe420: posts big blind $0.02
*** HOLE CARDS ***
Dealt to Dorex2007 [4c 5h]
Yaroon11: calls $0.02
Dorex2007: folds 
juhilaci: folds 
Tichon479: folds 
Hydroxoxo: folds 
infiniti888: folds 
TERUDUM: raises $0.04 to $0.06
iglowh: folds 
Frebbe420: folds 
Yaroon11: calls $0.04
*** FLOP *** [5c 3h 9d]
Yaroon11: checks 
TERUDUM: bets $0.12
Yaroon11: calls $0.12
*** TURN *** [5c 3h 9d] [4s]
Yaroon11: checks 
TERUDUM: checks 
*** RIVER *** [5c 3h 9d 4s] [9h]
Yaroon11: bets $0.19
TERUDUM: calls $0.19
*** SHOW DOWN ***
Yaroon11: shows [2h 2s] (two pair, Nines and Deuces)
TERUDUM: shows [3s Qh] (two pair, Nines and Threes)
TERUDUM collected $0.74 from pot
*** SUMMARY ***
Total pot $0.77 | Rake $0.03 
Board [5c 3h 9d 4s 9h]
Seat 1: Yaroon11 showed [2h 2s] and lost with two pair, Nines and Deuces
Seat 2: Dorex2007 folded before Flop (didn't bet)
Seat 3: juhilaci folded before Flop (didn't bet)
Seat 4: Tichon479 folded before Flop (didn't bet)
Seat 5: Hydroxoxo folded before Flop (didn't bet)
Seat 6: infiniti888 folded before Flop (didn't bet)
Seat 7: TERUDUM (button) showed [3s Qh] and won ($0.74) with two pair, Nines and Threes
Seat 8: iglowh (small blind) folded before Flop
Seat 9: Frebbe420 (big blind) folded before Flop



PokerStars Hand #232845195534:  Hold'em No Limit ($0.01/$0.02 USD) - 2022/01/05 10:47:37 PT [2022/01/05 13:47:37 ET]
Table 'Seili III' 9-max Seat #8 is the button
Seat 1: Yaroon11 ($3.52 in chips) 
Seat 2: Dorex2007 ($2.09 in chips) 
Seat 3: juhilaci ($0.40 in chips) 
Seat 4: Tichon479 ($0.78 in chips) 
Seat 5: Hydroxoxo ($1.30 in chips) 
Seat 6: infiniti888 ($1.97 in chips) 
Seat 7: TERUDUM ($1.62 in chips) 
Seat 8: iglowh ($2.39 in chips) 
Seat 9: Frebbe420 ($1.97 in chips) 
Frebbe420: posts small blind $0.01
Yaroon11: posts big blind $0.02
*** HOLE CARDS ***
Dealt to Dorex2007 [3d 8d]
Dorex2007: folds 
juhilaci: raises $0.38 to $0.40 and is all-in
Tichon479: folds 
Hydroxoxo: folds 
infiniti888: folds 
TERUDUM: folds 
TERUDUM leaves the table
iglowh: folds 
Kudzu_Walker joins the table at seat #7 
Frebbe420: folds 
Yaroon11: folds 
Uncalled bet ($0.38) returned to juhilaci
juhilaci collected $0.05 from pot
*** SUMMARY ***
Total pot $0.05 | Rake $0 
Seat 1: Yaroon11 (big blind) folded before Flop
Seat 2: Dorex2007 folded before Flop (didn't bet)
Seat 3: juhilaci collected ($0.05)
Seat 4: Tichon479 folded before Flop (didn't bet)
Seat 5: Hydroxoxo folded before Flop (didn't bet)
Seat 6: infiniti888 folded before Flop (didn't bet)
Seat 7: TERUDUM folded before Flop (didn't bet)
Seat 8: iglowh (button) folded before Flop (didn't bet)
Seat 9: Frebbe420 (small blind) folded before Flop



PokerStars Hand #232845212073:  Hold'em No Limit ($0.01/$0.02 USD) - 2022/01/05 10:48:06 PT [2022/01/05 13:48:06 ET]
Table 'Seili III' 9-max Seat #9 is the button
Seat 1: Yaroon11 ($3.50 in chips) 
Seat 2: Dorex2007 ($2.09 in chips) 
Seat 3: juhilaci ($0.43 in chips) 
Seat 4: Tichon479 ($0.78 in chips) 
Seat 5: Hydroxoxo ($1.30 in chips) 
Seat 6: infiniti888 ($1.97 in chips) 
Seat 8: iglowh ($2.39 in chips) 
Seat 9: Frebbe420 ($1.96 in chips) 
Yaroon11: posts small blind $0.01
Dorex2007: posts big blind $0.02
Kudzu_Walker: sits out 
*** HOLE CARDS ***
Dealt to Dorex2007 [As 8s]
juhilaci: folds 
Tichon479: folds 
Hydroxoxo: folds 
infiniti888: folds 
iglowh: calls $0.02
Frebbe420: calls $0.02
Yaroon11: calls $0.01
Dorex2007: checks 
*** FLOP *** [Tc Jh 8d]
Yaroon11: checks 
Dorex2007: checks 
iglowh: checks 
Frebbe420: checks 
*** TURN *** [Tc Jh 8d] [2d]
Yaroon11: checks 
Dorex2007: bets $0.05
iglowh: folds 
Frebbe420: calls $0.05
Yaroon11: folds 
*** RIVER *** [Tc Jh 8d 2d] [Kd]
Dorex2007: checks 
Frebbe420: bets $0.06
Dorex2007: folds 
Uncalled bet ($0.06) returned to Frebbe420
Frebbe420 collected $0.17 from pot
*** SUMMARY ***
Total pot $0.18 | Rake $0.01 
Board [Tc Jh 8d 2d Kd]
Seat 1: Yaroon11 (small blind) folded on the Turn
Seat 2: Dorex2007 (big blind) folded on the River
Seat 3: juhilaci folded before Flop (didn't bet)
Seat 4: Tichon479 folded before Flop (didn't bet)
Seat 5: Hydroxoxo folded before Flop (didn't bet)
Seat 6: infiniti888 folded before Flop (didn't bet)
Seat 8: iglowh folded on the Turn
Seat 9: Frebbe420 (button) collected ($0.17)



PokerStars Hand #232845251279:  Hold'em No Limit ($0.01/$0.02 USD) - 2022/01/05 10:49:16 PT [2022/01/05 13:49:16 ET]
Table 'Seili III' 9-max Seat #1 is the button
Seat 1: Yaroon11 ($3.48 in chips) 
Seat 2: Dorex2007 ($2.02 in chips) 
Seat 3: juhilaci ($0.43 in chips) 
Seat 4: Tichon479 ($0.78 in chips) 
Seat 5: Hydroxoxo ($1.30 in chips) 
Seat 6: infiniti888 ($1.97 in chips) 
Seat 8: iglowh ($2.37 in chips) 
Seat 9: Frebbe420 ($2.06 in chips) 
Dorex2007: posts small blind $0.01
juhilaci: posts big blind $0.02
Kudzu_Walker: sits out 
*** HOLE CARDS ***
Dealt to Dorex2007 [3d 2h]
Tichon479: folds 
Hydroxoxo: folds 
infiniti888: calls $0.02
iglowh: folds 
Frebbe420: folds 
Yaroon11: raises $0.02 to $0.04
Dorex2007: folds 
juhilaci: folds 
infiniti888: calls $0.02
*** FLOP *** [Th 3c Kh]
infiniti888: checks 
Yaroon11: bets $0.06
infiniti888: calls $0.06
*** TURN *** [Th 3c Kh] [4c]
infiniti888: checks 
Yaroon11: bets $0.11
infiniti888: folds 
Uncalled bet ($0.11) returned to Yaroon11
Yaroon11 collected $0.22 from pot
Yaroon11: doesn't show hand 
*** SUMMARY ***
Total pot $0.23 | Rake $0.01 
Board [Th 3c Kh 4c]
Seat 1: Yaroon11 (button) collected ($0.22)
Seat 2: Dorex2007 (small blind) folded before Flop
Seat 3: juhilaci (big blind) folded before Flop
Seat 4: Tichon479 folded before Flop (didn't bet)
Seat 5: Hydroxoxo folded before Flop (didn't bet)
Seat 6: infiniti888 folded on the Turn
Seat 8: iglowh folded before Flop (didn't bet)
Seat 9: Frebbe420 folded before Flop (didn't bet)



PokerStars Hand #232845286253:  Hold'em No Limit ($0.01/$0.02 USD) - 2022/01/05 10:50:19 PT [2022/01/05 13:50:19 ET]
Table 'Seili III' 9-max Seat #2 is the button
Seat 1: Yaroon11 ($3.60 in chips) 
Seat 2: Dorex2007 ($2.01 in chips) 
Seat 3: juhilaci ($0.41 in chips) 
Seat 4: Tichon479 ($0.78 in chips) 
Seat 5: Hydroxoxo ($1.30 in chips) 
Seat 6: infiniti888 ($1.87 in chips) 
Seat 8: iglowh ($2.37 in chips) 
Seat 9: Frebbe420 ($2.06 in chips) 
juhilaci: posts small blind $0.01
Tichon479: posts big blind $0.02
Kudzu_Walker: sits out 
*** HOLE CARDS ***
Dealt to Dorex2007 [Kh Qd]
Hydroxoxo: raises $0.04 to $0.06
infiniti888: folds 
iglowh: folds 
Frebbe420: calls $0.06
Yaroon11: folds 
Dorex2007: folds 
juhilaci: calls $0.05
Tichon479: folds 
*** FLOP *** [Ks Qc Js]
juhilaci: bets $0.35 and is all-in
Hydroxoxo: calls $0.35
Frebbe420: folds 
*** TURN *** [Ks Qc Js] [5c]
*** RIVER *** [Ks Qc Js 5c] [4c]
*** SHOW DOWN ***
juhilaci: shows [Ts Kd] (a pair of Kings)
Hydroxoxo: shows [Kc Ah] (a pair of Kings - Ace kicker)
Hydroxoxo collected $0.87 from pot
*** SUMMARY ***
Total pot $0.90 | Rake $0.03 
Board [Ks Qc Js 5c 4c]
Seat 1: Yaroon11 folded before Flop (didn't bet)
Seat 2: Dorex2007 (button) folded before Flop (didn't bet)
Seat 3: juhilaci (small blind) showed [Ts Kd] and lost with a pair of Kings
Seat 4: Tichon479 (big blind) folded before Flop
Seat 5: Hydroxoxo showed [Kc Ah] and won ($0.87) with a pair of Kings
Seat 6: infiniti888 folded before Flop (didn't bet)
Seat 8: iglowh folded before Flop (didn't bet)
Seat 9: Frebbe420 folded on the Flop



PokerStars Hand #232845315742:  Hold'em No Limit ($0.01/$0.02 USD) - 2022/01/05 10:51:12 PT [2022/01/05 13:51:12 ET]
Table 'Seili III' 9-max Seat #4 is the button
Seat 1: Yaroon11 ($3.60 in chips) 
Seat 2: Dorex2007 ($2.01 in chips) 
Seat 4: Tichon479 ($0.76 in chips) 
Seat 5: Hydroxoxo ($1.76 in chips) 
Seat 6: infiniti888 ($2 in chips) 
Seat 8: iglowh ($2.37 in chips) 
Seat 9: Frebbe420 ($2 in chips) 
Hydroxoxo: posts small blind $0.01
infiniti888: posts big blind $0.02
Kudzu_Walker: sits out 
*** HOLE CARDS ***
Dealt to Dorex2007 [2h 5c]
iglowh: calls $0.02
Frebbe420: calls $0.02
juhilaci leaves the table
Yaroon11: calls $0.02
Dorex2007: folds 
Spawn.n9 joins the table at seat #3 
Tichon479: folds 
Hydroxoxo: folds 
infiniti888: checks 
*** FLOP *** [8s 4s 5d]
infiniti888: checks 
iglowh: checks 
Frebbe420: bets $0.02
Yaroon11: raises $0.04 to $0.06
infiniti888: folds 
iglowh: folds 
Frebbe420: calls $0.04
*** TURN *** [8s 4s 5d] [2s]
Frebbe420: checks 
Yaroon11: bets $0.10
Frebbe420: folds 
Uncalled bet ($0.10) returned to Yaroon11
Yaroon11 collected $0.20 from pot
Yaroon11: doesn't show hand 
*** SUMMARY ***
Total pot $0.21 | Rake $0.01 
Board [8s 4s 5d 2s]
Seat 1: Yaroon11 collected ($0.20)
Seat 2: Dorex2007 folded before Flop (didn't bet)
Seat 4: Tichon479 (button) folded before Flop (didn't bet)
Seat 5: Hydroxoxo (small blind) folded before Flop
Seat 6: infiniti888 (big blind) folded on the Flop
Seat 8: iglowh folded on the Flop
Seat 9: Frebbe420 folded on the Turn



PokerStars Hand #232845342582:  Hold'em No Limit ($0.01/$0.02 USD) - 2022/01/05 10:52:00 PT [2022/01/05 13:52:00 ET]
Table 'Seili III' 9-max Seat #5 is the button
Seat 1: Yaroon11 ($3.72 in chips) 
Seat 2: Dorex2007 ($2.01 in chips) 
Seat 4: Tichon479 ($0.76 in chips) 
Seat 5: Hydroxoxo ($1.75 in chips) 
Seat 6: infiniti888 ($1.98 in chips) 
Seat 7: Kudzu_Walker ($2 in chips) 
Seat 8: iglowh ($2.35 in chips) 
Seat 9: Frebbe420 ($1.92 in chips) 
infiniti888: posts small blind $0.01
Kudzu_Walker: posts big blind $0.02
Spawn.n9: sits out 
*** HOLE CARDS ***
Dealt to Dorex2007 [9s Td]
iglowh: folds 
Frebbe420: folds 
Yaroon11: raises $0.02 to $0.04
Dorex2007: folds 
Tichon479: folds 
Hydroxoxo: folds 
infiniti888: folds 
Kudzu_Walker: calls $0.02
*** FLOP *** [Ah 3s 9h]
Kudzu_Walker: checks 
Yaroon11: checks 
*** TURN *** [Ah 3s 9h] [Qc]
Kudzu_Walker: checks 
Yaroon11: bets $0.05
Kudzu_Walker: folds 
Uncalled bet ($0.05) returned to Yaroon11
Yaroon11 collected $0.09 from pot
Yaroon11: doesn't show hand 
*** SUMMARY ***
Total pot $0.09 | Rake $0 
Board [Ah 3s 9h Qc]
Seat 1: Yaroon11 collected ($0.09)
Seat 2: Dorex2007 folded before Flop (didn't bet)
Seat 4: Tichon479 folded before Flop (didn't bet)
Seat 5: Hydroxoxo (button) folded before Flop (didn't bet)
Seat 6: infiniti888 (small blind) folded before Flop
Seat 7: Kudzu_Walker (big blind) folded on the Turn
Seat 8: iglowh folded before Flop (didn't bet)
Seat 9: Frebbe420 folded before Flop (didn't bet)



PokerStars Hand #232845367925:  Hold'em No Limit ($0.01/$0.02 USD) - 2022/01/05 10:52:46 PT [2022/01/05 13:52:46 ET]
Table 'Seili III' 9-max Seat #6 is the button
Seat 1: Yaroon11 ($3.77 in chips) 
Seat 2: Dorex2007 ($2.01 in chips) 
Seat 4: Tichon479 ($0.76 in chips) 
Seat 5: Hydroxoxo ($1.75 in chips) 
Seat 6: infiniti888 ($1.97 in chips) 
Seat 7: Kudzu_Walker ($2 in chips) 
Seat 8: iglowh ($2.35 in chips) 
Seat 9: Frebbe420 ($1.92 in chips) 
Kudzu_Walker: posts small blind $0.01
iglowh: posts big blind $0.02
Spawn.n9: sits out 
*** HOLE CARDS ***
Dealt to Dorex2007 [5c 2d]
Frebbe420: folds 
Yaroon11: calls $0.02
Dorex2007: folds 
Tichon479: folds 
Hydroxoxo: calls $0.02
infiniti888: raises $0.16 to $0.18
Kudzu_Walker: folds 
iglowh: folds 
Yaroon11: folds 
Hydroxoxo: folds 
Uncalled bet ($0.16) returned to infiniti888
infiniti888 collected $0.09 from pot
*** SUMMARY ***
Total pot $0.09 | Rake $0 
Seat 1: Yaroon11 folded before Flop
Seat 2: Dorex2007 folded before Flop (didn't bet)
Seat 4: Tichon479 folded before Flop (didn't bet)
Seat 5: Hydroxoxo folded before Flop
Seat 6: infiniti888 (button) collected ($0.09)
Seat 7: Kudzu_Walker (small blind) folded before Flop
Seat 8: iglowh (big blind) folded before Flop
Seat 9: Frebbe420 folded before Flop (didn't bet)



PokerStars Hand #232845389121:  Hold'em No Limit ($0.01/$0.02 USD) - 2022/01/05 10:53:24 PT [2022/01/05 13:53:24 ET]
Table 'Seili III' 9-max Seat #7 is the button
Seat 1: Yaroon11 ($3.75 in chips) 
Seat 2: Dorex2007 ($2.01 in chips) 
Seat 4: Tichon479 ($0.76 in chips) 
Seat 5: Hydroxoxo ($1.73 in chips) 
Seat 6: infiniti888 ($2.04 in chips) 
Seat 7: Kudzu_Walker ($2 in chips) 
Seat 8: iglowh ($2.33 in chips) 
Seat 9: Frebbe420 ($1.92 in chips) 
iglowh: posts small blind $0.01
Frebbe420: posts big blind $0.02
Spawn.n9: sits out 
*** HOLE CARDS ***
Dealt to Dorex2007 [Kh 3h]
Yaroon11: folds 
Dorex2007: folds 
Tichon479: folds 
Hydroxoxo: folds 
infiniti888: folds 
Kudzu_Walker: raises $0.04 to $0.06
iglowh: folds 
Frebbe420: calls $0.04
*** FLOP *** [8s 7c Ah]
Frebbe420: checks 
Kudzu_Walker: bets $0.06
Frebbe420: folds 
Uncalled bet ($0.06) returned to Kudzu_Walker
Kudzu_Walker collected $0.13 from pot
Kudzu_Walker: doesn't show hand 
*** SUMMARY ***
Total pot $0.13 | Rake $0 
Board [8s 7c Ah]
Seat 1: Yaroon11 folded before Flop (didn't bet)
Seat 2: Dorex2007 folded before Flop (didn't bet)
Seat 4: Tichon479 folded before Flop (didn't bet)
Seat 5: Hydroxoxo folded before Flop (didn't bet)
Seat 6: infiniti888 folded before Flop (didn't bet)
Seat 7: Kudzu_Walker (button) collected ($0.13)
Seat 8: iglowh (small blind) folded before Flop
Seat 9: Frebbe420 (big blind) folded on the Flop



PokerStars Hand #232845413588:  Hold'em No Limit ($0.01/$0.02 USD) - 2022/01/05 10:53:53 PT [2022/01/05 13:53:53 ET]
Table 'Seili III' 9-max Seat #8 is the button
Seat 1: Yaroon11 ($3.75 in chips) 
Seat 2: Dorex2007 ($2.01 in chips) 
Seat 4: Tichon479 ($0.76 in chips) 
Seat 5: Hydroxoxo ($1.73 in chips) 
Seat 6: infiniti888 ($2.04 in chips) 
Seat 7: Kudzu_Walker ($2.07 in chips) 
Seat 8: iglowh ($2.32 in chips) 
Seat 9: Frebbe420 ($1.86 in chips) 
Frebbe420: posts small blind $0.01
Yaroon11: posts big blind $0.02
Spawn.n9: sits out 
*** HOLE CARDS ***
Dealt to Dorex2007 [Ac 6d]
Dorex2007: folds 
Tichon479: folds 
Hydroxoxo: folds 
infiniti888: folds 
Kudzu_Walker: folds 
iglowh: folds 
Frebbe420 has timed out
Frebbe420: folds 
Uncalled bet ($0.01) returned to Yaroon11
Yaroon11 collected $0.02 from pot
Yaroon11: doesn't show hand 
*** SUMMARY ***
Total pot $0.02 | Rake $0 
Seat 1: Yaroon11 (big blind) collected ($0.02)
Seat 2: Dorex2007 folded before Flop (didn't bet)
Seat 4: Tichon479 folded before Flop (didn't bet)
Seat 5: Hydroxoxo folded before Flop (didn't bet)
Seat 6: infiniti888 folded before Flop (didn't bet)
Seat 7: Kudzu_Walker folded before Flop (didn't bet)
Seat 8: iglowh (button) folded before Flop (didn't bet)
Seat 9: Frebbe420 (small blind) folded before Flop



PokerStars Hand #232845436828:  Hold'em No Limit ($0.01/$0.02 USD) - 2022/01/05 10:54:35 PT [2022/01/05 13:54:35 ET]
Table 'Seili III' 9-max Seat #1 is the button
Seat 1: Yaroon11 ($3.76 in chips) 
Seat 2: Dorex2007 ($2.01 in chips) 
Seat 3: Spawn.n9 ($2 in chips) 
Seat 4: Tichon479 ($0.76 in chips) 
Seat 5: Hydroxoxo ($1.73 in chips) 
Seat 6: infiniti888 ($2.04 in chips) 
Seat 7: Kudzu_Walker ($2.07 in chips) 
Seat 8: iglowh ($2.32 in chips) 
Dorex2007: posts small blind $0.01
Spawn.n9: posts big blind $0.02
*** HOLE CARDS ***
Dealt to Dorex2007 [Jh 2h]
Tichon479: folds 
Hydroxoxo: folds 
infiniti888: folds 
Kudzu_Walker: folds 
iglowh: folds 
Yaroon11: folds 
Dorex2007: folds 
Uncalled bet ($0.01) returned to Spawn.n9
Spawn.n9 collected $0.02 from pot
Spawn.n9: doesn't show hand 
*** SUMMARY ***
Total pot $0.02 | Rake $0 
Seat 1: Yaroon11 (button) folded before Flop (didn't bet)
Seat 2: Dorex2007 (small blind) folded before Flop
Seat 3: Spawn.n9 (big blind) collected ($0.02)
Seat 4: Tichon479 folded before Flop (didn't bet)
Seat 5: Hydroxoxo folded before Flop (didn't bet)
Seat 6: infiniti888 folded before Flop (didn't bet)
Seat 7: Kudzu_Walker folded before Flop (didn't bet)
Seat 8: iglowh folded before Flop (didn't bet)



PokerStars Hand #232845447437:  Hold'em No Limit ($0.01/$0.02 USD) - 2022/01/05 10:54:54 PT [2022/01/05 13:54:54 ET]
Table 'Seili III' 9-max Seat #2 is the button
Seat 1: Yaroon11 ($3.76 in chips) 
Seat 2: Dorex2007 ($2 in chips) 
Seat 3: Spawn.n9 ($2.01 in chips) 
Seat 4: Tichon479 ($0.76 in chips) 
Seat 5: Hydroxoxo ($1.73 in chips) 
Seat 6: infiniti888 ($2.04 in chips) 
Seat 7: Kudzu_Walker ($2.07 in chips) 
Seat 8: iglowh ($2.32 in chips) 
Spawn.n9: posts small blind $0.01
Tichon479: posts big blind $0.02
*** HOLE CARDS ***
Dealt to Dorex2007 [9d Th]
Hydroxoxo: folds 
infiniti888: folds 
Kudzu_Walker: folds 
iglowh: folds 
Hydroxoxo leaves the table
Yaroon11: folds 
Dorex2007: folds 
Spawn.n9: raises $0.04 to $0.06
Tichon479: calls $0.04
*** FLOP *** [6c 5c 6d]
Rumagistr joins the table at seat #5 
Spawn.n9: checks 
Tichon479: bets $0.06
Spawn.n9: calls $0.06
*** TURN *** [6c 5c 6d] [5s]
Spawn.n9: checks 
Tichon479: bets $0.12
Spawn.n9: calls $0.12
*** RIVER *** [6c 5c 6d 5s] [Js]
Spawn.n9: checks 
Tichon479: bets $0.23
Spawn.n9: folds 
Uncalled bet ($0.23) returned to Tichon479
Tichon479 collected $0.46 from pot
Tichon479: doesn't show hand 
*** SUMMARY ***
Total pot $0.48 | Rake $0.02 
Board [6c 5c 6d 5s Js]
Seat 1: Yaroon11 folded before Flop (didn't bet)
Seat 2: Dorex2007 (button) folded before Flop (didn't bet)
Seat 3: Spawn.n9 (small blind) folded on the River
Seat 4: Tichon479 (big blind) collected ($0.46)
Seat 5: Hydroxoxo folded before Flop (didn't bet)
Seat 6: infiniti888 folded before Flop (didn't bet)
Seat 7: Kudzu_Walker folded before Flop (didn't bet)
Seat 8: iglowh folded before Flop (didn't bet)



PokerStars Hand #232845469084:  Hold'em No Limit ($0.01/$0.02 USD) - 2022/01/05 10:55:28 PT [2022/01/05 13:55:28 ET]
Table 'Seili III' 9-max Seat #3 is the button
Seat 1: Yaroon11 ($3.76 in chips) 
Seat 2: Dorex2007 ($2 in chips) 
Seat 3: Spawn.n9 ($2 in chips) 
Seat 4: Tichon479 ($0.98 in chips) 
Seat 5: Rumagistr ($2 in chips) 
Seat 6: infiniti888 ($2.04 in chips) 
Seat 7: Kudzu_Walker ($2.07 in chips) 
Seat 8: iglowh ($2.32 in chips) 
Tichon479: posts small blind $0.01
Rumagistr: posts big blind $0.02
*** HOLE CARDS ***
Dealt to Dorex2007 [Th 9c]
infiniti888 has timed out
infiniti888: folds 
Kudzu_Walker: folds 
iglowh: calls $0.02
Yaroon11: folds 
Dorex2007: folds 
Spawn.n9: folds 
Tichon479: folds 
Rumagistr: checks 
*** FLOP *** [6s Jc 8h]
Rumagistr: checks 
iglowh: checks 
*** TURN *** [6s Jc 8h] [7c]
Rumagistr: checks 
iglowh: checks 
*** RIVER *** [6s Jc 8h 7c] [Ad]
Rumagistr: checks 
iglowh: checks 
*** SHOW DOWN ***
Rumagistr: shows [4h 2s] (high card Ace)
iglowh: shows [9d Qc] (high card Ace - Queen kicker)
iglowh collected $0.05 from pot
*** SUMMARY ***
Total pot $0.05 | Rake $0 
Board [6s Jc 8h 7c Ad]
Seat 1: Yaroon11 folded before Flop (didn't bet)
Seat 2: Dorex2007 folded before Flop (didn't bet)
Seat 3: Spawn.n9 (button) folded before Flop (didn't bet)
Seat 4: Tichon479 (small blind) folded before Flop
Seat 5: Rumagistr (big blind) showed [4h 2s] and lost with high card Ace
Seat 6: infiniti888 folded before Flop (didn't bet)
Seat 7: Kudzu_Walker folded before Flop (didn't bet)
Seat 8: iglowh showed [9d Qc] and won ($0.05) with high card Ace



PokerStars Hand #232845481849:  Hold'em No Limit ($0.01/$0.02 USD) - 2022/01/05 10:56:00 PT [2022/01/05 13:56:00 ET]
Table 'Seili III' 9-max Seat #4 is the button
Seat 1: Yaroon11 ($3.76 in chips) 
Seat 2: Dorex2007 ($2 in chips) 
Seat 3: Spawn.n9 ($2 in chips) 
Seat 4: Tichon479 ($0.97 in chips) 
Seat 5: Rumagistr ($1.98 in chips) 
Seat 7: Kudzu_Walker ($2.07 in chips) 
Seat 8: iglowh ($2.35 in chips) 
Seat 9: Frebbe420 ($1.85 in chips) 
Rumagistr: posts small blind $0.01
Kudzu_Walker: posts big blind $0.02
*** HOLE CARDS ***
Dealt to Dorex2007 [4h 7h]
iglowh: calls $0.02
Frebbe420: calls $0.02
Yaroon11: raises $0.02 to $0.04
Dorex2007: folds 
Spawn.n9: folds 
Tichon479: calls $0.04
Rumagistr: folds 
Kudzu_Walker: raises $0.10 to $0.14
iglowh: folds 
Frebbe420: folds 
Yaroon11: calls $0.10
Tichon479: folds 
*** FLOP *** [6d 3d 2c]
Kudzu_Walker: checks 
Yaroon11: checks 
*** TURN *** [6d 3d 2c] [2h]
Kudzu_Walker: bets $0.20
Yaroon11: calls $0.20
*** RIVER *** [6d 3d 2c 2h] [Ac]
Kudzu_Walker: bets $0.26
Yaroon11: folds 
Uncalled bet ($0.26) returned to Kudzu_Walker
Kudzu_Walker collected $0.74 from pot
Kudzu_Walker: doesn't show hand 
*** SUMMARY ***
Total pot $0.77 | Rake $0.03 
Board [6d 3d 2c 2h Ac]
Seat 1: Yaroon11 folded on the River
Seat 2: Dorex2007 folded before Flop (didn't bet)
Seat 3: Spawn.n9 folded before Flop (didn't bet)
Seat 4: Tichon479 (button) folded before Flop
Seat 5: Rumagistr (small blind) folded before Flop
Seat 7: Kudzu_Walker (big blind) collected ($0.74)
Seat 8: iglowh folded before Flop
Seat 9: Frebbe420 folded before Flop



PokerStars Hand #232845513328:  Hold'em No Limit ($0.01/$0.02 USD) - 2022/01/05 10:57:20 PT [2022/01/05 13:57:20 ET]
Table 'Seili III' 9-max Seat #5 is the button
Seat 1: Yaroon11 ($3.42 in chips) 
Seat 2: Dorex2007 ($2 in chips) 
Seat 4: Tichon479 ($0.93 in chips) 
Seat 5: Rumagistr ($1.97 in chips) 
Seat 7: Kudzu_Walker ($2.47 in chips) 
Seat 8: iglowh ($2.33 in chips) 
Seat 9: Frebbe420 ($1.83 in chips) 
Kudzu_Walker: posts small blind $0.01
iglowh: posts big blind $0.02
*** HOLE CARDS ***
Dealt to Dorex2007 [8h Qd]
Frebbe420: folds 
Yaroon11: calls $0.02
Dorex2007: folds 
Tichon479: folds 
Rumagistr: folds 
Kudzu_Walker: folds 
iglowh: checks 
*** FLOP *** [3h Th Ah]
iglowh: bets $0.02
Yaroon11: raises $0.05 to $0.07
iglowh: calls $0.05
*** TURN *** [3h Th Ah] [9d]
iglowh: checks 
Yaroon11: bets $0.09
iglowh: calls $0.09
*** RIVER *** [3h Th Ah 9d] [8d]
iglowh: checks 
Yaroon11: bets $0.42
iglowh: folds 
Uncalled bet ($0.42) returned to Yaroon11
Yaroon11 collected $0.36 from pot
Yaroon11: doesn't show hand 
*** SUMMARY ***
Total pot $0.37 | Rake $0.01 
Board [3h Th Ah 9d 8d]
Seat 1: Yaroon11 collected ($0.36)
Seat 2: Dorex2007 folded before Flop (didn't bet)
Seat 4: Tichon479 folded before Flop (didn't bet)
Seat 5: Rumagistr (button) folded before Flop (didn't bet)
Seat 7: Kudzu_Walker (small blind) folded before Flop
Seat 8: iglowh (big blind) folded on the River
Seat 9: Frebbe420 folded before Flop (didn't bet)



PokerStars Hand #232845539829:  Hold'em No Limit ($0.01/$0.02 USD) - 2022/01/05 10:58:27 PT [2022/01/05 13:58:27 ET]
Table 'Seili III' 9-max Seat #7 is the button
Seat 1: Yaroon11 ($3.60 in chips) 
Seat 2: Dorex2007 ($2 in chips) 
Seat 4: Tichon479 ($0.93 in chips) 
Seat 5: Rumagistr ($1.97 in chips) 
Seat 7: Kudzu_Walker ($2.46 in chips) 
Seat 8: iglowh ($2.15 in chips) 
Seat 9: Frebbe420 ($1.83 in chips) 
iglowh: posts small blind $0.01
Frebbe420: posts big blind $0.02
infiniti888: sits out 
*** HOLE CARDS ***
Dealt to Dorex2007 [7h 9c]
Yaroon11: folds 
Dorex2007: folds 
Tichon479: raises $0.02 to $0.04
Rumagistr: folds 
Kudzu_Walker has timed out
Kudzu_Walker: folds 
iglowh: folds 
Frebbe420: calls $0.02
*** FLOP *** [Qh 8s 4s]
Frebbe420: checks 
Tichon479: bets $0.05
Frebbe420: calls $0.05
*** TURN *** [Qh 8s 4s] [Th]
Frebbe420: checks 
Tichon479: bets $0.09
Frebbe420: folds 
Uncalled bet ($0.09) returned to Tichon479
Tichon479 collected $0.18 from pot
Tichon479: doesn't show hand 
*** SUMMARY ***
Total pot $0.19 | Rake $0.01 
Board [Qh 8s 4s Th]
Seat 1: Yaroon11 folded before Flop (didn't bet)
Seat 2: Dorex2007 folded before Flop (didn't bet)
Seat 4: Tichon479 collected ($0.18)
Seat 5: Rumagistr folded before Flop (didn't bet)
Seat 7: Kudzu_Walker (button) folded before Flop (didn't bet)
Seat 8: iglowh (small blind) folded before Flop
Seat 9: Frebbe420 (big blind) folded on the Turn



PokerStars Hand #232845559057:  Hold'em No Limit ($0.01/$0.02 USD) - 2022/01/05 10:59:15 PT [2022/01/05 13:59:15 ET]
Table 'Seili III' 9-max Seat #8 is the button
Seat 1: Yaroon11 ($3.60 in chips) 
Seat 2: Dorex2007 ($2 in chips) 
Seat 4: Tichon479 ($1.02 in chips) 
Seat 5: Rumagistr ($1.97 in chips) 
Seat 7: Kudzu_Walker ($2.46 in chips) 
Seat 8: iglowh ($2.14 in chips) 
Seat 9: Frebbe420 ($1.74 in chips) 
Frebbe420: posts small blind $0.01
Yaroon11: posts big blind $0.02
infiniti888: sits out 
*** HOLE CARDS ***
Dealt to Dorex2007 [8h 4h]
Dorex2007: folds 
Tichon479: raises $0.02 to $0.04
Rumagistr: folds 
Kudzu_Walker: folds 
iglowh: calls $0.04
Frebbe420: folds 
Yaroon11: calls $0.02
*** FLOP *** [Qs 4d Th]
Yaroon11: checks 
Tichon479: checks 
iglowh: checks 
*** TURN *** [Qs 4d Th] [6h]
Yaroon11: bets $0.07
Tichon479: calls $0.07
iglowh: folds 
*** RIVER *** [Qs 4d Th 6h] [Ks]
Yaroon11: checks 
Tichon479: bets $0.13
Yaroon11: folds 
Uncalled bet ($0.13) returned to Tichon479
Tichon479 collected $0.26 from pot
Tichon479: doesn't show hand 
*** SUMMARY ***
Total pot $0.27 | Rake $0.01 
Board [Qs 4d Th 6h Ks]
Seat 1: Yaroon11 (big blind) folded on the River
Seat 2: Dorex2007 folded before Flop (didn't bet)
Seat 4: Tichon479 collected ($0.26)
Seat 5: Rumagistr folded before Flop (didn't bet)
Seat 7: Kudzu_Walker folded before Flop (didn't bet)
Seat 8: iglowh (button) folded on the Turn
Seat 9: Frebbe420 (small blind) folded before Flop



PokerStars Hand #232845574494:  Hold'em No Limit ($0.01/$0.02 USD) - 2022/01/05 10:59:54 PT [2022/01/05 13:59:54 ET]
Table 'Seili III' 9-max Seat #9 is the button
Seat 1: Yaroon11 ($3.49 in chips) 
Seat 2: Dorex2007 ($2 in chips) 
Seat 4: Tichon479 ($1.17 in chips) 
Seat 5: Rumagistr ($1.97 in chips) 
Seat 7: Kudzu_Walker ($2.46 in chips) 
Seat 8: iglowh ($2.10 in chips) 
Seat 9: Frebbe420 ($1.73 in chips) 
Yaroon11: posts small blind $0.01
Dorex2007: posts big blind $0.02
infiniti888: sits out 
*** HOLE CARDS ***
Dealt to Dorex2007 [Jc 3s]
Tichon479: folds 
Rumagistr: folds 
Kudzu_Walker: folds 
iglowh: folds 
Frebbe420: folds 
Yaroon11: folds 
Uncalled bet ($0.01) returned to Dorex2007
Dorex2007 collected $0.02 from pot
Dorex2007: doesn't show hand 
*** SUMMARY ***
Total pot $0.02 | Rake $0 
Seat 1: Yaroon11 (small blind) folded before Flop
Seat 2: Dorex2007 (big blind) collected ($0.02)
Seat 4: Tichon479 folded before Flop (didn't bet)
Seat 5: Rumagistr folded before Flop (didn't bet)
Seat 7: Kudzu_Walker folded before Flop (didn't bet)
Seat 8: iglowh folded before Flop (didn't bet)
Seat 9: Frebbe420 (button) folded before Flop (didn't bet)



PokerStars Hand #232845578865:  Hold'em No Limit ($0.01/$0.02 USD) - 2022/01/05 11:00:05 PT [2022/01/05 14:00:05 ET]
Table 'Seili III' 9-max Seat #1 is the button
Seat 1: Yaroon11 ($3.48 in chips) 
Seat 2: Dorex2007 ($2.01 in chips) 
Seat 4: Tichon479 ($1.17 in chips) 
Seat 5: Rumagistr ($1.97 in chips) 
Seat 7: Kudzu_Walker ($2.46 in chips) 
Seat 8: iglowh ($2.10 in chips) 
Seat 9: Frebbe420 ($1.73 in chips) 
Dorex2007: posts small blind $0.01
Tichon479: posts big blind $0.02
infiniti888: sits out 
*** HOLE CARDS ***
Dealt to Dorex2007 [Td Jc]
Rumagistr: folds 
Kudzu_Walker: folds 
iglowh: calls $0.02
Frebbe420: calls $0.02
Yaroon11: folds 
Dorex2007: calls $0.01
Tichon479: checks 
*** FLOP *** [5d 8s 6c]
Dorex2007: checks 
Tichon479: checks 
iglowh: checks 
Frebbe420: checks 
*** TURN *** [5d 8s 6c] [Kc]
Dorex2007: checks 
Tichon479: checks 
iglowh: checks 
Frebbe420: checks 
*** RIVER *** [5d 8s 6c Kc] [5c]
Dorex2007: checks 
Tichon479: checks 
iglowh: checks 
Frebbe420: checks 
*** SHOW DOWN ***
Dorex2007: shows [Td Jc] (a pair of Fives)
Tichon479: shows [9h Ah] (a pair of Fives - Ace kicker)
iglowh: mucks hand 
Frebbe420: mucks hand 
Tichon479 collected $0.08 from pot
*** SUMMARY ***
Total pot $0.08 | Rake $0 
Board [5d 8s 6c Kc 5c]
Seat 1: Yaroon11 (button) folded before Flop (didn't bet)
Seat 2: Dorex2007 (small blind) showed [Td Jc] and lost with a pair of Fives
Seat 4: Tichon479 (big blind) showed [9h Ah] and won ($0.08) with a pair of Fives
Seat 5: Rumagistr folded before Flop (didn't bet)
Seat 7: Kudzu_Walker folded before Flop (didn't bet)
Seat 8: iglowh mucked [Qc 9s]
Seat 9: Frebbe420 mucked [9d Qs]



PokerStars Hand #232845602673:  Hold'em No Limit ($0.01/$0.02 USD) - 2022/01/05 11:00:47 PT [2022/01/05 14:00:47 ET]
Table 'Seili III' 9-max Seat #2 is the button
Seat 1: Yaroon11 ($3.48 in chips) 
Seat 2: Dorex2007 ($2 in chips) 
Seat 4: Tichon479 ($1.23 in chips) 
Seat 5: Rumagistr ($1.97 in chips) 
Seat 7: Kudzu_Walker ($2.46 in chips) 
Seat 8: iglowh ($2.08 in chips) 
Seat 9: Frebbe420 ($1.71 in chips) 
Tichon479: posts small blind $0.01
Rumagistr: posts big blind $0.02
infiniti888: sits out 
*** HOLE CARDS ***
Dealt to Dorex2007 [Tc 4h]
Kudzu_Walker: folds 
iglowh: calls $0.02
Frebbe420: calls $0.02
Yaroon11: folds 
Dorex2007: folds 
Tichon479: calls $0.01
Spawn.n9 leaves the table
Rumagistr: checks 
*** FLOP *** [8d 5d Ah]
Tichon479: checks 
Rumagistr: checks 
iglowh: checks 
birdis44 joins the table at seat #3 
Frebbe420: checks 
*** TURN *** [8d 5d Ah] [Qc]
Tichon479: checks 
Rumagistr: checks 
iglowh: checks 
Frebbe420: checks 
*** RIVER *** [8d 5d Ah Qc] [3s]
Tichon479: checks 
Rumagistr: checks 
iglowh: checks 
Frebbe420: checks 
*** SHOW DOWN ***
Tichon479: shows [Th 6d] (high card Ace)
Rumagistr: shows [6h Kc] (high card Ace - King kicker)
iglowh: shows [Ks 6s] (high card Ace)
Frebbe420: mucks hand 
Rumagistr collected $0.04 from pot
iglowh collected $0.04 from pot
*** SUMMARY ***
Total pot $0.08 | Rake $0 
Board [8d 5d Ah Qc 3s]
Seat 1: Yaroon11 folded before Flop (didn't bet)
Seat 2: Dorex2007 (button) folded before Flop (didn't bet)
Seat 4: Tichon479 (small blind) showed [Th 6d] and lost with high card Ace
Seat 5: Rumagistr (big blind) showed [6h Kc] and won ($0.04) with high card Ace
Seat 7: Kudzu_Walker folded before Flop (didn't bet)
Seat 8: iglowh showed [Ks 6s] and won ($0.04) with high card Ace
Seat 9: Frebbe420 mucked [9s Ts]



PokerStars Hand #232845623808:  Hold'em No Limit ($0.01/$0.02 USD) - 2022/01/05 11:01:31 PT [2022/01/05 14:01:31 ET]
Table 'Seili III' 9-max Seat #4 is the button
Seat 1: Yaroon11 ($3.48 in chips) 
Seat 2: Dorex2007 ($2 in chips) 
Seat 3: birdis44 ($0.80 in chips) 
Seat 4: Tichon479 ($1.21 in chips) 
Seat 5: Rumagistr ($1.99 in chips) 
Seat 6: infiniti888 ($2.04 in chips) 
Seat 7: Kudzu_Walker ($2.46 in chips) 
Seat 8: iglowh ($2.10 in chips) 
Seat 9: Frebbe420 ($1.69 in chips) 
Rumagistr: posts small blind $0.01
infiniti888: posts big blind $0.02
birdis44: posts big blind $0.02
*** HOLE CARDS ***
Dealt to Dorex2007 [4c 8s]
Kudzu_Walker: folds 
iglowh: calls $0.02
Frebbe420: calls $0.02
Yaroon11: folds 
Dorex2007: folds 
birdis44: checks 
Tichon479: folds 
Rumagistr: calls $0.01
infiniti888: checks 
*** FLOP *** [Td 3d Kh]
Rumagistr: checks 
Tichon479 leaves the table
infiniti888: bets $0.05
melpa1 joins the table at seat #4 
iglowh: folds 
Frebbe420: calls $0.05
birdis44: folds 
Rumagistr: folds 
*** TURN *** [Td 3d Kh] [6h]
infiniti888: bets $0.10
Frebbe420: calls $0.10
*** RIVER *** [Td 3d Kh 6h] [Tc]
infiniti888: checks 
Frebbe420: bets $0.10
infiniti888: calls $0.10
*** SHOW DOWN ***
Frebbe420: shows [3h Th] (a full house, Tens full of Threes)
infiniti888: mucks hand 
Frebbe420 collected $0.58 from pot
*** SUMMARY ***
Total pot $0.60 | Rake $0.02 
Board [Td 3d Kh 6h Tc]
Seat 1: Yaroon11 folded before Flop (didn't bet)
Seat 2: Dorex2007 folded before Flop (didn't bet)
Seat 3: birdis44 folded on the Flop (didn't bet)
Seat 4: Tichon479 (button) folded before Flop (didn't bet)
Seat 5: Rumagistr (small blind) folded on the Flop
Seat 6: infiniti888 (big blind) mucked [Ks Jc]
Seat 7: Kudzu_Walker folded before Flop (didn't bet)
Seat 8: iglowh folded on the Flop
Seat 9: Frebbe420 showed [3h Th] and won ($0.58) with a full house, Tens full of Threes



PokerStars Hand #232845660169:  Hold'em No Limit ($0.01/$0.02 USD) - 2022/01/05 11:02:38 PT [2022/01/05 14:02:38 ET]
Table 'Seili III' 9-max Seat #5 is the button
Seat 1: Yaroon11 ($3.48 in chips) 
Seat 2: Dorex2007 ($2 in chips) 
Seat 3: birdis44 ($0.78 in chips) 
Seat 5: Rumagistr ($2 in chips) 
Seat 6: infiniti888 ($1.77 in chips) 
Seat 7: Kudzu_Walker ($2.46 in chips) 
Seat 8: iglowh ($2.08 in chips) 
Seat 9: Frebbe420 ($2 in chips) 
infiniti888: posts small blind $0.01
Kudzu_Walker: posts big blind $0.02
melpa1: sits out 
*** HOLE CARDS ***
Dealt to Dorex2007 [8d 2d]
iglowh: calls $0.02
Frebbe420: calls $0.02
Yaroon11: folds 
Dorex2007: folds 
birdis44: folds 
Rumagistr: folds 
infiniti888: folds 
Kudzu_Walker: checks 
*** FLOP *** [Qc 2s 4d]
Kudzu_Walker: checks 
iglowh: checks 
Frebbe420: checks 
*** TURN *** [Qc 2s 4d] [6h]
Kudzu_Walker: bets $0.06
iglowh: folds 
Frebbe420: folds 
Uncalled bet ($0.06) returned to Kudzu_Walker
Kudzu_Walker collected $0.07 from pot
Kudzu_Walker: doesn't show hand 
*** SUMMARY ***
Total pot $0.07 | Rake $0 
Board [Qc 2s 4d 6h]
Seat 1: Yaroon11 folded before Flop (didn't bet)
Seat 2: Dorex2007 folded before Flop (didn't bet)
Seat 3: birdis44 folded before Flop (didn't bet)
Seat 5: Rumagistr (button) folded before Flop (didn't bet)
Seat 6: infiniti888 (small blind) folded before Flop
Seat 7: Kudzu_Walker (big blind) collected ($0.07)
Seat 8: iglowh folded on the Turn
Seat 9: Frebbe420 folded on the Turn



PokerStars Hand #232845677724:  Hold'em No Limit ($0.01/$0.02 USD) - 2022/01/05 11:03:11 PT [2022/01/05 14:03:11 ET]
Table 'Seili III' 9-max Seat #6 is the button
Seat 1: Yaroon11 ($3.48 in chips) 
Seat 2: Dorex2007 ($2 in chips) 
Seat 3: birdis44 ($0.78 in chips) 
Seat 4: melpa1 ($1.24 in chips) 
Seat 5: Rumagistr ($2 in chips) 
Seat 6: infiniti888 ($1.76 in chips) 
Seat 7: Kudzu_Walker ($2.51 in chips) 
Seat 8: iglowh ($2.06 in chips) 
Seat 9: Frebbe420 ($1.98 in chips) 
Kudzu_Walker: posts small blind $0.01
iglowh: posts big blind $0.02
melpa1: posts big blind $0.02
*** HOLE CARDS ***
Dealt to Dorex2007 [5d As]
Frebbe420: calls $0.02
Yaroon11: raises $0.02 to $0.04
Dorex2007: folds 
birdis44: folds 
melpa1: calls $0.02
Rumagistr: folds 
infiniti888: folds 
Kudzu_Walker: calls $0.03
iglowh: folds 
Frebbe420: calls $0.02
*** FLOP *** [Qc Kc Ts]
Kudzu_Walker: checks 
Frebbe420: checks 
Yaroon11: bets $0.09
melpa1: folds 
Kudzu_Walker: folds 
Frebbe420: calls $0.09
*** TURN *** [Qc Kc Ts] [3c]
Frebbe420: checks 
Yaroon11: checks 
*** RIVER *** [Qc Kc Ts 3c] [2s]
Frebbe420: checks 
Yaroon11: bets $0.18
Frebbe420: folds 
Uncalled bet ($0.18) returned to Yaroon11
Yaroon11 collected $0.35 from pot
Yaroon11: doesn't show hand 
*** SUMMARY ***
Total pot $0.36 | Rake $0.01 
Board [Qc Kc Ts 3c 2s]
Seat 1: Yaroon11 collected ($0.35)
Seat 2: Dorex2007 folded before Flop (didn't bet)
Seat 3: birdis44 folded before Flop (didn't bet)
Seat 4: melpa1 folded on the Flop
Seat 5: Rumagistr folded before Flop (didn't bet)
Seat 6: infiniti888 (button) folded before Flop (didn't bet)
Seat 7: Kudzu_Walker (small blind) folded on the Flop
Seat 8: iglowh (big blind) folded before Flop
Seat 9: Frebbe420 folded on the River



PokerStars Hand #232845717496:  Hold'em No Limit ($0.01/$0.02 USD) - 2022/01/05 11:04:21 PT [2022/01/05 14:04:21 ET]
Table 'Seili III' 9-max Seat #7 is the button
Seat 1: Yaroon11 ($3.70 in chips) 
Seat 2: Dorex2007 ($2 in chips) 
Seat 3: birdis44 ($0.78 in chips) 
Seat 4: melpa1 ($1.20 in chips) 
Seat 5: Rumagistr ($2 in chips) 
Seat 6: infiniti888 ($1.76 in chips) 
Seat 7: Kudzu_Walker ($2.47 in chips) 
Seat 8: iglowh ($2.04 in chips) 
Seat 9: Frebbe420 ($1.85 in chips) 
iglowh: posts small blind $0.01
Frebbe420: posts big blind $0.02
*** HOLE CARDS ***
Dealt to Dorex2007 [5s Qd]
Yaroon11: folds 
Dorex2007: folds 
birdis44: folds 
melpa1: calls $0.02
Rumagistr: folds 
infiniti888: folds 
Kudzu_Walker: folds 
iglowh: calls $0.01
Frebbe420: checks 
*** FLOP *** [Ad Tc Jh]
iglowh: checks 
Frebbe420: checks 
melpa1: bets $0.06
iglowh: folds 
Frebbe420: calls $0.06
*** TURN *** [Ad Tc Jh] [Ts]
Frebbe420: bets $0.17
melpa1: calls $0.17
*** RIVER *** [Ad Tc Jh Ts] [Qs]
Frebbe420: bets $0.50
melpa1: raises $0.45 to $0.95 and is all-in
Frebbe420: calls $0.45
*** SHOW DOWN ***
melpa1: shows [6d Kd] (a straight, Ten to Ace)
Frebbe420: shows [9d Kc] (a straight, Ten to Ace)
Frebbe420 collected $1.17 from pot
melpa1 collected $1.17 from pot
*** SUMMARY ***
Total pot $2.42 | Rake $0.08 
Board [Ad Tc Jh Ts Qs]
Seat 1: Yaroon11 folded before Flop (didn't bet)
Seat 2: Dorex2007 folded before Flop (didn't bet)
Seat 3: birdis44 folded before Flop (didn't bet)
Seat 4: melpa1 showed [6d Kd] and won ($1.17) with a straight, Ten to Ace
Seat 5: Rumagistr folded before Flop (didn't bet)
Seat 6: infiniti888 folded before Flop (didn't bet)
Seat 7: Kudzu_Walker (button) folded before Flop (didn't bet)
Seat 8: iglowh (small blind) folded on the Flop
Seat 9: Frebbe420 (big blind) showed [9d Kc] and won ($1.17) with a straight, Ten to Ace



PokerStars Hand #232845760108:  Hold'em No Limit ($0.01/$0.02 USD) - 2022/01/05 11:05:36 PT [2022/01/05 14:05:36 ET]
Table 'Seili III' 9-max Seat #8 is the button
Seat 1: Yaroon11 ($3.70 in chips) 
Seat 2: Dorex2007 ($2 in chips) 
Seat 3: birdis44 ($0.78 in chips) 
Seat 4: melpa1 ($1.17 in chips) 
Seat 5: Rumagistr ($2 in chips) 
Seat 6: infiniti888 ($1.76 in chips) 
Seat 7: Kudzu_Walker ($2.47 in chips) 
Seat 8: iglowh ($2.02 in chips) 
Seat 9: Frebbe420 ($1.82 in chips) 
Frebbe420: posts small blind $0.01
Yaroon11: posts big blind $0.02
*** HOLE CARDS ***
Dealt to Dorex2007 [8c Jh]
Dorex2007: folds 
birdis44: folds 
melpa1: folds 
Rumagistr: raises $0.02 to $0.04
infiniti888: folds 
Kudzu_Walker: folds 
iglowh: folds 
Frebbe420: calls $0.03
Yaroon11: calls $0.02
*** FLOP *** [Ts Qc 9h]
Frebbe420: checks 
Yaroon11: checks 
Rumagistr: checks 
*** TURN *** [Ts Qc 9h] [As]
Frebbe420: checks 
Yaroon11: checks 
Rumagistr: bets $0.10
Frebbe420: calls $0.10
Yaroon11: folds 
*** RIVER *** [Ts Qc 9h As] [Qh]
Frebbe420: checks 
Rumagistr: checks 
*** SHOW DOWN ***
Frebbe420: shows [Kc 6c] (a pair of Queens)
Rumagistr: shows [Td Ah] (two pair, Aces and Queens)
Rumagistr collected $0.31 from pot
*** SUMMARY ***
Total pot $0.32 | Rake $0.01 
Board [Ts Qc 9h As Qh]
Seat 1: Yaroon11 (big blind) folded on the Turn
Seat 2: Dorex2007 folded before Flop (didn't bet)
Seat 3: birdis44 folded before Flop (didn't bet)
Seat 4: melpa1 folded before Flop (didn't bet)
Seat 5: Rumagistr showed [Td Ah] and won ($0.31) with two pair, Aces and Queens
Seat 6: infiniti888 folded before Flop (didn't bet)
Seat 7: Kudzu_Walker folded before Flop (didn't bet)
Seat 8: iglowh (button) folded before Flop (didn't bet)
Seat 9: Frebbe420 (small blind) showed [Kc 6c] and lost with a pair of Queens



PokerStars Hand #232845787921:  Hold'em No Limit ($0.01/$0.02 USD) - 2022/01/05 11:06:26 PT [2022/01/05 14:06:26 ET]
Table 'Seili III' 9-max Seat #9 is the button
Seat 1: Yaroon11 ($3.66 in chips) 
Seat 2: Dorex2007 ($2 in chips) 
Seat 3: birdis44 ($0.78 in chips) 
Seat 4: melpa1 ($1.17 in chips) 
Seat 5: Rumagistr ($2.17 in chips) 
Seat 6: infiniti888 ($1.76 in chips) 
Seat 7: Kudzu_Walker ($2.47 in chips) 
Seat 8: iglowh ($2.02 in chips) 
Seat 9: Frebbe420 ($1.68 in chips) 
Yaroon11: posts small blind $0.01
Dorex2007: posts big blind $0.02
*** HOLE CARDS ***
Dealt to Dorex2007 [3s 2h]
birdis44: folds 
melpa1: folds 
Rumagistr: folds 
infiniti888: folds 
Kudzu_Walker: folds 
iglowh: folds 
Frebbe420: calls $0.02
Yaroon11: calls $0.01
Dorex2007: checks 
*** FLOP *** [6c Td 5c]
Yaroon11: checks 
Dorex2007: checks 
Frebbe420: checks 
*** TURN *** [6c Td 5c] [Qh]
Yaroon11: checks 
Dorex2007: checks 
Frebbe420: checks 
*** RIVER *** [6c Td 5c Qh] [Kc]
Yaroon11: checks 
Dorex2007: bets $0.04
Frebbe420: folds 
Yaroon11: folds 
Uncalled bet ($0.04) returned to Dorex2007
Dorex2007 collected $0.06 from pot
Dorex2007: doesn't show hand 
*** SUMMARY ***
Total pot $0.06 | Rake $0 
Board [6c Td 5c Qh Kc]
Seat 1: Yaroon11 (small blind) folded on the River
Seat 2: Dorex2007 (big blind) collected ($0.06)
Seat 3: birdis44 folded before Flop (didn't bet)
Seat 4: melpa1 folded before Flop (didn't bet)
Seat 5: Rumagistr folded before Flop (didn't bet)
Seat 6: infiniti888 folded before Flop (didn't bet)
Seat 7: Kudzu_Walker folded before Flop (didn't bet)
Seat 8: iglowh folded before Flop (didn't bet)
Seat 9: Frebbe420 (button) folded on the River



PokerStars Hand #232845823784:  Hold'em No Limit ($0.01/$0.02 USD) - 2022/01/05 11:07:29 PT [2022/01/05 14:07:29 ET]
Table 'Seili III' 9-max Seat #1 is the button
Seat 1: Yaroon11 ($3.64 in chips) 
Seat 2: Dorex2007 ($2.04 in chips) 
Seat 3: birdis44 ($0.78 in chips) 
Seat 4: melpa1 ($1.17 in chips) 
Seat 5: Rumagistr ($2.17 in chips) 
Seat 6: infiniti888 ($1.76 in chips) 
Seat 7: Kudzu_Walker ($2.47 in chips) 
Seat 8: iglowh ($2.02 in chips) 
Seat 9: Frebbe420 ($1.66 in chips) 
Dorex2007: posts small blind $0.01
birdis44: posts big blind $0.02
*** HOLE CARDS ***
Dealt to Dorex2007 [Td 5s]
melpa1: calls $0.02
Rumagistr: folds 
infiniti888: folds 
Kudzu_Walker: folds 
iglowh: calls $0.02
Frebbe420: folds 
Yaroon11: folds 
Dorex2007: folds 
birdis44: checks 
*** FLOP *** [6d 3h 8s]
birdis44: checks 
melpa1: checks 
iglowh: bets $0.02
birdis44: calls $0.02
melpa1: calls $0.02
*** TURN *** [6d 3h 8s] [Jd]
birdis44: checks 
melpa1: checks 
iglowh: bets $0.02
birdis44: calls $0.02
melpa1: calls $0.02
*** RIVER *** [6d 3h 8s Jd] [8d]
birdis44: checks 
melpa1: checks 
iglowh: bets $0.09
birdis44: folds 
melpa1: calls $0.09
*** SHOW DOWN ***
iglowh: shows [Ad Ac] (two pair, Aces and Eights)
melpa1: mucks hand 
iglowh collected $0.36 from pot
*** SUMMARY ***
Total pot $0.37 | Rake $0.01 
Board [6d 3h 8s Jd 8d]
Seat 1: Yaroon11 (button) folded before Flop (didn't bet)
Seat 2: Dorex2007 (small blind) folded before Flop
Seat 3: birdis44 (big blind) folded on the River
Seat 4: melpa1 mucked [6c 9c]
Seat 5: Rumagistr folded before Flop (didn't bet)
Seat 6: infiniti888 folded before Flop (didn't bet)
Seat 7: Kudzu_Walker folded before Flop (didn't bet)
Seat 8: iglowh showed [Ad Ac] and won ($0.36) with two pair, Aces and Eights
Seat 9: Frebbe420 folded before Flop (didn't bet)



PokerStars Hand #232845862502:  Hold'em No Limit ($0.01/$0.02 USD) - 2022/01/05 11:08:38 PT [2022/01/05 14:08:38 ET]
Table 'Seili III' 9-max Seat #2 is the button
Seat 1: Yaroon11 ($3.64 in chips) 
Seat 2: Dorex2007 ($2.03 in chips) 
Seat 3: birdis44 ($0.72 in chips) 
Seat 4: melpa1 ($1.02 in chips) 
Seat 5: Rumagistr ($2.17 in chips) 
Seat 6: infiniti888 ($1.76 in chips) 
Seat 7: Kudzu_Walker ($2.47 in chips) 
Seat 8: iglowh ($2.23 in chips) 
Seat 9: Frebbe420 ($1.66 in chips) 
birdis44: posts small blind $0.01
melpa1: posts big blind $0.02
*** HOLE CARDS ***
Dealt to Dorex2007 [Ad 6c]
Rumagistr: folds 
infiniti888: folds 
Kudzu_Walker: folds 
iglowh: calls $0.02
Frebbe420: folds 
Yaroon11: raises $0.04 to $0.06
Dorex2007: folds 
birdis44: calls $0.05
melpa1: calls $0.04
iglowh: calls $0.04
*** FLOP *** [6h Qd 3h]
birdis44: checks 
melpa1: bets $0.11
iglowh: folds 
Yaroon11: folds 
birdis44: folds 
Uncalled bet ($0.11) returned to melpa1
melpa1 collected $0.23 from pot
melpa1: doesn't show hand 
*** SUMMARY ***
Total pot $0.24 | Rake $0.01 
Board [6h Qd 3h]
Seat 1: Yaroon11 folded on the Flop
Seat 2: Dorex2007 (button) folded before Flop (didn't bet)
Seat 3: birdis44 (small blind) folded on the Flop
Seat 4: melpa1 (big blind) collected ($0.23)
Seat 5: Rumagistr folded before Flop (didn't bet)
Seat 6: infiniti888 folded before Flop (didn't bet)
Seat 7: Kudzu_Walker folded before Flop (didn't bet)
Seat 8: iglowh folded on the Flop
Seat 9: Frebbe420 folded before Flop (didn't bet)



PokerStars Hand #232845886212:  Hold'em No Limit ($0.01/$0.02 USD) - 2022/01/05 11:09:20 PT [2022/01/05 14:09:20 ET]
Table 'Seili III' 9-max Seat #3 is the button
Seat 1: Yaroon11 ($3.58 in chips) 
Seat 2: Dorex2007 ($2.03 in chips) 
Seat 3: birdis44 ($0.66 in chips) 
Seat 4: melpa1 ($1.19 in chips) 
Seat 5: Rumagistr ($2.17 in chips) 
Seat 6: infiniti888 ($1.76 in chips) 
Seat 7: Kudzu_Walker ($2.47 in chips) 
Seat 8: iglowh ($2.17 in chips) 
Seat 9: Frebbe420 ($1.66 in chips) 
melpa1: posts small blind $0.01
Rumagistr: posts big blind $0.02
*** HOLE CARDS ***
Dealt to Dorex2007 [Kh Jc]
infiniti888: folds 
Kudzu_Walker: folds 
iglowh: folds 
Frebbe420: calls $0.02
Yaroon11: raises $0.02 to $0.04
Dorex2007: folds 
birdis44: folds 
melpa1: calls $0.03
infiniti888 leaves the table
Rumagistr: calls $0.02
Frebbe420: calls $0.02
*** FLOP *** [8h 9d Kc]
melpa1: checks 
Rumagistr: checks 
Frebbe420: checks 
Yaroon11: checks 
*** TURN *** [8h 9d Kc] [4h]
melpa1: checks 
Rumagistr: bets $0.06
natschie25 joins the table at seat #6 
Frebbe420: folds 
Yaroon11: folds 
melpa1: folds 
Uncalled bet ($0.06) returned to Rumagistr
Rumagistr collected $0.15 from pot
*** SUMMARY ***
Total pot $0.16 | Rake $0.01 
Board [8h 9d Kc 4h]
Seat 1: Yaroon11 folded on the Turn
Seat 2: Dorex2007 folded before Flop (didn't bet)
Seat 3: birdis44 (button) folded before Flop (didn't bet)
Seat 4: melpa1 (small blind) folded on the Turn
Seat 5: Rumagistr (big blind) collected ($0.15)
Seat 6: infiniti888 folded before Flop (didn't bet)
Seat 7: Kudzu_Walker folded before Flop (didn't bet)
Seat 8: iglowh folded before Flop (didn't bet)
Seat 9: Frebbe420 folded on the Turn



PokerStars Hand #232845913297:  Hold'em No Limit ($0.01/$0.02 USD) - 2022/01/05 11:10:07 PT [2022/01/05 14:10:07 ET]
Table 'Seili III' 9-max Seat #4 is the button
Seat 1: Yaroon11 ($3.54 in chips) 
Seat 2: Dorex2007 ($2.03 in chips) 
Seat 3: birdis44 ($0.66 in chips) 
Seat 4: melpa1 ($1.15 in chips) 
Seat 5: Rumagistr ($2.28 in chips) 
Seat 6: natschie25 ($2 in chips) 
Seat 7: Kudzu_Walker ($2.47 in chips) 
Seat 8: iglowh ($2.17 in chips) 
Seat 9: Frebbe420 ($1.62 in chips) 
Rumagistr: posts small blind $0.01
natschie25: posts big blind $0.02
*** HOLE CARDS ***
Dealt to Dorex2007 [2d 2c]
Kudzu_Walker: folds 
iglowh: folds 
Frebbe420: calls $0.02
Yaroon11: folds 
Dorex2007: calls $0.02
birdis44: calls $0.02
melpa1: calls $0.02
Rumagistr: calls $0.01
natschie25: checks 
*** FLOP *** [7d Qd 7c]
Rumagistr: checks 
natschie25: checks 
Frebbe420: bets $0.02
Dorex2007: folds 
birdis44: calls $0.02
melpa1: calls $0.02
Rumagistr: folds 
natschie25: folds 
*** TURN *** [7d Qd 7c] [3h]
Frebbe420: bets $0.02
birdis44: folds 
melpa1: calls $0.02
*** RIVER *** [7d Qd 7c 3h] [Kc]
Frebbe420: bets $0.02
melpa1: calls $0.02
*** SHOW DOWN ***
Frebbe420: shows [Qh Ah] (two pair, Queens and Sevens)
melpa1: mucks hand 
Frebbe420 collected $0.25 from pot
*** SUMMARY ***
Total pot $0.26 | Rake $0.01 
Board [7d Qd 7c 3h Kc]
Seat 1: Yaroon11 folded before Flop (didn't bet)
Seat 2: Dorex2007 folded on the Flop
Seat 3: birdis44 folded on the Turn
Seat 4: melpa1 (button) mucked [6d Ad]
Seat 5: Rumagistr (small blind) folded on the Flop
Seat 6: natschie25 (big blind) folded on the Flop
Seat 7: Kudzu_Walker folded before Flop (didn't bet)
Seat 8: iglowh folded before Flop (didn't bet)
Seat 9: Frebbe420 showed [Qh Ah] and won ($0.25) with two pair, Queens and Sevens



PokerStars Hand #232845953483:  Hold'em No Limit ($0.01/$0.02 USD) - 2022/01/05 11:11:18 PT [2022/01/05 14:11:18 ET]
Table 'Seili III' 9-max Seat #5 is the button
Seat 1: Yaroon11 ($3.54 in chips) 
Seat 2: Dorex2007 ($2.01 in chips) 
Seat 3: birdis44 ($0.62 in chips) 
Seat 4: melpa1 ($1.07 in chips) 
Seat 5: Rumagistr ($2.26 in chips) 
Seat 6: natschie25 ($2 in chips) 
Seat 7: Kudzu_Walker ($2.47 in chips) 
Seat 8: iglowh ($2.17 in chips) 
Seat 9: Frebbe420 ($1.79 in chips) 
natschie25: posts small blind $0.01
Kudzu_Walker: posts big blind $0.02
*** HOLE CARDS ***
Dealt to Dorex2007 [Jh 4d]
iglowh: calls $0.02
Frebbe420: folds 
Yaroon11: folds 
Dorex2007: folds 
birdis44: folds 
melpa1: calls $0.02
Rumagistr: calls $0.02
natschie25: calls $0.01
Kudzu_Walker: raises $0.08 to $0.10
iglowh: folds 
melpa1: calls $0.08
Rumagistr: folds 
natschie25: folds 
*** FLOP *** [Ah As 8s]
Kudzu_Walker: bets $0.10
melpa1: calls $0.10
*** TURN *** [Ah As 8s] [Qc]
Kudzu_Walker: checks 
melpa1: bets $0.44
Kudzu_Walker: folds 
Uncalled bet ($0.44) returned to melpa1
melpa1 collected $0.44 from pot
melpa1: doesn't show hand 
*** SUMMARY ***
Total pot $0.46 | Rake $0.02 
Board [Ah As 8s Qc]
Seat 1: Yaroon11 folded before Flop (didn't bet)
Seat 2: Dorex2007 folded before Flop (didn't bet)
Seat 3: birdis44 folded before Flop (didn't bet)
Seat 4: melpa1 collected ($0.44)
Seat 5: Rumagistr (button) folded before Flop
Seat 6: natschie25 (small blind) folded before Flop
Seat 7: Kudzu_Walker (big blind) folded on the Turn
Seat 8: iglowh folded before Flop
Seat 9: Frebbe420 folded before Flop (didn't bet)



PokerStars Hand #232845985017:  Hold'em No Limit ($0.01/$0.02 USD) - 2022/01/05 11:12:14 PT [2022/01/05 14:12:14 ET]
Table 'Seili III' 9-max Seat #6 is the button
Seat 1: Yaroon11 ($3.54 in chips) 
Seat 2: Dorex2007 ($2.01 in chips) 
Seat 3: birdis44 ($0.62 in chips) 
Seat 4: melpa1 ($1.31 in chips) 
Seat 5: Rumagistr ($2.24 in chips) 
Seat 6: natschie25 ($2 in chips) 
Seat 7: Kudzu_Walker ($2.27 in chips) 
Seat 8: iglowh ($2.15 in chips) 
Seat 9: Frebbe420 ($1.79 in chips) 
Kudzu_Walker: posts small blind $0.01
iglowh: posts big blind $0.02
*** HOLE CARDS ***
Dealt to Dorex2007 [5c 2d]
Frebbe420: calls $0.02
Yaroon11: folds 
Dorex2007: folds 
birdis44: folds 
melpa1: folds 
Rumagistr: folds 
natschie25: folds 
Kudzu_Walker: folds 
iglowh: checks 
*** FLOP *** [Td Qh Qd]
iglowh: checks 
Frebbe420: checks 
*** TURN *** [Td Qh Qd] [9h]
iglowh: checks 
Frebbe420: checks 
*** RIVER *** [Td Qh Qd 9h] [3s]
iglowh: checks 
Frebbe420: checks 
*** SHOW DOWN ***
iglowh: shows [4d 2c] (a pair of Queens)
Frebbe420: shows [8c 7c] (a pair of Queens - Ten+Nine+Eight kicker)
Frebbe420 collected $0.05 from pot
*** SUMMARY ***
Total pot $0.05 | Rake $0 
Board [Td Qh Qd 9h 3s]
Seat 1: Yaroon11 folded before Flop (didn't bet)
Seat 2: Dorex2007 folded before Flop (didn't bet)
Seat 3: birdis44 folded before Flop (didn't bet)
Seat 4: melpa1 folded before Flop (didn't bet)
Seat 5: Rumagistr folded before Flop (didn't bet)
Seat 6: natschie25 (button) folded before Flop (didn't bet)
Seat 7: Kudzu_Walker (small blind) folded before Flop
Seat 8: iglowh (big blind) showed [4d 2c] and lost with a pair of Queens
Seat 9: Frebbe420 showed [8c 7c] and won ($0.05) with a pair of Queens



