PokerStars Hand #230453470131:  Hold'em No Limit ($0.01/$0.02 USD) - 2021/10/08 12:27:40 PT [2021/10/08 15:27:40 ET]
Table 'Aase II' 9-max Seat #2 is the button
Seat 2: TheoTate ($1.65 in chips) 
Seat 3: betonbau ($6.61 in chips) 
Seat 4: Kid_Polton ($2.10 in chips) 
Seat 5: mmac25 ($2.07 in chips) 
Seat 8: Vovo_777880 ($2.18 in chips) 
Seat 9: Dorex2007 ($2 in chips) 
betonbau: posts small blind $0.01
Kid_Polton: posts big blind $0.02
Dorex2007: posts big blind $0.02
*** HOLE CARDS ***
Dealt to Dorex2007 [Kd 5d]
mmac25: folds 
Vovo_777880: folds 
Dorex2007: checks 
TheoTate: raises $0.06 to $0.08
betonbau: folds 
Nikitaa87 joins the table at seat #1 
Kid_Polton: folds 
Dorex2007: folds 
Uncalled bet ($0.06) returned to TheoTate
TheoTate collected $0.07 from pot
TheoTate: doesn't show hand 
*** SUMMARY ***
Total pot $0.07 | Rake $0 
Seat 2: TheoTate (button) collected ($0.07)
Seat 3: betonbau (small blind) folded before Flop
Seat 4: Kid_Polton (big blind) folded before Flop
Seat 5: mmac25 folded before Flop (didn't bet)
Seat 8: Vovo_777880 folded before Flop (didn't bet)
Seat 9: Dorex2007 folded before Flop (didn't bet)



PokerStars Hand #230453482017:  Hold'em No Limit ($0.01/$0.02 USD) - 2021/10/08 12:28:04 PT [2021/10/08 15:28:04 ET]
Table 'Aase II' 9-max Seat #3 is the button
Seat 1: Nikitaa87 ($2 in chips) 
Seat 2: TheoTate ($1.70 in chips) 
Seat 3: betonbau ($6.60 in chips) 
Seat 4: Kid_Polton ($2.08 in chips) 
Seat 5: mmac25 ($2.07 in chips) 
Seat 8: Vovo_777880 ($2.18 in chips) 
Seat 9: Dorex2007 ($1.98 in chips) 
Kid_Polton: posts small blind $0.01
mmac25: posts big blind $0.02
Nikitaa87: posts big blind $0.02
*** HOLE CARDS ***
Dealt to Dorex2007 [Kc 9d]
Vovo_777880: folds 
Dorex2007: folds 
Nikitaa87: checks 
TheoTate: folds 
betonbau: folds 
Kid_Polton: folds 
mmac25: checks 
*** FLOP *** [Tc Ks 6h]
mmac25: bets $0.02
Nikitaa87: folds 
Uncalled bet ($0.02) returned to mmac25
mmac25 collected $0.05 from pot
mmac25: doesn't show hand 
*** SUMMARY ***
Total pot $0.05 | Rake $0 
Board [Tc Ks 6h]
Seat 1: Nikitaa87 folded on the Flop (didn't bet)
Seat 2: TheoTate folded before Flop (didn't bet)
Seat 3: betonbau (button) folded before Flop (didn't bet)
Seat 4: Kid_Polton (small blind) folded before Flop
Seat 5: mmac25 (big blind) collected ($0.05)
Seat 8: Vovo_777880 folded before Flop (didn't bet)
Seat 9: Dorex2007 folded before Flop (didn't bet)



PokerStars Hand #230453496665:  Hold'em No Limit ($0.01/$0.02 USD) - 2021/10/08 12:28:34 PT [2021/10/08 15:28:34 ET]
Table 'Aase II' 9-max Seat #4 is the button
Seat 1: Nikitaa87 ($2 in chips) 
Seat 2: TheoTate ($1.70 in chips) 
Seat 3: betonbau ($6.60 in chips) 
Seat 4: Kid_Polton ($2.07 in chips) 
Seat 5: mmac25 ($2.10 in chips) 
Seat 6: Teniente60 ($0.73 in chips) 
Seat 8: Vovo_777880 ($2.18 in chips) 
Seat 9: Dorex2007 ($1.98 in chips) 
mmac25: posts small blind $0.01
Teniente60: posts big blind $0.02
*** HOLE CARDS ***
Dealt to Dorex2007 [5h 4c]
Vovo_777880: folds 
Dorex2007: folds 
Nikitaa87: folds 
TheoTate: folds 
betonbau: folds 
Kid_Polton: folds 
mmac25: calls $0.01
Teniente60: checks 
*** FLOP *** [7s As Td]
mmac25: bets $0.02
Teniente60: calls $0.02
*** TURN *** [7s As Td] [Qs]
mmac25: checks 
Teniente60: checks 
*** RIVER *** [7s As Td Qs] [Qh]
mmac25: checks 
Teniente60: checks 
*** SHOW DOWN ***
mmac25: shows [8s 6h] (a pair of Queens)
Teniente60: shows [Th Kd] (two pair, Queens and Tens)
Teniente60 collected $0.08 from pot
*** SUMMARY ***
Total pot $0.08 | Rake $0 
Board [7s As Td Qs Qh]
Seat 1: Nikitaa87 folded before Flop (didn't bet)
Seat 2: TheoTate folded before Flop (didn't bet)
Seat 3: betonbau folded before Flop (didn't bet)
Seat 4: Kid_Polton (button) folded before Flop (didn't bet)
Seat 5: mmac25 (small blind) showed [8s 6h] and lost with a pair of Queens
Seat 6: Teniente60 (big blind) showed [Th Kd] and won ($0.08) with two pair, Queens and Tens
Seat 8: Vovo_777880 folded before Flop (didn't bet)
Seat 9: Dorex2007 folded before Flop (didn't bet)



PokerStars Hand #230453516768:  Hold'em No Limit ($0.01/$0.02 USD) - 2021/10/08 12:29:15 PT [2021/10/08 15:29:15 ET]
Table 'Aase II' 9-max Seat #5 is the button
Seat 1: Nikitaa87 ($2 in chips) 
Seat 2: TheoTate ($1.70 in chips) 
Seat 3: betonbau ($6.60 in chips) 
Seat 4: Kid_Polton ($2.07 in chips) 
Seat 5: mmac25 ($2.06 in chips) 
Seat 6: Teniente60 ($0.77 in chips) 
Seat 8: Vovo_777880 ($2.18 in chips) 
Seat 9: Dorex2007 ($1.98 in chips) 
Teniente60: posts small blind $0.01
Vovo_777880: posts big blind $0.02
*** HOLE CARDS ***
Dealt to Dorex2007 [5h Kh]
Dorex2007: folds 
Nikitaa87: folds 
TheoTate: folds 
betonbau: calls $0.02
Kid_Polton: calls $0.02
mmac25: folds 
Teniente60: calls $0.01
Vovo_777880: checks 
*** FLOP *** [Jd 9h 4c]
Teniente60: checks 
Vovo_777880: bets $0.04
betonbau: calls $0.04
Kid_Polton: calls $0.04
Teniente60: folds 
*** TURN *** [Jd 9h 4c] [Ts]
Vovo_777880: bets $0.10
betonbau: folds 
Kid_Polton: calls $0.10
*** RIVER *** [Jd 9h 4c Ts] [2h]
Vovo_777880: bets $0.20
Kid_Polton: folds 
Uncalled bet ($0.20) returned to Vovo_777880
Vovo_777880 collected $0.39 from pot
Vovo_777880: doesn't show hand 
*** SUMMARY ***
Total pot $0.40 | Rake $0.01 
Board [Jd 9h 4c Ts 2h]
Seat 1: Nikitaa87 folded before Flop (didn't bet)
Seat 2: TheoTate folded before Flop (didn't bet)
Seat 3: betonbau folded on the Turn
Seat 4: Kid_Polton folded on the River
Seat 5: mmac25 (button) folded before Flop (didn't bet)
Seat 6: Teniente60 (small blind) folded on the Flop
Seat 8: Vovo_777880 (big blind) collected ($0.39)
Seat 9: Dorex2007 folded before Flop (didn't bet)



PokerStars Hand #230453558142:  Hold'em No Limit ($0.01/$0.02 USD) - 2021/10/08 12:30:39 PT [2021/10/08 15:30:39 ET]
Table 'Aase II' 9-max Seat #6 is the button
Seat 1: Nikitaa87 ($2 in chips) 
Seat 2: TheoTate ($1.70 in chips) 
Seat 3: betonbau ($6.54 in chips) 
Seat 4: Kid_Polton ($2 in chips) 
Seat 5: mmac25 ($2.06 in chips) 
Seat 6: Teniente60 ($0.75 in chips) 
Seat 8: Vovo_777880 ($2.41 in chips) 
Seat 9: Dorex2007 ($2 in chips) 
Vovo_777880: posts small blind $0.01
Dorex2007: posts big blind $0.02
*** HOLE CARDS ***
Dealt to Dorex2007 [6c 2h]
Nikitaa87: folds 
TheoTate: folds 
betonbau: folds 
Kid_Polton: calls $0.02
mmac25: folds 
Teniente60: calls $0.02
Vovo_777880: raises $0.08 to $0.10
Dorex2007: folds 
Kid_Polton: calls $0.08
Teniente60: folds 
*** FLOP *** [9c 8h 5h]
Vovo_777880: bets $0.18
Kid_Polton: calls $0.18
*** TURN *** [9c 8h 5h] [3d]
Vovo_777880: bets $0.32
Kid_Polton: raises $0.32 to $0.64
Vovo_777880: folds 
Uncalled bet ($0.32) returned to Kid_Polton
Kid_Polton collected $1.20 from pot
Kid_Polton: doesn't show hand 
*** SUMMARY ***
Total pot $1.24 | Rake $0.04 
Board [9c 8h 5h 3d]
Seat 1: Nikitaa87 folded before Flop (didn't bet)
Seat 2: TheoTate folded before Flop (didn't bet)
Seat 3: betonbau folded before Flop (didn't bet)
Seat 4: Kid_Polton collected ($1.20)
Seat 5: mmac25 folded before Flop (didn't bet)
Seat 6: Teniente60 (button) folded before Flop
Seat 8: Vovo_777880 (small blind) folded on the Turn
Seat 9: Dorex2007 (big blind) folded before Flop



PokerStars Hand #230453584765:  Hold'em No Limit ($0.01/$0.02 USD) - 2021/10/08 12:31:23 PT [2021/10/08 15:31:23 ET]
Table 'Aase II' 9-max Seat #8 is the button
Seat 1: Nikitaa87 ($2 in chips) 
Seat 2: TheoTate ($1.70 in chips) 
Seat 3: betonbau ($6.54 in chips) 
Seat 4: Kid_Polton ($2.60 in chips) 
Seat 5: mmac25 ($2.06 in chips) 
Seat 6: Teniente60 ($0.73 in chips) 
Seat 8: Vovo_777880 ($1.81 in chips) 
Seat 9: Dorex2007 ($2 in chips) 
Dorex2007: posts small blind $0.01
Nikitaa87: posts big blind $0.02
*** HOLE CARDS ***
Dealt to Dorex2007 [Kc Ks]
TheoTate: folds 
betonbau: folds 
Kid_Polton: calls $0.02
mmac25: folds 
Teniente60: calls $0.02
Vovo_777880: folds 
TheoTate leaves the table
Dorex2007: raises $0.04 to $0.06
Nikitaa87: folds 
Kid_Polton: calls $0.04
Teniente60: calls $0.04
*** FLOP *** [Jd Ad 4s]
Dorex2007: bets $0.10
Kid_Polton: folds 
Teniente60: calls $0.10
*** TURN *** [Jd Ad 4s] [4d]
Dorex2007: checks 
Teniente60: bets $0.10
Dorex2007: folds 
Uncalled bet ($0.10) returned to Teniente60
Teniente60 collected $0.39 from pot
Teniente60: doesn't show hand 
*** SUMMARY ***
Total pot $0.40 | Rake $0.01 
Board [Jd Ad 4s 4d]
Seat 1: Nikitaa87 (big blind) folded before Flop
Seat 2: TheoTate folded before Flop (didn't bet)
Seat 3: betonbau folded before Flop (didn't bet)
Seat 4: Kid_Polton folded on the Flop
Seat 5: mmac25 folded before Flop (didn't bet)
Seat 6: Teniente60 collected ($0.39)
Seat 8: Vovo_777880 (button) folded before Flop (didn't bet)
Seat 9: Dorex2007 (small blind) folded on the Turn



PokerStars Hand #230453603981:  Hold'em No Limit ($0.01/$0.02 USD) - 2021/10/08 12:32:02 PT [2021/10/08 15:32:02 ET]
Table 'Aase II' 9-max Seat #9 is the button
Seat 1: Nikitaa87 ($2 in chips) 
Seat 3: betonbau ($6.54 in chips) 
Seat 4: Kid_Polton ($2.54 in chips) 
Seat 5: mmac25 ($2.06 in chips) 
Seat 6: Teniente60 ($0.96 in chips) 
Seat 8: Vovo_777880 ($1.81 in chips) 
Seat 9: Dorex2007 ($2 in chips) 
Nikitaa87: posts small blind $0.01
betonbau: posts big blind $0.02
*** HOLE CARDS ***
Dealt to Dorex2007 [3s 2h]
Kid_Polton: calls $0.02
mmac25: folds 
Teniente60: raises $0.07 to $0.09
Vovo_777880: calls $0.09
Dorex2007: folds 
Nikitaa87: calls $0.08
betonbau: folds 
Kid_Polton: calls $0.07
*** FLOP *** [5h Ks Kc]
Silen4ik88 joins the table at seat #2 
Nikitaa87: checks 
Kid_Polton: checks 
Teniente60: checks 
Vovo_777880: checks 
*** TURN *** [5h Ks Kc] [Ah]
Nikitaa87: bets $0.18
Kid_Polton: folds 
Teniente60: calls $0.18
Vovo_777880: folds 
*** RIVER *** [5h Ks Kc Ah] [8d]
Nikitaa87: checks 
Teniente60: bets $0.20
Nikitaa87: calls $0.20
*** SHOW DOWN ***
Teniente60: shows [Kh Ac] (a full house, Kings full of Aces)
Nikitaa87: mucks hand 
Teniente60 collected $1.10 from pot
*** SUMMARY ***
Total pot $1.14 | Rake $0.04 
Board [5h Ks Kc Ah 8d]
Seat 1: Nikitaa87 (small blind) mucked [As Ts]
Seat 3: betonbau (big blind) folded before Flop
Seat 4: Kid_Polton folded on the Turn
Seat 5: mmac25 folded before Flop (didn't bet)
Seat 6: Teniente60 showed [Kh Ac] and won ($1.10) with a full house, Kings full of Aces
Seat 8: Vovo_777880 folded on the Turn
Seat 9: Dorex2007 (button) folded before Flop (didn't bet)



PokerStars Hand #230453645056:  Hold'em No Limit ($0.01/$0.02 USD) - 2021/10/08 12:33:26 PT [2021/10/08 15:33:26 ET]
Table 'Aase II' 9-max Seat #1 is the button
Seat 1: Nikitaa87 ($2 in chips) 
Seat 3: betonbau ($6.52 in chips) 
Seat 6: Teniente60 ($1.59 in chips) 
Seat 8: Vovo_777880 ($1.72 in chips) 
Seat 9: Dorex2007 ($2 in chips) 
betonbau: posts small blind $0.01
Kid_Polton: is sitting out 
Kid_Polton leaves the table
Teniente60: posts big blind $0.02
*** HOLE CARDS ***
Dealt to Dorex2007 [Kh 6s]
Vovo_777880: folds 
Dorex2007: folds 
Nikitaa87: folds 
betonbau: folds 
Uncalled bet ($0.01) returned to Teniente60
Teniente60 collected $0.02 from pot
Teniente60: doesn't show hand 
*** SUMMARY ***
Total pot $0.02 | Rake $0 
Seat 1: Nikitaa87 (button) folded before Flop (didn't bet)
Seat 3: betonbau (small blind) folded before Flop
Seat 6: Teniente60 (big blind) collected ($0.02)
Seat 8: Vovo_777880 folded before Flop (didn't bet)
Seat 9: Dorex2007 folded before Flop (didn't bet)



PokerStars Hand #230453652708:  Hold'em No Limit ($0.01/$0.02 USD) - 2021/10/08 12:33:41 PT [2021/10/08 15:33:41 ET]
Table 'Aase II' 9-max Seat #3 is the button
Seat 1: Nikitaa87 ($2 in chips) 
Seat 3: betonbau ($6.51 in chips) 
Seat 6: Teniente60 ($1.60 in chips) 
Seat 8: Vovo_777880 ($1.72 in chips) 
Seat 9: Dorex2007 ($2 in chips) 
Teniente60: posts small blind $0.01
Vovo_777880: posts big blind $0.02
Silen4ik88: sits out 
*** HOLE CARDS ***
Dealt to Dorex2007 [3d 8s]
Dorex2007: folds 
Nikitaa87: folds 
betonbau: calls $0.02
Teniente60: calls $0.01
Vovo_777880: checks 
*** FLOP *** [4d 7c 8h]
Teniente60: checks 
Vovo_777880: checks 
betonbau: bets $0.06
Teniente60: folds 
Vovo_777880: folds 
Uncalled bet ($0.06) returned to betonbau
betonbau collected $0.06 from pot
MichaZimb leaves the table
betonbau: doesn't show hand 
*** SUMMARY ***
Total pot $0.06 | Rake $0 
Board [4d 7c 8h]
Seat 1: Nikitaa87 folded before Flop (didn't bet)
Seat 3: betonbau (button) collected ($0.06)
Seat 6: Teniente60 (small blind) folded on the Flop
Seat 8: Vovo_777880 (big blind) folded on the Flop
Seat 9: Dorex2007 folded before Flop (didn't bet)



PokerStars Hand #230453676694:  Hold'em No Limit ($0.01/$0.02 USD) - 2021/10/08 12:34:16 PT [2021/10/08 15:34:16 ET]
Table 'Aase II' 9-max Seat #6 is the button
Seat 1: Nikitaa87 ($2 in chips) 
Seat 3: betonbau ($6.55 in chips) 
Seat 6: Teniente60 ($1.58 in chips) 
Seat 9: Dorex2007 ($2 in chips) 
Vovo_777880: is sitting out 
Vovo_777880 leaves the table
Dorex2007: posts small blind $0.01
Nikitaa87: posts big blind $0.02
Silen4ik88: sits out 
mmac25: sits out 
*** HOLE CARDS ***
Dealt to Dorex2007 [6d 9d]
betonbau: calls $0.02
Teniente60: folds 
Dorex2007: folds 
Teniente60 leaves the table
Nikitaa87: checks 
*** FLOP *** [2s 3d Tc]
Nikitaa87: checks 
betonbau: checks 
*** TURN *** [2s 3d Tc] [4d]
Nikitaa87: folds 
Nikitaa87 leaves the table
betonbau collected $0.05 from pot
betonbau: doesn't show hand 
*** SUMMARY ***
Total pot $0.05 | Rake $0 
Board [2s 3d Tc 4d]
Seat 1: Nikitaa87 (big blind) folded on the Turn
Seat 3: betonbau collected ($0.05)
Seat 6: Teniente60 (button) folded before Flop (didn't bet)
Seat 9: Dorex2007 (small blind) folded before Flop



PokerStars Hand #230453687254:  Hold'em No Limit ($0.01/$0.02 USD) - 2021/10/08 12:34:37 PT [2021/10/08 15:34:37 ET]
Table 'Aase II' 9-max Seat #9 is the button
Seat 3: betonbau ($6.58 in chips) 
Seat 5: mmac25 ($2.06 in chips) 
Seat 9: Dorex2007 ($2 in chips) 
betonbau: posts small blind $0.01
mmac25: posts big blind $0.02
*** HOLE CARDS ***
Dealt to Dorex2007 [As 4s]
Dorex2007: raises $0.04 to $0.06
betonbau: folds 
mmac25: calls $0.04
*** FLOP *** [9c 6h 2s]
betonbau leaves the table
mmac25: checks 
Dorex2007: bets $0.09
mmac25: folds 
Uncalled bet ($0.09) returned to Dorex2007
Dorex2007 collected $0.13 from pot
Dorex2007: doesn't show hand 
*** SUMMARY ***
Total pot $0.13 | Rake $0 
Board [9c 6h 2s]
Seat 3: betonbau (small blind) folded before Flop
Seat 5: mmac25 (big blind) folded on the Flop
Seat 9: Dorex2007 (button) collected ($0.13)



