PokerStars Hand #224576710665:  Hold'em No Limit ($0.01/$0.02 USD) - 2021/03/07 15:35:53 PT [2021/03/07 18:35:53 ET]
Table 'Adele III' 9-max Seat #4 is the button
Seat 1: wcopali195 ($1.09 in chips) 
Seat 2: MA551VE ($2.82 in chips) 
Seat 3: darkesstar ($0.14 in chips) 
Seat 4: cberto09 ($2.87 in chips) 
Seat 5: MelchiorF1 ($2.48 in chips) 
Seat 6: Dorex2007 ($1.50 in chips) 
Seat 7: bandera28021993 ($1.15 in chips) 
Seat 8: Agneobr ($1.51 in chips) 
MelchiorF1: posts small blind $0.01
Dorex2007: posts big blind $0.02
Rabb1st: sits out 
*** HOLE CARDS ***
Dealt to Dorex2007 [Qh Ac]
bandera28021993: folds 
Agneobr: folds 
wcopali195: raises $0.04 to $0.06
MA551VE: raises $0.20 to $0.26
darkesstar: folds 
cberto09: folds 
MelchiorF1: folds 
Dorex2007: folds 
wcopali195: calls $0.20
*** FLOP *** [Jc Jd 5h]
wcopali195: checks 
MA551VE: bets $0.53
wcopali195: raises $0.30 to $0.83 and is all-in
MA551VE: calls $0.30
*** TURN *** [Jc Jd 5h] [As]
*** RIVER *** [Jc Jd 5h As] [Jh]
*** SHOW DOWN ***
wcopali195: shows [Kc Kd] (a full house, Jacks full of Kings)
MA551VE: shows [Kh Ks] (a full house, Jacks full of Kings)
wcopali195 collected $1.07 from pot
MA551VE collected $1.06 from pot
*** SUMMARY ***
Total pot $2.21 | Rake $0.08 
Board [Jc Jd 5h As Jh]
Seat 1: wcopali195 showed [Kc Kd] and won ($1.07) with a full house, Jacks full of Kings
Seat 2: MA551VE showed [Kh Ks] and won ($1.06) with a full house, Jacks full of Kings
Seat 3: darkesstar folded before Flop (didn't bet)
Seat 4: cberto09 (button) folded before Flop (didn't bet)
Seat 5: MelchiorF1 (small blind) folded before Flop
Seat 6: Dorex2007 (big blind) folded before Flop
Seat 7: bandera28021993 folded before Flop (didn't bet)
Seat 8: Agneobr folded before Flop (didn't bet)



PokerStars Hand #224576755039:  Hold'em No Limit ($0.01/$0.02 USD) - 2021/03/07 15:36:57 PT [2021/03/07 18:36:57 ET]
Table 'Adele III' 9-max Seat #5 is the button
Seat 1: wcopali195 ($1.07 in chips) 
Seat 2: MA551VE ($2.79 in chips) 
Seat 3: darkesstar ($0.14 in chips) 
Seat 4: cberto09 ($2.87 in chips) 
Seat 5: MelchiorF1 ($2.47 in chips) 
Seat 6: Dorex2007 ($1.48 in chips) 
Seat 7: bandera28021993 ($1.15 in chips) 
Seat 8: Agneobr ($1.51 in chips) 
Dorex2007: posts small blind $0.01
bandera28021993: posts big blind $0.02
Rabb1st: sits out 
*** HOLE CARDS ***
Dealt to Dorex2007 [2h Ad]
Agneobr: folds 
wcopali195: folds 
MA551VE: calls $0.02
darkesstar: calls $0.02
cberto09: folds 
MelchiorF1: raises $0.06 to $0.08
Dorex2007: folds 
bandera28021993: calls $0.06
MA551VE: folds 
darkesstar: calls $0.06
*** FLOP *** [4s 7s 3h]
bandera28021993: checks 
darkesstar: bets $0.02
MelchiorF1: raises $0.10 to $0.12
bandera28021993: folds 
darkesstar: calls $0.04 and is all-in
Uncalled bet ($0.06) returned to MelchiorF1
*** TURN *** [4s 7s 3h] [Qh]
*** RIVER *** [4s 7s 3h Qh] [8s]
*** SHOW DOWN ***
darkesstar: shows [5h As] (high card Ace)
MelchiorF1: shows [Jh Jd] (a pair of Jacks)
MelchiorF1 collected $0.38 from pot
darkesstar cashed out the hand for $0.18
*** SUMMARY ***
Total pot $0.39 | Rake $0.01 
Board [4s 7s 3h Qh 8s]
Seat 1: wcopali195 folded before Flop (didn't bet)
Seat 2: MA551VE folded before Flop
Seat 3: darkesstar showed [5h As] and lost with high card Ace (cashed out).
Seat 4: cberto09 folded before Flop (didn't bet)
Seat 5: MelchiorF1 (button) showed [Jh Jd] and won ($0.38) with a pair of Jacks
Seat 6: Dorex2007 (small blind) folded before Flop
Seat 7: bandera28021993 (big blind) folded on the Flop
Seat 8: Agneobr folded before Flop (didn't bet)



PokerStars Hand #224576787560:  Hold'em No Limit ($0.01/$0.02 USD) - 2021/03/07 15:37:56 PT [2021/03/07 18:37:56 ET]
Table 'Adele III' 9-max Seat #6 is the button
Seat 1: wcopali195 ($1.07 in chips) 
Seat 2: MA551VE ($2.77 in chips) 
Seat 3: darkesstar ($0.18 in chips) 
Seat 4: cberto09 ($2.87 in chips) 
Seat 5: MelchiorF1 ($2.71 in chips) 
Seat 6: Dorex2007 ($1.47 in chips) 
Seat 7: bandera28021993 ($1.07 in chips) 
Seat 8: Agneobr ($1.51 in chips) 
bandera28021993: posts small blind $0.01
Agneobr: posts big blind $0.02
Rabb1st: sits out 
*** HOLE CARDS ***
Dealt to Dorex2007 [Qs 8h]
wcopali195: calls $0.02
MA551VE: calls $0.02
darkesstar: raises $0.02 to $0.04
cberto09: calls $0.04
MelchiorF1: folds 
Dorex2007: folds 
bandera28021993: calls $0.03
Agneobr: folds 
wcopali195: calls $0.02
MA551VE: calls $0.02
*** FLOP *** [2c 5s 6s]
bandera28021993: bets $0.08
wcopali195: folds 
MA551VE: calls $0.08
darkesstar: calls $0.08
cberto09: folds 
*** TURN *** [2c 5s 6s] [6c]
bandera28021993: checks 
MA551VE: checks 
darkesstar: bets $0.06 and is all-in
bandera28021993: calls $0.06
MA551VE: raises $0.16 to $0.22
bandera28021993: calls $0.16
*** RIVER *** [2c 5s 6s 6c] [Jc]
bandera28021993: bets $0.73 and is all-in
MA551VE: calls $0.73
*** SHOW DOWN ***
bandera28021993: shows [3c 4s] (a straight, Deuce to Six)
MA551VE: shows [9s 9d] (two pair, Nines and Sixes)
bandera28021993 collected $1.72 from side pot
darkesstar: shows [2d Kh] (two pair, Sixes and Deuces)
bandera28021993 collected $0.62 from main pot
*** SUMMARY ***
Total pot $2.42 Main pot $0.62. Side pot $1.72. | Rake $0.08 
Board [2c 5s 6s 6c Jc]
Seat 1: wcopali195 folded on the Flop
Seat 2: MA551VE showed [9s 9d] and lost with two pair, Nines and Sixes
Seat 3: darkesstar showed [2d Kh] and lost with two pair, Sixes and Deuces
Seat 4: cberto09 folded on the Flop
Seat 5: MelchiorF1 folded before Flop (didn't bet)
Seat 6: Dorex2007 (button) folded before Flop (didn't bet)
Seat 7: bandera28021993 (small blind) showed [3c 4s] and won ($2.34) with a straight, Deuce to Six
Seat 8: Agneobr (big blind) folded before Flop



PokerStars Hand #224576849397:  Hold'em No Limit ($0.01/$0.02 USD) - 2021/03/07 15:39:51 PT [2021/03/07 18:39:51 ET]
Table 'Adele III' 9-max Seat #7 is the button
Seat 1: wcopali195 ($1.03 in chips) 
Seat 2: MA551VE ($2 in chips) 
Seat 4: cberto09 ($2.83 in chips) 
Seat 5: MelchiorF1 ($2.71 in chips) 
Seat 6: Dorex2007 ($1.47 in chips) 
Seat 7: bandera28021993 ($2.34 in chips) 
Seat 8: Agneobr ($1.49 in chips) 
Seat 9: Rabb1st ($2 in chips) 
Agneobr: posts small blind $0.01
Rabb1st: posts big blind $0.02
*** HOLE CARDS ***
Dealt to Dorex2007 [Th 9h]
wcopali195: folds 
MA551VE: calls $0.02
cberto09: folds 
MelchiorF1: folds 
Dorex2007: raises $0.06 to $0.08
bandera28021993: folds 
bandera28021993 leaves the table
Agneobr: calls $0.07
Rabb1st: folds 
MA551VE: folds 
*** FLOP *** [3h 4s 7c]
Agneobr: checks 
Dorex2007: bets $0.14
Frosty346 joins the table at seat #7 
Agneobr: calls $0.14
*** TURN *** [3h 4s 7c] [2s]
Agneobr: checks 
Dorex2007: bets $0.35
Agneobr: calls $0.35
*** RIVER *** [3h 4s 7c 2s] [Ac]
Agneobr: bets $0.92 and is all-in
Dorex2007: folds 
Uncalled bet ($0.92) returned to Agneobr
Agneobr collected $1.14 from pot
Agneobr: doesn't show hand 
*** SUMMARY ***
Total pot $1.18 | Rake $0.04 
Board [3h 4s 7c 2s Ac]
Seat 1: wcopali195 folded before Flop (didn't bet)
Seat 2: MA551VE folded before Flop
Seat 4: cberto09 folded before Flop (didn't bet)
Seat 5: MelchiorF1 folded before Flop (didn't bet)
Seat 6: Dorex2007 folded on the River
Seat 7: bandera28021993 (button) folded before Flop (didn't bet)
Seat 8: Agneobr (small blind) collected ($1.14)
Seat 9: Rabb1st (big blind) folded before Flop



PokerStars Hand #224576885168:  Hold'em No Limit ($0.01/$0.02 USD) - 2021/03/07 15:40:57 PT [2021/03/07 18:40:57 ET]
Table 'Adele III' 9-max Seat #8 is the button
Seat 1: wcopali195 ($1.03 in chips) 
Seat 2: MA551VE ($2 in chips) 
Seat 3: darkesstar ($0.80 in chips) 
Seat 4: cberto09 ($2.83 in chips) 
Seat 5: MelchiorF1 ($2.71 in chips) 
Seat 6: Dorex2007 ($0.90 in chips) 
Seat 7: Frosty346 ($1.20 in chips) 
Seat 8: Agneobr ($2.06 in chips) 
Seat 9: Rabb1st ($2 in chips) 
Rabb1st: posts small blind $0.01
wcopali195: posts big blind $0.02
Frosty346: posts big blind $0.02
*** HOLE CARDS ***
Dealt to Dorex2007 [3s 7c]
MA551VE: folds 
darkesstar: calls $0.02
cberto09: folds 
MelchiorF1: folds 
Dorex2007: folds 
Frosty346: checks 
Agneobr: folds 
Rabb1st: folds 
wcopali195: checks 
*** FLOP *** [2d Kc Js]
wcopali195: checks 
darkesstar: bets $0.02
Frosty346: calls $0.02
wcopali195: calls $0.02
*** TURN *** [2d Kc Js] [Ac]
wcopali195: checks 
darkesstar: bets $0.10
Frosty346: folds 
wcopali195: folds 
Uncalled bet ($0.10) returned to darkesstar
darkesstar collected $0.13 from pot
darkesstar: doesn't show hand 
*** SUMMARY ***
Total pot $0.13 | Rake $0 
Board [2d Kc Js Ac]
Seat 1: wcopali195 (big blind) folded on the Turn
Seat 2: MA551VE folded before Flop (didn't bet)
Seat 3: darkesstar collected ($0.13)
Seat 4: cberto09 folded before Flop (didn't bet)
Seat 5: MelchiorF1 folded before Flop (didn't bet)
Seat 6: Dorex2007 folded before Flop (didn't bet)
Seat 7: Frosty346 folded on the Turn
Seat 8: Agneobr (button) folded before Flop (didn't bet)
Seat 9: Rabb1st (small blind) folded before Flop



PokerStars Hand #224576914671:  Hold'em No Limit ($0.01/$0.02 USD) - 2021/03/07 15:41:51 PT [2021/03/07 18:41:51 ET]
Table 'Adele III' 9-max Seat #9 is the button
Seat 1: wcopali195 ($0.99 in chips) 
Seat 2: MA551VE ($2 in chips) 
Seat 3: darkesstar ($0.89 in chips) 
Seat 4: cberto09 ($2.83 in chips) 
Seat 5: MelchiorF1 ($2.71 in chips) 
Seat 6: Dorex2007 ($2 in chips) 
Seat 7: Frosty346 ($1.16 in chips) 
Seat 8: Agneobr ($2.06 in chips) 
Seat 9: Rabb1st ($2 in chips) 
wcopali195: posts small blind $0.01
MA551VE: posts big blind $0.02
*** HOLE CARDS ***
Dealt to Dorex2007 [Kd Ac]
darkesstar: calls $0.02
cberto09: raises $0.04 to $0.06
MelchiorF1: folds 
Dorex2007: raises $0.10 to $0.16
Frosty346: folds 
Agneobr: folds 
Rabb1st: folds 
wcopali195: folds 
MA551VE: folds 
darkesstar: folds 
cberto09: folds 
Uncalled bet ($0.10) returned to Dorex2007
Dorex2007 collected $0.17 from pot
Dorex2007: doesn't show hand 
*** SUMMARY ***
Total pot $0.17 | Rake $0 
Seat 1: wcopali195 (small blind) folded before Flop
Seat 2: MA551VE (big blind) folded before Flop
Seat 3: darkesstar folded before Flop
Seat 4: cberto09 folded before Flop
Seat 5: MelchiorF1 folded before Flop (didn't bet)
Seat 6: Dorex2007 collected ($0.17)
Seat 7: Frosty346 folded before Flop (didn't bet)
Seat 8: Agneobr folded before Flop (didn't bet)
Seat 9: Rabb1st (button) folded before Flop (didn't bet)



PokerStars Hand #224576938708:  Hold'em No Limit ($0.01/$0.02 USD) - 2021/03/07 15:42:37 PT [2021/03/07 18:42:37 ET]
Table 'Adele III' 9-max Seat #1 is the button
Seat 1: wcopali195 ($0.98 in chips) 
Seat 2: MA551VE ($2 in chips) 
Seat 3: darkesstar ($0.87 in chips) 
Seat 4: cberto09 ($2.77 in chips) 
Seat 5: MelchiorF1 ($2.71 in chips) 
Seat 6: Dorex2007 ($2.11 in chips) 
Seat 7: Frosty346 ($1.16 in chips) 
Seat 8: Agneobr ($2.06 in chips) 
Seat 9: Rabb1st ($2 in chips) 
MA551VE: posts small blind $0.01
darkesstar: posts big blind $0.02
*** HOLE CARDS ***
Dealt to Dorex2007 [8c Tc]
cberto09: folds 
MelchiorF1: folds 
Dorex2007: folds 
Frosty346: folds 
Agneobr: folds 
Rabb1st: folds 
wcopali195: raises $0.04 to $0.06
MA551VE: folds 
darkesstar: calls $0.04
*** FLOP *** [8s 6d 4c]
darkesstar: checks 
wcopali195: bets $0.06
darkesstar: calls $0.06
*** TURN *** [8s 6d 4c] [Jd]
darkesstar: checks 
wcopali195: bets $0.24
darkesstar: calls $0.24
*** RIVER *** [8s 6d 4c Jd] [4h]
darkesstar: checks 
wcopali195: bets $0.22
darkesstar: calls $0.22
*** SHOW DOWN ***
wcopali195: shows [6h 4d] (a full house, Fours full of Sixes)
darkesstar: mucks hand 
wcopali195 collected $1.13 from pot
*** SUMMARY ***
Total pot $1.17 | Rake $0.04 
Board [8s 6d 4c Jd 4h]
Seat 1: wcopali195 (button) showed [6h 4d] and won ($1.13) with a full house, Fours full of Sixes
Seat 2: MA551VE (small blind) folded before Flop
Seat 3: darkesstar (big blind) mucked [Kh 2d]
Seat 4: cberto09 folded before Flop (didn't bet)
Seat 5: MelchiorF1 folded before Flop (didn't bet)
Seat 6: Dorex2007 folded before Flop (didn't bet)
Seat 7: Frosty346 folded before Flop (didn't bet)
Seat 8: Agneobr folded before Flop (didn't bet)
Seat 9: Rabb1st folded before Flop (didn't bet)



PokerStars Hand #224577293365:  Hold'em No Limit ($0.01/$0.02 USD) - 2021/03/07 15:53:35 PT [2021/03/07 18:53:35 ET]
Table 'Adele III' 9-max Seat #4 is the button
Seat 1: wcopali195 ($1.50 in chips) 
Seat 3: rodrigoxher ($2.05 in chips) 
Seat 4: cberto09 ($2.93 in chips) 
Seat 5: MelchiorF1 ($2.85 in chips) 
Seat 6: Dorex2007 ($2.11 in chips) 
Seat 7: Frosty346 ($1.21 in chips) 
Seat 8: Agneobr ($1.90 in chips) 
Seat 9: Rabb1st ($2.05 in chips) 
MelchiorF1: posts small blind $0.01
Dorex2007: posts big blind $0.02
truceskates: sits out 
*** HOLE CARDS ***
Dealt to Dorex2007 [Qc 7c]
Frosty346: folds 
Agneobr: raises $0.03 to $0.05
Rabb1st: folds 
wcopali195: folds 
rodrigoxher: folds 
cberto09: calls $0.05
MelchiorF1: folds 
Dorex2007: folds 
*** FLOP *** [9s 3d 5s]
Agneobr: checks 
cberto09: checks 
*** TURN *** [9s 3d 5s] [4d]
Agneobr: bets $0.05
cberto09: folds 
Uncalled bet ($0.05) returned to Agneobr
Agneobr collected $0.13 from pot
Agneobr: doesn't show hand 
*** SUMMARY ***
Total pot $0.13 | Rake $0 
Board [9s 3d 5s 4d]
Seat 1: wcopali195 folded before Flop (didn't bet)
Seat 3: rodrigoxher folded before Flop (didn't bet)
Seat 4: cberto09 (button) folded on the Turn
Seat 5: MelchiorF1 (small blind) folded before Flop
Seat 6: Dorex2007 (big blind) folded before Flop
Seat 7: Frosty346 folded before Flop (didn't bet)
Seat 8: Agneobr collected ($0.13)
Seat 9: Rabb1st folded before Flop (didn't bet)



PokerStars Hand #224577334400:  Hold'em No Limit ($0.01/$0.02 USD) - 2021/03/07 15:55:00 PT [2021/03/07 18:55:00 ET]
Table 'Adele III' 9-max Seat #5 is the button
Seat 1: wcopali195 ($1.50 in chips) 
Seat 3: rodrigoxher ($2.05 in chips) 
Seat 4: cberto09 ($2.88 in chips) 
Seat 5: MelchiorF1 ($2.84 in chips) 
Seat 6: Dorex2007 ($2.09 in chips) 
Seat 7: Frosty346 ($1.21 in chips) 
Seat 8: Agneobr ($1.98 in chips) 
Seat 9: Rabb1st ($2.05 in chips) 
Dorex2007: posts small blind $0.01
Frosty346: posts big blind $0.02
truceskates: sits out 
*** HOLE CARDS ***
Dealt to Dorex2007 [2s 2d]
Agneobr: folds 
Rabb1st: folds 
wcopali195: folds 
rodrigoxher: folds 
cberto09: raises $0.05 to $0.07
MelchiorF1: raises $0.05 to $0.12
Dorex2007: folds 
Frosty346: folds 
cberto09: folds 
Uncalled bet ($0.05) returned to MelchiorF1
MelchiorF1 collected $0.17 from pot
MelchiorF1: doesn't show hand 
*** SUMMARY ***
Total pot $0.17 | Rake $0 
Seat 1: wcopali195 folded before Flop (didn't bet)
Seat 3: rodrigoxher folded before Flop (didn't bet)
Seat 4: cberto09 folded before Flop
Seat 5: MelchiorF1 (button) collected ($0.17)
Seat 6: Dorex2007 (small blind) folded before Flop
Seat 7: Frosty346 (big blind) folded before Flop
Seat 8: Agneobr folded before Flop (didn't bet)
Seat 9: Rabb1st folded before Flop (didn't bet)



PokerStars Hand #224577345332:  Hold'em No Limit ($0.01/$0.02 USD) - 2021/03/07 15:55:31 PT [2021/03/07 18:55:31 ET]
Table 'Adele III' 9-max Seat #6 is the button
Seat 1: wcopali195 ($1.50 in chips) 
Seat 3: rodrigoxher ($2.05 in chips) 
Seat 4: cberto09 ($2.81 in chips) 
Seat 5: MelchiorF1 ($2.94 in chips) 
Seat 6: Dorex2007 ($2.08 in chips) 
Seat 7: Frosty346 ($1.19 in chips) 
Seat 8: Agneobr ($1.98 in chips) 
Seat 9: Rabb1st ($2.05 in chips) 
Frosty346: posts small blind $0.01
Agneobr: posts big blind $0.02
truceskates: sits out 
*** HOLE CARDS ***
Dealt to Dorex2007 [6d 9h]
Rabb1st: raises $0.04 to $0.06
wcopali195: folds 
rodrigoxher: folds 
cberto09: folds 
MelchiorF1: calls $0.06
Dorex2007: folds 
Frosty346: folds 
Agneobr: calls $0.04
*** FLOP *** [4s 6h 4c]
Agneobr: checks 
Rabb1st: bets $0.10
MelchiorF1: folds 
Agneobr: calls $0.10
*** TURN *** [4s 6h 4c] [Qd]
Agneobr: checks 
wcopali195 leaves the table
Rabb1st: bets $0.19
Agneobr: folds 
Uncalled bet ($0.19) returned to Rabb1st
Rabb1st collected $0.38 from pot
Rabb1st: doesn't show hand 
*** SUMMARY ***
Total pot $0.39 | Rake $0.01 
Board [4s 6h 4c Qd]
Seat 1: wcopali195 folded before Flop (didn't bet)
Seat 3: rodrigoxher folded before Flop (didn't bet)
Seat 4: cberto09 folded before Flop (didn't bet)
Seat 5: MelchiorF1 folded on the Flop
Seat 6: Dorex2007 (button) folded before Flop (didn't bet)
Seat 7: Frosty346 (small blind) folded before Flop
Seat 8: Agneobr (big blind) folded on the Turn
Seat 9: Rabb1st collected ($0.38)



PokerStars Hand #224577370977:  Hold'em No Limit ($0.01/$0.02 USD) - 2021/03/07 15:56:40 PT [2021/03/07 18:56:40 ET]
Table 'Adele III' 9-max Seat #7 is the button
Seat 3: rodrigoxher ($2.05 in chips) 
Seat 4: cberto09 ($2.81 in chips) 
Seat 5: MelchiorF1 ($2.88 in chips) 
Seat 6: Dorex2007 ($2.08 in chips) 
Seat 7: Frosty346 ($1.18 in chips) 
Seat 8: Agneobr ($1.82 in chips) 
Seat 9: Rabb1st ($2.27 in chips) 
Agneobr: posts small blind $0.01
Rabb1st: posts big blind $0.02
truceskates: sits out 
*** HOLE CARDS ***
Dealt to Dorex2007 [9h 2s]
rodrigoxher: folds 
cberto09: folds 
MelchiorF1: folds 
Dorex2007: folds 
Frosty346: folds 
Agneobr: folds 
Uncalled bet ($0.01) returned to Rabb1st
Rabb1st collected $0.02 from pot
Rabb1st: doesn't show hand 
*** SUMMARY ***
Total pot $0.02 | Rake $0 
Seat 3: rodrigoxher folded before Flop (didn't bet)
Seat 4: cberto09 folded before Flop (didn't bet)
Seat 5: MelchiorF1 folded before Flop (didn't bet)
Seat 6: Dorex2007 folded before Flop (didn't bet)
Seat 7: Frosty346 (button) folded before Flop (didn't bet)
Seat 8: Agneobr (small blind) folded before Flop
Seat 9: Rabb1st (big blind) collected ($0.02)



PokerStars Hand #224577375389:  Hold'em No Limit ($0.01/$0.02 USD) - 2021/03/07 15:56:53 PT [2021/03/07 18:56:53 ET]
Table 'Adele III' 9-max Seat #8 is the button
Seat 2: truceskates ($2 in chips) 
Seat 3: rodrigoxher ($2.05 in chips) 
Seat 4: cberto09 ($2.81 in chips) 
Seat 5: MelchiorF1 ($2.88 in chips) 
Seat 6: Dorex2007 ($2.08 in chips) 
Seat 7: Frosty346 ($1.18 in chips) 
Seat 8: Agneobr ($1.81 in chips) 
Seat 9: Rabb1st ($2.28 in chips) 
Rabb1st: posts small blind $0.01
AlineMaceedo joins the table at seat #1 
truceskates: posts big blind $0.02
*** HOLE CARDS ***
Dealt to Dorex2007 [7h Jc]
rodrigoxher: raises $0.04 to $0.06
cberto09: folds 
MelchiorF1: folds 
Dorex2007: folds 
Frosty346: folds 
Agneobr: folds 
Rabb1st: folds 
truceskates: folds 
Uncalled bet ($0.04) returned to rodrigoxher
rodrigoxher collected $0.05 from pot
rodrigoxher: doesn't show hand 
*** SUMMARY ***
Total pot $0.05 | Rake $0 
Seat 2: truceskates (big blind) folded before Flop
Seat 3: rodrigoxher collected ($0.05)
Seat 4: cberto09 folded before Flop (didn't bet)
Seat 5: MelchiorF1 folded before Flop (didn't bet)
Seat 6: Dorex2007 folded before Flop (didn't bet)
Seat 7: Frosty346 folded before Flop (didn't bet)
Seat 8: Agneobr (button) folded before Flop (didn't bet)
Seat 9: Rabb1st (small blind) folded before Flop



PokerStars Hand #224577385713:  Hold'em No Limit ($0.01/$0.02 USD) - 2021/03/07 15:57:23 PT [2021/03/07 18:57:23 ET]
Table 'Adele III' 9-max Seat #9 is the button
Seat 2: truceskates ($1.98 in chips) 
Seat 3: rodrigoxher ($2.08 in chips) 
Seat 4: cberto09 ($2.81 in chips) 
Seat 5: MelchiorF1 ($2.88 in chips) 
Seat 6: Dorex2007 ($2.08 in chips) 
Seat 7: Frosty346 ($1.18 in chips) 
Seat 8: Agneobr ($1.81 in chips) 
Seat 9: Rabb1st ($2.27 in chips) 
truceskates: posts small blind $0.01
rodrigoxher: posts big blind $0.02
*** HOLE CARDS ***
Dealt to Dorex2007 [Kc Kh]
cberto09: folds 
MelchiorF1: folds 
Dorex2007: raises $0.04 to $0.06
Frosty346: folds 
Agneobr: folds 
Rabb1st: folds 
truceskates: folds 
rodrigoxher: calls $0.04
*** FLOP *** [2c 6c Ac]
rodrigoxher: checks 
Dorex2007: bets $0.13
rodrigoxher: folds 
Uncalled bet ($0.13) returned to Dorex2007
Dorex2007 collected $0.13 from pot
Dorex2007: doesn't show hand 
*** SUMMARY ***
Total pot $0.13 | Rake $0 
Board [2c 6c Ac]
Seat 2: truceskates (small blind) folded before Flop
Seat 3: rodrigoxher (big blind) folded on the Flop
Seat 4: cberto09 folded before Flop (didn't bet)
Seat 5: MelchiorF1 folded before Flop (didn't bet)
Seat 6: Dorex2007 collected ($0.13)
Seat 7: Frosty346 folded before Flop (didn't bet)
Seat 8: Agneobr folded before Flop (didn't bet)
Seat 9: Rabb1st (button) folded before Flop (didn't bet)



PokerStars Hand #224577398636:  Hold'em No Limit ($0.01/$0.02 USD) - 2021/03/07 15:58:01 PT [2021/03/07 18:58:01 ET]
Table 'Adele III' 9-max Seat #2 is the button
Seat 1: AlineMaceedo ($1 in chips) 
Seat 2: truceskates ($1.97 in chips) 
Seat 3: rodrigoxher ($2.02 in chips) 
Seat 4: cberto09 ($2.81 in chips) 
Seat 5: MelchiorF1 ($2.88 in chips) 
Seat 6: Dorex2007 ($2.15 in chips) 
Seat 7: Frosty346 ($1.18 in chips) 
Seat 8: Agneobr ($1.81 in chips) 
Seat 9: Rabb1st ($2.27 in chips) 
rodrigoxher: posts small blind $0.01
cberto09: posts big blind $0.02
AlineMaceedo: posts big blind $0.02
*** HOLE CARDS ***
Dealt to Dorex2007 [3c 8d]
MelchiorF1: folds 
Dorex2007: folds 
Frosty346: calls $0.02
Agneobr: folds 
Rabb1st has timed out
Rabb1st: folds 
AlineMaceedo: checks 
truceskates: folds 
rodrigoxher: folds 
cberto09: checks 
*** FLOP *** [Ah Tc Ac]
cberto09: checks 
Frosty346: bets $0.04
AlineMaceedo: calls $0.04
cberto09: folds 
*** TURN *** [Ah Tc Ac] [7h]
Frosty346: checks 
AlineMaceedo: checks 
*** RIVER *** [Ah Tc Ac 7h] [Ad]
Frosty346: checks 
AlineMaceedo: checks 
*** SHOW DOWN ***
Frosty346: shows [Kc 9s] (three of a kind, Aces)
AlineMaceedo: shows [Td Ks] (a full house, Aces full of Tens)
AlineMaceedo collected $0.14 from pot
*** SUMMARY ***
Total pot $0.15 | Rake $0.01 
Board [Ah Tc Ac 7h Ad]
Seat 1: AlineMaceedo showed [Td Ks] and won ($0.14) with a full house, Aces full of Tens
Seat 2: truceskates (button) folded before Flop (didn't bet)
Seat 3: rodrigoxher (small blind) folded before Flop
Seat 4: cberto09 (big blind) folded on the Flop
Seat 5: MelchiorF1 folded before Flop (didn't bet)
Seat 6: Dorex2007 folded before Flop (didn't bet)
Seat 7: Frosty346 showed [Kc 9s] and lost with three of a kind, Aces
Seat 8: Agneobr folded before Flop (didn't bet)
Seat 9: Rabb1st folded before Flop (didn't bet)



PokerStars Hand #224577422780:  Hold'em No Limit ($0.01/$0.02 USD) - 2021/03/07 15:59:12 PT [2021/03/07 18:59:12 ET]
Table 'Adele III' 9-max Seat #3 is the button
Seat 1: AlineMaceedo ($1.08 in chips) 
Seat 2: truceskates ($1.97 in chips) 
Seat 3: rodrigoxher ($2.01 in chips) 
Seat 4: cberto09 ($2.79 in chips) 
Seat 5: MelchiorF1 ($2.88 in chips) 
Seat 6: Dorex2007 ($2.15 in chips) 
Seat 7: Frosty346 ($1.12 in chips) 
Seat 8: Agneobr ($1.81 in chips) 
Seat 9: Rabb1st ($2.27 in chips) 
cberto09: posts small blind $0.01
MelchiorF1: posts big blind $0.02
*** HOLE CARDS ***
Dealt to Dorex2007 [9s 4c]
Dorex2007: folds 
Frosty346: folds 
Agneobr: folds 
Rabb1st: folds 
AlineMaceedo: calls $0.02
truceskates: raises $0.07 to $0.09
rodrigoxher: folds 
cberto09: folds 
MelchiorF1: folds 
AlineMaceedo: calls $0.07
*** FLOP *** [4d 9c 7h]
AlineMaceedo: checks 
truceskates: checks 
*** TURN *** [4d 9c 7h] [Qh]
AlineMaceedo: checks 
truceskates: bets $0.13
AlineMaceedo: folds 
Uncalled bet ($0.13) returned to truceskates
truceskates collected $0.20 from pot
truceskates: doesn't show hand 
*** SUMMARY ***
Total pot $0.21 | Rake $0.01 
Board [4d 9c 7h Qh]
Seat 1: AlineMaceedo folded on the Turn
Seat 2: truceskates collected ($0.20)
Seat 3: rodrigoxher (button) folded before Flop (didn't bet)
Seat 4: cberto09 (small blind) folded before Flop
Seat 5: MelchiorF1 (big blind) folded before Flop
Seat 6: Dorex2007 folded before Flop (didn't bet)
Seat 7: Frosty346 folded before Flop (didn't bet)
Seat 8: Agneobr folded before Flop (didn't bet)
Seat 9: Rabb1st folded before Flop (didn't bet)



PokerStars Hand #224577444115:  Hold'em No Limit ($0.01/$0.02 USD) - 2021/03/07 16:00:14 PT [2021/03/07 19:00:14 ET]
Table 'Adele III' 9-max Seat #4 is the button
Seat 1: AlineMaceedo ($0.99 in chips) 
Seat 2: truceskates ($2.08 in chips) 
Seat 3: rodrigoxher ($2.01 in chips) 
Seat 4: cberto09 ($2.78 in chips) 
Seat 5: MelchiorF1 ($2.86 in chips) 
Seat 6: Dorex2007 ($2.15 in chips) 
Seat 7: Frosty346 ($1.12 in chips) 
Seat 8: Agneobr ($1.81 in chips) 
Seat 9: Rabb1st ($2.27 in chips) 
MelchiorF1: posts small blind $0.01
Dorex2007: posts big blind $0.02
*** HOLE CARDS ***
Dealt to Dorex2007 [Kc Qd]
Frosty346: folds 
Agneobr: folds 
Rabb1st: folds 
AlineMaceedo: folds 
truceskates: folds 
rodrigoxher: raises $0.04 to $0.06
cberto09: folds 
MelchiorF1: folds 
Dorex2007: calls $0.04
*** FLOP *** [Jc 4c Tc]
Dorex2007: bets $0.13
rodrigoxher: calls $0.13
*** TURN *** [Jc 4c Tc] [8c]
Dorex2007: checks 
rodrigoxher: checks 
*** RIVER *** [Jc 4c Tc 8c] [7s]
Dorex2007: bets $0.19
rodrigoxher: folds 
Uncalled bet ($0.19) returned to Dorex2007
Dorex2007 collected $0.38 from pot
Dorex2007: doesn't show hand 
*** SUMMARY ***
Total pot $0.39 | Rake $0.01 
Board [Jc 4c Tc 8c 7s]
Seat 1: AlineMaceedo folded before Flop (didn't bet)
Seat 2: truceskates folded before Flop (didn't bet)
Seat 3: rodrigoxher folded on the River
Seat 4: cberto09 (button) folded before Flop (didn't bet)
Seat 5: MelchiorF1 (small blind) folded before Flop
Seat 6: Dorex2007 (big blind) collected ($0.38)
Seat 7: Frosty346 folded before Flop (didn't bet)
Seat 8: Agneobr folded before Flop (didn't bet)
Seat 9: Rabb1st folded before Flop (didn't bet)



PokerStars Hand #224577469172:  Hold'em No Limit ($0.01/$0.02 USD) - 2021/03/07 16:01:17 PT [2021/03/07 19:01:17 ET]
Table 'Adele III' 9-max Seat #5 is the button
Seat 1: AlineMaceedo ($0.99 in chips) 
Seat 2: truceskates ($2.08 in chips) 
Seat 3: rodrigoxher ($2 in chips) 
Seat 4: cberto09 ($2.78 in chips) 
Seat 5: MelchiorF1 ($2.85 in chips) 
Seat 6: Dorex2007 ($2.34 in chips) 
Seat 7: Frosty346 ($1.12 in chips) 
Seat 8: Agneobr ($1.81 in chips) 
Seat 9: Rabb1st ($2.27 in chips) 
Dorex2007: posts small blind $0.01
Frosty346: posts big blind $0.02
*** HOLE CARDS ***
Dealt to Dorex2007 [6d Qs]
Agneobr: raises $0.05 to $0.07
Rabb1st: folds 
AlineMaceedo: calls $0.07
truceskates: folds 
rodrigoxher: folds 
cberto09: folds 
MelchiorF1: folds 
Dorex2007: folds 
Frosty346: folds 
*** FLOP *** [3h 7s 9c]
Frosty346 leaves the table
Agneobr: bets $0.16
AlineMaceedo: folds 
Uncalled bet ($0.16) returned to Agneobr
Agneobr collected $0.16 from pot
Agneobr: doesn't show hand 
*** SUMMARY ***
Total pot $0.17 | Rake $0.01 
Board [3h 7s 9c]
Seat 1: AlineMaceedo folded on the Flop
Seat 2: truceskates folded before Flop (didn't bet)
Seat 3: rodrigoxher folded before Flop (didn't bet)
Seat 4: cberto09 folded before Flop (didn't bet)
Seat 5: MelchiorF1 (button) folded before Flop (didn't bet)
Seat 6: Dorex2007 (small blind) folded before Flop
Seat 7: Frosty346 (big blind) folded before Flop
Seat 8: Agneobr collected ($0.16)
Seat 9: Rabb1st folded before Flop (didn't bet)



PokerStars Hand #224577486005:  Hold'em No Limit ($0.01/$0.02 USD) - 2021/03/07 16:01:55 PT [2021/03/07 19:01:55 ET]
Table 'Adele III' 9-max Seat #6 is the button
Seat 1: AlineMaceedo ($0.92 in chips) 
Seat 2: truceskates ($2.08 in chips) 
Seat 3: rodrigoxher ($2 in chips) 
Seat 4: cberto09 ($2.78 in chips) 
Seat 5: MelchiorF1 ($2.85 in chips) 
Seat 6: Dorex2007 ($2.33 in chips) 
Seat 8: Agneobr ($1.90 in chips) 
Seat 9: Rabb1st ($2.27 in chips) 
Agneobr: posts small blind $0.01
Rabb1st: posts big blind $0.02
*** HOLE CARDS ***
Dealt to Dorex2007 [8h 6h]
AlineMaceedo: folds 
truceskates: folds 
rodrigoxher: folds 
cberto09: folds 
MelchiorF1: folds 
Zonskii05 joins the table at seat #7 
Dorex2007: folds 
Agneobr: folds 
Uncalled bet ($0.01) returned to Rabb1st
Rabb1st collected $0.02 from pot
Rabb1st: doesn't show hand 
*** SUMMARY ***
Total pot $0.02 | Rake $0 
Seat 1: AlineMaceedo folded before Flop (didn't bet)
Seat 2: truceskates folded before Flop (didn't bet)
Seat 3: rodrigoxher folded before Flop (didn't bet)
Seat 4: cberto09 folded before Flop (didn't bet)
Seat 5: MelchiorF1 folded before Flop (didn't bet)
Seat 6: Dorex2007 (button) folded before Flop (didn't bet)
Seat 8: Agneobr (small blind) folded before Flop
Seat 9: Rabb1st (big blind) collected ($0.02)



PokerStars Hand #224577494273:  Hold'em No Limit ($0.01/$0.02 USD) - 2021/03/07 16:02:08 PT [2021/03/07 19:02:08 ET]
Table 'Adele III' 9-max Seat #8 is the button
Seat 1: AlineMaceedo ($0.92 in chips) 
Seat 2: truceskates ($2.08 in chips) 
Seat 3: rodrigoxher ($2 in chips) 
Seat 4: cberto09 ($2.78 in chips) 
Seat 5: MelchiorF1 ($2.85 in chips) 
Seat 6: Dorex2007 ($2.33 in chips) 
Seat 8: Agneobr ($1.89 in chips) 
Seat 9: Rabb1st ($2.28 in chips) 
Rabb1st: posts small blind $0.01
AlineMaceedo: posts big blind $0.02
Zonskii05: sits out 
*** HOLE CARDS ***
Dealt to Dorex2007 [3h Td]
truceskates: calls $0.02
rodrigoxher: folds 
cberto09: folds 
MelchiorF1: folds 
Dorex2007: folds 
Agneobr: folds 
Rabb1st: folds 
AlineMaceedo: checks 
*** FLOP *** [4s Qs Ad]
AlineMaceedo: checks 
truceskates: bets $0.02
AlineMaceedo: folds 
Uncalled bet ($0.02) returned to truceskates
Zonskii05 leaves the table
truceskates collected $0.05 from pot
truceskates: doesn't show hand 
*** SUMMARY ***
Total pot $0.05 | Rake $0 
Board [4s Qs Ad]
Seat 1: AlineMaceedo (big blind) folded on the Flop
Seat 2: truceskates collected ($0.05)
Seat 3: rodrigoxher folded before Flop (didn't bet)
Seat 4: cberto09 folded before Flop (didn't bet)
Seat 5: MelchiorF1 folded before Flop (didn't bet)
Seat 6: Dorex2007 folded before Flop (didn't bet)
Seat 8: Agneobr (button) folded before Flop (didn't bet)
Seat 9: Rabb1st (small blind) folded before Flop



PokerStars Hand #224577516025:  Hold'em No Limit ($0.01/$0.02 USD) - 2021/03/07 16:02:55 PT [2021/03/07 19:02:55 ET]
Table 'Adele III' 9-max Seat #9 is the button
Seat 1: AlineMaceedo ($0.90 in chips) 
Seat 2: truceskates ($2.11 in chips) 
Seat 3: rodrigoxher ($2 in chips) 
Seat 4: cberto09 ($2.78 in chips) 
Seat 5: MelchiorF1 ($2.85 in chips) 
Seat 6: Dorex2007 ($2.33 in chips) 
Seat 8: Agneobr ($1.89 in chips) 
Seat 9: Rabb1st ($2.27 in chips) 
AlineMaceedo: posts small blind $0.01
truceskates: posts big blind $0.02
*** HOLE CARDS ***
Dealt to Dorex2007 [8c Jh]
rodrigoxher: folds 
cberto09: folds 
MelchiorF1: folds 
Dorex2007: folds 
Agneobr: folds 
Rabb1st: folds 
AlineMaceedo: calls $0.01
truceskates: checks 
*** FLOP *** [6h 2s Ts]
AlineMaceedo: checks 
truceskates: checks 
*** TURN *** [6h 2s Ts] [Ks]
AlineMaceedo: checks 
truceskates: checks 
*** RIVER *** [6h 2s Ts Ks] [8h]
TeeSe9 joins the table at seat #7 
AlineMaceedo: checks 
truceskates: bets $0.03
AlineMaceedo: calls $0.03
*** SHOW DOWN ***
truceskates: shows [9d 7d] (a straight, Six to Ten)
AlineMaceedo: mucks hand 
truceskates collected $0.10 from pot
*** SUMMARY ***
Total pot $0.10 | Rake $0 
Board [6h 2s Ts Ks 8h]
Seat 1: AlineMaceedo (small blind) mucked [As 6d]
Seat 2: truceskates (big blind) showed [9d 7d] and won ($0.10) with a straight, Six to Ten
Seat 3: rodrigoxher folded before Flop (didn't bet)
Seat 4: cberto09 folded before Flop (didn't bet)
Seat 5: MelchiorF1 folded before Flop (didn't bet)
Seat 6: Dorex2007 folded before Flop (didn't bet)
Seat 8: Agneobr folded before Flop (didn't bet)
Seat 9: Rabb1st (button) folded before Flop (didn't bet)



PokerStars Hand #224577543310:  Hold'em No Limit ($0.01/$0.02 USD) - 2021/03/07 16:03:53 PT [2021/03/07 19:03:53 ET]
Table 'Adele III' 9-max Seat #1 is the button
Seat 1: AlineMaceedo ($0.85 in chips) 
Seat 2: truceskates ($2.16 in chips) 
Seat 3: rodrigoxher ($2 in chips) 
Seat 4: cberto09 ($2.78 in chips) 
Seat 5: MelchiorF1 ($2.85 in chips) 
Seat 6: Dorex2007 ($2.33 in chips) 
Seat 8: Agneobr ($1.89 in chips) 
Seat 9: Rabb1st ($2.27 in chips) 
truceskates: posts small blind $0.01
rodrigoxher: posts big blind $0.02
TeeSe9: sits out 
*** HOLE CARDS ***
Dealt to Dorex2007 [9d 8d]
cberto09: folds 
MelchiorF1: folds 
Dorex2007: folds 
Agneobr: folds 
Rabb1st: raises $0.04 to $0.06
AlineMaceedo: folds 
truceskates: folds 
rodrigoxher: raises $0.12 to $0.18
Rabb1st: folds 
Uncalled bet ($0.12) returned to rodrigoxher
rodrigoxher collected $0.13 from pot
rodrigoxher: doesn't show hand 
*** SUMMARY ***
Total pot $0.13 | Rake $0 
Seat 1: AlineMaceedo (button) folded before Flop (didn't bet)
Seat 2: truceskates (small blind) folded before Flop
Seat 3: rodrigoxher (big blind) collected ($0.13)
Seat 4: cberto09 folded before Flop (didn't bet)
Seat 5: MelchiorF1 folded before Flop (didn't bet)
Seat 6: Dorex2007 folded before Flop (didn't bet)
Seat 8: Agneobr folded before Flop (didn't bet)
Seat 9: Rabb1st folded before Flop



PokerStars Hand #224577559069:  Hold'em No Limit ($0.01/$0.02 USD) - 2021/03/07 16:04:26 PT [2021/03/07 19:04:26 ET]
Table 'Adele III' 9-max Seat #2 is the button
Seat 1: AlineMaceedo ($0.85 in chips) 
Seat 2: truceskates ($2.15 in chips) 
Seat 3: rodrigoxher ($2.07 in chips) 
Seat 4: cberto09 ($2.78 in chips) 
Seat 5: MelchiorF1 ($2.85 in chips) 
Seat 6: Dorex2007 ($2.33 in chips) 
Seat 8: Agneobr ($1.89 in chips) 
Seat 9: Rabb1st ($2.21 in chips) 
rodrigoxher: posts small blind $0.01
cberto09: posts big blind $0.02
TeeSe9: sits out 
*** HOLE CARDS ***
Dealt to Dorex2007 [6s 9d]
MelchiorF1: raises $0.02 to $0.04
Dorex2007: folds 
Agneobr: calls $0.04
Rabb1st: folds 
AlineMaceedo: calls $0.04
truceskates: calls $0.04
rodrigoxher: calls $0.03
cberto09: calls $0.02
*** FLOP *** [7d Jc 3h]
rodrigoxher: checks 
cberto09: checks 
MelchiorF1: checks 
Agneobr: bets $0.12
AlineMaceedo: folds 
truceskates: folds 
rodrigoxher: folds 
cberto09: folds 
MelchiorF1: folds 
Uncalled bet ($0.12) returned to Agneobr
Agneobr collected $0.23 from pot
Agneobr: doesn't show hand 
*** SUMMARY ***
Total pot $0.24 | Rake $0.01 
Board [7d Jc 3h]
Seat 1: AlineMaceedo folded on the Flop
Seat 2: truceskates (button) folded on the Flop
Seat 3: rodrigoxher (small blind) folded on the Flop
Seat 4: cberto09 (big blind) folded on the Flop
Seat 5: MelchiorF1 folded on the Flop
Seat 6: Dorex2007 folded before Flop (didn't bet)
Seat 8: Agneobr collected ($0.23)
Seat 9: Rabb1st folded before Flop (didn't bet)



PokerStars Hand #224577602761:  Hold'em No Limit ($0.01/$0.02 USD) - 2021/03/07 16:05:43 PT [2021/03/07 19:05:43 ET]
Table 'Adele III' 9-max Seat #3 is the button
Seat 1: AlineMaceedo ($0.81 in chips) 
Seat 2: truceskates ($2.11 in chips) 
Seat 3: rodrigoxher ($2.03 in chips) 
Seat 4: cberto09 ($2.74 in chips) 
Seat 5: MelchiorF1 ($2.81 in chips) 
Seat 6: Dorex2007 ($2.33 in chips) 
Seat 8: Agneobr ($2.08 in chips) 
Seat 9: Rabb1st ($2.21 in chips) 
cberto09: posts small blind $0.01
MelchiorF1: posts big blind $0.02
TeeSe9: sits out 
*** HOLE CARDS ***
Dealt to Dorex2007 [Td 2c]
Dorex2007: folds 
Agneobr: folds 
Rabb1st: folds 
AlineMaceedo: folds 
truceskates: folds 
AlineMaceedo leaves the table
rodrigoxher: raises $0.04 to $0.06
cberto09: folds 
MelchiorF1: calls $0.04
*** FLOP *** [3d 4c 6c]
MelchiorF1: checks 
rodrigoxher: bets $0.08
MelchiorF1: folds 
Uncalled bet ($0.08) returned to rodrigoxher
rodrigoxher collected $0.13 from pot
rodrigoxher: doesn't show hand 
*** SUMMARY ***
Total pot $0.13 | Rake $0 
Board [3d 4c 6c]
Seat 1: AlineMaceedo folded before Flop (didn't bet)
Seat 2: truceskates folded before Flop (didn't bet)
Seat 3: rodrigoxher (button) collected ($0.13)
Seat 4: cberto09 (small blind) folded before Flop
Seat 5: MelchiorF1 (big blind) folded on the Flop
Seat 6: Dorex2007 folded before Flop (didn't bet)
Seat 8: Agneobr folded before Flop (didn't bet)
Seat 9: Rabb1st folded before Flop (didn't bet)



PokerStars Hand #224577622275:  Hold'em No Limit ($0.01/$0.02 USD) - 2021/03/07 16:06:25 PT [2021/03/07 19:06:25 ET]
Table 'Adele III' 9-max Seat #4 is the button
Seat 2: truceskates ($2.11 in chips) 
Seat 3: rodrigoxher ($2.10 in chips) 
Seat 4: cberto09 ($2.73 in chips) 
Seat 5: MelchiorF1 ($2.75 in chips) 
Seat 6: Dorex2007 ($2.33 in chips) 
Seat 8: Agneobr ($2.08 in chips) 
Seat 9: Rabb1st ($2.21 in chips) 
MelchiorF1: posts small blind $0.01
Dorex2007: posts big blind $0.02
TeeSe9: sits out 
*** HOLE CARDS ***
Dealt to Dorex2007 [Ac 8s]
Agneobr: folds 
Rabb1st: folds 
truceskates: folds 
rodrigoxher: raises $0.04 to $0.06
cberto09: folds 
MelchiorF1: folds 
Dorex2007: folds 
Uncalled bet ($0.04) returned to rodrigoxher
rodrigoxher collected $0.05 from pot
rodrigoxher: doesn't show hand 
*** SUMMARY ***
Total pot $0.05 | Rake $0 
Seat 2: truceskates folded before Flop (didn't bet)
Seat 3: rodrigoxher collected ($0.05)
Seat 4: cberto09 (button) folded before Flop (didn't bet)
Seat 5: MelchiorF1 (small blind) folded before Flop
Seat 6: Dorex2007 (big blind) folded before Flop
Seat 8: Agneobr folded before Flop (didn't bet)
Seat 9: Rabb1st folded before Flop (didn't bet)



PokerStars Hand #224577635432:  Hold'em No Limit ($0.01/$0.02 USD) - 2021/03/07 16:06:53 PT [2021/03/07 19:06:53 ET]
Table 'Adele III' 9-max Seat #5 is the button
Seat 2: truceskates ($2.11 in chips) 
Seat 3: rodrigoxher ($2.13 in chips) 
Seat 4: cberto09 ($2.73 in chips) 
Seat 5: MelchiorF1 ($2.74 in chips) 
Seat 6: Dorex2007 ($2.31 in chips) 
Seat 7: TeeSe9 ($2 in chips) 
Seat 8: Agneobr ($2.08 in chips) 
Seat 9: Rabb1st ($2.21 in chips) 
Dorex2007: posts small blind $0.01
TeeSe9: posts big blind $0.02
*** HOLE CARDS ***
Dealt to Dorex2007 [6c 5c]
Agneobr: folds 
Rabb1st: folds 
truceskates: folds 
rodrigoxher: folds 
cberto09: raises $0.05 to $0.07
MelchiorF1: calls $0.07
Dorex2007: folds 
TeeSe9: calls $0.05
*** FLOP *** [2h Kd 2d]
TeeSe9: checks 
cberto09: checks 
MelchiorF1: checks 
*** TURN *** [2h Kd 2d] [3s]
TeeSe9: checks 
jccompany224 joins the table at seat #1 
cberto09: checks 
MelchiorF1: checks 
*** RIVER *** [2h Kd 2d 3s] [Qs]
jccompany224 leaves the table
TeeSe9: bets $0.06
cberto09: folds 
MelchiorF1: folds 
Uncalled bet ($0.06) returned to TeeSe9
TeeSe9 collected $0.21 from pot
TeeSe9: doesn't show hand 
Lipe Lord joins the table at seat #1 
*** SUMMARY ***
Total pot $0.22 | Rake $0.01 
Board [2h Kd 2d 3s Qs]
Seat 2: truceskates folded before Flop (didn't bet)
Seat 3: rodrigoxher folded before Flop (didn't bet)
Seat 4: cberto09 folded on the River
Seat 5: MelchiorF1 (button) folded on the River
Seat 6: Dorex2007 (small blind) folded before Flop
Seat 7: TeeSe9 (big blind) collected ($0.21)
Seat 8: Agneobr folded before Flop (didn't bet)
Seat 9: Rabb1st folded before Flop (didn't bet)



PokerStars Hand #224577685888:  Hold'em No Limit ($0.01/$0.02 USD) - 2021/03/07 16:08:13 PT [2021/03/07 19:08:13 ET]
Table 'Adele III' 9-max Seat #6 is the button
Seat 2: truceskates ($2.11 in chips) 
Seat 3: rodrigoxher ($2.13 in chips) 
Seat 4: cberto09 ($2.66 in chips) 
Seat 5: MelchiorF1 ($2.67 in chips) 
Seat 6: Dorex2007 ($2.30 in chips) 
Seat 7: TeeSe9 ($2.14 in chips) 
Seat 8: Agneobr ($2.08 in chips) 
Seat 9: Rabb1st ($2.21 in chips) 
TeeSe9: posts small blind $0.01
Agneobr: posts big blind $0.02
Lipe Lord: sits out 
*** HOLE CARDS ***
Dealt to Dorex2007 [Jh 9d]
Rabb1st: folds 
truceskates: folds 
rodrigoxher: folds 
cberto09: raises $0.05 to $0.07
MelchiorF1: folds 
Dorex2007: folds 
TeeSe9: folds 
Lipe Lord leaves the table
Agneobr: folds 
Uncalled bet ($0.05) returned to cberto09
cberto09 collected $0.05 from pot
cberto09: doesn't show hand 
*** SUMMARY ***
Total pot $0.05 | Rake $0 
Seat 2: truceskates folded before Flop (didn't bet)
Seat 3: rodrigoxher folded before Flop (didn't bet)
Seat 4: cberto09 collected ($0.05)
Seat 5: MelchiorF1 folded before Flop (didn't bet)
Seat 6: Dorex2007 (button) folded before Flop (didn't bet)
Seat 7: TeeSe9 (small blind) folded before Flop
Seat 8: Agneobr (big blind) folded before Flop
Seat 9: Rabb1st folded before Flop (didn't bet)



PokerStars Hand #224577695649:  Hold'em No Limit ($0.01/$0.02 USD) - 2021/03/07 16:08:35 PT [2021/03/07 19:08:35 ET]
Table 'Adele III' 9-max Seat #7 is the button
Seat 2: truceskates ($2.11 in chips) 
Seat 3: rodrigoxher ($2.13 in chips) 
Seat 4: cberto09 ($2.69 in chips) 
Seat 5: MelchiorF1 ($2.67 in chips) 
Seat 6: Dorex2007 ($2.30 in chips) 
Seat 7: TeeSe9 ($2.13 in chips) 
Seat 8: Agneobr ($2.06 in chips) 
Seat 9: Rabb1st ($2.21 in chips) 
Agneobr: posts small blind $0.01
Rabb1st: posts big blind $0.02
*** HOLE CARDS ***
Dealt to Dorex2007 [Jc 6h]
truceskates: folds 
rodrigoxher: folds 
cberto09: folds 
MelchiorF1: folds 
Dorex2007: folds 
TeeSe9: raises $0.03 to $0.05
Agneobr: folds 
Rabb1st: folds 
Uncalled bet ($0.03) returned to TeeSe9
TeeSe9 collected $0.05 from pot
TeeSe9: doesn't show hand 
*** SUMMARY ***
Total pot $0.05 | Rake $0 
Seat 2: truceskates folded before Flop (didn't bet)
Seat 3: rodrigoxher folded before Flop (didn't bet)
Seat 4: cberto09 folded before Flop (didn't bet)
Seat 5: MelchiorF1 folded before Flop (didn't bet)
Seat 6: Dorex2007 folded before Flop (didn't bet)
Seat 7: TeeSe9 (button) collected ($0.05)
Seat 8: Agneobr (small blind) folded before Flop
Seat 9: Rabb1st (big blind) folded before Flop



PokerStars Hand #224577707309:  Hold'em No Limit ($0.01/$0.02 USD) - 2021/03/07 16:09:00 PT [2021/03/07 19:09:00 ET]
Table 'Adele III' 9-max Seat #8 is the button
Seat 2: truceskates ($2.11 in chips) 
Seat 3: rodrigoxher ($2.13 in chips) 
Seat 4: cberto09 ($2.69 in chips) 
Seat 5: MelchiorF1 ($2.67 in chips) 
Seat 6: Dorex2007 ($2.30 in chips) 
Seat 7: TeeSe9 ($2.16 in chips) 
Seat 8: Agneobr ($2.05 in chips) 
Seat 9: Rabb1st ($2.19 in chips) 
Rabb1st: posts small blind $0.01
truceskates: posts big blind $0.02
*** HOLE CARDS ***
Dealt to Dorex2007 [Ac Jh]
rodrigoxher: folds 
cberto09: folds 
MelchiorF1: raises $0.04 to $0.06
Dorex2007: folds 
TeeSe9: folds 
Agneobr: folds 
Rabb1st: folds 
truceskates: folds 
Uncalled bet ($0.04) returned to MelchiorF1
MelchiorF1 collected $0.05 from pot
MelchiorF1: doesn't show hand 
*** SUMMARY ***
Total pot $0.05 | Rake $0 
Seat 2: truceskates (big blind) folded before Flop
Seat 3: rodrigoxher folded before Flop (didn't bet)
Seat 4: cberto09 folded before Flop (didn't bet)
Seat 5: MelchiorF1 collected ($0.05)
Seat 6: Dorex2007 folded before Flop (didn't bet)
Seat 7: TeeSe9 folded before Flop (didn't bet)
Seat 8: Agneobr (button) folded before Flop (didn't bet)
Seat 9: Rabb1st (small blind) folded before Flop



PokerStars Hand #224577715605:  Hold'em No Limit ($0.01/$0.02 USD) - 2021/03/07 16:09:18 PT [2021/03/07 19:09:18 ET]
Table 'Adele III' 9-max Seat #9 is the button
Seat 2: truceskates ($2.09 in chips) 
Seat 3: rodrigoxher ($2.13 in chips) 
Seat 4: cberto09 ($2.69 in chips) 
Seat 5: MelchiorF1 ($2.70 in chips) 
Seat 6: Dorex2007 ($2.30 in chips) 
Seat 7: TeeSe9 ($2.16 in chips) 
Seat 8: Agneobr ($2.05 in chips) 
Seat 9: Rabb1st ($2.18 in chips) 
truceskates: posts small blind $0.01
rodrigoxher: posts big blind $0.02
*** HOLE CARDS ***
Dealt to Dorex2007 [3d Tc]
cberto09: folds 
MelchiorF1: folds 
Dorex2007: folds 
TeeSe9: folds 
Agneobr: folds 
Rabb1st: folds 
truceskates: folds 
Uncalled bet ($0.01) returned to rodrigoxher
rodrigoxher collected $0.02 from pot
rodrigoxher: doesn't show hand 
*** SUMMARY ***
Total pot $0.02 | Rake $0 
Seat 2: truceskates (small blind) folded before Flop
Seat 3: rodrigoxher (big blind) collected ($0.02)
Seat 4: cberto09 folded before Flop (didn't bet)
Seat 5: MelchiorF1 folded before Flop (didn't bet)
Seat 6: Dorex2007 folded before Flop (didn't bet)
Seat 7: TeeSe9 folded before Flop (didn't bet)
Seat 8: Agneobr folded before Flop (didn't bet)
Seat 9: Rabb1st (button) folded before Flop (didn't bet)



PokerStars Hand #224577722138:  Hold'em No Limit ($0.01/$0.02 USD) - 2021/03/07 16:09:32 PT [2021/03/07 19:09:32 ET]
Table 'Adele III' 9-max Seat #2 is the button
Seat 2: truceskates ($2.08 in chips) 
Seat 3: rodrigoxher ($2.14 in chips) 
Seat 4: cberto09 ($2.69 in chips) 
Seat 5: MelchiorF1 ($2.70 in chips) 
Seat 6: Dorex2007 ($2.30 in chips) 
Seat 7: TeeSe9 ($2.16 in chips) 
Seat 8: Agneobr ($2.05 in chips) 
Seat 9: Rabb1st ($2.18 in chips) 
rodrigoxher: posts small blind $0.01
cberto09: posts big blind $0.02
*** HOLE CARDS ***
Dealt to Dorex2007 [3s 3d]
MelchiorF1: folds 
Dorex2007: folds 
MelchiorF1 leaves the table
TeeSe9: folds 
Agneobr: folds 
Rabb1st: folds 
truceskates: folds 
rodrigoxher: raises $0.04 to $0.06
charles509 joins the table at seat #1 
cberto09: calls $0.04
*** FLOP *** [As 5s 7s]
rodrigoxher: checks 
cberto09: bets $0.06
rodrigoxher: folds 
Uncalled bet ($0.06) returned to cberto09
cberto09 collected $0.12 from pot
cberto09: doesn't show hand 
*** SUMMARY ***
Total pot $0.12 | Rake $0 
Board [As 5s 7s]
Seat 2: truceskates (button) folded before Flop (didn't bet)
Seat 3: rodrigoxher (small blind) folded on the Flop
Seat 4: cberto09 (big blind) collected ($0.12)
Seat 5: MelchiorF1 folded before Flop (didn't bet)
Seat 6: Dorex2007 folded before Flop (didn't bet)
Seat 7: TeeSe9 folded before Flop (didn't bet)
Seat 8: Agneobr folded before Flop (didn't bet)
Seat 9: Rabb1st folded before Flop (didn't bet)



PokerStars Hand #224577745589:  Hold'em No Limit ($0.01/$0.02 USD) - 2021/03/07 16:10:23 PT [2021/03/07 19:10:23 ET]
Table 'Adele III' 9-max Seat #3 is the button
Seat 1: charles509 ($0.80 in chips) 
Seat 2: truceskates ($2.08 in chips) 
Seat 3: rodrigoxher ($2.08 in chips) 
Seat 4: cberto09 ($2.75 in chips) 
Seat 6: Dorex2007 ($2.30 in chips) 
Seat 7: TeeSe9 ($2.16 in chips) 
Seat 8: Agneobr ($2.05 in chips) 
Seat 9: Rabb1st ($2.18 in chips) 
cberto09: posts small blind $0.01
Dorex2007: posts big blind $0.02
charles509: posts big blind $0.02
*** HOLE CARDS ***
Dealt to Dorex2007 [4d Jh]
TeeSe9: folds 
Agneobr: folds 
Rabb1st: raises $0.06 to $0.08
charles509: folds 
truceskates: folds 
rodrigoxher: folds 
cberto09: folds 
Dorex2007: folds 
Uncalled bet ($0.06) returned to Rabb1st
Rabb1st collected $0.07 from pot
Rabb1st: doesn't show hand 
*** SUMMARY ***
Total pot $0.07 | Rake $0 
Seat 1: charles509 folded before Flop (didn't bet)
Seat 2: truceskates folded before Flop (didn't bet)
Seat 3: rodrigoxher (button) folded before Flop (didn't bet)
Seat 4: cberto09 (small blind) folded before Flop
Seat 6: Dorex2007 (big blind) folded before Flop
Seat 7: TeeSe9 folded before Flop (didn't bet)
Seat 8: Agneobr folded before Flop (didn't bet)
Seat 9: Rabb1st collected ($0.07)



PokerStars Hand #224577757165:  Hold'em No Limit ($0.01/$0.02 USD) - 2021/03/07 16:10:48 PT [2021/03/07 19:10:48 ET]
Table 'Adele III' 9-max Seat #4 is the button
Seat 1: charles509 ($0.78 in chips) 
Seat 2: truceskates ($2.08 in chips) 
Seat 3: rodrigoxher ($2.08 in chips) 
Seat 4: cberto09 ($2.74 in chips) 
Seat 6: Dorex2007 ($2.28 in chips) 
Seat 7: TeeSe9 ($2.16 in chips) 
Seat 8: Agneobr ($2.05 in chips) 
Seat 9: Rabb1st ($2.23 in chips) 
Dorex2007: posts small blind $0.01
TeeSe9: posts big blind $0.02
*** HOLE CARDS ***
Dealt to Dorex2007 [As Td]
Agneobr: folds 
Rabb1st: folds 
charles509: folds 
truceskates: folds 
rodrigoxher: raises $0.04 to $0.06
cberto09: folds 
MattyBSkis joins the table at seat #5 
Dorex2007: calls $0.05
TeeSe9: folds 
*** FLOP *** [7h Js 8s]
Dorex2007: bets $0.07
rodrigoxher: calls $0.07
*** TURN *** [7h Js 8s] [Kc]
Dorex2007: checks 
rodrigoxher: bets $0.18
Dorex2007: folds 
Uncalled bet ($0.18) returned to rodrigoxher
rodrigoxher collected $0.27 from pot
rodrigoxher: doesn't show hand 
*** SUMMARY ***
Total pot $0.28 | Rake $0.01 
Board [7h Js 8s Kc]
Seat 1: charles509 folded before Flop (didn't bet)
Seat 2: truceskates folded before Flop (didn't bet)
Seat 3: rodrigoxher collected ($0.27)
Seat 4: cberto09 (button) folded before Flop (didn't bet)
Seat 6: Dorex2007 (small blind) folded on the Turn
Seat 7: TeeSe9 (big blind) folded before Flop
Seat 8: Agneobr folded before Flop (didn't bet)
Seat 9: Rabb1st folded before Flop (didn't bet)



PokerStars Hand #224577779011:  Hold'em No Limit ($0.01/$0.02 USD) - 2021/03/07 16:11:35 PT [2021/03/07 19:11:35 ET]
Table 'Adele III' 9-max Seat #6 is the button
Seat 1: charles509 ($0.78 in chips) 
Seat 2: truceskates ($2.08 in chips) 
Seat 3: rodrigoxher ($2.22 in chips) 
Seat 4: cberto09 ($2.74 in chips) 
Seat 5: MattyBSkis ($2 in chips) 
Seat 6: Dorex2007 ($2.15 in chips) 
Seat 7: TeeSe9 ($2.14 in chips) 
Seat 8: Agneobr ($2.05 in chips) 
Seat 9: Rabb1st ($2.23 in chips) 
TeeSe9: posts small blind $0.01
Agneobr: posts big blind $0.02
MattyBSkis: posts big blind $0.02
*** HOLE CARDS ***
Dealt to Dorex2007 [7d Kd]
Rabb1st: folds 
charles509: calls $0.02
truceskates: folds 
rodrigoxher: raises $0.08 to $0.10
cberto09: folds 
MattyBSkis: calls $0.08
Dorex2007: folds 
TeeSe9: folds 
Agneobr: folds 
charles509: calls $0.08
*** FLOP *** [8s Kh 7s]
charles509: checks 
rodrigoxher: bets $0.18
MattyBSkis: folds 
charles509: folds 
Uncalled bet ($0.18) returned to rodrigoxher
rodrigoxher collected $0.32 from pot
rodrigoxher: doesn't show hand 
*** SUMMARY ***
Total pot $0.33 | Rake $0.01 
Board [8s Kh 7s]
Seat 1: charles509 folded on the Flop
Seat 2: truceskates folded before Flop (didn't bet)
Seat 3: rodrigoxher collected ($0.32)
Seat 4: cberto09 folded before Flop (didn't bet)
Seat 5: MattyBSkis folded on the Flop
Seat 6: Dorex2007 (button) folded before Flop (didn't bet)
Seat 7: TeeSe9 (small blind) folded before Flop
Seat 8: Agneobr (big blind) folded before Flop
Seat 9: Rabb1st folded before Flop (didn't bet)



PokerStars Hand #224577796239:  Hold'em No Limit ($0.01/$0.02 USD) - 2021/03/07 16:12:13 PT [2021/03/07 19:12:13 ET]
Table 'Adele III' 9-max Seat #7 is the button
Seat 1: charles509 ($0.68 in chips) 
Seat 2: truceskates ($2.08 in chips) 
Seat 3: rodrigoxher ($2.44 in chips) 
Seat 4: cberto09 ($2.74 in chips) 
Seat 5: MattyBSkis ($1.90 in chips) 
Seat 6: Dorex2007 ($2.15 in chips) 
Seat 7: TeeSe9 ($2.13 in chips) 
Seat 8: Agneobr ($2.03 in chips) 
Seat 9: Rabb1st ($2.23 in chips) 
Agneobr: posts small blind $0.01
Rabb1st: posts big blind $0.02
*** HOLE CARDS ***
Dealt to Dorex2007 [As 3c]
charles509: folds 
truceskates: raises $0.04 to $0.06
rodrigoxher: folds 
cberto09: folds 
MattyBSkis: calls $0.06
Dorex2007: folds 
TeeSe9: folds 
Agneobr: folds 
Rabb1st: folds 
*** FLOP *** [6s Th 8s]
truceskates: checks 
MattyBSkis: checks 
*** TURN *** [6s Th 8s] [6d]
truceskates: bets $0.07
MattyBSkis: folds 
Uncalled bet ($0.07) returned to truceskates
truceskates collected $0.14 from pot
truceskates: doesn't show hand 
*** SUMMARY ***
Total pot $0.15 | Rake $0.01 
Board [6s Th 8s 6d]
Seat 1: charles509 folded before Flop (didn't bet)
Seat 2: truceskates collected ($0.14)
Seat 3: rodrigoxher folded before Flop (didn't bet)
Seat 4: cberto09 folded before Flop (didn't bet)
Seat 5: MattyBSkis folded on the Turn
Seat 6: Dorex2007 folded before Flop (didn't bet)
Seat 7: TeeSe9 (button) folded before Flop (didn't bet)
Seat 8: Agneobr (small blind) folded before Flop
Seat 9: Rabb1st (big blind) folded before Flop



PokerStars Hand #224577809781:  Hold'em No Limit ($0.01/$0.02 USD) - 2021/03/07 16:12:43 PT [2021/03/07 19:12:43 ET]
Table 'Adele III' 9-max Seat #8 is the button
Seat 1: charles509 ($0.68 in chips) 
Seat 2: truceskates ($2.16 in chips) 
Seat 3: rodrigoxher ($2.44 in chips) 
Seat 4: cberto09 ($2.74 in chips) 
Seat 5: MattyBSkis ($1.84 in chips) 
Seat 6: Dorex2007 ($2.15 in chips) 
Seat 7: TeeSe9 ($2.13 in chips) 
Seat 8: Agneobr ($2.02 in chips) 
Seat 9: Rabb1st ($2.21 in chips) 
Rabb1st: posts small blind $0.01
charles509: posts big blind $0.02
*** HOLE CARDS ***
Dealt to Dorex2007 [9h 7d]
truceskates: folds 
rodrigoxher: folds 
cberto09: folds 
MattyBSkis: calls $0.02
Dorex2007: folds 
TeeSe9: folds 
Agneobr: folds 
Rabb1st: folds 
charles509: checks 
*** FLOP *** [2c Qh 3d]
charles509: checks 
MattyBSkis: checks 
*** TURN *** [2c Qh 3d] [3c]
charles509: checks 
MattyBSkis: checks 
*** RIVER *** [2c Qh 3d 3c] [9d]
charles509: checks 
MattyBSkis: checks 
*** SHOW DOWN ***
charles509: shows [6c 7h] (a pair of Threes)
MattyBSkis: shows [6d Jd] (a pair of Threes - Queen+Jack kicker)
MattyBSkis collected $0.05 from pot
*** SUMMARY ***
Total pot $0.05 | Rake $0 
Board [2c Qh 3d 3c 9d]
Seat 1: charles509 (big blind) showed [6c 7h] and lost with a pair of Threes
Seat 2: truceskates folded before Flop (didn't bet)
Seat 3: rodrigoxher folded before Flop (didn't bet)
Seat 4: cberto09 folded before Flop (didn't bet)
Seat 5: MattyBSkis showed [6d Jd] and won ($0.05) with a pair of Threes
Seat 6: Dorex2007 folded before Flop (didn't bet)
Seat 7: TeeSe9 folded before Flop (didn't bet)
Seat 8: Agneobr (button) folded before Flop (didn't bet)
Seat 9: Rabb1st (small blind) folded before Flop



PokerStars Hand #224577825611:  Hold'em No Limit ($0.01/$0.02 USD) - 2021/03/07 16:13:18 PT [2021/03/07 19:13:18 ET]
Table 'Adele III' 9-max Seat #9 is the button
Seat 1: charles509 ($0.66 in chips) 
Seat 2: truceskates ($2.16 in chips) 
Seat 3: rodrigoxher ($2.44 in chips) 
Seat 4: cberto09 ($2.74 in chips) 
Seat 5: MattyBSkis ($1.87 in chips) 
Seat 6: Dorex2007 ($2.15 in chips) 
Seat 7: TeeSe9 ($2.13 in chips) 
Seat 8: Agneobr ($2.02 in chips) 
Seat 9: Rabb1st ($2.20 in chips) 
charles509: posts small blind $0.01
truceskates: posts big blind $0.02
*** HOLE CARDS ***
Dealt to Dorex2007 [6c Th]
rodrigoxher: folds 
cberto09: folds 
MattyBSkis: raises $0.02 to $0.04
Dorex2007: folds 
TeeSe9: raises $0.11 to $0.15
Agneobr: folds 
Rabb1st: folds 
charles509: folds 
truceskates: folds 
MattyBSkis: raises $0.11 to $0.26
TeeSe9: calls $0.11
*** FLOP *** [Ac 7h 5s]
MattyBSkis: checks 
truceskates leaves the table
TeeSe9: bets $0.20
MattyBSkis: raises $0.20 to $0.40
TeeSe9: raises $1.47 to $1.87 and is all-in
MattyBSkis: calls $1.21 and is all-in
Uncalled bet ($0.26) returned to TeeSe9
*** TURN *** [Ac 7h 5s] [3s]
*** RIVER *** [Ac 7h 5s 3s] [Ts]
*** SHOW DOWN ***
MattyBSkis: shows [Ah Ad] (three of a kind, Aces)
TeeSe9: shows [As Kc] (a pair of Aces)
MattyBSkis collected $3.64 from pot
*** SUMMARY ***
Total pot $3.77 | Rake $0.13 
Board [Ac 7h 5s 3s Ts]
Seat 1: charles509 (small blind) folded before Flop
Seat 2: truceskates (big blind) folded before Flop
Seat 3: rodrigoxher folded before Flop (didn't bet)
Seat 4: cberto09 folded before Flop (didn't bet)
Seat 5: MattyBSkis showed [Ah Ad] and won ($3.64) with three of a kind, Aces
Seat 6: Dorex2007 folded before Flop (didn't bet)
Seat 7: TeeSe9 showed [As Kc] and lost with a pair of Aces
Seat 8: Agneobr folded before Flop (didn't bet)
Seat 9: Rabb1st (button) folded before Flop (didn't bet)



PokerStars Hand #224577853680:  Hold'em No Limit ($0.01/$0.02 USD) - 2021/03/07 16:14:20 PT [2021/03/07 19:14:20 ET]
Table 'Adele III' 9-max Seat #1 is the button
Seat 1: charles509 ($0.65 in chips) 
Seat 3: rodrigoxher ($2.44 in chips) 
Seat 4: cberto09 ($2.74 in chips) 
Seat 5: MattyBSkis ($3.64 in chips) 
Seat 6: Dorex2007 ($2.15 in chips) 
Seat 7: TeeSe9 ($2 in chips) 
Seat 8: Agneobr ($2.02 in chips) 
Seat 9: Rabb1st ($2.20 in chips) 
rodrigoxher: posts small blind $0.01
cberto09: posts big blind $0.02
*** HOLE CARDS ***
Dealt to Dorex2007 [6c Ac]
donkijkong joins the table at seat #2 
MattyBSkis: folds 
Dorex2007: folds 
TeeSe9: folds 
Agneobr: raises $0.03 to $0.05
Rabb1st: folds 
charles509: folds 
rodrigoxher: folds 
cberto09: folds 
Uncalled bet ($0.03) returned to Agneobr
Agneobr collected $0.05 from pot
Agneobr: doesn't show hand 
*** SUMMARY ***
Total pot $0.05 | Rake $0 
Seat 1: charles509 (button) folded before Flop (didn't bet)
Seat 3: rodrigoxher (small blind) folded before Flop
Seat 4: cberto09 (big blind) folded before Flop
Seat 5: MattyBSkis folded before Flop (didn't bet)
Seat 6: Dorex2007 folded before Flop (didn't bet)
Seat 7: TeeSe9 folded before Flop (didn't bet)
Seat 8: Agneobr collected ($0.05)
Seat 9: Rabb1st folded before Flop (didn't bet)



PokerStars Hand #224577865131:  Hold'em No Limit ($0.01/$0.02 USD) - 2021/03/07 16:14:45 PT [2021/03/07 19:14:45 ET]
Table 'Adele III' 9-max Seat #3 is the button
Seat 1: charles509 ($0.65 in chips) 
Seat 2: donkijkong ($1 in chips) 
Seat 3: rodrigoxher ($2.43 in chips) 
Seat 4: cberto09 ($2.72 in chips) 
Seat 5: MattyBSkis ($3.64 in chips) 
Seat 6: Dorex2007 ($2.15 in chips) 
Seat 7: TeeSe9 ($2 in chips) 
Seat 8: Agneobr ($2.05 in chips) 
Seat 9: Rabb1st ($2.20 in chips) 
cberto09: posts small blind $0.01
MattyBSkis: posts big blind $0.02
donkijkong: posts big blind $0.02
*** HOLE CARDS ***
Dealt to Dorex2007 [5h 6d]
Dorex2007: folds 
TeeSe9: folds 
Agneobr: folds 
Rabb1st: folds 
charles509: calls $0.02
donkijkong: checks 
rodrigoxher: raises $0.08 to $0.10
cberto09: folds 
MattyBSkis: calls $0.08
charles509: folds 
donkijkong: folds 
*** FLOP *** [4s 7d 9d]
MattyBSkis: checks 
rodrigoxher: bets $0.14
MattyBSkis: folds 
Uncalled bet ($0.14) returned to rodrigoxher
rodrigoxher collected $0.24 from pot
rodrigoxher: doesn't show hand 
*** SUMMARY ***
Total pot $0.25 | Rake $0.01 
Board [4s 7d 9d]
Seat 1: charles509 folded before Flop
Seat 2: donkijkong folded before Flop (didn't bet)
Seat 3: rodrigoxher (button) collected ($0.24)
Seat 4: cberto09 (small blind) folded before Flop
Seat 5: MattyBSkis (big blind) folded on the Flop
Seat 6: Dorex2007 folded before Flop (didn't bet)
Seat 7: TeeSe9 folded before Flop (didn't bet)
Seat 8: Agneobr folded before Flop (didn't bet)
Seat 9: Rabb1st folded before Flop (didn't bet)



PokerStars Hand #224577887681:  Hold'em No Limit ($0.01/$0.02 USD) - 2021/03/07 16:15:35 PT [2021/03/07 19:15:35 ET]
Table 'Adele III' 9-max Seat #4 is the button
Seat 1: charles509 ($0.63 in chips) 
Seat 2: donkijkong ($0.98 in chips) 
Seat 3: rodrigoxher ($2.57 in chips) 
Seat 4: cberto09 ($2.71 in chips) 
Seat 5: MattyBSkis ($3.54 in chips) 
Seat 6: Dorex2007 ($2.15 in chips) 
Seat 7: TeeSe9 ($2 in chips) 
Seat 8: Agneobr ($2.05 in chips) 
Seat 9: Rabb1st ($2.20 in chips) 
MattyBSkis: posts small blind $0.01
Dorex2007: posts big blind $0.02
*** HOLE CARDS ***
Dealt to Dorex2007 [Jc Qd]
TeeSe9: folds 
Agneobr: folds 
Rabb1st: folds 
charles509: folds 
donkijkong: calls $0.02
rodrigoxher: raises $0.06 to $0.08
cberto09: folds 
MattyBSkis: folds 
Dorex2007: folds 
donkijkong: folds 
Uncalled bet ($0.06) returned to rodrigoxher
rodrigoxher collected $0.07 from pot
rodrigoxher: doesn't show hand 
*** SUMMARY ***
Total pot $0.07 | Rake $0 
Seat 1: charles509 folded before Flop (didn't bet)
Seat 2: donkijkong folded before Flop
Seat 3: rodrigoxher collected ($0.07)
Seat 4: cberto09 (button) folded before Flop (didn't bet)
Seat 5: MattyBSkis (small blind) folded before Flop
Seat 6: Dorex2007 (big blind) folded before Flop
Seat 7: TeeSe9 folded before Flop (didn't bet)
Seat 8: Agneobr folded before Flop (didn't bet)
Seat 9: Rabb1st folded before Flop (didn't bet)



PokerStars Hand #224577899180:  Hold'em No Limit ($0.01/$0.02 USD) - 2021/03/07 16:16:01 PT [2021/03/07 19:16:01 ET]
Table 'Adele III' 9-max Seat #5 is the button
Seat 1: charles509 ($0.63 in chips) 
Seat 2: donkijkong ($0.96 in chips) 
Seat 3: rodrigoxher ($2.62 in chips) 
Seat 4: cberto09 ($2.71 in chips) 
Seat 5: MattyBSkis ($3.53 in chips) 
Seat 6: Dorex2007 ($2.13 in chips) 
Seat 7: TeeSe9 ($2 in chips) 
Seat 8: Agneobr ($2.05 in chips) 
Seat 9: Rabb1st ($2.20 in chips) 
Dorex2007: posts small blind $0.01
TeeSe9: posts big blind $0.02
*** HOLE CARDS ***
Dealt to Dorex2007 [Ks 2s]
Agneobr: folds 
Rabb1st: folds 
charles509: folds 
donkijkong: folds 
rodrigoxher: folds 
cberto09: folds 
MattyBSkis: calls $0.02
Dorex2007: calls $0.01
TeeSe9: checks 
*** FLOP *** [Qc Js As]
Dorex2007: bets $0.12
TeeSe9: folds 
MattyBSkis: calls $0.12
*** TURN *** [Qc Js As] [4c]
Dorex2007: bets $0.42
MattyBSkis: calls $0.42
*** RIVER *** [Qc Js As 4c] [Ah]
Dorex2007: bets $0.83
MattyBSkis: raises $0.83 to $1.66
Dorex2007: folds 
Uncalled bet ($0.83) returned to MattyBSkis
MattyBSkis collected $2.70 from pot
MattyBSkis: doesn't show hand 
*** SUMMARY ***
Total pot $2.80 | Rake $0.10 
Board [Qc Js As 4c Ah]
Seat 1: charles509 folded before Flop (didn't bet)
Seat 2: donkijkong folded before Flop (didn't bet)
Seat 3: rodrigoxher folded before Flop (didn't bet)
Seat 4: cberto09 folded before Flop (didn't bet)
Seat 5: MattyBSkis (button) collected ($2.70)
Seat 6: Dorex2007 (small blind) folded on the River
Seat 7: TeeSe9 (big blind) folded on the Flop
Seat 8: Agneobr folded before Flop (didn't bet)
Seat 9: Rabb1st folded before Flop (didn't bet)



PokerStars Hand #224577937843:  Hold'em No Limit ($0.01/$0.02 USD) - 2021/03/07 16:17:07 PT [2021/03/07 19:17:07 ET]
Table 'Adele III' 9-max Seat #6 is the button
Seat 1: charles509 ($0.63 in chips) 
Seat 2: donkijkong ($0.96 in chips) 
Seat 3: rodrigoxher ($2.62 in chips) 
Seat 4: cberto09 ($2.71 in chips) 
Seat 5: MattyBSkis ($4.84 in chips) 
Seat 6: Dorex2007 ($0.74 in chips) 
Seat 7: TeeSe9 ($2 in chips) 
Seat 8: Agneobr ($2.05 in chips) 
Seat 9: Rabb1st ($2.20 in chips) 
TeeSe9: posts small blind $0.01
Agneobr: posts big blind $0.02
*** HOLE CARDS ***
Dealt to Dorex2007 [9s 5d]
TeeSe9 said, "lol"
Rabb1st: folds 
charles509: folds 
donkijkong: calls $0.02
rodrigoxher: folds 
cberto09: folds 
MattyBSkis: calls $0.02
Dorex2007: folds 
TeeSe9: calls $0.01
Agneobr: raises $0.10 to $0.12
donkijkong: folds 
MattyBSkis: calls $0.10
TeeSe9: folds 
*** FLOP *** [3d 8h 7d]
Agneobr: bets $0.27
MattyBSkis: folds 
Uncalled bet ($0.27) returned to Agneobr
Agneobr collected $0.27 from pot
Agneobr: doesn't show hand 
*** SUMMARY ***
Total pot $0.28 | Rake $0.01 
Board [3d 8h 7d]
Seat 1: charles509 folded before Flop (didn't bet)
Seat 2: donkijkong folded before Flop
Seat 3: rodrigoxher folded before Flop (didn't bet)
Seat 4: cberto09 folded before Flop (didn't bet)
Seat 5: MattyBSkis folded on the Flop
Seat 6: Dorex2007 (button) folded before Flop (didn't bet)
Seat 7: TeeSe9 (small blind) folded before Flop
Seat 8: Agneobr (big blind) collected ($0.27)
Seat 9: Rabb1st folded before Flop (didn't bet)



PokerStars Hand #224577959732:  Hold'em No Limit ($0.01/$0.02 USD) - 2021/03/07 16:17:57 PT [2021/03/07 19:17:57 ET]
Table 'Adele III' 9-max Seat #7 is the button
Seat 1: charles509 ($0.63 in chips) 
Seat 2: donkijkong ($0.94 in chips) 
Seat 3: rodrigoxher ($2.62 in chips) 
Seat 4: cberto09 ($2.71 in chips) 
Seat 5: MattyBSkis ($4.72 in chips) 
Seat 6: Dorex2007 ($2 in chips) 
Seat 7: TeeSe9 ($2 in chips) 
Seat 8: Agneobr ($2.20 in chips) 
Seat 9: Rabb1st ($2.20 in chips) 
Agneobr: posts small blind $0.01
Rabb1st: posts big blind $0.02
*** HOLE CARDS ***
Dealt to Dorex2007 [Qs 9h]
charles509: calls $0.02
donkijkong: calls $0.02
rodrigoxher: folds 
cberto09: folds 
MattyBSkis: calls $0.02
Dorex2007: folds 
TeeSe9: folds 
Agneobr: raises $0.10 to $0.12
Rabb1st: folds 
charles509: calls $0.10
donkijkong: calls $0.10
MattyBSkis: calls $0.10
*** FLOP *** [6c 7c 4c]
Agneobr: checks 
charles509: checks 
donkijkong: checks 
MattyBSkis: checks 
*** TURN *** [6c 7c 4c] [As]
Agneobr: bets $0.05
charles509: folds 
donkijkong: calls $0.05
MattyBSkis: calls $0.05
*** RIVER *** [6c 7c 4c As] [Qc]
Agneobr: bets $0.05
donkijkong: calls $0.05
MattyBSkis: calls $0.05
*** SHOW DOWN ***
Agneobr: shows [Ad Qd] (two pair, Aces and Queens)
donkijkong: mucks hand 
MattyBSkis: shows [2d 3c] (a flush, Queen high)
MattyBSkis collected $0.77 from pot
*** SUMMARY ***
Total pot $0.80 | Rake $0.03 
Board [6c 7c 4c As Qc]
Seat 1: charles509 folded on the Turn
Seat 2: donkijkong mucked [Ah 5h]
Seat 3: rodrigoxher folded before Flop (didn't bet)
Seat 4: cberto09 folded before Flop (didn't bet)
Seat 5: MattyBSkis showed [2d 3c] and won ($0.77) with a flush, Queen high
Seat 6: Dorex2007 folded before Flop (didn't bet)
Seat 7: TeeSe9 (button) folded before Flop (didn't bet)
Seat 8: Agneobr (small blind) showed [Ad Qd] and lost with two pair, Aces and Queens
Seat 9: Rabb1st (big blind) folded before Flop



PokerStars Hand #224577986143:  Hold'em No Limit ($0.01/$0.02 USD) - 2021/03/07 16:18:57 PT [2021/03/07 19:18:57 ET]
Table 'Adele III' 9-max Seat #8 is the button
Seat 1: charles509 ($0.51 in chips) 
Seat 2: donkijkong ($0.72 in chips) 
Seat 3: rodrigoxher ($2.62 in chips) 
Seat 4: cberto09 ($2.71 in chips) 
Seat 5: MattyBSkis ($5.27 in chips) 
Seat 6: Dorex2007 ($2 in chips) 
Seat 7: TeeSe9 ($2 in chips) 
Seat 8: Agneobr ($1.98 in chips) 
Seat 9: Rabb1st ($2.18 in chips) 
Rabb1st: posts small blind $0.01
charles509: posts big blind $0.02
*** HOLE CARDS ***
Dealt to Dorex2007 [Jd 4d]
donkijkong: folds 
rodrigoxher: raises $0.04 to $0.06
cberto09: folds 
MattyBSkis: calls $0.06
Dorex2007: folds 
TeeSe9: folds 
Agneobr: folds 
Rabb1st: folds 
charles509: calls $0.04
*** FLOP *** [Jc 2d Kd]
charles509: checks 
rodrigoxher: checks 
MattyBSkis: checks 
*** TURN *** [Jc 2d Kd] [9d]
charles509: bets $0.06
rodrigoxher: calls $0.06
MattyBSkis: folds 
*** RIVER *** [Jc 2d Kd 9d] [6s]
charles509: bets $0.12
rodrigoxher: calls $0.12
*** SHOW DOWN ***
charles509: shows [8d Td] (a flush, King high)
rodrigoxher: mucks hand 
charles509 collected $0.53 from pot
*** SUMMARY ***
Total pot $0.55 | Rake $0.02 
Board [Jc 2d Kd 9d 6s]
Seat 1: charles509 (big blind) showed [8d Td] and won ($0.53) with a flush, King high
Seat 2: donkijkong folded before Flop (didn't bet)
Seat 3: rodrigoxher mucked [2c 2s]
Seat 4: cberto09 folded before Flop (didn't bet)
Seat 5: MattyBSkis folded on the Turn
Seat 6: Dorex2007 folded before Flop (didn't bet)
Seat 7: TeeSe9 folded before Flop (didn't bet)
Seat 8: Agneobr (button) folded before Flop (didn't bet)
Seat 9: Rabb1st (small blind) folded before Flop



PokerStars Hand #224578013882:  Hold'em No Limit ($0.01/$0.02 USD) - 2021/03/07 16:20:00 PT [2021/03/07 19:20:00 ET]
Table 'Adele III' 9-max Seat #9 is the button
Seat 1: charles509 ($0.80 in chips) 
Seat 2: donkijkong ($0.72 in chips) 
Seat 3: rodrigoxher ($2.38 in chips) 
Seat 4: cberto09 ($2.71 in chips) 
Seat 5: MattyBSkis ($5.21 in chips) 
Seat 6: Dorex2007 ($2 in chips) 
Seat 7: TeeSe9 ($2 in chips) 
Seat 8: Agneobr ($1.98 in chips) 
Seat 9: Rabb1st ($2.17 in chips) 
charles509: posts small blind $0.01
donkijkong: posts big blind $0.02
*** HOLE CARDS ***
Dealt to Dorex2007 [8h Qh]
rodrigoxher: folds 
cberto09: folds 
MattyBSkis: calls $0.02
Dorex2007: folds 
TeeSe9: folds 
Agneobr: folds 
Rabb1st: folds 
charles509: calls $0.01
donkijkong: checks 
*** FLOP *** [Kh 3h 4d]
charles509: bets $0.06
donkijkong: calls $0.06
MattyBSkis: raises $0.06 to $0.12
charles509: calls $0.06
donkijkong: calls $0.06
*** TURN *** [Kh 3h 4d] [Qs]
charles509: checks 
donkijkong: checks 
MattyBSkis: bets $0.21
charles509: calls $0.21
donkijkong: folds 
*** RIVER *** [Kh 3h 4d Qs] [As]
charles509: checks 
MattyBSkis: checks 
*** SHOW DOWN ***
charles509: shows [5h Ah] (a pair of Aces)
MattyBSkis: mucks hand 
charles509 collected $0.81 from pot
*** SUMMARY ***
Total pot $0.84 | Rake $0.03 
Board [Kh 3h 4d Qs As]
Seat 1: charles509 (small blind) showed [5h Ah] and won ($0.81) with a pair of Aces
Seat 2: donkijkong (big blind) folded on the Turn
Seat 3: rodrigoxher folded before Flop (didn't bet)
Seat 4: cberto09 folded before Flop (didn't bet)
Seat 5: MattyBSkis mucked [5s Kd]
Seat 6: Dorex2007 folded before Flop (didn't bet)
Seat 7: TeeSe9 folded before Flop (didn't bet)
Seat 8: Agneobr folded before Flop (didn't bet)
Seat 9: Rabb1st (button) folded before Flop (didn't bet)



PokerStars Hand #224578037074:  Hold'em No Limit ($0.01/$0.02 USD) - 2021/03/07 16:20:53 PT [2021/03/07 19:20:53 ET]
Table 'Adele III' 9-max Seat #1 is the button
Seat 1: charles509 ($1.26 in chips) 
Seat 2: donkijkong ($0.58 in chips) 
Seat 3: rodrigoxher ($2.38 in chips) 
Seat 4: cberto09 ($2.71 in chips) 
Seat 5: MattyBSkis ($4.86 in chips) 
Seat 6: Dorex2007 ($2 in chips) 
Seat 7: TeeSe9 ($2 in chips) 
Seat 8: Agneobr ($1.98 in chips) 
Seat 9: Rabb1st ($2.17 in chips) 
donkijkong: posts small blind $0.01
rodrigoxher: posts big blind $0.02
*** HOLE CARDS ***
Dealt to Dorex2007 [Td 3s]
cberto09: raises $0.05 to $0.07
MattyBSkis: folds 
Dorex2007: folds 
TeeSe9: folds 
Agneobr: calls $0.07
Rabb1st: folds 
charles509: calls $0.07
donkijkong: folds 
rodrigoxher: folds 
*** FLOP *** [5s Ah Qc]
cberto09: bets $0.06
Agneobr: folds 
charles509: folds 
Uncalled bet ($0.06) returned to cberto09
cberto09 collected $0.23 from pot
cberto09: doesn't show hand 
*** SUMMARY ***
Total pot $0.24 | Rake $0.01 
Board [5s Ah Qc]
Seat 1: charles509 (button) folded on the Flop
Seat 2: donkijkong (small blind) folded before Flop
Seat 3: rodrigoxher (big blind) folded before Flop
Seat 4: cberto09 collected ($0.23)
Seat 5: MattyBSkis folded before Flop (didn't bet)
Seat 6: Dorex2007 folded before Flop (didn't bet)
Seat 7: TeeSe9 folded before Flop (didn't bet)
Seat 8: Agneobr folded on the Flop
Seat 9: Rabb1st folded before Flop (didn't bet)



PokerStars Hand #224578056960:  Hold'em No Limit ($0.01/$0.02 USD) - 2021/03/07 16:21:39 PT [2021/03/07 19:21:39 ET]
Table 'Adele III' 9-max Seat #2 is the button
Seat 1: charles509 ($1.19 in chips) 
Seat 2: donkijkong ($0.57 in chips) 
Seat 3: rodrigoxher ($2.36 in chips) 
Seat 5: MattyBSkis ($4.86 in chips) 
Seat 6: Dorex2007 ($2 in chips) 
Seat 7: TeeSe9 ($2 in chips) 
Seat 8: Agneobr ($1.91 in chips) 
Seat 9: Rabb1st ($2.17 in chips) 
rodrigoxher: posts small blind $0.01
cberto09: is sitting out 
MattyBSkis: posts big blind $0.02
*** HOLE CARDS ***
Dealt to Dorex2007 [Kc Td]
Dorex2007: folds 
TeeSe9: folds 
Agneobr: raises $0.03 to $0.05
Rabb1st: folds 
charles509: folds 
donkijkong: folds 
cberto09 leaves the table
rodrigoxher: folds 
MattyBSkis: calls $0.03
*** FLOP *** [8h Tc Ts]
MattyBSkis: checks 
Agneobr: checks 
*** TURN *** [8h Tc Ts] [6h]
MattyBSkis: checks 
Agneobr: bets $0.06
MattyBSkis: folds 
Uncalled bet ($0.06) returned to Agneobr
Agneobr collected $0.11 from pot
Agneobr: doesn't show hand 
*** SUMMARY ***
Total pot $0.11 | Rake $0 
Board [8h Tc Ts 6h]
Seat 1: charles509 folded before Flop (didn't bet)
Seat 2: donkijkong (button) folded before Flop (didn't bet)
Seat 3: rodrigoxher (small blind) folded before Flop
Seat 5: MattyBSkis (big blind) folded on the Turn
Seat 6: Dorex2007 folded before Flop (didn't bet)
Seat 7: TeeSe9 folded before Flop (didn't bet)
Seat 8: Agneobr collected ($0.11)
Seat 9: Rabb1st folded before Flop (didn't bet)



PokerStars Hand #224578073152:  Hold'em No Limit ($0.01/$0.02 USD) - 2021/03/07 16:22:17 PT [2021/03/07 19:22:17 ET]
Table 'Adele III' 9-max Seat #3 is the button
Seat 1: charles509 ($1.19 in chips) 
Seat 2: donkijkong ($0.57 in chips) 
Seat 3: rodrigoxher ($2.35 in chips) 
Seat 5: MattyBSkis ($4.81 in chips) 
Seat 6: Dorex2007 ($2 in chips) 
Seat 7: TeeSe9 ($2 in chips) 
Seat 8: Agneobr ($1.97 in chips) 
Seat 9: Rabb1st ($2.17 in chips) 
MattyBSkis: posts small blind $0.01
Dorex2007: posts big blind $0.02
*** HOLE CARDS ***
Dealt to Dorex2007 [Qd Kd]
TeeSe9: folds 
Agneobr: folds 
Rabb1st: folds 
charles509: folds 
donkijkong: calls $0.02
rodrigoxher: raises $0.06 to $0.08
MattyBSkis: calls $0.07
Dorex2007: raises $0.12 to $0.20
donkijkong: calls $0.18
rodrigoxher: calls $0.12
MattyBSkis: calls $0.12
*** FLOP *** [Ah 9c 7s]
MattyBSkis: checks 
Dorex2007: bets $0.39
donkijkong: calls $0.37 and is all-in
rodrigoxher: calls $0.39
MattyBSkis: calls $0.39
*** TURN *** [Ah 9c 7s] [3h]
MattyBSkis: checks 
Dorex2007: checks 
rodrigoxher: bets $1.14
3aPuK_PROFFI joins the table at seat #4 
MattyBSkis: folds 
Dorex2007: folds 
Uncalled bet ($1.14) returned to rodrigoxher
*** RIVER *** [Ah 9c 7s 3h] [5s]
*** SHOW DOWN ***
rodrigoxher: shows [9d 9s] (three of a kind, Nines)
rodrigoxher collected $0.06 from side pot
donkijkong: shows [Jc Td] (high card Ace)
rodrigoxher collected $2.20 from main pot
*** SUMMARY ***
Total pot $2.34 Main pot $2.20. Side pot $0.06. | Rake $0.08 
Board [Ah 9c 7s 3h 5s]
Seat 1: charles509 folded before Flop (didn't bet)
Seat 2: donkijkong showed [Jc Td] and lost with high card Ace
Seat 3: rodrigoxher (button) showed [9d 9s] and won ($2.26) with three of a kind, Nines
Seat 5: MattyBSkis (small blind) folded on the Turn
Seat 6: Dorex2007 (big blind) folded on the Turn
Seat 7: TeeSe9 folded before Flop (didn't bet)
Seat 8: Agneobr folded before Flop (didn't bet)
Seat 9: Rabb1st folded before Flop (didn't bet)



PokerStars Hand #224578127668:  Hold'em No Limit ($0.01/$0.02 USD) - 2021/03/07 16:24:11 PT [2021/03/07 19:24:11 ET]
Table 'Adele III' 9-max Seat #5 is the button
Seat 1: charles509 ($1.19 in chips) 
Seat 3: rodrigoxher ($4.02 in chips) 
Seat 5: MattyBSkis ($4.22 in chips) 
Seat 6: Dorex2007 ($2 in chips) 
Seat 7: TeeSe9 ($2 in chips) 
Seat 8: Agneobr ($1.97 in chips) 
Seat 9: Rabb1st ($2.17 in chips) 
Dorex2007: posts small blind $0.01
TeeSe9: posts big blind $0.02
*** HOLE CARDS ***
Dealt to Dorex2007 [9c 3d]
Agneobr: folds 
Rabb1st: raises $0.04 to $0.06
charles509: folds 
rodrigoxher: calls $0.06
MattyBSkis: calls $0.06
Dorex2007: folds 
TeeSe9: calls $0.04
*** FLOP *** [6d 9s Qc]
TeeSe9: checks 
Rabb1st: bets $0.14
rodrigoxher: folds 
MattyBSkis: calls $0.14
TeeSe9: folds 
*** TURN *** [6d 9s Qc] [6c]
Rabb1st: bets $0.28
MattyBSkis: calls $0.28
*** RIVER *** [6d 9s Qc 6c] [Ah]
Rabb1st: bets $0.54
MattyBSkis: folds 
Uncalled bet ($0.54) returned to Rabb1st
Rabb1st collected $1.05 from pot
Rabb1st: doesn't show hand 
*** SUMMARY ***
Total pot $1.09 | Rake $0.04 
Board [6d 9s Qc 6c Ah]
Seat 1: charles509 folded before Flop (didn't bet)
Seat 3: rodrigoxher folded on the Flop
Seat 5: MattyBSkis (button) folded on the River
Seat 6: Dorex2007 (small blind) folded before Flop
Seat 7: TeeSe9 (big blind) folded on the Flop
Seat 8: Agneobr folded before Flop (didn't bet)
Seat 9: Rabb1st collected ($1.05)



PokerStars Hand #224578164496:  Hold'em No Limit ($0.01/$0.02 USD) - 2021/03/07 16:25:24 PT [2021/03/07 19:25:24 ET]
Table 'Adele III' 9-max Seat #6 is the button
Seat 1: charles509 ($1.19 in chips) 
Seat 2: donkijkong ($1.04 in chips) 
Seat 3: rodrigoxher ($3.96 in chips) 
Seat 5: MattyBSkis ($3.74 in chips) 
Seat 6: Dorex2007 ($2 in chips) 
Seat 7: TeeSe9 ($2 in chips) 
Seat 8: Agneobr ($1.97 in chips) 
Seat 9: Rabb1st ($2.74 in chips) 
TeeSe9: posts small blind $0.01
Agneobr: posts big blind $0.02
3aPuK_PROFFI: sits out 
*** HOLE CARDS ***
Dealt to Dorex2007 [9c 9s]
Rabb1st: folds 
charles509: folds 
donkijkong: calls $0.02
rodrigoxher: folds 
MattyBSkis: raises $0.04 to $0.06
Dorex2007: calls $0.06
TeeSe9: folds 
Agneobr: folds 
donkijkong: calls $0.04
*** FLOP *** [Jd 6s 4h]
donkijkong: checks 
MattyBSkis: checks 
Dorex2007: bets $0.20
donkijkong: folds 
MattyBSkis: calls $0.20
*** TURN *** [Jd 6s 4h] [4c]
MattyBSkis: checks 
Dorex2007: checks 
*** RIVER *** [Jd 6s 4h 4c] [9d]
MattyBSkis: checks 
Dorex2007: bets $0.44
MattyBSkis: folds 
Uncalled bet ($0.44) returned to Dorex2007
Dorex2007 collected $0.59 from pot
Dorex2007: doesn't show hand 
*** SUMMARY ***
Total pot $0.61 | Rake $0.02 
Board [Jd 6s 4h 4c 9d]
Seat 1: charles509 folded before Flop (didn't bet)
Seat 2: donkijkong folded on the Flop
Seat 3: rodrigoxher folded before Flop (didn't bet)
Seat 5: MattyBSkis folded on the River
Seat 6: Dorex2007 (button) collected ($0.59)
Seat 7: TeeSe9 (small blind) folded before Flop
Seat 8: Agneobr (big blind) folded before Flop
Seat 9: Rabb1st folded before Flop (didn't bet)



PokerStars Hand #224578186096:  Hold'em No Limit ($0.01/$0.02 USD) - 2021/03/07 16:26:15 PT [2021/03/07 19:26:15 ET]
Table 'Adele III' 9-max Seat #7 is the button
Seat 1: charles509 ($1.19 in chips) 
Seat 2: donkijkong ($0.98 in chips) 
Seat 3: rodrigoxher ($3.96 in chips) 
Seat 5: MattyBSkis ($3.48 in chips) 
Seat 6: Dorex2007 ($2.33 in chips) 
Seat 7: TeeSe9 ($2 in chips) 
Seat 8: Agneobr ($1.95 in chips) 
Agneobr: posts small blind $0.01
Rabb1st: is sitting out 
Rabb1st leaves the table
charles509: posts big blind $0.02
3aPuK_PROFFI: sits out 
*** HOLE CARDS ***
Dealt to Dorex2007 [6h 9c]
donkijkong: folds 
rodrigoxher: folds 
MattyBSkis: folds 
Dorex2007: folds 
TeeSe9: folds 
Agneobr: folds 
Uncalled bet ($0.01) returned to charles509
charles509 collected $0.02 from pot
*** SUMMARY ***
Total pot $0.02 | Rake $0 
Seat 1: charles509 (big blind) collected ($0.02)
Seat 2: donkijkong folded before Flop (didn't bet)
Seat 3: rodrigoxher folded before Flop (didn't bet)
Seat 5: MattyBSkis folded before Flop (didn't bet)
Seat 6: Dorex2007 folded before Flop (didn't bet)
Seat 7: TeeSe9 (button) folded before Flop (didn't bet)
Seat 8: Agneobr (small blind) folded before Flop



PokerStars Hand #224578197518:  Hold'em No Limit ($0.01/$0.02 USD) - 2021/03/07 16:26:42 PT [2021/03/07 19:26:42 ET]
Table 'Adele III' 9-max Seat #8 is the button
Seat 1: charles509 ($1.20 in chips) 
Seat 2: donkijkong ($0.98 in chips) 
Seat 3: rodrigoxher ($3.96 in chips) 
Seat 5: MattyBSkis ($3.48 in chips) 
Seat 6: Dorex2007 ($2.33 in chips) 
Seat 7: TeeSe9 ($2 in chips) 
Seat 8: Agneobr ($1.94 in chips) 
charles509: posts small blind $0.01
donkijkong: posts big blind $0.02
3aPuK_PROFFI: sits out 
*** HOLE CARDS ***
Dealt to Dorex2007 [2s Qc]
rodrigoxher: folds 
MattyBSkis: raises $0.02 to $0.04
Dorex2007: folds 
TeeSe9: folds 
Agneobr: folds 
3aPuK_PROFFI leaves the table
charles509: folds 
donkijkong: folds 
Uncalled bet ($0.02) returned to MattyBSkis
MattyBSkis collected $0.05 from pot
MattyBSkis: doesn't show hand 
*** SUMMARY ***
Total pot $0.05 | Rake $0 
Seat 1: charles509 (small blind) folded before Flop
Seat 2: donkijkong (big blind) folded before Flop
Seat 3: rodrigoxher folded before Flop (didn't bet)
Seat 5: MattyBSkis collected ($0.05)
Seat 6: Dorex2007 folded before Flop (didn't bet)
Seat 7: TeeSe9 folded before Flop (didn't bet)
Seat 8: Agneobr (button) folded before Flop (didn't bet)



PokerStars Hand #224578205122:  Hold'em No Limit ($0.01/$0.02 USD) - 2021/03/07 16:27:00 PT [2021/03/07 19:27:00 ET]
Table 'Adele III' 9-max Seat #1 is the button
Seat 1: charles509 ($1.19 in chips) 
Seat 2: donkijkong ($0.96 in chips) 
Seat 5: MattyBSkis ($3.51 in chips) 
Seat 6: Dorex2007 ($2.33 in chips) 
Seat 7: TeeSe9 ($2 in chips) 
Seat 8: Agneobr ($1.94 in chips) 
donkijkong: posts small blind $0.01
rodrigoxher: is sitting out 
MattyBSkis: posts big blind $0.02
*** HOLE CARDS ***
Dealt to Dorex2007 [Jd Kh]
rodrigoxher leaves the table
Dorex2007: raises $0.04 to $0.06
TeeSe9: folds 
Agneobr: folds 
charles509: folds 
donkijkong: folds 
MattyBSkis: calls $0.04
*** FLOP *** [5c 9c Td]
MattyBSkis: checks 
Dorex2007 said, "lol same hand as last time"
Dorex2007: bets $0.10
MattyBSkis: folds 
Uncalled bet ($0.10) returned to Dorex2007
Dorex2007 collected $0.13 from pot
TeeSe9 said, "i knowc"
Dorex2007: doesn't show hand 
*** SUMMARY ***
Total pot $0.13 | Rake $0 
Board [5c 9c Td]
Seat 1: charles509 (button) folded before Flop (didn't bet)
Seat 2: donkijkong (small blind) folded before Flop
Seat 5: MattyBSkis (big blind) folded on the Flop
Seat 6: Dorex2007 collected ($0.13)
Seat 7: TeeSe9 folded before Flop (didn't bet)
Seat 8: Agneobr folded before Flop (didn't bet)



PokerStars Hand #224578221290:  Hold'em No Limit ($0.01/$0.02 USD) - 2021/03/07 16:27:39 PT [2021/03/07 19:27:39 ET]
Table 'Adele III' 9-max Seat #2 is the button
Seat 1: charles509 ($1.19 in chips) 
Seat 2: donkijkong ($0.95 in chips) 
Seat 5: MattyBSkis ($3.45 in chips) 
Seat 6: Dorex2007 ($2.40 in chips) 
Seat 7: TeeSe9 ($2 in chips) 
Seat 8: Agneobr ($1.94 in chips) 
MattyBSkis: posts small blind $0.01
Dorex2007: posts big blind $0.02
*** HOLE CARDS ***
Dealt to Dorex2007 [4h As]
TeeSe9 said, "today it a pokerstars day.."
TeeSe9: folds 
Agneobr: raises $0.03 to $0.05
charles509: calls $0.05
donkijkong: calls $0.05
MattyBSkis: calls $0.04
Dorex2007: folds 
*** FLOP *** [Kd Kc 9d]
MattyBSkis: checks 
UIPzavestUEP joins the table at seat #9 
Agneobr: checks 
charles509: checks 
donkijkong: bets $0.06
MattyBSkis: folds 
Agneobr: folds 
charles509: folds 
Uncalled bet ($0.06) returned to donkijkong
donkijkong collected $0.21 from pot
*** SUMMARY ***
Total pot $0.22 | Rake $0.01 
Board [Kd Kc 9d]
Seat 1: charles509 folded on the Flop
Seat 2: donkijkong (button) collected ($0.21)
Seat 5: MattyBSkis (small blind) folded on the Flop
Seat 6: Dorex2007 (big blind) folded before Flop
Seat 7: TeeSe9 folded before Flop (didn't bet)
Seat 8: Agneobr folded on the Flop



PokerStars Hand #224578240808:  Hold'em No Limit ($0.01/$0.02 USD) - 2021/03/07 16:28:22 PT [2021/03/07 19:28:22 ET]
Table 'Adele III' 9-max Seat #5 is the button
Seat 1: charles509 ($1.14 in chips) 
Seat 2: donkijkong ($1.11 in chips) 
Seat 5: MattyBSkis ($3.40 in chips) 
Seat 6: Dorex2007 ($2.38 in chips) 
Seat 7: TeeSe9 ($2 in chips) 
Seat 8: Agneobr ($1.89 in chips) 
Seat 9: UIPzavestUEP ($1.60 in chips) 
Dorex2007: posts small blind $0.01
TeeSe9: posts big blind $0.02
UIPzavestUEP: posts big blind $0.02
*** HOLE CARDS ***
Dealt to Dorex2007 [2h 9c]
Agneobr: folds 
UIPzavestUEP: checks 
charles509: folds 
donkijkong: calls $0.02
MattyBSkis: raises $0.02 to $0.04
Dorex2007: folds 
TeeSe9: folds 
UIPzavestUEP: folds 
donkijkong: calls $0.02
*** FLOP *** [Tc Ad Jc]
donkijkong: bets $0.06
MattyBSkis: raises $0.06 to $0.12
donkijkong: calls $0.06
*** TURN *** [Tc Ad Jc] [Kd]
donkijkong: checks 
MattyBSkis: bets $0.18
donkijkong: calls $0.18
*** RIVER *** [Tc Ad Jc Kd] [9s]
donkijkong: checks 
MattyBSkis: checks 
*** SHOW DOWN ***
donkijkong: shows [4c Ah] (a pair of Aces)
MattyBSkis: shows [Jd Qs] (a straight, Ten to Ace)
MattyBSkis collected $0.70 from pot
*** SUMMARY ***
Total pot $0.73 | Rake $0.03 
Board [Tc Ad Jc Kd 9s]
Seat 1: charles509 folded before Flop (didn't bet)
Seat 2: donkijkong showed [4c Ah] and lost with a pair of Aces
Seat 5: MattyBSkis (button) showed [Jd Qs] and won ($0.70) with a straight, Ten to Ace
Seat 6: Dorex2007 (small blind) folded before Flop
Seat 7: TeeSe9 (big blind) folded before Flop
Seat 8: Agneobr folded before Flop (didn't bet)
Seat 9: UIPzavestUEP folded before Flop (didn't bet)



PokerStars Hand #224578261508:  Hold'em No Limit ($0.01/$0.02 USD) - 2021/03/07 16:29:12 PT [2021/03/07 19:29:12 ET]
Table 'Adele III' 9-max Seat #6 is the button
Seat 1: charles509 ($1.14 in chips) 
Seat 2: donkijkong ($0.77 in chips) 
Seat 5: MattyBSkis ($3.76 in chips) 
Seat 6: Dorex2007 ($2.37 in chips) 
Seat 7: TeeSe9 ($2 in chips) 
Seat 8: Agneobr ($1.89 in chips) 
Seat 9: UIPzavestUEP ($2 in chips) 
TeeSe9: posts small blind $0.01
Agneobr: posts big blind $0.02
*** HOLE CARDS ***
Dealt to Dorex2007 [2s Jd]
UIPzavestUEP: folds 
charles509: folds 
donkijkong: raises $0.06 to $0.08
MattyBSkis: folds 
Dorex2007: folds 
TeeSe9: folds 
Agneobr: folds 
Uncalled bet ($0.06) returned to donkijkong
donkijkong collected $0.05 from pot
*** SUMMARY ***
Total pot $0.05 | Rake $0 
Seat 1: charles509 folded before Flop (didn't bet)
Seat 2: donkijkong collected ($0.05)
Seat 5: MattyBSkis folded before Flop (didn't bet)
Seat 6: Dorex2007 (button) folded before Flop (didn't bet)
Seat 7: TeeSe9 (small blind) folded before Flop
Seat 8: Agneobr (big blind) folded before Flop
Seat 9: UIPzavestUEP folded before Flop (didn't bet)



PokerStars Hand #224578268804:  Hold'em No Limit ($0.01/$0.02 USD) - 2021/03/07 16:29:29 PT [2021/03/07 19:29:29 ET]
Table 'Adele III' 9-max Seat #7 is the button
Seat 1: charles509 ($1.14 in chips) 
Seat 2: donkijkong ($0.80 in chips) 
Seat 5: MattyBSkis ($3.76 in chips) 
Seat 6: Dorex2007 ($2.37 in chips) 
Seat 7: TeeSe9 ($2 in chips) 
Seat 8: Agneobr ($1.87 in chips) 
Seat 9: UIPzavestUEP ($2 in chips) 
Agneobr: posts small blind $0.01
UIPzavestUEP: posts big blind $0.02
*** HOLE CARDS ***
Dealt to Dorex2007 [Js 3d]
charles509: folds 
donkijkong: folds 
MattyBSkis: calls $0.02
Dorex2007: folds 
TeeSe9: folds 
doubled8ck joins the table at seat #3 
Agneobr: folds 
UIPzavestUEP: checks 
*** FLOP *** [Jd 9s 2d]
UIPzavestUEP: bets $0.05
MattyBSkis: folds 
Uncalled bet ($0.05) returned to UIPzavestUEP
UIPzavestUEP collected $0.05 from pot
UIPzavestUEP: doesn't show hand 
*** SUMMARY ***
Total pot $0.05 | Rake $0 
Board [Jd 9s 2d]
Seat 1: charles509 folded before Flop (didn't bet)
Seat 2: donkijkong folded before Flop (didn't bet)
Seat 5: MattyBSkis folded on the Flop
Seat 6: Dorex2007 folded before Flop (didn't bet)
Seat 7: TeeSe9 (button) folded before Flop (didn't bet)
Seat 8: Agneobr (small blind) folded before Flop
Seat 9: UIPzavestUEP (big blind) collected ($0.05)



PokerStars Hand #224578284781:  Hold'em No Limit ($0.01/$0.02 USD) - 2021/03/07 16:30:08 PT [2021/03/07 19:30:08 ET]
Table 'Adele III' 9-max Seat #8 is the button
Seat 1: charles509 ($1.14 in chips) 
Seat 2: donkijkong ($0.80 in chips) 
Seat 5: MattyBSkis ($3.74 in chips) 
Seat 6: Dorex2007 ($2.37 in chips) 
Seat 7: TeeSe9 ($2 in chips) 
Seat 8: Agneobr ($1.86 in chips) 
Seat 9: UIPzavestUEP ($2.03 in chips) 
UIPzavestUEP: posts small blind $0.01
charles509: posts big blind $0.02
doubled8ck: sits out 
*** HOLE CARDS ***
Dealt to Dorex2007 [8c Ac]
donkijkong: calls $0.02
danieljojose joins the table at seat #4 
MattyBSkis: raises $0.02 to $0.04
Dorex2007: calls $0.04
TeeSe9: folds 
Agneobr: folds 
UIPzavestUEP: folds 
charles509: calls $0.02
donkijkong: calls $0.02
*** FLOP *** [Jh As 4c]
charles509: checks 
donkijkong: checks 
MattyBSkis: checks 
Dorex2007: bets $0.12
charles509: folds 
donkijkong: folds 
MattyBSkis: folds 
Uncalled bet ($0.12) returned to Dorex2007
Dorex2007 collected $0.16 from pot
Dorex2007: doesn't show hand 
*** SUMMARY ***
Total pot $0.17 | Rake $0.01 
Board [Jh As 4c]
Seat 1: charles509 (big blind) folded on the Flop
Seat 2: donkijkong folded on the Flop
Seat 5: MattyBSkis folded on the Flop
Seat 6: Dorex2007 collected ($0.16)
Seat 7: TeeSe9 folded before Flop (didn't bet)
Seat 8: Agneobr (button) folded before Flop (didn't bet)
Seat 9: UIPzavestUEP (small blind) folded before Flop



PokerStars Hand #224578303576:  Hold'em No Limit ($0.01/$0.02 USD) - 2021/03/07 16:30:44 PT [2021/03/07 19:30:44 ET]
Table 'Adele III' 9-max Seat #9 is the button
Seat 1: charles509 ($1.10 in chips) 
Seat 2: donkijkong ($0.76 in chips) 
Seat 5: MattyBSkis ($3.70 in chips) 
Seat 6: Dorex2007 ($2.49 in chips) 
Seat 7: TeeSe9 ($2 in chips) 
Seat 8: Agneobr ($1.86 in chips) 
Seat 9: UIPzavestUEP ($2.02 in chips) 
charles509: posts small blind $0.01
donkijkong: posts big blind $0.02
doubled8ck: sits out 
danieljojose: sits out 
*** HOLE CARDS ***
Dealt to Dorex2007 [Ah 8c]
MattyBSkis: folds 
Dorex2007: folds 
TeeSe9: folds 
Agneobr: raises $0.03 to $0.05
UIPzavestUEP: folds 
charles509: folds 
donkijkong: calls $0.03
*** FLOP *** [Kc Qs 7h]
donkijkong: checks 
Agneobr: bets $0.11
donkijkong: calls $0.11
*** TURN *** [Kc Qs 7h] [Td]
donkijkong: checks 
Agneobr: checks 
*** RIVER *** [Kc Qs 7h Td] [6d]
donkijkong: checks 
Agneobr: checks 
*** SHOW DOWN ***
donkijkong: shows [9h Qd] (a pair of Queens)
Agneobr: mucks hand 
donkijkong collected $0.32 from pot
*** SUMMARY ***
Total pot $0.33 | Rake $0.01 
Board [Kc Qs 7h Td 6d]
Seat 1: charles509 (small blind) folded before Flop
Seat 2: donkijkong (big blind) showed [9h Qd] and won ($0.32) with a pair of Queens
Seat 5: MattyBSkis folded before Flop (didn't bet)
Seat 6: Dorex2007 folded before Flop (didn't bet)
Seat 7: TeeSe9 folded before Flop (didn't bet)
Seat 8: Agneobr mucked [5d 5c]
Seat 9: UIPzavestUEP (button) folded before Flop (didn't bet)



PokerStars Hand #224578326742:  Hold'em No Limit ($0.01/$0.02 USD) - 2021/03/07 16:31:41 PT [2021/03/07 19:31:41 ET]
Table 'Adele III' 9-max Seat #1 is the button
Seat 1: charles509 ($1.09 in chips) 
Seat 2: donkijkong ($0.92 in chips) 
Seat 3: doubled8ck ($2 in chips) 
Seat 4: danieljojose ($0.80 in chips) 
Seat 5: MattyBSkis ($3.70 in chips) 
Seat 6: Dorex2007 ($2.49 in chips) 
Seat 7: TeeSe9 ($2 in chips) 
Seat 8: Agneobr ($1.70 in chips) 
Seat 9: UIPzavestUEP ($2.02 in chips) 
donkijkong: posts small blind $0.01
doubled8ck: posts big blind $0.02
danieljojose: posts big blind $0.02
*** HOLE CARDS ***
Dealt to Dorex2007 [As 5s]
danieljojose: checks 
MattyBSkis: calls $0.02
Dorex2007 has timed out
Dorex2007: folds 
TeeSe9: folds 
Agneobr: folds 
UIPzavestUEP: folds 
charles509: folds 
donkijkong: calls $0.01
doubled8ck: checks 
*** FLOP *** [6d 4s Qh]
donkijkong: checks 
doubled8ck: checks 
danieljojose: checks 
MattyBSkis: checks 
*** TURN *** [6d 4s Qh] [Ac]
donkijkong: bets $0.06
doubled8ck: folds 
danieljojose: folds 
MattyBSkis: folds 
Uncalled bet ($0.06) returned to donkijkong
donkijkong collected $0.08 from pot
*** SUMMARY ***
Total pot $0.08 | Rake $0 
Board [6d 4s Qh Ac]
Seat 1: charles509 (button) folded before Flop (didn't bet)
Seat 2: donkijkong (small blind) collected ($0.08)
Seat 3: doubled8ck (big blind) folded on the Turn
Seat 4: danieljojose folded on the Turn (didn't bet)
Seat 5: MattyBSkis folded on the Turn
Seat 6: Dorex2007 folded before Flop (didn't bet)
Seat 7: TeeSe9 folded before Flop (didn't bet)
Seat 8: Agneobr folded before Flop (didn't bet)
Seat 9: UIPzavestUEP folded before Flop (didn't bet)



PokerStars Hand #224578347733:  Hold'em No Limit ($0.01/$0.02 USD) - 2021/03/07 16:32:32 PT [2021/03/07 19:32:32 ET]
Table 'Adele III' 9-max Seat #2 is the button
Seat 1: charles509 ($1.09 in chips) 
Seat 2: donkijkong ($0.98 in chips) 
Seat 3: doubled8ck ($2 in chips) 
Seat 4: danieljojose ($0.78 in chips) 
Seat 5: MattyBSkis ($3.68 in chips) 
Seat 6: Dorex2007 ($2.49 in chips) 
Seat 7: TeeSe9 ($2 in chips) 
Seat 8: Agneobr ($1.70 in chips) 
Seat 9: UIPzavestUEP ($2.02 in chips) 
doubled8ck: posts small blind $0.01
danieljojose: posts big blind $0.02
*** HOLE CARDS ***
Dealt to Dorex2007 [9h Jc]
MattyBSkis: raises $0.02 to $0.04
Dorex2007: folds 
TeeSe9: folds 
Agneobr: folds 
UIPzavestUEP: folds 
charles509: folds 
donkijkong: calls $0.04
doubled8ck: folds 
danieljojose: raises $0.02 to $0.06
MattyBSkis: calls $0.02
donkijkong: calls $0.02
*** FLOP *** [2c 5s 5c]
danieljojose: bets $0.02
MattyBSkis: calls $0.02
donkijkong: calls $0.02
*** TURN *** [2c 5s 5c] [Qh]
danieljojose: bets $0.06
MattyBSkis: folds 
donkijkong: calls $0.06
*** RIVER *** [2c 5s 5c Qh] [3h]
danieljojose: bets $0.24
donkijkong: calls $0.24
*** SHOW DOWN ***
danieljojose: shows [Ad Ks] (a pair of Fives)
donkijkong: shows [7d 7h] (two pair, Sevens and Fives)
donkijkong collected $0.82 from pot
*** SUMMARY ***
Total pot $0.85 | Rake $0.03 
Board [2c 5s 5c Qh 3h]
Seat 1: charles509 folded before Flop (didn't bet)
Seat 2: donkijkong (button) showed [7d 7h] and won ($0.82) with two pair, Sevens and Fives
Seat 3: doubled8ck (small blind) folded before Flop
Seat 4: danieljojose (big blind) showed [Ad Ks] and lost with a pair of Fives
Seat 5: MattyBSkis folded on the Turn
Seat 6: Dorex2007 folded before Flop (didn't bet)
Seat 7: TeeSe9 folded before Flop (didn't bet)
Seat 8: Agneobr folded before Flop (didn't bet)
Seat 9: UIPzavestUEP folded before Flop (didn't bet)



PokerStars Hand #224578378928:  Hold'em No Limit ($0.01/$0.02 USD) - 2021/03/07 16:33:43 PT [2021/03/07 19:33:43 ET]
Table 'Adele III' 9-max Seat #3 is the button
Seat 1: charles509 ($1.09 in chips) 
Seat 2: donkijkong ($1.42 in chips) 
Seat 3: doubled8ck ($2 in chips) 
Seat 4: danieljojose ($0.40 in chips) 
Seat 5: MattyBSkis ($3.60 in chips) 
Seat 6: Dorex2007 ($2.49 in chips) 
Seat 7: TeeSe9 ($2 in chips) 
Seat 8: Agneobr ($1.70 in chips) 
Seat 9: UIPzavestUEP ($2.02 in chips) 
danieljojose: posts small blind $0.01
MattyBSkis: posts big blind $0.02
*** HOLE CARDS ***
Dealt to Dorex2007 [4c 7c]
Dorex2007: folds 
TeeSe9: raises $0.04 to $0.06
Agneobr: folds 
UIPzavestUEP: folds 
charles509: folds 
donkijkong: folds 
doubled8ck: folds 
danieljojose: folds 
MattyBSkis: calls $0.04
*** FLOP *** [3d Th Ts]
danieljojose leaves the table
MattyBSkis: checks 
TeeSe9: bets $0.07
MattyBSkis: folds 
Uncalled bet ($0.07) returned to TeeSe9
TeeSe9 collected $0.13 from pot
TeeSe9: doesn't show hand 
*** SUMMARY ***
Total pot $0.13 | Rake $0 
Board [3d Th Ts]
Seat 1: charles509 folded before Flop (didn't bet)
Seat 2: donkijkong folded before Flop (didn't bet)
Seat 3: doubled8ck (button) folded before Flop (didn't bet)
Seat 4: danieljojose (small blind) folded before Flop
Seat 5: MattyBSkis (big blind) folded on the Flop
Seat 6: Dorex2007 folded before Flop (didn't bet)
Seat 7: TeeSe9 collected ($0.13)
Seat 8: Agneobr folded before Flop (didn't bet)
Seat 9: UIPzavestUEP folded before Flop (didn't bet)



PokerStars Hand #224578394189:  Hold'em No Limit ($0.01/$0.02 USD) - 2021/03/07 16:34:21 PT [2021/03/07 19:34:21 ET]
Table 'Adele III' 9-max Seat #5 is the button
Seat 1: charles509 ($1.09 in chips) 
Seat 2: donkijkong ($1.42 in chips) 
Seat 3: doubled8ck ($2 in chips) 
Seat 5: MattyBSkis ($3.54 in chips) 
Seat 6: Dorex2007 ($2.49 in chips) 
Seat 7: TeeSe9 ($2.07 in chips) 
Seat 8: Agneobr ($1.70 in chips) 
Seat 9: UIPzavestUEP ($2.02 in chips) 
Dorex2007: posts small blind $0.01
TeeSe9: posts big blind $0.02
*** HOLE CARDS ***
Dealt to Dorex2007 [4c Kc]
Agneobr: folds 
UIPzavestUEP: folds 
charles509: folds 
donkijkong: calls $0.02
doubled8ck: folds 
MattyBSkis: calls $0.02
Dorex2007: calls $0.01
TeeSe9: checks 
*** FLOP *** [5c 4d Qd]
Dorex2007: checks 
TeeSe9: checks 
donkijkong: checks 
MattyBSkis: checks 
*** TURN *** [5c 4d Qd] [Ac]
Dorex2007: checks 
TeeSe9: checks 
donkijkong: checks 
MattyBSkis: checks 
*** RIVER *** [5c 4d Qd Ac] [8h]
Dorex2007: bets $0.04
TeeSe9: folds 
donkijkong: calls $0.04
MattyBSkis: folds 
*** SHOW DOWN ***
Dorex2007: shows [4c Kc] (a pair of Fours)
donkijkong: shows [Ad 9h] (a pair of Aces)
donkijkong collected $0.15 from pot
*** SUMMARY ***
Total pot $0.16 | Rake $0.01 
Board [5c 4d Qd Ac 8h]
Seat 1: charles509 folded before Flop (didn't bet)
Seat 2: donkijkong showed [Ad 9h] and won ($0.15) with a pair of Aces
Seat 3: doubled8ck folded before Flop (didn't bet)
Seat 5: MattyBSkis (button) folded on the River
Seat 6: Dorex2007 (small blind) showed [4c Kc] and lost with a pair of Fours
Seat 7: TeeSe9 (big blind) folded on the River
Seat 8: Agneobr folded before Flop (didn't bet)
Seat 9: UIPzavestUEP folded before Flop (didn't bet)



PokerStars Hand #224578422060:  Hold'em No Limit ($0.01/$0.02 USD) - 2021/03/07 16:35:23 PT [2021/03/07 19:35:23 ET]
Table 'Adele III' 9-max Seat #6 is the button
Seat 1: charles509 ($1.09 in chips) 
Seat 2: donkijkong ($1.51 in chips) 
Seat 3: doubled8ck ($2 in chips) 
Seat 5: MattyBSkis ($3.52 in chips) 
Seat 6: Dorex2007 ($2.43 in chips) 
Seat 7: TeeSe9 ($2.05 in chips) 
Seat 8: Agneobr ($1.70 in chips) 
Seat 9: UIPzavestUEP ($2.02 in chips) 
TeeSe9: posts small blind $0.01
Agneobr: posts big blind $0.02
*** HOLE CARDS ***
Dealt to Dorex2007 [Ac Jd]
UIPzavestUEP: folds 
charles509: folds 
donkijkong: folds 
doubled8ck: raises $0.04 to $0.06
MattyBSkis: calls $0.06
Dorex2007: folds 
TeeSe9: calls $0.05
Agneobr: folds 
*** FLOP *** [3s Qd Qs]
TeeSe9: checks 
doubled8ck: bets $0.14
MattyBSkis: folds 
TeeSe9: folds 
Uncalled bet ($0.14) returned to doubled8ck
doubled8ck collected $0.19 from pot
*** SUMMARY ***
Total pot $0.20 | Rake $0.01 
Board [3s Qd Qs]
Seat 1: charles509 folded before Flop (didn't bet)
Seat 2: donkijkong folded before Flop (didn't bet)
Seat 3: doubled8ck collected ($0.19)
Seat 5: MattyBSkis folded on the Flop
Seat 6: Dorex2007 (button) folded before Flop (didn't bet)
Seat 7: TeeSe9 (small blind) folded on the Flop
Seat 8: Agneobr (big blind) folded before Flop
Seat 9: UIPzavestUEP folded before Flop (didn't bet)



PokerStars Hand #224578438896:  Hold'em No Limit ($0.01/$0.02 USD) - 2021/03/07 16:36:05 PT [2021/03/07 19:36:05 ET]
Table 'Adele III' 9-max Seat #7 is the button
Seat 1: charles509 ($1.09 in chips) 
Seat 2: donkijkong ($1.51 in chips) 
Seat 3: doubled8ck ($2.13 in chips) 
Seat 5: MattyBSkis ($3.46 in chips) 
Seat 6: Dorex2007 ($2.43 in chips) 
Seat 7: TeeSe9 ($2 in chips) 
Seat 8: Agneobr ($1.68 in chips) 
Seat 9: UIPzavestUEP ($2.02 in chips) 
Agneobr: posts small blind $0.01
UIPzavestUEP: posts big blind $0.02
*** HOLE CARDS ***
Dealt to Dorex2007 [Jh 9s]
charles509: folds 
donkijkong: folds 
doubled8ck: folds 
MattyBSkis: raises $0.04 to $0.06
Dorex2007: folds 
TeeSe9: folds 
Agneobr: calls $0.05
UIPzavestUEP: calls $0.04
*** FLOP *** [Tc Qc 9d]
Agneobr: bets $0.05
UIPzavestUEP: folds 
MattyBSkis: raises $0.14 to $0.19
Agneobr: folds 
Uncalled bet ($0.14) returned to MattyBSkis
MattyBSkis collected $0.27 from pot
MattyBSkis: doesn't show hand 
*** SUMMARY ***
Total pot $0.28 | Rake $0.01 
Board [Tc Qc 9d]
Seat 1: charles509 folded before Flop (didn't bet)
Seat 2: donkijkong folded before Flop (didn't bet)
Seat 3: doubled8ck folded before Flop (didn't bet)
Seat 5: MattyBSkis collected ($0.27)
Seat 6: Dorex2007 folded before Flop (didn't bet)
Seat 7: TeeSe9 (button) folded before Flop (didn't bet)
Seat 8: Agneobr (small blind) folded on the Flop
Seat 9: UIPzavestUEP (big blind) folded on the Flop



PokerStars Hand #224578450213:  Hold'em No Limit ($0.01/$0.02 USD) - 2021/03/07 16:36:33 PT [2021/03/07 19:36:33 ET]
Table 'Adele III' 9-max Seat #8 is the button
Seat 1: charles509 ($1.09 in chips) 
Seat 2: donkijkong ($1.51 in chips) 
Seat 3: doubled8ck ($2.13 in chips) 
Seat 5: MattyBSkis ($3.62 in chips) 
Seat 6: Dorex2007 ($2.43 in chips) 
Seat 7: TeeSe9 ($2 in chips) 
Seat 8: Agneobr ($1.57 in chips) 
Seat 9: UIPzavestUEP ($1.96 in chips) 
UIPzavestUEP: posts small blind $0.01
charles509: posts big blind $0.02
*** HOLE CARDS ***
Dealt to Dorex2007 [Ad Ac]
donkijkong: calls $0.02
doubled8ck: folds 
MattyBSkis: calls $0.02
Dorex2007: raises $0.06 to $0.08
TeeSe9: folds 
Agneobr: folds 
UIPzavestUEP: folds 
charles509: calls $0.06
donkijkong: folds 
MattyBSkis: folds 
*** FLOP *** [Ts 9d 9h]
charles509: checks 
Dorex2007: bets $0.20
sveta483 joins the table at seat #4 
charles509: folds 
Uncalled bet ($0.20) returned to Dorex2007
Dorex2007 collected $0.20 from pot
Dorex2007: doesn't show hand 
*** SUMMARY ***
Total pot $0.21 | Rake $0.01 
Board [Ts 9d 9h]
Seat 1: charles509 (big blind) folded on the Flop
Seat 2: donkijkong folded before Flop
Seat 3: doubled8ck folded before Flop (didn't bet)
Seat 5: MattyBSkis folded before Flop
Seat 6: Dorex2007 collected ($0.20)
Seat 7: TeeSe9 folded before Flop (didn't bet)
Seat 8: Agneobr (button) folded before Flop (didn't bet)
Seat 9: UIPzavestUEP (small blind) folded before Flop



PokerStars Hand #224578474100:  Hold'em No Limit ($0.01/$0.02 USD) - 2021/03/07 16:37:10 PT [2021/03/07 19:37:10 ET]
Table 'Adele III' 9-max Seat #9 is the button
Seat 1: charles509 ($1.01 in chips) 
Seat 2: donkijkong ($1.49 in chips) 
Seat 3: doubled8ck ($2.13 in chips) 
Seat 5: MattyBSkis ($3.60 in chips) 
Seat 6: Dorex2007 ($2.55 in chips) 
Seat 7: TeeSe9 ($2 in chips) 
Seat 8: Agneobr ($1.57 in chips) 
Seat 9: UIPzavestUEP ($1.95 in chips) 
charles509: posts small blind $0.01
donkijkong: posts big blind $0.02
sveta483: sits out 
*** HOLE CARDS ***
Dealt to Dorex2007 [9h Ks]
doubled8ck: folds 
MattyBSkis: calls $0.02
Dorex2007: folds 
TeeSe9: folds 
Agneobr: folds 
UIPzavestUEP: calls $0.02
charles509: calls $0.01
donkijkong: checks 
*** FLOP *** [Qd 3h Qs]
charles509: checks 
donkijkong: checks 
MattyBSkis: checks 
UIPzavestUEP: checks 
*** TURN *** [Qd 3h Qs] [7h]
charles509: checks 
donkijkong: checks 
MattyBSkis: checks 
UIPzavestUEP: checks 
*** RIVER *** [Qd 3h Qs 7h] [Ts]
charles509: checks 
donkijkong: checks 
MattyBSkis: checks 
UIPzavestUEP: checks 
*** SHOW DOWN ***
charles509: shows [Kc 5s] (a pair of Queens)
donkijkong: shows [Ad 6h] (a pair of Queens - Ace kicker)
MattyBSkis: mucks hand 
UIPzavestUEP: shows [4h 4c] (two pair, Queens and Fours)
UIPzavestUEP collected $0.08 from pot
*** SUMMARY ***
Total pot $0.08 | Rake $0 
Board [Qd 3h Qs 7h Ts]
Seat 1: charles509 (small blind) showed [Kc 5s] and lost with a pair of Queens
Seat 2: donkijkong (big blind) showed [Ad 6h] and lost with a pair of Queens
Seat 3: doubled8ck folded before Flop (didn't bet)
Seat 5: MattyBSkis mucked [4s 2s]
Seat 6: Dorex2007 folded before Flop (didn't bet)
Seat 7: TeeSe9 folded before Flop (didn't bet)
Seat 8: Agneobr folded before Flop (didn't bet)
Seat 9: UIPzavestUEP (button) showed [4h 4c] and won ($0.08) with two pair, Queens and Fours



PokerStars Hand #224578505245:  Hold'em No Limit ($0.01/$0.02 USD) - 2021/03/07 16:38:29 PT [2021/03/07 19:38:29 ET]
Table 'Adele III' 9-max Seat #1 is the button
Seat 1: charles509 ($0.99 in chips) 
Seat 2: donkijkong ($1.47 in chips) 
Seat 3: doubled8ck ($2.13 in chips) 
Seat 5: MattyBSkis ($3.58 in chips) 
Seat 6: Dorex2007 ($2.55 in chips) 
Seat 7: TeeSe9 ($2 in chips) 
Seat 8: Agneobr ($1.57 in chips) 
Seat 9: UIPzavestUEP ($2.01 in chips) 
donkijkong: posts small blind $0.01
doubled8ck: posts big blind $0.02
sveta483: sits out 
*** HOLE CARDS ***
Dealt to Dorex2007 [7h 4h]
MattyBSkis: raises $0.02 to $0.04
Dorex2007: folds 
TeeSe9: folds 
Agneobr: calls $0.04
UIPzavestUEP has timed out
UIPzavestUEP: folds 
charles509: folds 
donkijkong: folds 
doubled8ck: folds 
*** FLOP *** [Ks 6h Td]
MattyBSkis: bets $0.06
Agneobr: calls $0.06
*** TURN *** [Ks 6h Td] [9s]
MattyBSkis: bets $0.22
Agneobr: calls $0.22
*** RIVER *** [Ks 6h Td 9s] [8h]
MattyBSkis: bets $0.65
Agneobr: folds 
Uncalled bet ($0.65) returned to MattyBSkis
MattyBSkis collected $0.65 from pot
MattyBSkis: doesn't show hand 
*** SUMMARY ***
Total pot $0.67 | Rake $0.02 
Board [Ks 6h Td 9s 8h]
Seat 1: charles509 (button) folded before Flop (didn't bet)
Seat 2: donkijkong (small blind) folded before Flop
Seat 3: doubled8ck (big blind) folded before Flop
Seat 5: MattyBSkis collected ($0.65)
Seat 6: Dorex2007 folded before Flop (didn't bet)
Seat 7: TeeSe9 folded before Flop (didn't bet)
Seat 8: Agneobr folded on the River
Seat 9: UIPzavestUEP folded before Flop (didn't bet)



PokerStars Hand #224578537547:  Hold'em No Limit ($0.01/$0.02 USD) - 2021/03/07 16:39:40 PT [2021/03/07 19:39:40 ET]
Table 'Adele III' 9-max Seat #2 is the button
Seat 1: charles509 ($0.99 in chips) 
Seat 2: donkijkong ($1.46 in chips) 
Seat 3: doubled8ck ($2.11 in chips) 
Seat 4: sveta483 ($1.60 in chips) 
Seat 5: MattyBSkis ($3.91 in chips) 
Seat 6: Dorex2007 ($2.55 in chips) 
Seat 7: TeeSe9 ($2 in chips) 
Seat 8: Agneobr ($1.25 in chips) 
Seat 9: UIPzavestUEP ($2.01 in chips) 
doubled8ck: posts small blind $0.01
sveta483: posts big blind $0.02
*** HOLE CARDS ***
Dealt to Dorex2007 [6s Qh]
MattyBSkis: calls $0.02
Dorex2007: folds 
TeeSe9: folds 
Agneobr: folds 
UIPzavestUEP: calls $0.02
charles509: calls $0.02
donkijkong: folds 
doubled8ck: folds 
sveta483: checks 
*** FLOP *** [Td 2c 9c]
sveta483: checks 
MattyBSkis: checks 
UIPzavestUEP: checks 
charles509: checks 
*** TURN *** [Td 2c 9c] [8s]
sveta483: checks 
MattyBSkis: bets $0.05
UIPzavestUEP: calls $0.05
charles509: folds 
sveta483: calls $0.05
*** RIVER *** [Td 2c 9c 8s] [As]
sveta483: checks 
MattyBSkis: bets $0.23
UIPzavestUEP: raises $1.71 to $1.94 and is all-in
sveta483: folds 
MattyBSkis: calls $1.71
*** SHOW DOWN ***
UIPzavestUEP: shows [Jh Qc] (a straight, Eight to Queen)
MattyBSkis: shows [2h Ad] (two pair, Aces and Deuces)
UIPzavestUEP collected $3.98 from pot
*** SUMMARY ***
Total pot $4.12 | Rake $0.14 
Board [Td 2c 9c 8s As]
Seat 1: charles509 folded on the Turn
Seat 2: donkijkong (button) folded before Flop (didn't bet)
Seat 3: doubled8ck (small blind) folded before Flop
Seat 4: sveta483 (big blind) folded on the River
Seat 5: MattyBSkis showed [2h Ad] and lost with two pair, Aces and Deuces
Seat 6: Dorex2007 folded before Flop (didn't bet)
Seat 7: TeeSe9 folded before Flop (didn't bet)
Seat 8: Agneobr folded before Flop (didn't bet)
Seat 9: UIPzavestUEP showed [Jh Qc] and won ($3.98) with a straight, Eight to Queen



PokerStars Hand #224578565239:  Hold'em No Limit ($0.01/$0.02 USD) - 2021/03/07 16:40:50 PT [2021/03/07 19:40:50 ET]
Table 'Adele III' 9-max Seat #3 is the button
Seat 1: charles509 ($0.97 in chips) 
Seat 2: donkijkong ($1.46 in chips) 
Seat 3: doubled8ck ($2.10 in chips) 
Seat 4: sveta483 ($1.53 in chips) 
Seat 5: MattyBSkis ($1.90 in chips) 
Seat 6: Dorex2007 ($2.55 in chips) 
Seat 7: TeeSe9 ($2 in chips) 
Seat 8: Agneobr ($1.25 in chips) 
Seat 9: UIPzavestUEP ($3.98 in chips) 
sveta483: posts small blind $0.01
MattyBSkis: posts big blind $0.02
*** HOLE CARDS ***
Dealt to Dorex2007 [6s Qh]
Dorex2007: folds 
TeeSe9: folds 
Agneobr: folds 
UIPzavestUEP: folds 
charles509: calls $0.02
donkijkong: folds 
doubled8ck: raises $0.06 to $0.08
sveta483: calls $0.07
MattyBSkis: calls $0.06
charles509: calls $0.06
*** FLOP *** [8d Js 7d]
sveta483: checks 
MattyBSkis: checks 
charles509: checks 
doubled8ck: bets $0.24
sveta483: calls $0.24
MattyBSkis: folds 
charles509: folds 
*** TURN *** [8d Js 7d] [3c]
sveta483: checks 
doubled8ck: bets $0.40
sveta483: calls $0.40
*** RIVER *** [8d Js 7d 3c] [Td]
sveta483: checks 
doubled8ck: checks 
*** SHOW DOWN ***
sveta483: shows [4s 6c] (high card Jack)
doubled8ck: shows [Qc Jc] (a pair of Jacks)
doubled8ck collected $1.54 from pot
*** SUMMARY ***
Total pot $1.60 | Rake $0.06 
Board [8d Js 7d 3c Td]
Seat 1: charles509 folded on the Flop
Seat 2: donkijkong folded before Flop (didn't bet)
Seat 3: doubled8ck (button) showed [Qc Jc] and won ($1.54) with a pair of Jacks
Seat 4: sveta483 (small blind) showed [4s 6c] and lost with high card Jack
Seat 5: MattyBSkis (big blind) folded on the Flop
Seat 6: Dorex2007 folded before Flop (didn't bet)
Seat 7: TeeSe9 folded before Flop (didn't bet)
Seat 8: Agneobr folded before Flop (didn't bet)
Seat 9: UIPzavestUEP folded before Flop (didn't bet)



PokerStars Hand #224578588221:  Hold'em No Limit ($0.01/$0.02 USD) - 2021/03/07 16:41:49 PT [2021/03/07 19:41:49 ET]
Table 'Adele III' 9-max Seat #4 is the button
Seat 1: charles509 ($0.89 in chips) 
Seat 2: donkijkong ($1.46 in chips) 
Seat 3: doubled8ck ($2.92 in chips) 
Seat 4: sveta483 ($0.81 in chips) 
Seat 5: MattyBSkis ($1.82 in chips) 
Seat 6: Dorex2007 ($2.55 in chips) 
Seat 7: TeeSe9 ($2 in chips) 
Seat 8: Agneobr ($1.25 in chips) 
Seat 9: UIPzavestUEP ($3.98 in chips) 
MattyBSkis: posts small blind $0.01
Dorex2007: posts big blind $0.02
*** HOLE CARDS ***
Dealt to Dorex2007 [8d Jc]
TeeSe9: folds 
Agneobr: folds 
UIPzavestUEP: folds 
charles509: calls $0.02
donkijkong: calls $0.02
doubled8ck: raises $0.08 to $0.10
sveta483: calls $0.10
MattyBSkis: folds 
Dorex2007: folds 
charles509: calls $0.08
donkijkong: calls $0.08
*** FLOP *** [Ad 6s Qs]
charles509: checks 
donkijkong: checks 
doubled8ck: checks 
sveta483: bets $0.40
charles509: folds 
donkijkong: calls $0.40
TeeSe9 leaves the table
doubled8ck: folds 
*** TURN *** [Ad 6s Qs] [3s]
donkijkong: checks 
sveta483: bets $0.18
donkijkong: calls $0.18
*** RIVER *** [Ad 6s Qs 3s] [Kh]
donkijkong: checks 
sveta483: checks 
*** SHOW DOWN ***
donkijkong: shows [Qh Qd] (three of a kind, Queens)
sveta483: mucks hand 
taviiinhot8 joins the table at seat #7 
donkijkong collected $1.53 from pot
*** SUMMARY ***
Total pot $1.59 | Rake $0.06 
Board [Ad 6s Qs 3s Kh]
Seat 1: charles509 folded on the Flop
Seat 2: donkijkong showed [Qh Qd] and won ($1.53) with three of a kind, Queens
Seat 3: doubled8ck folded on the Flop
Seat 4: sveta483 (button) mucked [7h Th]
Seat 5: MattyBSkis (small blind) folded before Flop
Seat 6: Dorex2007 (big blind) folded before Flop
Seat 7: TeeSe9 folded before Flop (didn't bet)
Seat 8: Agneobr folded before Flop (didn't bet)
Seat 9: UIPzavestUEP folded before Flop (didn't bet)



PokerStars Hand #224578611993:  Hold'em No Limit ($0.01/$0.02 USD) - 2021/03/07 16:42:49 PT [2021/03/07 19:42:49 ET]
Table 'Adele III' 9-max Seat #5 is the button
Seat 1: charles509 ($0.79 in chips) 
Seat 2: donkijkong ($2.31 in chips) 
Seat 3: doubled8ck ($2.82 in chips) 
Seat 4: sveta483 ($0.13 in chips) 
Seat 5: MattyBSkis ($1.81 in chips) 
Seat 6: Dorex2007 ($2.53 in chips) 
Seat 7: taviiinhot8 ($2 in chips) 
Seat 8: Agneobr ($1.25 in chips) 
Seat 9: UIPzavestUEP ($3.98 in chips) 
Dorex2007: posts small blind $0.01
taviiinhot8: posts big blind $0.02
*** HOLE CARDS ***
Dealt to Dorex2007 [8h 4d]
Agneobr: raises $0.03 to $0.05
UIPzavestUEP: folds 
charles509: calls $0.05
donkijkong: folds 
doubled8ck: folds 
sveta483: raises $0.08 to $0.13 and is all-in
MattyBSkis: folds 
Dorex2007: folds 
taviiinhot8: folds 
Agneobr: calls $0.08
charles509: calls $0.08
*** FLOP *** [9c Kd 9d]
Agneobr: bets $0.21
charles509: calls $0.21
*** TURN *** [9c Kd 9d] [Ac]
Agneobr: checks 
charles509: checks 
*** RIVER *** [9c Kd 9d Ac] [5s]
Agneobr: checks 
charles509: checks 
*** SHOW DOWN ***
Agneobr: shows [Jd Qd] (a pair of Nines)
charles509: shows [Td Tc] (two pair, Tens and Nines)
charles509 collected $0.40 from side pot
sveta483: mucks hand 
charles509 collected $0.41 from main pot
*** SUMMARY ***
Total pot $0.84 Main pot $0.41. Side pot $0.40. | Rake $0.03 
Board [9c Kd 9d Ac 5s]
Seat 1: charles509 showed [Td Tc] and won ($0.81) with two pair, Tens and Nines
Seat 2: donkijkong folded before Flop (didn't bet)
Seat 3: doubled8ck folded before Flop (didn't bet)
Seat 4: sveta483 mucked [6h 5h]
Seat 5: MattyBSkis (button) folded before Flop (didn't bet)
Seat 6: Dorex2007 (small blind) folded before Flop
Seat 7: taviiinhot8 (big blind) folded before Flop
Seat 8: Agneobr showed [Jd Qd] and lost with a pair of Nines
Seat 9: UIPzavestUEP folded before Flop (didn't bet)



PokerStars Hand #224578629739:  Hold'em No Limit ($0.01/$0.02 USD) - 2021/03/07 16:43:34 PT [2021/03/07 19:43:34 ET]
Table 'Adele III' 9-max Seat #6 is the button
Seat 1: charles509 ($1.26 in chips) 
Seat 2: donkijkong ($2.31 in chips) 
Seat 3: doubled8ck ($2.82 in chips) 
Seat 5: MattyBSkis ($1.81 in chips) 
Seat 6: Dorex2007 ($2.52 in chips) 
Seat 7: taviiinhot8 ($1.98 in chips) 
Seat 8: Agneobr ($0.91 in chips) 
Seat 9: UIPzavestUEP ($3.98 in chips) 
taviiinhot8: posts small blind $0.01
Agneobr: posts big blind $0.02
*** HOLE CARDS ***
Dealt to Dorex2007 [6c 5s]
UIPzavestUEP: folds 
charles509: folds 
donkijkong: calls $0.02
doubled8ck: raises $0.06 to $0.08
MattyBSkis: folds 
Dorex2007: folds 
taviiinhot8: folds 
Agneobr: folds 
sveta483 leaves the table
donkijkong: folds 
Uncalled bet ($0.06) returned to doubled8ck
doubled8ck collected $0.07 from pot
*** SUMMARY ***
Total pot $0.07 | Rake $0 
Seat 1: charles509 folded before Flop (didn't bet)
Seat 2: donkijkong folded before Flop
Seat 3: doubled8ck collected ($0.07)
Seat 5: MattyBSkis folded before Flop (didn't bet)
Seat 6: Dorex2007 (button) folded before Flop (didn't bet)
Seat 7: taviiinhot8 (small blind) folded before Flop
Seat 8: Agneobr (big blind) folded before Flop
Seat 9: UIPzavestUEP folded before Flop (didn't bet)



PokerStars Hand #224578639267:  Hold'em No Limit ($0.01/$0.02 USD) - 2021/03/07 16:43:58 PT [2021/03/07 19:43:58 ET]
Table 'Adele III' 9-max Seat #7 is the button
Seat 1: charles509 ($1.26 in chips) 
Seat 2: donkijkong ($2.29 in chips) 
Seat 3: doubled8ck ($2.87 in chips) 
Seat 5: MattyBSkis ($1.81 in chips) 
Seat 6: Dorex2007 ($2.52 in chips) 
Seat 7: taviiinhot8 ($1.97 in chips) 
Seat 8: Agneobr ($0.89 in chips) 
Seat 9: UIPzavestUEP ($3.98 in chips) 
Agneobr: posts small blind $0.01
UIPzavestUEP: posts big blind $0.02
*** HOLE CARDS ***
Dealt to Dorex2007 [Jd Ad]
charles509: folds 
donkijkong: folds 
doubled8ck: folds 
MattyBSkis: calls $0.02
Dorex2007: raises $0.02 to $0.04
taviiinhot8: folds 
Agneobr: folds 
UIPzavestUEP: folds 
MattyBSkis: calls $0.02
*** FLOP *** [7c 2d Qh]
MattyBSkis: bets $0.11
Dorex2007: folds 
Uncalled bet ($0.11) returned to MattyBSkis
MattyBSkis collected $0.11 from pot
MattyBSkis: doesn't show hand 
*** SUMMARY ***
Total pot $0.11 | Rake $0 
Board [7c 2d Qh]
Seat 1: charles509 folded before Flop (didn't bet)
Seat 2: donkijkong folded before Flop (didn't bet)
Seat 3: doubled8ck folded before Flop (didn't bet)
Seat 5: MattyBSkis collected ($0.11)
Seat 6: Dorex2007 folded on the Flop
Seat 7: taviiinhot8 (button) folded before Flop (didn't bet)
Seat 8: Agneobr (small blind) folded before Flop
Seat 9: UIPzavestUEP (big blind) folded before Flop



PokerStars Hand #224578663465:  Hold'em No Limit ($0.01/$0.02 USD) - 2021/03/07 16:44:39 PT [2021/03/07 19:44:39 ET]
Table 'Adele III' 9-max Seat #8 is the button
Seat 1: charles509 ($1.26 in chips) 
Seat 2: donkijkong ($2.29 in chips) 
Seat 3: doubled8ck ($2.87 in chips) 
Seat 5: MattyBSkis ($1.88 in chips) 
Seat 6: Dorex2007 ($2.48 in chips) 
Seat 7: taviiinhot8 ($1.97 in chips) 
Seat 8: Agneobr ($0.88 in chips) 
Seat 9: UIPzavestUEP ($3.96 in chips) 
UIPzavestUEP: posts small blind $0.01
charles509: posts big blind $0.02
*** HOLE CARDS ***
Dealt to Dorex2007 [2c 3s]
donkijkong: raises $0.02 to $0.04
doubled8ck: folds 
MattyBSkis: calls $0.04
Dorex2007: folds 
taviiinhot8: folds 
Agneobr: folds 
UIPzavestUEP: calls $0.03
charles509: calls $0.02
*** FLOP *** [9s 9h Tc]
UIPzavestUEP: checks 
charles509: checks 
donkijkong: checks 
MattyBSkis: checks 
*** TURN *** [9s 9h Tc] [4c]
martunov joins the table at seat #4 
UIPzavestUEP: checks 
charles509: bets $0.08
donkijkong: calls $0.08
MattyBSkis: folds 
UIPzavestUEP: calls $0.08
*** RIVER *** [9s 9h Tc 4c] [4s]
UIPzavestUEP: checks 
charles509: checks 
donkijkong: checks 
*** SHOW DOWN ***
UIPzavestUEP: shows [Js Ts] (two pair, Tens and Nines)
charles509: shows [4d 4h] (four of a kind, Fours)
donkijkong: mucks hand 
charles509 collected $0.39 from pot
*** SUMMARY ***
Total pot $0.40 | Rake $0.01 
Board [9s 9h Tc 4c 4s]
Seat 1: charles509 (big blind) showed [4d 4h] and won ($0.39) with four of a kind, Fours
Seat 2: donkijkong mucked [Ah 8h]
Seat 3: doubled8ck folded before Flop (didn't bet)
Seat 5: MattyBSkis folded on the Turn
Seat 6: Dorex2007 folded before Flop (didn't bet)
Seat 7: taviiinhot8 folded before Flop (didn't bet)
Seat 8: Agneobr (button) folded before Flop (didn't bet)
Seat 9: UIPzavestUEP (small blind) showed [Js Ts] and lost with two pair, Tens and Nines



PokerStars Hand #224578684550:  Hold'em No Limit ($0.01/$0.02 USD) - 2021/03/07 16:45:34 PT [2021/03/07 19:45:34 ET]
Table 'Adele III' 9-max Seat #9 is the button
Seat 1: charles509 ($1.53 in chips) 
Seat 2: donkijkong ($2.17 in chips) 
Seat 3: doubled8ck ($2.87 in chips) 
Seat 4: martunov ($1.60 in chips) 
Seat 5: MattyBSkis ($1.84 in chips) 
Seat 6: Dorex2007 ($2.48 in chips) 
Seat 8: Agneobr ($0.88 in chips) 
Seat 9: UIPzavestUEP ($3.84 in chips) 
charles509: posts small blind $0.01
donkijkong: posts big blind $0.02
martunov: posts big blind $0.02
*** HOLE CARDS ***
Dealt to Dorex2007 [Td 8c]
doubled8ck: folds 
martunov: checks 
MattyBSkis: folds 
MattyBSkis leaves the table
Dorex2007: folds 
Agneobr: folds 
UIPzavestUEP: calls $0.02
charles509: calls $0.01
donkijkong: checks 
*** FLOP *** [5d 4c Ks]
charles509: checks 
donkijkong: checks 
martunov: checks 
UIPzavestUEP: bets $0.08
charles509: folds 
donkijkong: calls $0.08
brunobpc78 joins the table at seat #5 
martunov: folds 
*** TURN *** [5d 4c Ks] [7c]
donkijkong: checks 
UIPzavestUEP: checks 
*** RIVER *** [5d 4c Ks 7c] [5c]
donkijkong: checks 
UIPzavestUEP: checks 
*** SHOW DOWN ***
donkijkong: shows [Js Qc] (a pair of Fives)
UIPzavestUEP: shows [Ac Qd] (a pair of Fives - Ace kicker)
UIPzavestUEP collected $0.23 from pot
*** SUMMARY ***
Total pot $0.24 | Rake $0.01 
Board [5d 4c Ks 7c 5c]
Seat 1: charles509 (small blind) folded on the Flop
Seat 2: donkijkong (big blind) showed [Js Qc] and lost with a pair of Fives
Seat 3: doubled8ck folded before Flop (didn't bet)
Seat 4: martunov folded on the Flop (didn't bet)
Seat 5: MattyBSkis folded before Flop (didn't bet)
Seat 6: Dorex2007 folded before Flop (didn't bet)
Seat 8: Agneobr folded before Flop (didn't bet)
Seat 9: UIPzavestUEP (button) showed [Ac Qd] and won ($0.23) with a pair of Fives



PokerStars Hand #224578708726:  Hold'em No Limit ($0.01/$0.02 USD) - 2021/03/07 16:46:36 PT [2021/03/07 19:46:36 ET]
Table 'Adele III' 9-max Seat #1 is the button
Seat 1: charles509 ($1.51 in chips) 
Seat 2: donkijkong ($2.07 in chips) 
Seat 3: doubled8ck ($2.87 in chips) 
Seat 4: martunov ($1.58 in chips) 
Seat 5: brunobpc78 ($0.80 in chips) 
Seat 6: Dorex2007 ($2.48 in chips) 
Seat 8: Agneobr ($0.88 in chips) 
Seat 9: UIPzavestUEP ($3.97 in chips) 
donkijkong: posts small blind $0.01
doubled8ck: posts big blind $0.02
brunobpc78: posts big blind $0.02
*** HOLE CARDS ***
Dealt to Dorex2007 [Td 6d]
martunov: calls $0.02
brunobpc78: checks 
Dorex2007: folds 
Agneobr: raises $0.03 to $0.05
UIPzavestUEP: folds 
charles509: folds 
donkijkong: folds 
doubled8ck: folds 
martunov: calls $0.03
brunobpc78: folds 
*** FLOP *** [Tc 6s Kd]
martunov: checks 
Agneobr: checks 
*** TURN *** [Tc 6s Kd] [5h]
martunov: bets $0.04
Agneobr: calls $0.04
*** RIVER *** [Tc 6s Kd 5h] [Ts]
martunov: checks 
Agneobr: checks 
*** SHOW DOWN ***
martunov: shows [Jc Qs] (a pair of Tens)
Agneobr: shows [3c 3s] (two pair, Tens and Threes)
Agneobr collected $0.22 from pot
*** SUMMARY ***
Total pot $0.23 | Rake $0.01 
Board [Tc 6s Kd 5h Ts]
Seat 1: charles509 (button) folded before Flop (didn't bet)
Seat 2: donkijkong (small blind) folded before Flop
Seat 3: doubled8ck (big blind) folded before Flop
Seat 4: martunov showed [Jc Qs] and lost with a pair of Tens
Seat 5: brunobpc78 folded before Flop (didn't bet)
Seat 6: Dorex2007 folded before Flop (didn't bet)
Seat 8: Agneobr showed [3c 3s] and won ($0.22) with two pair, Tens and Threes
Seat 9: UIPzavestUEP folded before Flop (didn't bet)



PokerStars Hand #224578724818:  Hold'em No Limit ($0.01/$0.02 USD) - 2021/03/07 16:47:18 PT [2021/03/07 19:47:18 ET]
Table 'Adele III' 9-max Seat #2 is the button
Seat 1: charles509 ($1.51 in chips) 
Seat 2: donkijkong ($2.06 in chips) 
Seat 3: doubled8ck ($2.85 in chips) 
Seat 4: martunov ($1.49 in chips) 
Seat 5: brunobpc78 ($0.78 in chips) 
Seat 6: Dorex2007 ($2.48 in chips) 
Seat 8: Agneobr ($1.01 in chips) 
Seat 9: UIPzavestUEP ($3.97 in chips) 
doubled8ck: posts small blind $0.01
martunov: posts big blind $0.02
*** HOLE CARDS ***
Dealt to Dorex2007 [8d 3c]
brunobpc78: calls $0.02
Dorex2007: folds 
Agneobr: folds 
UIPzavestUEP: folds 
charles509: folds 
donkijkong: folds 
doubled8ck: folds 
martunov: checks 
*** FLOP *** [4s 2s 6c]
martunov: checks 
brunobpc78: bets $0.02
martunov: folds 
Uncalled bet ($0.02) returned to brunobpc78
brunobpc78 collected $0.05 from pot
brunobpc78: doesn't show hand 
*** SUMMARY ***
Total pot $0.05 | Rake $0 
Board [4s 2s 6c]
Seat 1: charles509 folded before Flop (didn't bet)
Seat 2: donkijkong (button) folded before Flop (didn't bet)
Seat 3: doubled8ck (small blind) folded before Flop
Seat 4: martunov (big blind) folded on the Flop
Seat 5: brunobpc78 collected ($0.05)
Seat 6: Dorex2007 folded before Flop (didn't bet)
Seat 8: Agneobr folded before Flop (didn't bet)
Seat 9: UIPzavestUEP folded before Flop (didn't bet)



PokerStars Hand #224578733606:  Hold'em No Limit ($0.01/$0.02 USD) - 2021/03/07 16:47:41 PT [2021/03/07 19:47:41 ET]
Table 'Adele III' 9-max Seat #3 is the button
Seat 1: charles509 ($1.51 in chips) 
Seat 2: donkijkong ($2.06 in chips) 
Seat 3: doubled8ck ($2.84 in chips) 
Seat 4: martunov ($1.47 in chips) 
Seat 5: brunobpc78 ($0.81 in chips) 
Seat 6: Dorex2007 ($2.48 in chips) 
Seat 8: Agneobr ($1.01 in chips) 
Seat 9: UIPzavestUEP ($3.97 in chips) 
martunov: posts small blind $0.01
brunobpc78: posts big blind $0.02
*** HOLE CARDS ***
Dealt to Dorex2007 [2c Jh]
Dorex2007: folds 
Agneobr: folds 
UIPzavestUEP: folds 
charles509: folds 
donkijkong: calls $0.02
doubled8ck: folds 
martunov: raises $0.02 to $0.04
brunobpc78: calls $0.02
donkijkong: calls $0.02
*** FLOP *** [Ah 2h 5d]
martunov: checks 
brunobpc78: checks 
donkijkong: checks 
*** TURN *** [Ah 2h 5d] [9d]
martunov: bets $0.02
brunobpc78: calls $0.02
donkijkong: calls $0.02
*** RIVER *** [Ah 2h 5d 9d] [3s]
martunov: checks 
brunobpc78: checks 
donkijkong: checks 
*** SHOW DOWN ***
martunov: shows [Ts 9h] (a pair of Nines)
brunobpc78: mucks hand 
donkijkong: shows [Qh Qs] (a pair of Queens)
donkijkong collected $0.17 from pot
*** SUMMARY ***
Total pot $0.18 | Rake $0.01 
Board [Ah 2h 5d 9d 3s]
Seat 1: charles509 folded before Flop (didn't bet)
Seat 2: donkijkong showed [Qh Qs] and won ($0.17) with a pair of Queens
Seat 3: doubled8ck (button) folded before Flop (didn't bet)
Seat 4: martunov (small blind) showed [Ts 9h] and lost with a pair of Nines
Seat 5: brunobpc78 (big blind) mucked [6c 7c]
Seat 6: Dorex2007 folded before Flop (didn't bet)
Seat 8: Agneobr folded before Flop (didn't bet)
Seat 9: UIPzavestUEP folded before Flop (didn't bet)



PokerStars Hand #224578751168:  Hold'em No Limit ($0.01/$0.02 USD) - 2021/03/07 16:48:27 PT [2021/03/07 19:48:27 ET]
Table 'Adele III' 9-max Seat #4 is the button
Seat 1: charles509 ($1.51 in chips) 
Seat 2: donkijkong ($2.17 in chips) 
Seat 3: doubled8ck ($2.84 in chips) 
Seat 4: martunov ($1.41 in chips) 
Seat 5: brunobpc78 ($0.75 in chips) 
Seat 6: Dorex2007 ($2.48 in chips) 
Seat 8: Agneobr ($1.01 in chips) 
Seat 9: UIPzavestUEP ($3.97 in chips) 
brunobpc78: posts small blind $0.01
Dorex2007: posts big blind $0.02
*** HOLE CARDS ***
Dealt to Dorex2007 [Qd Js]
Agneobr: raises $0.05 to $0.07
UIPzavestUEP: folds 
charles509: folds 
donkijkong: folds 
doubled8ck: folds 
martunov: folds 
martunov leaves the table
brunobpc78: folds 
Dorex2007: calls $0.05
*** FLOP *** [9c 6c 3h]
Dorex2007: checks 
Agneobr: bets $0.94 and is all-in
Dorex2007: folds 
Uncalled bet ($0.94) returned to Agneobr
Agneobr collected $0.14 from pot
Agneobr: doesn't show hand 
*** SUMMARY ***
Total pot $0.15 | Rake $0.01 
Board [9c 6c 3h]
Seat 1: charles509 folded before Flop (didn't bet)
Seat 2: donkijkong folded before Flop (didn't bet)
Seat 3: doubled8ck folded before Flop (didn't bet)
Seat 4: martunov (button) folded before Flop (didn't bet)
Seat 5: brunobpc78 (small blind) folded before Flop
Seat 6: Dorex2007 (big blind) folded on the Flop
Seat 8: Agneobr collected ($0.14)
Seat 9: UIPzavestUEP folded before Flop (didn't bet)



PokerStars Hand #224578762669:  Hold'em No Limit ($0.01/$0.02 USD) - 2021/03/07 16:48:58 PT [2021/03/07 19:48:58 ET]
Table 'Adele III' 9-max Seat #5 is the button
Seat 1: charles509 ($1.51 in chips) 
Seat 2: donkijkong ($2.17 in chips) 
Seat 3: doubled8ck ($2.84 in chips) 
Seat 5: brunobpc78 ($0.74 in chips) 
Seat 6: Dorex2007 ($2.41 in chips) 
Seat 8: Agneobr ($1.08 in chips) 
Seat 9: UIPzavestUEP ($3.97 in chips) 
Dorex2007: posts small blind $0.01
Agneobr: posts big blind $0.02
*** HOLE CARDS ***
Dealt to Dorex2007 [3c 8s]
UIPzavestUEP: folds 
charles509: folds 
donkijkong: folds 
doubled8ck: folds 
brunobpc78: calls $0.02
Dorex2007: folds 
Agneobr: checks 
*** FLOP *** [Ac 5h Td]
JorgeMan joins the table at seat #4 
Agneobr: bets $0.03
brunobpc78: folds 
Uncalled bet ($0.03) returned to Agneobr
Agneobr collected $0.05 from pot
Agneobr: doesn't show hand 
*** SUMMARY ***
Total pot $0.05 | Rake $0 
Board [Ac 5h Td]
Seat 1: charles509 folded before Flop (didn't bet)
Seat 2: donkijkong folded before Flop (didn't bet)
Seat 3: doubled8ck folded before Flop (didn't bet)
Seat 5: brunobpc78 (button) folded on the Flop
Seat 6: Dorex2007 (small blind) folded before Flop
Seat 8: Agneobr (big blind) collected ($0.05)
Seat 9: UIPzavestUEP folded before Flop (didn't bet)



PokerStars Hand #224578771734:  Hold'em No Limit ($0.01/$0.02 USD) - 2021/03/07 16:49:22 PT [2021/03/07 19:49:22 ET]
Table 'Adele III' 9-max Seat #6 is the button
Seat 1: charles509 ($1.51 in chips) 
Seat 2: donkijkong ($2.17 in chips) 
Seat 3: doubled8ck ($2.84 in chips) 
Seat 5: brunobpc78 ($0.72 in chips) 
Seat 6: Dorex2007 ($2.40 in chips) 
Seat 8: Agneobr ($1.11 in chips) 
Seat 9: UIPzavestUEP ($3.97 in chips) 
Agneobr: posts small blind $0.01
UIPzavestUEP: posts big blind $0.02
JorgeMan: sits out 
*** HOLE CARDS ***
Dealt to Dorex2007 [Qh 3s]
charles509: folds 
donkijkong: calls $0.02
doubled8ck: folds 
brunobpc78: calls $0.02
Dorex2007: folds 
Agneobr: raises $0.04 to $0.06
UIPzavestUEP: calls $0.04
donkijkong: calls $0.04
brunobpc78: calls $0.04
*** FLOP *** [7c 3d Kd]
Agneobr: bets $0.23
UIPzavestUEP: folds 
donkijkong: calls $0.23
brunobpc78: folds 
*** TURN *** [7c 3d Kd] [Ah]
Agneobr: bets $0.34
donkijkong: calls $0.34
*** RIVER *** [7c 3d Kd Ah] [5d]
Agneobr: checks 
donkijkong: checks 
*** SHOW DOWN ***
Agneobr: shows [Kc 9c] (a pair of Kings)
donkijkong: shows [5s Ks] (two pair, Kings and Fives)
donkijkong collected $1.33 from pot
*** SUMMARY ***
Total pot $1.38 | Rake $0.05 
Board [7c 3d Kd Ah 5d]
Seat 1: charles509 folded before Flop (didn't bet)
Seat 2: donkijkong showed [5s Ks] and won ($1.33) with two pair, Kings and Fives
Seat 3: doubled8ck folded before Flop (didn't bet)
Seat 5: brunobpc78 folded on the Flop
Seat 6: Dorex2007 (button) folded before Flop (didn't bet)
Seat 8: Agneobr (small blind) showed [Kc 9c] and lost with a pair of Kings
Seat 9: UIPzavestUEP (big blind) folded on the Flop



PokerStars Hand #224578785949:  Hold'em No Limit ($0.01/$0.02 USD) - 2021/03/07 16:49:59 PT [2021/03/07 19:49:59 ET]
Table 'Adele III' 9-max Seat #8 is the button
Seat 1: charles509 ($1.51 in chips) 
Seat 2: donkijkong ($2.87 in chips) 
Seat 3: doubled8ck ($2.84 in chips) 
Seat 5: brunobpc78 ($0.66 in chips) 
Seat 6: Dorex2007 ($2.40 in chips) 
Seat 8: Agneobr ($0.48 in chips) 
Seat 9: UIPzavestUEP ($3.91 in chips) 
UIPzavestUEP: posts small blind $0.01
charles509: posts big blind $0.02
JorgeMan: sits out 
*** HOLE CARDS ***
Dealt to Dorex2007 [6s Jh]
donkijkong: folds 
doubled8ck: folds 
brunobpc78: calls $0.02
Dorex2007: folds 
Agneobr: folds 
UIPzavestUEP: folds 
charles509: checks 
*** FLOP *** [Ts 7d 5d]
charles509: checks 
brunobpc78: bets $0.02
charles509: calls $0.02
*** TURN *** [Ts 7d 5d] [Ah]
charles509: checks 
brunobpc78: bets $0.09
charles509: folds 
Uncalled bet ($0.09) returned to brunobpc78
brunobpc78 collected $0.09 from pot
brunobpc78: doesn't show hand 
*** SUMMARY ***
Total pot $0.09 | Rake $0 
Board [Ts 7d 5d Ah]
Seat 1: charles509 (big blind) folded on the Turn
Seat 2: donkijkong folded before Flop (didn't bet)
Seat 3: doubled8ck folded before Flop (didn't bet)
Seat 5: brunobpc78 collected ($0.09)
Seat 6: Dorex2007 folded before Flop (didn't bet)
Seat 8: Agneobr (button) folded before Flop (didn't bet)
Seat 9: UIPzavestUEP (small blind) folded before Flop



PokerStars Hand #224578807570:  Hold'em No Limit ($0.01/$0.02 USD) - 2021/03/07 16:50:56 PT [2021/03/07 19:50:56 ET]
Table 'Adele III' 9-max Seat #9 is the button
Seat 1: charles509 ($1.47 in chips) 
Seat 2: donkijkong ($2.87 in chips) 
Seat 3: doubled8ck ($2.84 in chips) 
Seat 4: JorgeMan ($2 in chips) 
Seat 5: brunobpc78 ($0.71 in chips) 
Seat 6: Dorex2007 ($2.40 in chips) 
Seat 8: Agneobr ($0.48 in chips) 
Seat 9: UIPzavestUEP ($3.90 in chips) 
charles509: posts small blind $0.01
donkijkong: posts big blind $0.02
JorgeMan: posts big blind $0.02
*** HOLE CARDS ***
Dealt to Dorex2007 [4s 6h]
doubled8ck: folds 
JorgeMan: checks 
brunobpc78: calls $0.02
Dorex2007: folds 
Agneobr: folds 
UIPzavestUEP: folds 
charles509: calls $0.01
donkijkong: checks 
*** FLOP *** [Th Kd 2s]
charles509: bets $0.06
donkijkong: folds 
JorgeMan: folds 
brunobpc78: folds 
Uncalled bet ($0.06) returned to charles509
charles509 collected $0.08 from pot
*** SUMMARY ***
Total pot $0.08 | Rake $0 
Board [Th Kd 2s]
Seat 1: charles509 (small blind) collected ($0.08)
Seat 2: donkijkong (big blind) folded on the Flop
Seat 3: doubled8ck folded before Flop (didn't bet)
Seat 4: JorgeMan folded on the Flop (didn't bet)
Seat 5: brunobpc78 folded on the Flop
Seat 6: Dorex2007 folded before Flop (didn't bet)
Seat 8: Agneobr folded before Flop (didn't bet)
Seat 9: UIPzavestUEP (button) folded before Flop (didn't bet)



PokerStars Hand #224578834709:  Hold'em No Limit ($0.01/$0.02 USD) - 2021/03/07 16:51:41 PT [2021/03/07 19:51:41 ET]
Table 'Adele III' 9-max Seat #1 is the button
Seat 1: charles509 ($1.53 in chips) 
Seat 2: donkijkong ($2.85 in chips) 
Seat 3: doubled8ck ($2.84 in chips) 
Seat 4: JorgeMan ($1.98 in chips) 
Seat 5: brunobpc78 ($0.69 in chips) 
Seat 6: Dorex2007 ($2.40 in chips) 
Seat 8: Agneobr ($0.48 in chips) 
Seat 9: UIPzavestUEP ($3.90 in chips) 
donkijkong: posts small blind $0.01
doubled8ck: posts big blind $0.02
*** HOLE CARDS ***
Dealt to Dorex2007 [7h Kd]
JorgeMan: folds 
brunobpc78: calls $0.02
Dorex2007: folds 
Agneobr: raises $0.04 to $0.06
UIPzavestUEP: calls $0.06
charles509: folds 
donkijkong: calls $0.05
doubled8ck: folds 
brunobpc78: calls $0.04
*** FLOP *** [Ks Kc Tc]
donkijkong: checks 
brunobpc78: bets $0.13
Agneobr: folds 
UIPzavestUEP: folds 
donkijkong: calls $0.13
*** TURN *** [Ks Kc Tc] [3s]
donkijkong: checks 
brunobpc78: bets $0.25
donkijkong: calls $0.25
*** RIVER *** [Ks Kc Tc 3s] [8d]
donkijkong: checks 
brunobpc78: bets $0.25 and is all-in
donkijkong: calls $0.25
*** SHOW DOWN ***
brunobpc78: shows [Jd 8h] (two pair, Kings and Eights)
donkijkong: shows [Ac Ts] (two pair, Kings and Tens)
donkijkong collected $1.47 from pot
*** SUMMARY ***
Total pot $1.52 | Rake $0.05 
Board [Ks Kc Tc 3s 8d]
Seat 1: charles509 (button) folded before Flop (didn't bet)
Seat 2: donkijkong (small blind) showed [Ac Ts] and won ($1.47) with two pair, Kings and Tens
Seat 3: doubled8ck (big blind) folded before Flop
Seat 4: JorgeMan folded before Flop (didn't bet)
Seat 5: brunobpc78 showed [Jd 8h] and lost with two pair, Kings and Eights
Seat 6: Dorex2007 folded before Flop (didn't bet)
Seat 8: Agneobr folded on the Flop
Seat 9: UIPzavestUEP folded on the Flop



PokerStars Hand #224578855674:  Hold'em No Limit ($0.01/$0.02 USD) - 2021/03/07 16:52:37 PT [2021/03/07 19:52:37 ET]
Table 'Adele III' 9-max Seat #2 is the button
Seat 1: charles509 ($1.53 in chips) 
Seat 2: donkijkong ($3.63 in chips) 
Seat 3: doubled8ck ($2.82 in chips) 
Seat 4: JorgeMan ($1.98 in chips) 
Seat 6: Dorex2007 ($2.40 in chips) 
Seat 8: Agneobr ($0.42 in chips) 
Seat 9: UIPzavestUEP ($3.84 in chips) 
doubled8ck: posts small blind $0.01
JorgeMan: posts big blind $0.02
taviiinhot8: sits out 
*** HOLE CARDS ***
Dealt to Dorex2007 [2s 8c]
Dorex2007: folds 
Agneobr: folds 
UIPzavestUEP: calls $0.02
charles509: folds 
donkijkong: folds 
doubled8ck: folds 
JorgeMan: checks 
*** FLOP *** [9s 4h Kh]
JorgeMan: checks 
UIPzavestUEP: bets $0.05
JorgeMan: folds 
Uncalled bet ($0.05) returned to UIPzavestUEP
UIPzavestUEP collected $0.05 from pot
UIPzavestUEP: doesn't show hand 
*** SUMMARY ***
Total pot $0.05 | Rake $0 
Board [9s 4h Kh]
Seat 1: charles509 folded before Flop (didn't bet)
Seat 2: donkijkong (button) folded before Flop (didn't bet)
Seat 3: doubled8ck (small blind) folded before Flop
Seat 4: JorgeMan (big blind) folded on the Flop
Seat 6: Dorex2007 folded before Flop (didn't bet)
Seat 8: Agneobr folded before Flop (didn't bet)
Seat 9: UIPzavestUEP collected ($0.05)



PokerStars Hand #224578868684:  Hold'em No Limit ($0.01/$0.02 USD) - 2021/03/07 16:53:11 PT [2021/03/07 19:53:11 ET]
Table 'Adele III' 9-max Seat #3 is the button
Seat 1: charles509 ($1.53 in chips) 
Seat 3: doubled8ck ($2.81 in chips) 
Seat 4: JorgeMan ($1.96 in chips) 
Seat 5: brunobpc78 ($0.80 in chips) 
Seat 6: Dorex2007 ($2.40 in chips) 
Seat 8: Agneobr ($0.42 in chips) 
Seat 9: UIPzavestUEP ($3.87 in chips) 
JorgeMan: posts small blind $0.01
brunobpc78: posts big blind $0.02
taviiinhot8: sits out 
*** HOLE CARDS ***
Dealt to Dorex2007 [8h 8d]
Dorex2007: raises $0.06 to $0.08
Agneobr: folds 
UIPzavestUEP: calls $0.08
charles509: folds 
doubled8ck: folds 
JorgeMan: folds 
brunobpc78: calls $0.06
*** FLOP *** [Jc 4h 5h]
brunobpc78: checks 
Dorex2007: bets $0.24
UIPzavestUEP: folds 
brunobpc78: folds 
Uncalled bet ($0.24) returned to Dorex2007
Dorex2007 collected $0.24 from pot
Dorex2007: doesn't show hand 
*** SUMMARY ***
Total pot $0.25 | Rake $0.01 
Board [Jc 4h 5h]
Seat 1: charles509 folded before Flop (didn't bet)
Seat 3: doubled8ck (button) folded before Flop (didn't bet)
Seat 4: JorgeMan (small blind) folded before Flop
Seat 5: brunobpc78 (big blind) folded on the Flop
Seat 6: Dorex2007 collected ($0.24)
Seat 8: Agneobr folded before Flop (didn't bet)
Seat 9: UIPzavestUEP folded on the Flop



PokerStars Hand #224578891447:  Hold'em No Limit ($0.01/$0.02 USD) - 2021/03/07 16:53:52 PT [2021/03/07 19:53:52 ET]
Table 'Adele III' 9-max Seat #4 is the button
Seat 1: charles509 ($1.53 in chips) 
Seat 3: doubled8ck ($2.81 in chips) 
Seat 4: JorgeMan ($1.95 in chips) 
Seat 5: brunobpc78 ($0.72 in chips) 
Seat 6: Dorex2007 ($2.56 in chips) 
Seat 8: Agneobr ($0.42 in chips) 
Seat 9: UIPzavestUEP ($3.79 in chips) 
brunobpc78: posts small blind $0.01
Dorex2007: posts big blind $0.02
taviiinhot8: sits out 
*** HOLE CARDS ***
Dealt to Dorex2007 [4d 3c]
Agneobr: folds 
UIPzavestUEP: folds 
charles509: folds 
doubled8ck: raises $0.04 to $0.06
JorgeMan: folds 
JorgeMan leaves the table
brunobpc78: calls $0.05
Dorex2007: folds 
*** FLOP *** [4c Qd 8s]
brunobpc78: checks 
JorgeMan joins the table at seat #4 
doubled8ck: bets $0.07
brunobpc78: folds 
Uncalled bet ($0.07) returned to doubled8ck
doubled8ck collected $0.14 from pot
*** SUMMARY ***
Total pot $0.14 | Rake $0 
Board [4c Qd 8s]
Seat 1: charles509 folded before Flop (didn't bet)
Seat 3: doubled8ck collected ($0.14)
Seat 4: JorgeMan (button) folded before Flop (didn't bet)
Seat 5: brunobpc78 (small blind) folded on the Flop
Seat 6: Dorex2007 (big blind) folded before Flop
Seat 8: Agneobr folded before Flop (didn't bet)
Seat 9: UIPzavestUEP folded before Flop (didn't bet)



PokerStars Hand #224578904770:  Hold'em No Limit ($0.01/$0.02 USD) - 2021/03/07 16:54:28 PT [2021/03/07 19:54:28 ET]
Table 'Adele III' 9-max Seat #5 is the button
Seat 1: charles509 ($1.53 in chips) 
Seat 3: doubled8ck ($2.89 in chips) 
Seat 4: JorgeMan ($2 in chips) 
Seat 5: brunobpc78 ($0.66 in chips) 
Seat 6: Dorex2007 ($2.54 in chips) 
Seat 8: Agneobr ($0.42 in chips) 
Seat 9: UIPzavestUEP ($3.79 in chips) 
Dorex2007: posts small blind $0.01
Agneobr: posts big blind $0.02
JorgeMan: posts big blind $0.02
*** HOLE CARDS ***
Dealt to Dorex2007 [7c 7d]
UIPzavestUEP: folds 
charles509: calls $0.02
doubled8ck: folds 
JorgeMan: checks 
brunobpc78: calls $0.02
Dorex2007: calls $0.01
Agneobr: checks 
*** FLOP *** [3c 5d Qs]
Dorex2007: checks 
Agneobr: checks 
charles509: checks 
JorgeMan: bets $0.10
brunobpc78: calls $0.10
Dorex2007: folds 
Agneobr: folds 
charles509: folds 
*** TURN *** [3c 5d Qs] [2h]
JorgeMan: checks 
brunobpc78: bets $0.15
JorgeMan: calls $0.15
*** RIVER *** [3c 5d Qs 2h] [4c]
JorgeMan: checks 
brunobpc78: bets $0.29
JorgeMan: calls $0.29
*** SHOW DOWN ***
brunobpc78: shows [5s Jh] (a pair of Fives)
JorgeMan: shows [Qc 4h] (two pair, Queens and Fours)
JorgeMan collected $1.14 from pot
*** SUMMARY ***
Total pot $1.18 | Rake $0.04 
Board [3c 5d Qs 2h 4c]
Seat 1: charles509 folded on the Flop
Seat 3: doubled8ck folded before Flop (didn't bet)
Seat 4: JorgeMan showed [Qc 4h] and won ($1.14) with two pair, Queens and Fours
Seat 5: brunobpc78 (button) showed [5s Jh] and lost with a pair of Fives
Seat 6: Dorex2007 (small blind) folded on the Flop
Seat 8: Agneobr (big blind) folded on the Flop
Seat 9: UIPzavestUEP folded before Flop (didn't bet)



PokerStars Hand #224578930681:  Hold'em No Limit ($0.01/$0.02 USD) - 2021/03/07 16:55:34 PT [2021/03/07 19:55:34 ET]
Table 'Adele III' 9-max Seat #6 is the button
Seat 1: charles509 ($1.51 in chips) 
Seat 3: doubled8ck ($2.89 in chips) 
Seat 4: JorgeMan ($2.58 in chips) 
Seat 5: brunobpc78 ($0.10 in chips) 
Seat 6: Dorex2007 ($2.52 in chips) 
Seat 8: Agneobr ($0.40 in chips) 
Seat 9: UIPzavestUEP ($3.79 in chips) 
Agneobr: posts small blind $0.01
UIPzavestUEP: posts big blind $0.02
*** HOLE CARDS ***
Dealt to Dorex2007 [5c Qc]
charles509: folds 
doubled8ck: folds 
JorgeMan: folds 
brunobpc78: calls $0.02
Dorex2007: folds 
Agneobr: folds 
UIPzavestUEP: checks 
*** FLOP *** [9h Td Jc]
UIPzavestUEP: checks 
brunobpc78: bets $0.03
UIPzavestUEP: folds 
Uncalled bet ($0.03) returned to brunobpc78
brunobpc78 collected $0.05 from pot
brunobpc78: doesn't show hand 
*** SUMMARY ***
Total pot $0.05 | Rake $0 
Board [9h Td Jc]
Seat 1: charles509 folded before Flop (didn't bet)
Seat 3: doubled8ck folded before Flop (didn't bet)
Seat 4: JorgeMan folded before Flop (didn't bet)
Seat 5: brunobpc78 collected ($0.05)
Seat 6: Dorex2007 (button) folded before Flop (didn't bet)
Seat 8: Agneobr (small blind) folded before Flop
Seat 9: UIPzavestUEP (big blind) folded on the Flop



PokerStars Hand #224578941568:  Hold'em No Limit ($0.01/$0.02 USD) - 2021/03/07 16:56:12 PT [2021/03/07 19:56:12 ET]
Table 'Adele III' 9-max Seat #8 is the button
Seat 1: charles509 ($1.51 in chips) 
Seat 3: doubled8ck ($2.89 in chips) 
Seat 4: JorgeMan ($2.58 in chips) 
Seat 5: brunobpc78 ($0.13 in chips) 
Seat 6: Dorex2007 ($2.52 in chips) 
Seat 8: Agneobr ($0.39 in chips) 
Seat 9: UIPzavestUEP ($3.77 in chips) 
UIPzavestUEP: posts small blind $0.01
charles509: posts big blind $0.02
*** HOLE CARDS ***
Dealt to Dorex2007 [4c 7h]
doubled8ck: folds 
JorgeMan: raises $0.04 to $0.06
brunobpc78: folds 
Dorex2007: folds 
Agneobr: folds 
UIPzavestUEP: folds 
charles509: folds 
Uncalled bet ($0.04) returned to JorgeMan
UIPzavestUEP leaves the table
JorgeMan collected $0.05 from pot
JorgeMan: doesn't show hand 
*** SUMMARY ***
Total pot $0.05 | Rake $0 
Seat 1: charles509 (big blind) folded before Flop
Seat 3: doubled8ck folded before Flop (didn't bet)
Seat 4: JorgeMan collected ($0.05)
Seat 5: brunobpc78 folded before Flop (didn't bet)
Seat 6: Dorex2007 folded before Flop (didn't bet)
Seat 8: Agneobr (button) folded before Flop (didn't bet)
Seat 9: UIPzavestUEP (small blind) folded before Flop



PokerStars Hand #224578947080:  Hold'em No Limit ($0.01/$0.02 USD) - 2021/03/07 16:56:31 PT [2021/03/07 19:56:31 ET]
Table 'Adele III' 9-max Seat #1 is the button
Seat 1: charles509 ($1.49 in chips) 
Seat 3: doubled8ck ($2.89 in chips) 
Seat 4: JorgeMan ($2.61 in chips) 
Seat 5: brunobpc78 ($0.13 in chips) 
Seat 6: Dorex2007 ($2.52 in chips) 
Seat 8: Agneobr ($0.39 in chips) 
doubled8ck: posts small blind $0.01
JorgeMan: posts big blind $0.02
*** HOLE CARDS ***
Dealt to Dorex2007 [4h Jh]
brunobpc78: calls $0.02
Dorex2007: folds 
Agneobr: raises $0.03 to $0.05
charles509: folds 
doubled8ck: folds 
JorgeMan: folds 
brunobpc78: calls $0.03
*** FLOP *** [2h 7c 3h]
brunobpc78: bets $0.02
Agneobr: calls $0.02
*** TURN *** [2h 7c 3h] [6d]
GarbageBarge joins the table at seat #9 
brunobpc78: bets $0.06 and is all-in
Agneobr: folds 
Uncalled bet ($0.06) returned to brunobpc78
brunobpc78 collected $0.16 from pot
brunobpc78: doesn't show hand 
*** SUMMARY ***
Total pot $0.17 | Rake $0.01 
Board [2h 7c 3h 6d]
Seat 1: charles509 (button) folded before Flop (didn't bet)
Seat 3: doubled8ck (small blind) folded before Flop
Seat 4: JorgeMan (big blind) folded before Flop
Seat 5: brunobpc78 collected ($0.16)
Seat 6: Dorex2007 folded before Flop (didn't bet)
Seat 8: Agneobr folded on the Turn



PokerStars Hand #224578957849:  Hold'em No Limit ($0.01/$0.02 USD) - 2021/03/07 16:57:09 PT [2021/03/07 19:57:09 ET]
Table 'Adele III' 9-max Seat #3 is the button
Seat 1: charles509 ($1.49 in chips) 
Seat 3: doubled8ck ($2.88 in chips) 
Seat 4: JorgeMan ($2.59 in chips) 
Seat 5: brunobpc78 ($0.22 in chips) 
Seat 6: Dorex2007 ($2.52 in chips) 
Seat 8: Agneobr ($0.32 in chips) 
JorgeMan: posts small blind $0.01
brunobpc78: posts big blind $0.02
GarbageBarge: sits out 
*** HOLE CARDS ***
Dealt to Dorex2007 [3s Jh]
Dorex2007: folds 
Agneobr: folds 
charles509: folds 
doubled8ck: folds 
JorgeMan: folds 
Uncalled bet ($0.01) returned to brunobpc78
brunobpc78 collected $0.02 from pot
brunobpc78: doesn't show hand 
*** SUMMARY ***
Total pot $0.02 | Rake $0 
Seat 1: charles509 folded before Flop (didn't bet)
Seat 3: doubled8ck (button) folded before Flop (didn't bet)
Seat 4: JorgeMan (small blind) folded before Flop
Seat 5: brunobpc78 (big blind) collected ($0.02)
Seat 6: Dorex2007 folded before Flop (didn't bet)
Seat 8: Agneobr folded before Flop (didn't bet)



PokerStars Hand #224578961438:  Hold'em No Limit ($0.01/$0.02 USD) - 2021/03/07 16:57:21 PT [2021/03/07 19:57:21 ET]
Table 'Adele III' 9-max Seat #4 is the button
Seat 1: charles509 ($1.49 in chips) 
Seat 3: doubled8ck ($2.88 in chips) 
Seat 4: JorgeMan ($2.58 in chips) 
Seat 5: brunobpc78 ($0.23 in chips) 
Seat 6: Dorex2007 ($2.52 in chips) 
Seat 8: Agneobr ($0.32 in chips) 
brunobpc78: posts small blind $0.01
Dorex2007: posts big blind $0.02
GarbageBarge: sits out 
*** HOLE CARDS ***
Dealt to Dorex2007 [7s 8h]
Agneobr: raises $0.03 to $0.05
charles509: folds 
doubled8ck: folds 
JorgeMan: folds 
brunobpc78: calls $0.04
Dorex2007: folds 
*** FLOP *** [Ts 8c 9c]
charles509 leaves the table
brunobpc78: bets $0.06
Agneobr: calls $0.06
*** TURN *** [Ts 8c 9c] [3c]
brunobpc78: bets $0.06
JorgeMan leaves the table
Agneobr: calls $0.06
*** RIVER *** [Ts 8c 9c 3c] [8d]
RiverKetch joins the table at seat #1 
brunobpc78: bets $0.06 and is all-in
Agneobr: folds 
Uncalled bet ($0.06) returned to brunobpc78
brunobpc78 collected $0.35 from pot
brunobpc78: doesn't show hand 
*** SUMMARY ***
Total pot $0.36 | Rake $0.01 
Board [Ts 8c 9c 3c 8d]
Seat 1: charles509 folded before Flop (didn't bet)
Seat 3: doubled8ck folded before Flop (didn't bet)
Seat 4: JorgeMan (button) folded before Flop (didn't bet)
Seat 5: brunobpc78 (small blind) collected ($0.35)
Seat 6: Dorex2007 (big blind) folded before Flop
Seat 8: Agneobr folded on the River



PokerStars Hand #224578973480:  Hold'em No Limit ($0.01/$0.02 USD) - 2021/03/07 16:58:03 PT [2021/03/07 19:58:03 ET]
Table 'Adele III' 9-max Seat #5 is the button
Seat 3: doubled8ck ($2.88 in chips) 
Seat 5: brunobpc78 ($0.41 in chips) 
Seat 6: Dorex2007 ($2.50 in chips) 
Seat 8: Agneobr ($0.15 in chips) 
Dorex2007: posts small blind $0.01
Agneobr: posts big blind $0.02
GarbageBarge: sits out 
RiverKetch: sits out 
*** HOLE CARDS ***
Dealt to Dorex2007 [6c 9d]
doubled8ck: raises $0.04 to $0.06
brunobpc78: calls $0.06
Dorex2007: folds 
Agneobr: calls $0.04
*** FLOP *** [As 4c Ts]
Agneobr: checks 
doubled8ck: bets $0.12
brunobpc78: folds 
Agneobr: folds 
Uncalled bet ($0.12) returned to doubled8ck
doubled8ck collected $0.18 from pot
pickel951 joins the table at seat #4 
*** SUMMARY ***
Total pot $0.19 | Rake $0.01 
Board [As 4c Ts]
Seat 3: doubled8ck collected ($0.18)
Seat 5: brunobpc78 (button) folded on the Flop
Seat 6: Dorex2007 (small blind) folded before Flop
Seat 8: Agneobr (big blind) folded on the Flop



PokerStars Hand #224578986287:  Hold'em No Limit ($0.01/$0.02 USD) - 2021/03/07 16:58:48 PT [2021/03/07 19:58:48 ET]
Table 'Adele III' 9-max Seat #6 is the button
Seat 3: doubled8ck ($3 in chips) 
Seat 5: brunobpc78 ($0.35 in chips) 
Seat 6: Dorex2007 ($2.49 in chips) 
Seat 8: Agneobr ($1.94 in chips) 
Seat 9: GarbageBarge ($1.50 in chips) 
Agneobr: posts small blind $0.01
GarbageBarge: posts big blind $0.02
RiverKetch: sits out 
donkijkong: sits out 
pickel951: sits out 
*** HOLE CARDS ***
Dealt to Dorex2007 [Kh 2c]
doubled8ck: folds 
brunobpc78: raises $0.02 to $0.04
Dorex2007: folds 
Agneobr: raises $0.10 to $0.14
GarbageBarge: folds 
brunobpc78: folds 
Uncalled bet ($0.10) returned to Agneobr
Agneobr collected $0.10 from pot
Agneobr: doesn't show hand 
*** SUMMARY ***
Total pot $0.10 | Rake $0 
Seat 3: doubled8ck folded before Flop (didn't bet)
Seat 5: brunobpc78 folded before Flop
Seat 6: Dorex2007 (button) folded before Flop (didn't bet)
Seat 8: Agneobr (small blind) collected ($0.10)
Seat 9: GarbageBarge (big blind) folded before Flop



PokerStars Hand #224578992026:  Hold'em No Limit ($0.01/$0.02 USD) - 2021/03/07 16:59:08 PT [2021/03/07 19:59:08 ET]
Table 'Adele III' 9-max Seat #8 is the button
Seat 1: RiverKetch ($1 in chips) 
Seat 3: doubled8ck ($3 in chips) 
Seat 4: pickel951 ($2 in chips) 
Seat 5: brunobpc78 ($0.31 in chips) 
Seat 6: Dorex2007 ($2.49 in chips) 
Seat 8: Agneobr ($2 in chips) 
Seat 9: GarbageBarge ($1.48 in chips) 
GarbageBarge: posts small blind $0.01
RiverKetch: posts big blind $0.02
donkijkong: sits out 
pickel951: posts big blind $0.02
*** HOLE CARDS ***
Dealt to Dorex2007 [Ad 2c]
doubled8ck: folds 
pickel951: checks 
brunobpc78: raises $0.02 to $0.04
Dorex2007: folds 
Agneobr: folds 
GarbageBarge: folds 
RiverKetch: calls $0.02
pickel951: folds 
*** FLOP *** [Ts 8s Qc]
RiverKetch: checks 
brunobpc78: bets $0.06
RiverKetch: folds 
Uncalled bet ($0.06) returned to brunobpc78
brunobpc78 collected $0.11 from pot
brunobpc78: doesn't show hand 
*** SUMMARY ***
Total pot $0.11 | Rake $0 
Board [Ts 8s Qc]
Seat 1: RiverKetch (big blind) folded on the Flop
Seat 3: doubled8ck folded before Flop (didn't bet)
Seat 4: pickel951 folded before Flop (didn't bet)
Seat 5: brunobpc78 collected ($0.11)
Seat 6: Dorex2007 folded before Flop (didn't bet)
Seat 8: Agneobr (button) folded before Flop (didn't bet)
Seat 9: GarbageBarge (small blind) folded before Flop



PokerStars Hand #224579003775:  Hold'em No Limit ($0.01/$0.02 USD) - 2021/03/07 16:59:49 PT [2021/03/07 19:59:49 ET]
Table 'Adele III' 9-max Seat #9 is the button
Seat 1: RiverKetch ($0.96 in chips) 
Seat 2: donkijkong ($3.63 in chips) 
Seat 3: doubled8ck ($3 in chips) 
Seat 4: pickel951 ($1.98 in chips) 
Seat 5: brunobpc78 ($0.38 in chips) 
Seat 6: Dorex2007 ($2.49 in chips) 
Seat 8: Agneobr ($2 in chips) 
Seat 9: GarbageBarge ($1.47 in chips) 
RiverKetch: posts small blind $0.01
donkijkong: posts big blind $0.02
*** HOLE CARDS ***
Dealt to Dorex2007 [4d Ac]
doubled8ck: folds 
pickel951: folds 
brunobpc78: raises $0.02 to $0.04
Dorex2007: folds 
Agneobr: folds 
GarbageBarge: folds 
RiverKetch: folds 
donkijkong: calls $0.02
*** FLOP *** [5h 3d 2s]
donkijkong: checks 
brunobpc78: bets $0.05
donkijkong: calls $0.05
*** TURN *** [5h 3d 2s] [Kc]
donkijkong: checks 
brunobpc78: bets $0.09
donkijkong: calls $0.09
*** RIVER *** [5h 3d 2s Kc] [9c]
donkijkong: checks 
brunobpc78: bets $0.20 and is all-in
donkijkong: calls $0.20
*** SHOW DOWN ***
brunobpc78: shows [5c Kh] (two pair, Kings and Fives)
donkijkong: shows [Th 2h] (a pair of Deuces)
brunobpc78 collected $0.74 from pot
*** SUMMARY ***
Total pot $0.77 | Rake $0.03 
Board [5h 3d 2s Kc 9c]
Seat 1: RiverKetch (small blind) folded before Flop
Seat 2: donkijkong (big blind) showed [Th 2h] and lost with a pair of Deuces
Seat 3: doubled8ck folded before Flop (didn't bet)
Seat 4: pickel951 folded before Flop (didn't bet)
Seat 5: brunobpc78 showed [5c Kh] and won ($0.74) with two pair, Kings and Fives
Seat 6: Dorex2007 folded before Flop (didn't bet)
Seat 8: Agneobr folded before Flop (didn't bet)
Seat 9: GarbageBarge (button) folded before Flop (didn't bet)



PokerStars Hand #224579020626:  Hold'em No Limit ($0.01/$0.02 USD) - 2021/03/07 17:00:44 PT [2021/03/07 20:00:44 ET]
Table 'Adele III' 9-max Seat #1 is the button
Seat 1: RiverKetch ($0.95 in chips) 
Seat 2: donkijkong ($3.25 in chips) 
Seat 3: doubled8ck ($3 in chips) 
Seat 4: pickel951 ($1.98 in chips) 
Seat 5: brunobpc78 ($0.74 in chips) 
Seat 6: Dorex2007 ($2.49 in chips) 
Seat 8: Agneobr ($2 in chips) 
Seat 9: GarbageBarge ($1.47 in chips) 
donkijkong: posts small blind $0.01
doubled8ck: posts big blind $0.02
*** HOLE CARDS ***
Dealt to Dorex2007 [3h 4s]
pickel951: folds 
brunobpc78: calls $0.02
Dorex2007: folds 
Agneobr: folds 
GarbageBarge: folds 
RiverKetch: folds 
donkijkong: calls $0.01
doubled8ck: checks 
*** FLOP *** [Ah 3c Ad]
donkijkong: checks 
doubled8ck: checks 
brunobpc78: bets $0.02
donkijkong: folds 
doubled8ck: folds 
Uncalled bet ($0.02) returned to brunobpc78
brunobpc78 collected $0.06 from pot
brunobpc78: doesn't show hand 
*** SUMMARY ***
Total pot $0.06 | Rake $0 
Board [Ah 3c Ad]
Seat 1: RiverKetch (button) folded before Flop (didn't bet)
Seat 2: donkijkong (small blind) folded on the Flop
Seat 3: doubled8ck (big blind) folded on the Flop
Seat 4: pickel951 folded before Flop (didn't bet)
Seat 5: brunobpc78 collected ($0.06)
Seat 6: Dorex2007 folded before Flop (didn't bet)
Seat 8: Agneobr folded before Flop (didn't bet)
Seat 9: GarbageBarge folded before Flop (didn't bet)



PokerStars Hand #224579028618:  Hold'em No Limit ($0.01/$0.02 USD) - 2021/03/07 17:01:08 PT [2021/03/07 20:01:08 ET]
Table 'Adele III' 9-max Seat #2 is the button
Seat 1: RiverKetch ($0.95 in chips) 
Seat 2: donkijkong ($3.23 in chips) 
Seat 3: doubled8ck ($2.98 in chips) 
Seat 4: pickel951 ($1.98 in chips) 
Seat 5: brunobpc78 ($0.78 in chips) 
Seat 6: Dorex2007 ($2.49 in chips) 
Seat 8: Agneobr ($2 in chips) 
Seat 9: GarbageBarge ($1.47 in chips) 
doubled8ck: posts small blind $0.01
pickel951: posts big blind $0.02
*** HOLE CARDS ***
Dealt to Dorex2007 [Ks 5h]
brunobpc78: calls $0.02
Dorex2007: folds 
Agneobr: folds 
GarbageBarge: raises $0.07 to $0.09
RiverKetch: folds 
donkijkong: folds 
doubled8ck: folds 
pickel951: folds 
brunobpc78: calls $0.07
*** FLOP *** [Kc 9c 2d]
brunobpc78: checks 
GarbageBarge: bets $0.10
brunobpc78: folds 
Uncalled bet ($0.10) returned to GarbageBarge
GarbageBarge collected $0.20 from pot
*** SUMMARY ***
Total pot $0.21 | Rake $0.01 
Board [Kc 9c 2d]
Seat 1: RiverKetch folded before Flop (didn't bet)
Seat 2: donkijkong (button) folded before Flop (didn't bet)
Seat 3: doubled8ck (small blind) folded before Flop
Seat 4: pickel951 (big blind) folded before Flop
Seat 5: brunobpc78 folded on the Flop
Seat 6: Dorex2007 folded before Flop (didn't bet)
Seat 8: Agneobr folded before Flop (didn't bet)
Seat 9: GarbageBarge collected ($0.20)



PokerStars Hand #224579043774:  Hold'em No Limit ($0.01/$0.02 USD) - 2021/03/07 17:01:53 PT [2021/03/07 20:01:53 ET]
Table 'Adele III' 9-max Seat #3 is the button
Seat 1: RiverKetch ($0.95 in chips) 
Seat 2: donkijkong ($3.23 in chips) 
Seat 3: doubled8ck ($2.97 in chips) 
Seat 4: pickel951 ($1.96 in chips) 
Seat 5: brunobpc78 ($0.69 in chips) 
Seat 6: Dorex2007 ($2.49 in chips) 
Seat 8: Agneobr ($2 in chips) 
Seat 9: GarbageBarge ($1.58 in chips) 
pickel951: posts small blind $0.01
brunobpc78: posts big blind $0.02
*** HOLE CARDS ***
Dealt to Dorex2007 [Qh Ks]
Dorex2007: folds 
Agneobr: folds 
GarbageBarge: folds 
RiverKetch: folds 
donkijkong: calls $0.02
doubled8ck: raises $0.06 to $0.08
pickel951: folds 
brunobpc78: folds 
donkijkong: folds 
Uncalled bet ($0.06) returned to doubled8ck
doubled8ck collected $0.07 from pot
*** SUMMARY ***
Total pot $0.07 | Rake $0 
Seat 1: RiverKetch folded before Flop (didn't bet)
Seat 2: donkijkong folded before Flop
Seat 3: doubled8ck (button) collected ($0.07)
Seat 4: pickel951 (small blind) folded before Flop
Seat 5: brunobpc78 (big blind) folded before Flop
Seat 6: Dorex2007 folded before Flop (didn't bet)
Seat 8: Agneobr folded before Flop (didn't bet)
Seat 9: GarbageBarge folded before Flop (didn't bet)



PokerStars Hand #224579051769:  Hold'em No Limit ($0.01/$0.02 USD) - 2021/03/07 17:02:14 PT [2021/03/07 20:02:14 ET]
Table 'Adele III' 9-max Seat #4 is the button
Seat 1: RiverKetch ($0.95 in chips) 
Seat 2: donkijkong ($3.21 in chips) 
Seat 3: doubled8ck ($3.02 in chips) 
Seat 4: pickel951 ($1.95 in chips) 
Seat 5: brunobpc78 ($0.67 in chips) 
Seat 6: Dorex2007 ($2.49 in chips) 
Seat 8: Agneobr ($2 in chips) 
Seat 9: GarbageBarge ($1.58 in chips) 
brunobpc78: posts small blind $0.01
Dorex2007: posts big blind $0.02
*** HOLE CARDS ***
Dealt to Dorex2007 [Qc 5d]
Agneobr: folds 
GarbageBarge: raises $0.04 to $0.06
RiverKetch: folds 
donkijkong: folds 
doubled8ck: folds 
pickel951: folds 
brunobpc78: calls $0.05
Dorex2007: folds 
*** FLOP *** [Th 9c 6s]
brunobpc78: checks 
GarbageBarge: checks 
*** TURN *** [Th 9c 6s] [Qd]
brunobpc78: checks 
GarbageBarge: checks 
*** RIVER *** [Th 9c 6s Qd] [Ah]
brunobpc78: checks 
GarbageBarge: bets $0.06
brunobpc78: folds 
Uncalled bet ($0.06) returned to GarbageBarge
GarbageBarge collected $0.14 from pot
*** SUMMARY ***
Total pot $0.14 | Rake $0 
Board [Th 9c 6s Qd Ah]
Seat 1: RiverKetch folded before Flop (didn't bet)
Seat 2: donkijkong folded before Flop (didn't bet)
Seat 3: doubled8ck folded before Flop (didn't bet)
Seat 4: pickel951 (button) folded before Flop (didn't bet)
Seat 5: brunobpc78 (small blind) folded on the River
Seat 6: Dorex2007 (big blind) folded before Flop
Seat 8: Agneobr folded before Flop (didn't bet)
Seat 9: GarbageBarge collected ($0.14)



PokerStars Hand #224579067867:  Hold'em No Limit ($0.01/$0.02 USD) - 2021/03/07 17:02:59 PT [2021/03/07 20:02:59 ET]
Table 'Adele III' 9-max Seat #5 is the button
Seat 1: RiverKetch ($0.95 in chips) 
Seat 2: donkijkong ($3.21 in chips) 
Seat 3: doubled8ck ($3.02 in chips) 
Seat 4: pickel951 ($1.95 in chips) 
Seat 5: brunobpc78 ($0.61 in chips) 
Seat 6: Dorex2007 ($2.47 in chips) 
Seat 8: Agneobr ($2 in chips) 
Seat 9: GarbageBarge ($1.66 in chips) 
Dorex2007: posts small blind $0.01
Agneobr: posts big blind $0.02
*** HOLE CARDS ***
Dealt to Dorex2007 [4d Kd]
GarbageBarge: folds 
RiverKetch: folds 
donkijkong: folds 
doubled8ck: folds 
pickel951: raises $0.06 to $0.08
brunobpc78: folds 
Dorex2007: folds 
Agneobr: folds 
Uncalled bet ($0.06) returned to pickel951
pickel951 collected $0.05 from pot
taviiinhot8 leaves the table
pickel951: doesn't show hand 
*** SUMMARY ***
Total pot $0.05 | Rake $0 
Seat 1: RiverKetch folded before Flop (didn't bet)
Seat 2: donkijkong folded before Flop (didn't bet)
Seat 3: doubled8ck folded before Flop (didn't bet)
Seat 4: pickel951 collected ($0.05)
Seat 5: brunobpc78 (button) folded before Flop (didn't bet)
Seat 6: Dorex2007 (small blind) folded before Flop
Seat 8: Agneobr (big blind) folded before Flop
Seat 9: GarbageBarge folded before Flop (didn't bet)



PokerStars Hand #224579080173:  Hold'em No Limit ($0.01/$0.02 USD) - 2021/03/07 17:03:34 PT [2021/03/07 20:03:34 ET]
Table 'Adele III' 9-max Seat #6 is the button
Seat 1: RiverKetch ($0.95 in chips) 
Seat 2: donkijkong ($3.21 in chips) 
Seat 3: doubled8ck ($3.02 in chips) 
Seat 4: pickel951 ($1.98 in chips) 
Seat 5: brunobpc78 ($0.61 in chips) 
Seat 6: Dorex2007 ($2.46 in chips) 
Seat 8: Agneobr ($1.98 in chips) 
Seat 9: GarbageBarge ($1.66 in chips) 
Agneobr: posts small blind $0.01
GarbageBarge: posts big blind $0.02
*** HOLE CARDS ***
Dealt to Dorex2007 [Jc 2s]
RiverKetch: folds 
donkijkong: calls $0.02
doubled8ck: folds 
pickel951: folds 
brunobpc78: calls $0.02
Dorex2007: folds 
DanielHumby joins the table at seat #7 
Agneobr: folds 
GarbageBarge: checks 
*** FLOP *** [2c Kc 7d]
GarbageBarge: checks 
donkijkong: checks 
brunobpc78: bets $0.02
GarbageBarge: calls $0.02
donkijkong: calls $0.02
*** TURN *** [2c Kc 7d] [3s]
GarbageBarge: checks 
donkijkong: checks 
brunobpc78: bets $0.13
GarbageBarge: folds 
donkijkong: folds 
Uncalled bet ($0.13) returned to brunobpc78
brunobpc78 collected $0.13 from pot
brunobpc78: doesn't show hand 
*** SUMMARY ***
Total pot $0.13 | Rake $0 
Board [2c Kc 7d 3s]
Seat 1: RiverKetch folded before Flop (didn't bet)
Seat 2: donkijkong folded on the Turn
Seat 3: doubled8ck folded before Flop (didn't bet)
Seat 4: pickel951 folded before Flop (didn't bet)
Seat 5: brunobpc78 collected ($0.13)
Seat 6: Dorex2007 (button) folded before Flop (didn't bet)
Seat 8: Agneobr (small blind) folded before Flop
Seat 9: GarbageBarge (big blind) folded on the Turn



PokerStars Hand #224579109218:  Hold'em No Limit ($0.01/$0.02 USD) - 2021/03/07 17:04:30 PT [2021/03/07 20:04:30 ET]
Table 'Adele III' 9-max Seat #8 is the button
Seat 1: RiverKetch ($0.95 in chips) 
Seat 2: donkijkong ($3.17 in chips) 
Seat 3: doubled8ck ($3.02 in chips) 
Seat 4: pickel951 ($1.98 in chips) 
Seat 5: brunobpc78 ($0.70 in chips) 
Seat 6: Dorex2007 ($2.46 in chips) 
Seat 8: Agneobr ($1.97 in chips) 
Seat 9: GarbageBarge ($1.62 in chips) 
GarbageBarge: posts small blind $0.01
RiverKetch: posts big blind $0.02
DanielHumby: sits out 
*** HOLE CARDS ***
Dealt to Dorex2007 [4s 2c]
donkijkong: calls $0.02
doubled8ck: folds 
pickel951: folds 
brunobpc78: calls $0.02
Dorex2007: folds 
Agneobr: folds 
GarbageBarge: folds 
RiverKetch: checks 
*** FLOP *** [5h 6c 8h]
RiverKetch: checks 
donkijkong: checks 
brunobpc78: bets $0.04
RiverKetch: calls $0.04
donkijkong: calls $0.04
*** TURN *** [5h 6c 8h] [7d]
RiverKetch: checks 
donkijkong: checks 
brunobpc78: bets $0.09
RiverKetch: calls $0.09
donkijkong: calls $0.09
*** RIVER *** [5h 6c 8h 7d] [As]
RiverKetch: checks 
donkijkong: checks 
brunobpc78: bets $0.44
RiverKetch: folds 
donkijkong: folds 
Uncalled bet ($0.44) returned to brunobpc78
brunobpc78 collected $0.44 from pot
brunobpc78: doesn't show hand 
*** SUMMARY ***
Total pot $0.46 | Rake $0.02 
Board [5h 6c 8h 7d As]
Seat 1: RiverKetch (big blind) folded on the River
Seat 2: donkijkong folded on the River
Seat 3: doubled8ck folded before Flop (didn't bet)
Seat 4: pickel951 folded before Flop (didn't bet)
Seat 5: brunobpc78 collected ($0.44)
Seat 6: Dorex2007 folded before Flop (didn't bet)
Seat 8: Agneobr (button) folded before Flop (didn't bet)
Seat 9: GarbageBarge (small blind) folded before Flop



PokerStars Hand #224579137323:  Hold'em No Limit ($0.01/$0.02 USD) - 2021/03/07 17:05:26 PT [2021/03/07 20:05:26 ET]
Table 'Adele III' 9-max Seat #9 is the button
Seat 1: RiverKetch ($0.80 in chips) 
Seat 2: donkijkong ($3.02 in chips) 
Seat 3: doubled8ck ($3.02 in chips) 
Seat 4: pickel951 ($1.98 in chips) 
Seat 5: brunobpc78 ($0.99 in chips) 
Seat 6: Dorex2007 ($2.46 in chips) 
Seat 8: Agneobr ($1.97 in chips) 
Seat 9: GarbageBarge ($1.61 in chips) 
RiverKetch: posts small blind $0.01
donkijkong: posts big blind $0.02
DanielHumby: sits out 
*** HOLE CARDS ***
Dealt to Dorex2007 [8d Jc]
doubled8ck: folds 
pickel951: folds 
brunobpc78: calls $0.02
Dorex2007: folds 
Agneobr: folds 
GarbageBarge: folds 
RiverKetch: calls $0.01
donkijkong: checks 
*** FLOP *** [4h 3h 3s]
RiverKetch: checks 
donkijkong: checks 
brunobpc78: checks 
*** TURN *** [4h 3h 3s] [7h]
RiverKetch: bets $0.06
donkijkong: folds 
brunobpc78: folds 
Uncalled bet ($0.06) returned to RiverKetch
RiverKetch collected $0.06 from pot
RiverKetch: doesn't show hand 
*** SUMMARY ***
Total pot $0.06 | Rake $0 
Board [4h 3h 3s 7h]
Seat 1: RiverKetch (small blind) collected ($0.06)
Seat 2: donkijkong (big blind) folded on the Turn
Seat 3: doubled8ck folded before Flop (didn't bet)
Seat 4: pickel951 folded before Flop (didn't bet)
Seat 5: brunobpc78 folded on the Turn
Seat 6: Dorex2007 folded before Flop (didn't bet)
Seat 8: Agneobr folded before Flop (didn't bet)
Seat 9: GarbageBarge (button) folded before Flop (didn't bet)



PokerStars Hand #224579147875:  Hold'em No Limit ($0.01/$0.02 USD) - 2021/03/07 17:05:55 PT [2021/03/07 20:05:55 ET]
Table 'Adele III' 9-max Seat #1 is the button
Seat 1: RiverKetch ($0.84 in chips) 
Seat 2: donkijkong ($3 in chips) 
Seat 3: doubled8ck ($3.02 in chips) 
Seat 4: pickel951 ($1.98 in chips) 
Seat 5: brunobpc78 ($0.97 in chips) 
Seat 6: Dorex2007 ($2.46 in chips) 
Seat 8: Agneobr ($1.97 in chips) 
Seat 9: GarbageBarge ($1.61 in chips) 
donkijkong: posts small blind $0.01
doubled8ck: posts big blind $0.02
DanielHumby: sits out 
*** HOLE CARDS ***
Dealt to Dorex2007 [As 9d]
pickel951: folds 
brunobpc78: calls $0.02
Dorex2007: folds 
Agneobr: folds 
GarbageBarge: folds 
RiverKetch: folds 
donkijkong: calls $0.01
doubled8ck: checks 
*** FLOP *** [9s Qh Ad]
donkijkong: checks 
doubled8ck: checks 
brunobpc78: bets $0.02
donkijkong: calls $0.02
doubled8ck: folds 
*** TURN *** [9s Qh Ad] [6c]
donkijkong: checks 
brunobpc78: bets $0.02
donkijkong: calls $0.02
*** RIVER *** [9s Qh Ad 6c] [2c]
donkijkong: checks 
brunobpc78: checks 
*** SHOW DOWN ***
donkijkong: shows [Kh 7h] (high card Ace)
brunobpc78: mucks hand 
donkijkong collected $0.14 from pot
*** SUMMARY ***
Total pot $0.14 | Rake $0 
Board [9s Qh Ad 6c 2c]
Seat 1: RiverKetch (button) folded before Flop (didn't bet)
Seat 2: donkijkong (small blind) showed [Kh 7h] and won ($0.14) with high card Ace
Seat 3: doubled8ck (big blind) folded on the Flop
Seat 4: pickel951 folded before Flop (didn't bet)
Seat 5: brunobpc78 mucked [Tc 8s]
Seat 6: Dorex2007 folded before Flop (didn't bet)
Seat 8: Agneobr folded before Flop (didn't bet)
Seat 9: GarbageBarge folded before Flop (didn't bet)



PokerStars Hand #224579163410:  Hold'em No Limit ($0.01/$0.02 USD) - 2021/03/07 17:06:38 PT [2021/03/07 20:06:38 ET]
Table 'Adele III' 9-max Seat #2 is the button
Seat 1: RiverKetch ($0.84 in chips) 
Seat 2: donkijkong ($3.08 in chips) 
Seat 3: doubled8ck ($3 in chips) 
Seat 4: pickel951 ($1.98 in chips) 
Seat 5: brunobpc78 ($0.91 in chips) 
Seat 6: Dorex2007 ($2.46 in chips) 
Seat 8: Agneobr ($1.97 in chips) 
Seat 9: GarbageBarge ($1.61 in chips) 
doubled8ck: posts small blind $0.01
pickel951: posts big blind $0.02
DanielHumby: sits out 
*** HOLE CARDS ***
Dealt to Dorex2007 [8h 6d]
brunobpc78: calls $0.02
Dorex2007: folds 
Agneobr: raises $0.04 to $0.06
GarbageBarge: folds 
RiverKetch: calls $0.06
donkijkong: folds 
doubled8ck: folds 
pickel951: folds 
brunobpc78: calls $0.04
*** FLOP *** [Ac 7c 5d]
brunobpc78: bets $0.02
Agneobr: calls $0.02
RiverKetch: calls $0.02
*** TURN *** [Ac 7c 5d] [9s]
brunobpc78: bets $0.02
Agneobr: calls $0.02
RiverKetch: raises $0.08 to $0.10
brunobpc78: folds 
Agneobr: calls $0.08
*** RIVER *** [Ac 7c 5d 9s] [Ks]
Agneobr: checks 
RiverKetch: checks 
*** SHOW DOWN ***
Agneobr: shows [4c 5c] (a pair of Fives)
RiverKetch: shows [Qs Qh] (a pair of Queens)
RiverKetch collected $0.47 from pot
*** SUMMARY ***
Total pot $0.49 | Rake $0.02 
Board [Ac 7c 5d 9s Ks]
Seat 1: RiverKetch showed [Qs Qh] and won ($0.47) with a pair of Queens
Seat 2: donkijkong (button) folded before Flop (didn't bet)
Seat 3: doubled8ck (small blind) folded before Flop
Seat 4: pickel951 (big blind) folded before Flop
Seat 5: brunobpc78 folded on the Turn
Seat 6: Dorex2007 folded before Flop (didn't bet)
Seat 8: Agneobr showed [4c 5c] and lost with a pair of Fives
Seat 9: GarbageBarge folded before Flop (didn't bet)



PokerStars Hand #224579187546:  Hold'em No Limit ($0.01/$0.02 USD) - 2021/03/07 17:07:45 PT [2021/03/07 20:07:45 ET]
Table 'Adele III' 9-max Seat #3 is the button
Seat 1: RiverKetch ($1.13 in chips) 
Seat 2: donkijkong ($3.08 in chips) 
Seat 3: doubled8ck ($2.99 in chips) 
Seat 4: pickel951 ($1.96 in chips) 
Seat 5: brunobpc78 ($0.81 in chips) 
Seat 6: Dorex2007 ($2.46 in chips) 
Seat 8: Agneobr ($1.79 in chips) 
Seat 9: GarbageBarge ($1.61 in chips) 
pickel951: posts small blind $0.01
brunobpc78: posts big blind $0.02
DanielHumby: sits out 
*** HOLE CARDS ***
Dealt to Dorex2007 [2h 7d]
Dorex2007: folds 
Agneobr: folds 
GarbageBarge: folds 
RiverKetch: folds 
donkijkong: folds 
doubled8ck: raises $0.03 to $0.05
pickel951: calls $0.04
brunobpc78: calls $0.03
*** FLOP *** [As 8s 6c]
pickel951: checks 
brunobpc78: bets $0.02
doubled8ck: raises $0.10 to $0.12
pickel951: folds 
brunobpc78: calls $0.10
*** TURN *** [As 8s 6c] [Qh]
brunobpc78: checks 
doubled8ck: checks 
*** RIVER *** [As 8s 6c Qh] [Kd]
brunobpc78: bets $0.38
doubled8ck: folds 
Uncalled bet ($0.38) returned to brunobpc78
brunobpc78 collected $0.38 from pot
brunobpc78: doesn't show hand 
*** SUMMARY ***
Total pot $0.39 | Rake $0.01 
Board [As 8s 6c Qh Kd]
Seat 1: RiverKetch folded before Flop (didn't bet)
Seat 2: donkijkong folded before Flop (didn't bet)
Seat 3: doubled8ck (button) folded on the River
Seat 4: pickel951 (small blind) folded on the Flop
Seat 5: brunobpc78 (big blind) collected ($0.38)
Seat 6: Dorex2007 folded before Flop (didn't bet)
Seat 8: Agneobr folded before Flop (didn't bet)
Seat 9: GarbageBarge folded before Flop (didn't bet)



PokerStars Hand #224579212347:  Hold'em No Limit ($0.01/$0.02 USD) - 2021/03/07 17:08:54 PT [2021/03/07 20:08:54 ET]
Table 'Adele III' 9-max Seat #4 is the button
Seat 1: RiverKetch ($1.13 in chips) 
Seat 2: donkijkong ($3.08 in chips) 
Seat 3: doubled8ck ($2.82 in chips) 
Seat 4: pickel951 ($1.91 in chips) 
Seat 5: brunobpc78 ($1.02 in chips) 
Seat 6: Dorex2007 ($2.46 in chips) 
Seat 8: Agneobr ($1.79 in chips) 
Seat 9: GarbageBarge ($1.61 in chips) 
brunobpc78: posts small blind $0.01
Dorex2007: posts big blind $0.02
DanielHumby: sits out 
*** HOLE CARDS ***
Dealt to Dorex2007 [3c Ad]
Agneobr: raises $0.03 to $0.05
GarbageBarge: folds 
RiverKetch: folds 
donkijkong: folds 
doubled8ck: folds 
pickel951: calls $0.05
brunobpc78: calls $0.04
Dorex2007: folds 
*** FLOP *** [2h 5s 9h]
brunobpc78: bets $0.02
Agneobr: calls $0.02
pickel951: raises $0.10 to $0.12
brunobpc78: calls $0.10
Agneobr: folds 
*** TURN *** [2h 5s 9h] [2d]
brunobpc78: bets $0.02
pickel951: calls $0.02
*** RIVER *** [2h 5s 9h 2d] [6h]
brunobpc78: bets $0.23
pickel951: folds 
Uncalled bet ($0.23) returned to brunobpc78
brunobpc78 collected $0.45 from pot
brunobpc78: doesn't show hand 
*** SUMMARY ***
Total pot $0.47 | Rake $0.02 
Board [2h 5s 9h 2d 6h]
Seat 1: RiverKetch folded before Flop (didn't bet)
Seat 2: donkijkong folded before Flop (didn't bet)
Seat 3: doubled8ck folded before Flop (didn't bet)
Seat 4: pickel951 (button) folded on the River
Seat 5: brunobpc78 (small blind) collected ($0.45)
Seat 6: Dorex2007 (big blind) folded before Flop
Seat 8: Agneobr folded on the Flop
Seat 9: GarbageBarge folded before Flop (didn't bet)



PokerStars Hand #224579233527:  Hold'em No Limit ($0.01/$0.02 USD) - 2021/03/07 17:09:53 PT [2021/03/07 20:09:53 ET]
Table 'Adele III' 9-max Seat #5 is the button
Seat 1: RiverKetch ($1.13 in chips) 
Seat 2: donkijkong ($3.08 in chips) 
Seat 3: doubled8ck ($2.82 in chips) 
Seat 4: pickel951 ($1.72 in chips) 
Seat 5: brunobpc78 ($1.28 in chips) 
Seat 6: Dorex2007 ($2.44 in chips) 
Seat 7: DanielHumby ($1 in chips) 
Seat 8: Agneobr ($1.72 in chips) 
Seat 9: GarbageBarge ($1.61 in chips) 
Dorex2007: posts small blind $0.01
DanielHumby: posts big blind $0.02
*** HOLE CARDS ***
Dealt to Dorex2007 [Kh 4s]
Agneobr: raises $0.05 to $0.07
GarbageBarge: folds 
RiverKetch: folds 
donkijkong: folds 
doubled8ck: folds 
pickel951: calls $0.07
brunobpc78: folds 
Dorex2007: folds 
DanielHumby: folds 
*** FLOP *** [6c 6h Th]
Agneobr: bets $0.08
pickel951: folds 
Uncalled bet ($0.08) returned to Agneobr
Agneobr collected $0.16 from pot
Agneobr: doesn't show hand 
*** SUMMARY ***
Total pot $0.17 | Rake $0.01 
Board [6c 6h Th]
Seat 1: RiverKetch folded before Flop (didn't bet)
Seat 2: donkijkong folded before Flop (didn't bet)
Seat 3: doubled8ck folded before Flop (didn't bet)
Seat 4: pickel951 folded on the Flop
Seat 5: brunobpc78 (button) folded before Flop (didn't bet)
Seat 6: Dorex2007 (small blind) folded before Flop
Seat 7: DanielHumby (big blind) folded before Flop
Seat 8: Agneobr collected ($0.16)
Seat 9: GarbageBarge folded before Flop (didn't bet)



PokerStars Hand #224579242601:  Hold'em No Limit ($0.01/$0.02 USD) - 2021/03/07 17:10:19 PT [2021/03/07 20:10:19 ET]
Table 'Adele III' 9-max Seat #6 is the button
Seat 1: RiverKetch ($1.13 in chips) 
Seat 2: donkijkong ($3.08 in chips) 
Seat 3: doubled8ck ($2.82 in chips) 
Seat 4: pickel951 ($1.65 in chips) 
Seat 5: brunobpc78 ($1.28 in chips) 
Seat 6: Dorex2007 ($2.43 in chips) 
Seat 7: DanielHumby ($0.98 in chips) 
Seat 9: GarbageBarge ($1.61 in chips) 
DanielHumby: posts small blind $0.01
Agneobr: is sitting out 
Agneobr leaves the table
GarbageBarge: posts big blind $0.02
*** HOLE CARDS ***
Dealt to Dorex2007 [Jc 7c]
RiverKetch: folds 
donkijkong: folds 
doubled8ck: raises $0.04 to $0.06
pickel951: folds 
brunobpc78: calls $0.06
Dorex2007: folds 
DanielHumby: calls $0.05
GarbageBarge: calls $0.04
*** FLOP *** [8d 5s Tc]
DanielHumby: checks 
GarbageBarge: checks 
doubled8ck: bets $0.14
brunobpc78: calls $0.14
DanielHumby: folds 
GarbageBarge: calls $0.14
*** TURN *** [8d 5s Tc] [6s]
GarbageBarge: checks 
doubled8ck: bets $0.32
brunobpc78: calls $0.32
GarbageBarge: calls $0.32
*** RIVER *** [8d 5s Tc 6s] [8s]
GarbageBarge: checks 
doubled8ck: bets $0.22
brunobpc78: calls $0.22
GarbageBarge: folds 
*** SHOW DOWN ***
doubled8ck: shows [Ad As] (two pair, Aces and Eights)
brunobpc78: mucks hand 
doubled8ck collected $1.99 from pot
*** SUMMARY ***
Total pot $2.06 | Rake $0.07 
Board [8d 5s Tc 6s 8s]
Seat 1: RiverKetch folded before Flop (didn't bet)
Seat 2: donkijkong folded before Flop (didn't bet)
Seat 3: doubled8ck showed [Ad As] and won ($1.99) with two pair, Aces and Eights
Seat 4: pickel951 folded before Flop (didn't bet)
Seat 5: brunobpc78 mucked [4c 5c]
Seat 6: Dorex2007 (button) folded before Flop (didn't bet)
Seat 7: DanielHumby (small blind) folded on the Flop
Seat 9: GarbageBarge (big blind) folded on the River



PokerStars Hand #224579283044:  Hold'em No Limit ($0.01/$0.02 USD) - 2021/03/07 17:12:11 PT [2021/03/07 20:12:11 ET]
Table 'Adele III' 9-max Seat #7 is the button
Seat 1: RiverKetch ($1.13 in chips) 
Seat 2: donkijkong ($3.08 in chips) 
Seat 3: doubled8ck ($4.07 in chips) 
Seat 4: pickel951 ($1.65 in chips) 
Seat 5: brunobpc78 ($0.54 in chips) 
Seat 6: Dorex2007 ($2.43 in chips) 
Seat 7: DanielHumby ($0.92 in chips) 
Seat 9: GarbageBarge ($1.09 in chips) 
GarbageBarge: posts small blind $0.01
RiverKetch: posts big blind $0.02
*** HOLE CARDS ***
Dealt to Dorex2007 [6s Js]
donkijkong: folds 
Dav1d010 joins the table at seat #8 
doubled8ck: folds 
pickel951: folds 
brunobpc78: calls $0.02
Dorex2007: folds 
DanielHumby: folds 
GarbageBarge: folds 
RiverKetch: checks 
*** FLOP *** [7s Kh 8h]
RiverKetch: bets $0.03
brunobpc78: calls $0.03
*** TURN *** [7s Kh 8h] [Ac]
RiverKetch: bets $0.06
brunobpc78: folds 
Uncalled bet ($0.06) returned to RiverKetch
RiverKetch collected $0.11 from pot
RiverKetch: doesn't show hand 
*** SUMMARY ***
Total pot $0.11 | Rake $0 
Board [7s Kh 8h Ac]
Seat 1: RiverKetch (big blind) collected ($0.11)
Seat 2: donkijkong folded before Flop (didn't bet)
Seat 3: doubled8ck folded before Flop (didn't bet)
Seat 4: pickel951 folded before Flop (didn't bet)
Seat 5: brunobpc78 folded on the Turn
Seat 6: Dorex2007 folded before Flop (didn't bet)
Seat 7: DanielHumby (button) folded before Flop (didn't bet)
Seat 9: GarbageBarge (small blind) folded before Flop



PokerStars Hand #224579296340:  Hold'em No Limit ($0.01/$0.02 USD) - 2021/03/07 17:12:48 PT [2021/03/07 20:12:48 ET]
Table 'Adele III' 9-max Seat #9 is the button
Seat 1: RiverKetch ($1.19 in chips) 
Seat 2: donkijkong ($3.08 in chips) 
Seat 3: doubled8ck ($4.07 in chips) 
Seat 4: pickel951 ($1.65 in chips) 
Seat 5: brunobpc78 ($0.49 in chips) 
Seat 6: Dorex2007 ($2.43 in chips) 
Seat 7: DanielHumby ($0.92 in chips) 
Seat 8: Dav1d010 ($1 in chips) 
Seat 9: GarbageBarge ($1.08 in chips) 
RiverKetch: posts small blind $0.01
donkijkong: posts big blind $0.02
Dav1d010: posts big blind $0.02
*** HOLE CARDS ***
Dealt to Dorex2007 [4s 3s]
doubled8ck: folds 
pickel951: raises $0.06 to $0.08
brunobpc78: folds 
Dorex2007: folds 
DanielHumby: folds 
Dav1d010: calls $0.06
GarbageBarge: folds 
RiverKetch: folds 
donkijkong: calls $0.06
*** FLOP *** [Ts 3d Ks]
donkijkong: checks 
pickel951: bets $0.08
Dav1d010: folds 
donkijkong: calls $0.08
*** TURN *** [Ts 3d Ks] [9h]
brunobpc78 leaves the table
donkijkong: checks 
pickel951: checks 
*** RIVER *** [Ts 3d Ks 9h] [Tc]
donkijkong: checks 
pickel951: checks 
*** SHOW DOWN ***
donkijkong: shows [As Js] (a pair of Tens)
pickel951: shows [Jd Ad] (a pair of Tens)
donkijkong collected $0.20 from pot
pickel951 collected $0.20 from pot
chudak1000 joins the table at seat #5 
*** SUMMARY ***
Total pot $0.41 | Rake $0.01 
Board [Ts 3d Ks 9h Tc]
Seat 1: RiverKetch (small blind) folded before Flop
Seat 2: donkijkong (big blind) showed [As Js] and won ($0.20) with a pair of Tens
Seat 3: doubled8ck folded before Flop (didn't bet)
Seat 4: pickel951 showed [Jd Ad] and won ($0.20) with a pair of Tens
Seat 5: brunobpc78 folded before Flop (didn't bet)
Seat 6: Dorex2007 folded before Flop (didn't bet)
Seat 7: DanielHumby folded before Flop (didn't bet)
Seat 8: Dav1d010 folded on the Flop
Seat 9: GarbageBarge (button) folded before Flop (didn't bet)



PokerStars Hand #224579313375:  Hold'em No Limit ($0.01/$0.02 USD) - 2021/03/07 17:13:36 PT [2021/03/07 20:13:36 ET]
Table 'Adele III' 9-max Seat #1 is the button
Seat 1: RiverKetch ($1.18 in chips) 
Seat 2: donkijkong ($3.12 in chips) 
Seat 3: doubled8ck ($4.07 in chips) 
Seat 4: pickel951 ($1.69 in chips) 
Seat 6: Dorex2007 ($2.43 in chips) 
Seat 7: DanielHumby ($0.92 in chips) 
Seat 8: Dav1d010 ($0.92 in chips) 
Seat 9: GarbageBarge ($1.08 in chips) 
donkijkong: posts small blind $0.01
doubled8ck: posts big blind $0.02
chudak1000: sits out 
*** HOLE CARDS ***
Dealt to Dorex2007 [4d Kd]
pickel951: folds 
Dorex2007: folds 
DanielHumby: calls $0.02
Dav1d010: calls $0.02
GarbageBarge: raises $0.09 to $0.11
RiverKetch: folds 
donkijkong: folds 
doubled8ck: folds 
DanielHumby: folds 
Dav1d010: calls $0.09
*** FLOP *** [6s 2h 8h]
Dav1d010: checks 
GarbageBarge: checks 
*** TURN *** [6s 2h 8h] [Th]
Dav1d010: bets $0.13
GarbageBarge: folds 
Uncalled bet ($0.13) returned to Dav1d010
Dav1d010 collected $0.26 from pot
Dav1d010: doesn't show hand 
*** SUMMARY ***
Total pot $0.27 | Rake $0.01 
Board [6s 2h 8h Th]
Seat 1: RiverKetch (button) folded before Flop (didn't bet)
Seat 2: donkijkong (small blind) folded before Flop
Seat 3: doubled8ck (big blind) folded before Flop
Seat 4: pickel951 folded before Flop (didn't bet)
Seat 6: Dorex2007 folded before Flop (didn't bet)
Seat 7: DanielHumby folded before Flop
Seat 8: Dav1d010 collected ($0.26)
Seat 9: GarbageBarge folded on the Turn



PokerStars Hand #224579332252:  Hold'em No Limit ($0.01/$0.02 USD) - 2021/03/07 17:14:17 PT [2021/03/07 20:14:17 ET]
Table 'Adele III' 9-max Seat #2 is the button
Seat 1: RiverKetch ($1.18 in chips) 
Seat 2: donkijkong ($3.11 in chips) 
Seat 3: doubled8ck ($4.05 in chips) 
Seat 4: pickel951 ($1.69 in chips) 
Seat 6: Dorex2007 ($2.43 in chips) 
Seat 7: DanielHumby ($0.90 in chips) 
Seat 8: Dav1d010 ($1.07 in chips) 
Seat 9: GarbageBarge ($0.97 in chips) 
doubled8ck: posts small blind $0.01
pickel951: posts big blind $0.02
chudak1000: sits out 
*** HOLE CARDS ***
Dealt to Dorex2007 [6h 7h]
Dorex2007: folds 
DanielHumby: folds 
Dav1d010: calls $0.02
GarbageBarge: folds 
RiverKetch: calls $0.02
donkijkong: calls $0.02
doubled8ck: raises $0.12 to $0.14
pickel951: folds 
Dav1d010: calls $0.12
RiverKetch: folds 
donkijkong: folds 
*** FLOP *** [2d 9s 5s]
doubled8ck: checks 
Dav1d010: bets $0.33
doubled8ck: folds 
Uncalled bet ($0.33) returned to Dav1d010
Dav1d010 collected $0.33 from pot
Dav1d010: doesn't show hand 
*** SUMMARY ***
Total pot $0.34 | Rake $0.01 
Board [2d 9s 5s]
Seat 1: RiverKetch folded before Flop
Seat 2: donkijkong (button) folded before Flop
Seat 3: doubled8ck (small blind) folded on the Flop
Seat 4: pickel951 (big blind) folded before Flop
Seat 6: Dorex2007 folded before Flop (didn't bet)
Seat 7: DanielHumby folded before Flop (didn't bet)
Seat 8: Dav1d010 collected ($0.33)
Seat 9: GarbageBarge folded before Flop (didn't bet)



PokerStars Hand #224579358776:  Hold'em No Limit ($0.01/$0.02 USD) - 2021/03/07 17:15:31 PT [2021/03/07 20:15:31 ET]
Table 'Adele III' 9-max Seat #3 is the button
Seat 1: RiverKetch ($1.16 in chips) 
Seat 2: donkijkong ($3.09 in chips) 
Seat 3: doubled8ck ($3.91 in chips) 
Seat 4: pickel951 ($1.67 in chips) 
Seat 5: chudak1000 ($1.60 in chips) 
Seat 6: Dorex2007 ($2.43 in chips) 
Seat 7: DanielHumby ($0.90 in chips) 
Seat 8: Dav1d010 ($1.26 in chips) 
Seat 9: GarbageBarge ($0.97 in chips) 
pickel951: posts small blind $0.01
chudak1000: posts big blind $0.02
*** HOLE CARDS ***
Dealt to Dorex2007 [7h 4s]
Dorex2007: folds 
DanielHumby: folds 
Dav1d010: raises $0.04 to $0.06
GarbageBarge: calls $0.06
RiverKetch: folds 
donkijkong: folds 
doubled8ck: calls $0.06
pickel951: folds 
chudak1000: calls $0.04
*** FLOP *** [5s Jd Qc]
chudak1000: checks 
Dav1d010: bets $0.12
GarbageBarge: folds 
doubled8ck: folds 
chudak1000: folds 
Uncalled bet ($0.12) returned to Dav1d010
Dav1d010 collected $0.24 from pot
Dav1d010: doesn't show hand 
*** SUMMARY ***
Total pot $0.25 | Rake $0.01 
Board [5s Jd Qc]
Seat 1: RiverKetch folded before Flop (didn't bet)
Seat 2: donkijkong folded before Flop (didn't bet)
Seat 3: doubled8ck (button) folded on the Flop
Seat 4: pickel951 (small blind) folded before Flop
Seat 5: chudak1000 (big blind) folded on the Flop
Seat 6: Dorex2007 folded before Flop (didn't bet)
Seat 7: DanielHumby folded before Flop (didn't bet)
Seat 8: Dav1d010 collected ($0.24)
Seat 9: GarbageBarge folded on the Flop



PokerStars Hand #224579371764:  Hold'em No Limit ($0.01/$0.02 USD) - 2021/03/07 17:16:08 PT [2021/03/07 20:16:08 ET]
Table 'Adele III' 9-max Seat #4 is the button
Seat 1: RiverKetch ($1.16 in chips) 
Seat 2: donkijkong ($3.09 in chips) 
Seat 3: doubled8ck ($3.85 in chips) 
Seat 4: pickel951 ($1.66 in chips) 
Seat 5: chudak1000 ($1.54 in chips) 
Seat 6: Dorex2007 ($2.43 in chips) 
Seat 7: DanielHumby ($0.90 in chips) 
Seat 8: Dav1d010 ($1.44 in chips) 
Seat 9: GarbageBarge ($0.91 in chips) 
chudak1000: posts small blind $0.01
Dorex2007: posts big blind $0.02
*** HOLE CARDS ***
Dealt to Dorex2007 [8h Kc]
DanielHumby: raises $0.04 to $0.06
Dav1d010: folds 
GarbageBarge: calls $0.06
RiverKetch: calls $0.06
donkijkong: folds 
doubled8ck: folds 
pickel951: folds 
chudak1000: calls $0.05
Dorex2007: folds 
*** FLOP *** [Th 6c Tc]
chudak1000: checks 
DanielHumby: checks 
GarbageBarge: checks 
RiverKetch: checks 
*** TURN *** [Th 6c Tc] [2d]
chudak1000: checks 
DanielHumby: bets $0.02
GarbageBarge: folds 
RiverKetch: calls $0.02
chudak1000: calls $0.02
*** RIVER *** [Th 6c Tc 2d] [6s]
chudak1000: checks 
DanielHumby: bets $0.12
RiverKetch: folds 
chudak1000: folds 
Uncalled bet ($0.12) returned to DanielHumby
DanielHumby collected $0.31 from pot
DanielHumby: doesn't show hand 
*** SUMMARY ***
Total pot $0.32 | Rake $0.01 
Board [Th 6c Tc 2d 6s]
Seat 1: RiverKetch folded on the River
Seat 2: donkijkong folded before Flop (didn't bet)
Seat 3: doubled8ck folded before Flop (didn't bet)
Seat 4: pickel951 (button) folded before Flop (didn't bet)
Seat 5: chudak1000 (small blind) folded on the River
Seat 6: Dorex2007 (big blind) folded before Flop
Seat 7: DanielHumby collected ($0.31)
Seat 8: Dav1d010 folded before Flop (didn't bet)
Seat 9: GarbageBarge folded on the Turn



PokerStars Hand #224579397209:  Hold'em No Limit ($0.01/$0.02 USD) - 2021/03/07 17:16:59 PT [2021/03/07 20:16:59 ET]
Table 'Adele III' 9-max Seat #5 is the button
Seat 1: RiverKetch ($1.08 in chips) 
Seat 2: donkijkong ($3.09 in chips) 
Seat 3: doubled8ck ($3.85 in chips) 
Seat 4: pickel951 ($1.66 in chips) 
Seat 5: chudak1000 ($1.46 in chips) 
Seat 6: Dorex2007 ($2.41 in chips) 
Seat 7: DanielHumby ($1.13 in chips) 
Seat 8: Dav1d010 ($1.44 in chips) 
Seat 9: GarbageBarge ($0.85 in chips) 
Dorex2007: posts small blind $0.01
DanielHumby: posts big blind $0.02
*** HOLE CARDS ***
Dealt to Dorex2007 [6d 9d]
Dav1d010: folds 
GarbageBarge: raises $0.04 to $0.06
RiverKetch: folds 
donkijkong: folds 
doubled8ck: folds 
pickel951: folds 
chudak1000: folds 
Dorex2007: folds 
DanielHumby: calls $0.04
*** FLOP *** [3c 5c Ad]
DanielHumby: bets $0.08
GarbageBarge: folds 
Uncalled bet ($0.08) returned to DanielHumby
DanielHumby collected $0.13 from pot
DanielHumby: doesn't show hand 
*** SUMMARY ***
Total pot $0.13 | Rake $0 
Board [3c 5c Ad]
Seat 1: RiverKetch folded before Flop (didn't bet)
Seat 2: donkijkong folded before Flop (didn't bet)
Seat 3: doubled8ck folded before Flop (didn't bet)
Seat 4: pickel951 folded before Flop (didn't bet)
Seat 5: chudak1000 (button) folded before Flop (didn't bet)
Seat 6: Dorex2007 (small blind) folded before Flop
Seat 7: DanielHumby (big blind) collected ($0.13)
Seat 8: Dav1d010 folded before Flop (didn't bet)
Seat 9: GarbageBarge folded on the Flop



PokerStars Hand #224579407861:  Hold'em No Limit ($0.01/$0.02 USD) - 2021/03/07 17:17:29 PT [2021/03/07 20:17:29 ET]
Table 'Adele III' 9-max Seat #6 is the button
Seat 1: RiverKetch ($1.08 in chips) 
Seat 2: donkijkong ($3.09 in chips) 
Seat 3: doubled8ck ($3.85 in chips) 
Seat 4: pickel951 ($1.66 in chips) 
Seat 5: chudak1000 ($1.46 in chips) 
Seat 6: Dorex2007 ($2.40 in chips) 
Seat 7: DanielHumby ($1.20 in chips) 
Seat 8: Dav1d010 ($1.44 in chips) 
Seat 9: GarbageBarge ($0.79 in chips) 
DanielHumby: posts small blind $0.01
Dav1d010: posts big blind $0.02
*** HOLE CARDS ***
Dealt to Dorex2007 [7c 2s]
GarbageBarge: folds 
RiverKetch: calls $0.02
donkijkong: calls $0.02
doubled8ck: folds 
pickel951: calls $0.02
chudak1000: folds 
Dorex2007: folds 
DanielHumby: calls $0.01
Dav1d010: checks 
*** FLOP *** [9c 5c 6s]
DanielHumby: checks 
Dav1d010: checks 
RiverKetch: bets $0.10
donkijkong: folds 
pickel951: folds 
DanielHumby: folds 
Dav1d010: calls $0.10
*** TURN *** [9c 5c 6s] [3c]
Dav1d010: checks 
RiverKetch: checks 
*** RIVER *** [9c 5c 6s 3c] [Ts]
Dav1d010: bets $0.15
RiverKetch: calls $0.15
*** SHOW DOWN ***
Dav1d010: shows [8c Kh] (high card King)
RiverKetch: shows [9s As] (a pair of Nines)
RiverKetch collected $0.58 from pot
*** SUMMARY ***
Total pot $0.60 | Rake $0.02 
Board [9c 5c 6s 3c Ts]
Seat 1: RiverKetch showed [9s As] and won ($0.58) with a pair of Nines
Seat 2: donkijkong folded on the Flop
Seat 3: doubled8ck folded before Flop (didn't bet)
Seat 4: pickel951 folded on the Flop
Seat 5: chudak1000 folded before Flop (didn't bet)
Seat 6: Dorex2007 (button) folded before Flop (didn't bet)
Seat 7: DanielHumby (small blind) folded on the Flop
Seat 8: Dav1d010 (big blind) showed [8c Kh] and lost with high card King
Seat 9: GarbageBarge folded before Flop (didn't bet)



PokerStars Hand #224579425975:  Hold'em No Limit ($0.01/$0.02 USD) - 2021/03/07 17:18:21 PT [2021/03/07 20:18:21 ET]
Table 'Adele III' 9-max Seat #7 is the button
Seat 1: RiverKetch ($1.39 in chips) 
Seat 2: donkijkong ($3.07 in chips) 
Seat 3: doubled8ck ($3.85 in chips) 
Seat 4: pickel951 ($1.64 in chips) 
Seat 5: chudak1000 ($1.46 in chips) 
Seat 6: Dorex2007 ($2.40 in chips) 
Seat 7: DanielHumby ($1.18 in chips) 
Seat 8: Dav1d010 ($1.17 in chips) 
Seat 9: GarbageBarge ($0.79 in chips) 
Dav1d010: posts small blind $0.01
GarbageBarge: posts big blind $0.02
*** HOLE CARDS ***
Dealt to Dorex2007 [Jd Js]
RiverKetch: calls $0.02
donkijkong: folds 
doubled8ck: folds 
pickel951: folds 
chudak1000: folds 
Dorex2007: raises $0.06 to $0.08
DanielHumby: folds 
Dav1d010: calls $0.07
GarbageBarge: folds 
RiverKetch: calls $0.06
*** FLOP *** [5h 2h 8d]
Dav1d010: checks 
RiverKetch: checks 
Dorex2007: bets $0.34
Dav1d010: folds 
RiverKetch: calls $0.34
*** TURN *** [5h 2h 8d] [7s]
RiverKetch: checks 
Dorex2007: bets $1.98 and is all-in
RiverKetch: calls $0.97 and is all-in
Uncalled bet ($1.01) returned to Dorex2007
*** RIVER *** [5h 2h 8d 7s] [4c]
*** SHOW DOWN ***
RiverKetch: shows [Ah 6h] (a straight, Four to Eight)
Dorex2007: shows [Jd Js] (a pair of Jacks)
RiverKetch cashed out the hand for $1.13 | Cash Out Fee $0.01
*** SUMMARY ***
Total pot $2.88 | Rake $0.10 
Board [5h 2h 8d 7s 4c]
Seat 1: RiverKetch showed [Ah 6h] and won ($2.78) with a straight, Four to Eight (pot not awarded as player cashed out)
Seat 2: donkijkong folded before Flop (didn't bet)
Seat 3: doubled8ck folded before Flop (didn't bet)
Seat 4: pickel951 folded before Flop (didn't bet)
Seat 5: chudak1000 folded before Flop (didn't bet)
Seat 6: Dorex2007 showed [Jd Js] and lost with a pair of Jacks
Seat 7: DanielHumby (button) folded before Flop (didn't bet)
Seat 8: Dav1d010 (small blind) folded on the Flop
Seat 9: GarbageBarge (big blind) folded before Flop



PokerStars Hand #224579454728:  Hold'em No Limit ($0.01/$0.02 USD) - 2021/03/07 17:19:28 PT [2021/03/07 20:19:28 ET]
Table 'Adele III' 9-max Seat #8 is the button
Seat 1: RiverKetch ($1.13 in chips) 
Seat 2: donkijkong ($3.07 in chips) 
Seat 3: doubled8ck ($3.85 in chips) 
Seat 4: pickel951 ($1.64 in chips) 
Seat 5: chudak1000 ($1.46 in chips) 
Seat 6: Dorex2007 ($2 in chips) 
Seat 7: DanielHumby ($1.18 in chips) 
Seat 8: Dav1d010 ($1.09 in chips) 
Seat 9: GarbageBarge ($0.77 in chips) 
GarbageBarge: posts small blind $0.01
RiverKetch: posts big blind $0.02
*** HOLE CARDS ***
Dealt to Dorex2007 [Qc Kh]
donkijkong: calls $0.02
doubled8ck: folds 
pickel951: folds 
chudak1000: raises $0.04 to $0.06
Dorex2007: calls $0.06
DanielHumby: calls $0.06
Dav1d010: folds 
GarbageBarge: calls $0.05
RiverKetch: calls $0.04
donkijkong: calls $0.04
*** FLOP *** [Jh 7h 6c]
GarbageBarge: checks 
RiverKetch: checks 
donkijkong: checks 
chudak1000: checks 
Dorex2007: checks 
DanielHumby: checks 
*** TURN *** [Jh 7h 6c] [3s]
GarbageBarge: checks 
RiverKetch: checks 
donkijkong: checks 
chudak1000: checks 
Dorex2007: checks 
DanielHumby: checks 
*** RIVER *** [Jh 7h 6c 3s] [Ac]
GarbageBarge: checks 
RiverKetch: checks 
donkijkong: bets $0.06
chudak1000: calls $0.06
Dorex2007: folds 
DanielHumby: folds 
GarbageBarge: folds 
RiverKetch: folds 
*** SHOW DOWN ***
donkijkong: shows [Qs Ah] (a pair of Aces)
chudak1000: shows [As Qd] (a pair of Aces)
donkijkong collected $0.23 from pot
chudak1000 collected $0.23 from pot
*** SUMMARY ***
Total pot $0.48 | Rake $0.02 
Board [Jh 7h 6c 3s Ac]
Seat 1: RiverKetch (big blind) folded on the River
Seat 2: donkijkong showed [Qs Ah] and won ($0.23) with a pair of Aces
Seat 3: doubled8ck folded before Flop (didn't bet)
Seat 4: pickel951 folded before Flop (didn't bet)
Seat 5: chudak1000 showed [As Qd] and won ($0.23) with a pair of Aces
Seat 6: Dorex2007 folded on the River
Seat 7: DanielHumby folded on the River
Seat 8: Dav1d010 (button) folded before Flop (didn't bet)
Seat 9: GarbageBarge (small blind) folded on the River



PokerStars Hand #224579481504:  Hold'em No Limit ($0.01/$0.02 USD) - 2021/03/07 17:20:44 PT [2021/03/07 20:20:44 ET]
Table 'Adele III' 9-max Seat #9 is the button
Seat 1: RiverKetch ($1.07 in chips) 
Seat 2: donkijkong ($3.18 in chips) 
Seat 3: doubled8ck ($3.85 in chips) 
Seat 4: pickel951 ($1.64 in chips) 
Seat 5: chudak1000 ($1.57 in chips) 
Seat 6: Dorex2007 ($2 in chips) 
Seat 7: DanielHumby ($1.12 in chips) 
Seat 8: Dav1d010 ($1.09 in chips) 
Seat 9: GarbageBarge ($0.71 in chips) 
RiverKetch: posts small blind $0.01
donkijkong: posts big blind $0.02
*** HOLE CARDS ***
Dealt to Dorex2007 [Ks 4d]
doubled8ck: folds 
pickel951: folds 
chudak1000: folds 
Dorex2007: folds 
DanielHumby: raises $0.04 to $0.06
Dav1d010: folds 
GarbageBarge: folds 
RiverKetch: calls $0.05
donkijkong: calls $0.04
*** FLOP *** [5s 2c 7c]
RiverKetch: checks 
donkijkong: bets $0.04
DanielHumby: raises $0.08 to $0.12
RiverKetch: folds 
donkijkong: calls $0.08
*** TURN *** [5s 2c 7c] [Qs]
donkijkong: checks 
DanielHumby: checks 
*** RIVER *** [5s 2c 7c Qs] [3s]
donkijkong: checks 
DanielHumby: bets $0.50
donkijkong: calls $0.50
*** SHOW DOWN ***
DanielHumby: shows [Kh 8c] (high card King)
donkijkong: shows [7s 9s] (a flush, Queen high)
donkijkong collected $1.37 from pot
*** SUMMARY ***
Total pot $1.42 | Rake $0.05 
Board [5s 2c 7c Qs 3s]
Seat 1: RiverKetch (small blind) folded on the Flop
Seat 2: donkijkong (big blind) showed [7s 9s] and won ($1.37) with a flush, Queen high
Seat 3: doubled8ck folded before Flop (didn't bet)
Seat 4: pickel951 folded before Flop (didn't bet)
Seat 5: chudak1000 folded before Flop (didn't bet)
Seat 6: Dorex2007 folded before Flop (didn't bet)
Seat 7: DanielHumby showed [Kh 8c] and lost with high card King
Seat 8: Dav1d010 folded before Flop (didn't bet)
Seat 9: GarbageBarge (button) folded before Flop (didn't bet)



PokerStars Hand #224579504038:  Hold'em No Limit ($0.01/$0.02 USD) - 2021/03/07 17:21:49 PT [2021/03/07 20:21:49 ET]
Table 'Adele III' 9-max Seat #1 is the button
Seat 1: RiverKetch ($1.01 in chips) 
Seat 2: donkijkong ($3.87 in chips) 
Seat 3: doubled8ck ($3.85 in chips) 
Seat 4: pickel951 ($1.64 in chips) 
Seat 5: chudak1000 ($1.57 in chips) 
Seat 6: Dorex2007 ($2 in chips) 
Seat 7: DanielHumby ($0.44 in chips) 
Seat 8: Dav1d010 ($1.09 in chips) 
Seat 9: GarbageBarge ($0.71 in chips) 
donkijkong: posts small blind $0.01
doubled8ck: posts big blind $0.02
*** HOLE CARDS ***
Dealt to Dorex2007 [2s 2c]
pickel951: folds 
chudak1000: folds 
DanielHumby said, "Ouf"
Dorex2007: calls $0.02
DanielHumby: raises $0.04 to $0.06
Dav1d010: calls $0.06
GarbageBarge: calls $0.06
RiverKetch: folds 
donkijkong: calls $0.05
doubled8ck: folds 
Dorex2007: calls $0.04
*** FLOP *** [8d Kh 5h]
donkijkong: checks 
Dorex2007: checks 
DanielHumby: checks 
Dav1d010: checks 
GarbageBarge: checks 
*** TURN *** [8d Kh 5h] [Qd]
donkijkong: checks 
Dorex2007: checks 
DanielHumby: checks 
Dav1d010: bets $0.16
GarbageBarge: folds 
donkijkong: calls $0.16
Dorex2007: folds 
DanielHumby: folds 
*** RIVER *** [8d Kh 5h Qd] [Jc]
donkijkong: checks 
Dav1d010: checks 
*** SHOW DOWN ***
donkijkong: shows [Ah 7h] (high card Ace)
Dav1d010: shows [9h Qc] (a pair of Queens)
Dav1d010 collected $0.62 from pot
*** SUMMARY ***
Total pot $0.64 | Rake $0.02 
Board [8d Kh 5h Qd Jc]
Seat 1: RiverKetch (button) folded before Flop (didn't bet)
Seat 2: donkijkong (small blind) showed [Ah 7h] and lost with high card Ace
Seat 3: doubled8ck (big blind) folded before Flop
Seat 4: pickel951 folded before Flop (didn't bet)
Seat 5: chudak1000 folded before Flop (didn't bet)
Seat 6: Dorex2007 folded on the Turn
Seat 7: DanielHumby folded on the Turn
Seat 8: Dav1d010 showed [9h Qc] and won ($0.62) with a pair of Queens
Seat 9: GarbageBarge folded on the Turn



