PokerStars Hand #233190293950:  Hold'em No Limit ($0.01/$0.02 USD) - 2022/01/16 8:02:07 PT [2022/01/16 11:02:07 ET]
Table 'Philagoria' 9-max Seat #6 is the button
Seat 1: Coiotul94 ($1.78 in chips) 
Seat 3: JOVIS62 ($2.43 in chips) 
Seat 4: Dorex2007 ($2 in chips) 
Seat 6: Sedych 58-18 ($2.11 in chips) 
Seat 7: droctagon101 ($1.98 in chips) 
Seat 8: LeandroAku ($0.80 in chips) 
Seat 9: Master75573 ($1.58 in chips) 
droctagon101: posts small blind $0.01
LeandroAku: posts big blind $0.02
densdk: sits out 
Dorex2007: posts big blind $0.02
Vainamoinenn: sits out 
*** HOLE CARDS ***
Dealt to Dorex2007 [5d 5c]
Master75573: calls $0.02
Coiotul94: folds 
JOVIS62: folds 
Dorex2007: checks 
Sedych 58-18: folds 
droctagon101: folds 
LeandroAku: checks 
*** FLOP *** [8s 2h Js]
LeandroAku: checks 
Master75573: checks 
Dorex2007: checks 
*** TURN *** [8s 2h Js] [Qs]
LeandroAku: checks 
Master75573: bets $0.07
Dorex2007: folds 
LeandroAku: folds 
Uncalled bet ($0.07) returned to Master75573
Master75573 collected $0.07 from pot
*** SUMMARY ***
Total pot $0.07 | Rake $0 
Board [8s 2h Js Qs]
Seat 1: Coiotul94 folded before Flop (didn't bet)
Seat 3: JOVIS62 folded before Flop (didn't bet)
Seat 4: Dorex2007 folded on the Turn (didn't bet)
Seat 6: Sedych 58-18 (button) folded before Flop (didn't bet)
Seat 7: droctagon101 (small blind) folded before Flop
Seat 8: LeandroAku (big blind) folded on the Turn
Seat 9: Master75573 collected ($0.07)



PokerStars Hand #233190322824:  Hold'em No Limit ($0.01/$0.02 USD) - 2022/01/16 8:03:04 PT [2022/01/16 11:03:04 ET]
Table 'Philagoria' 9-max Seat #7 is the button
Seat 1: Coiotul94 ($1.78 in chips) 
Seat 3: JOVIS62 ($2.43 in chips) 
Seat 4: Dorex2007 ($2 in chips) 
Seat 6: Sedych 58-18 ($2.11 in chips) 
Seat 7: droctagon101 ($1.97 in chips) 
Seat 8: LeandroAku ($0.78 in chips) 
Seat 9: Master75573 ($1.63 in chips) 
LeandroAku: posts small blind $0.01
Master75573: posts big blind $0.02
densdk: sits out 
Vainamoinenn: sits out 
*** HOLE CARDS ***
Dealt to Dorex2007 [Qd 8d]
Coiotul94: folds 
JOVIS62: folds 
Dorex2007: folds 
Sedych 58-18: calls $0.02
droctagon101: folds 
LeandroAku: calls $0.01
Master75573: checks 
*** FLOP *** [2s Jh 6d]
LeandroAku: checks 
Master75573: bets $0.06
Sedych 58-18: calls $0.06
LeandroAku: folds 
*** TURN *** [2s Jh 6d] [3s]
Master75573: checks 
Sedych 58-18: checks 
*** RIVER *** [2s Jh 6d 3s] [Qs]
Master75573: checks 
Sedych 58-18: bets $0.17
Master75573: folds 
Uncalled bet ($0.17) returned to Sedych 58-18
Sedych 58-18 collected $0.17 from pot
Sedych 58-18: doesn't show hand 
*** SUMMARY ***
Total pot $0.18 | Rake $0.01 
Board [2s Jh 6d 3s Qs]
Seat 1: Coiotul94 folded before Flop (didn't bet)
Seat 3: JOVIS62 folded before Flop (didn't bet)
Seat 4: Dorex2007 folded before Flop (didn't bet)
Seat 6: Sedych 58-18 collected ($0.17)
Seat 7: droctagon101 (button) folded before Flop (didn't bet)
Seat 8: LeandroAku (small blind) folded on the Flop
Seat 9: Master75573 (big blind) folded on the River



PokerStars Hand #233190347125:  Hold'em No Limit ($0.01/$0.02 USD) - 2022/01/16 8:03:51 PT [2022/01/16 11:03:51 ET]
Table 'Philagoria' 9-max Seat #8 is the button
Seat 1: Coiotul94 ($1.78 in chips) 
Seat 3: JOVIS62 ($2.43 in chips) 
Seat 4: Dorex2007 ($2 in chips) 
Seat 6: Sedych 58-18 ($2.20 in chips) 
Seat 7: droctagon101 ($1.97 in chips) 
Seat 8: LeandroAku ($0.76 in chips) 
Seat 9: Master75573 ($1.55 in chips) 
Master75573: posts small blind $0.01
Coiotul94: posts big blind $0.02
densdk: sits out 
Vainamoinenn: sits out 
*** HOLE CARDS ***
Dealt to Dorex2007 [Kd 4d]
JOVIS62: folds 
Dorex2007: folds 
Sedych 58-18: folds 
droctagon101: raises $0.04 to $0.06
LeandroAku: folds 
Master75573: folds 
Coiotul94: folds 
Uncalled bet ($0.04) returned to droctagon101
droctagon101 collected $0.05 from pot
droctagon101: doesn't show hand 
*** SUMMARY ***
Total pot $0.05 | Rake $0 
Seat 1: Coiotul94 (big blind) folded before Flop
Seat 3: JOVIS62 folded before Flop (didn't bet)
Seat 4: Dorex2007 folded before Flop (didn't bet)
Seat 6: Sedych 58-18 folded before Flop (didn't bet)
Seat 7: droctagon101 collected ($0.05)
Seat 8: LeandroAku (button) folded before Flop (didn't bet)
Seat 9: Master75573 (small blind) folded before Flop



PokerStars Hand #233190356650:  Hold'em No Limit ($0.01/$0.02 USD) - 2022/01/16 8:04:09 PT [2022/01/16 11:04:09 ET]
Table 'Philagoria' 9-max Seat #9 is the button
Seat 1: Coiotul94 ($1.76 in chips) 
Seat 2: densdk ($2.27 in chips) 
Seat 3: JOVIS62 ($2.43 in chips) 
Seat 4: Dorex2007 ($2 in chips) 
Seat 6: Sedych 58-18 ($2.20 in chips) 
Seat 7: droctagon101 ($2 in chips) 
Seat 8: LeandroAku ($0.76 in chips) 
Seat 9: Master75573 ($1.54 in chips) 
Coiotul94: posts small blind $0.01
densdk: posts big blind $0.02
Vainamoinenn: sits out 
*** HOLE CARDS ***
Dealt to Dorex2007 [2d 8c]
JOVIS62: folds 
Dorex2007: folds 
Sedych 58-18: folds 
droctagon101: raises $0.04 to $0.06
LeandroAku: folds 
Master75573: calls $0.06
Coiotul94: folds 
densdk: folds 
*** FLOP *** [3d 6d 7c]
droctagon101: checks 
Master75573: bets $0.14
droctagon101: calls $0.14
*** TURN *** [3d 6d 7c] [As]
droctagon101: checks 
Master75573: checks 
*** RIVER *** [3d 6d 7c As] [Jh]
droctagon101: checks 
Master75573: checks 
*** SHOW DOWN ***
droctagon101: shows [Qd Ah] (a pair of Aces)
Master75573: mucks hand 
droctagon101 collected $0.41 from pot
*** SUMMARY ***
Total pot $0.43 | Rake $0.02 
Board [3d 6d 7c As Jh]
Seat 1: Coiotul94 (small blind) folded before Flop
Seat 2: densdk (big blind) folded before Flop
Seat 3: JOVIS62 folded before Flop (didn't bet)
Seat 4: Dorex2007 folded before Flop (didn't bet)
Seat 6: Sedych 58-18 folded before Flop (didn't bet)
Seat 7: droctagon101 showed [Qd Ah] and won ($0.41) with a pair of Aces
Seat 8: LeandroAku folded before Flop (didn't bet)
Seat 9: Master75573 (button) mucked [Tc Td]



PokerStars Hand #233190393319:  Hold'em No Limit ($0.01/$0.02 USD) - 2022/01/16 8:05:19 PT [2022/01/16 11:05:19 ET]
Table 'Philagoria' 9-max Seat #1 is the button
Seat 1: Coiotul94 ($1.75 in chips) 
Seat 2: densdk ($2.25 in chips) 
Seat 3: JOVIS62 ($2.43 in chips) 
Seat 4: Dorex2007 ($2 in chips) 
Seat 6: Sedych 58-18 ($2.20 in chips) 
Seat 7: droctagon101 ($2.21 in chips) 
Seat 8: LeandroAku ($0.76 in chips) 
Seat 9: Master75573 ($1.34 in chips) 
densdk: posts small blind $0.01
JOVIS62: posts big blind $0.02
Vainamoinenn: sits out 
*** HOLE CARDS ***
Dealt to Dorex2007 [Ts Ad]
Dorex2007: folds 
Sedych 58-18: calls $0.02
droctagon101: folds 
LeandroAku has timed out
LeandroAku: folds 
Master75573: folds 
Coiotul94: folds 
densdk: raises $0.04 to $0.06
JOVIS62: folds 
Sedych 58-18: calls $0.04
*** FLOP *** [5c 8c Qc]
densdk: bets $0.07
Sedych 58-18: calls $0.07
*** TURN *** [5c 8c Qc] [6d]
densdk: bets $0.19
Sedych 58-18: folds 
Uncalled bet ($0.19) returned to densdk
densdk collected $0.27 from pot
densdk: doesn't show hand 
*** SUMMARY ***
Total pot $0.28 | Rake $0.01 
Board [5c 8c Qc 6d]
Seat 1: Coiotul94 (button) folded before Flop (didn't bet)
Seat 2: densdk (small blind) collected ($0.27)
Seat 3: JOVIS62 (big blind) folded before Flop
Seat 4: Dorex2007 folded before Flop (didn't bet)
Seat 6: Sedych 58-18 folded on the Turn
Seat 7: droctagon101 folded before Flop (didn't bet)
Seat 8: LeandroAku folded before Flop (didn't bet)
Seat 9: Master75573 folded before Flop (didn't bet)



PokerStars Hand #233190422388:  Hold'em No Limit ($0.01/$0.02 USD) - 2022/01/16 8:06:12 PT [2022/01/16 11:06:12 ET]
Table 'Philagoria' 9-max Seat #2 is the button
Seat 1: Coiotul94 ($1.75 in chips) 
Seat 2: densdk ($2.39 in chips) 
Seat 3: JOVIS62 ($2.41 in chips) 
Seat 4: Dorex2007 ($2 in chips) 
Seat 6: Sedych 58-18 ($2.07 in chips) 
Seat 7: droctagon101 ($2.21 in chips) 
Seat 9: Master75573 ($1.34 in chips) 
JOVIS62: posts small blind $0.01
Dorex2007: posts big blind $0.02
Vainamoinenn: sits out 
*** HOLE CARDS ***
Dealt to Dorex2007 [Qc 3c]
Sedych 58-18: folds 
droctagon101: folds 
Master75573: folds 
Coiotul94: calls $0.02
densdk: folds 
JOVIS62: folds 
Dorex2007: checks 
*** FLOP *** [9s Ac 2d]
Dorex2007: checks 
Coiotul94: checks 
*** TURN *** [9s Ac 2d] [Qh]
Dorex2007: checks 
Coiotul94: checks 
*** RIVER *** [9s Ac 2d Qh] [5s]
Dorex2007: checks 
Coiotul94: checks 
*** SHOW DOWN ***
Dorex2007: shows [Qc 3c] (a pair of Queens)
Coiotul94: mucks hand 
Dorex2007 collected $0.05 from pot
*** SUMMARY ***
Total pot $0.05 | Rake $0 
Board [9s Ac 2d Qh 5s]
Seat 1: Coiotul94 mucked [4s 4h]
Seat 2: densdk (button) folded before Flop (didn't bet)
Seat 3: JOVIS62 (small blind) folded before Flop
Seat 4: Dorex2007 (big blind) showed [Qc 3c] and won ($0.05) with a pair of Queens
Seat 6: Sedych 58-18 folded before Flop (didn't bet)
Seat 7: droctagon101 folded before Flop (didn't bet)
Seat 9: Master75573 folded before Flop (didn't bet)



PokerStars Hand #233190438681:  Hold'em No Limit ($0.01/$0.02 USD) - 2022/01/16 8:06:41 PT [2022/01/16 11:06:41 ET]
Table 'Philagoria' 9-max Seat #3 is the button
Seat 1: Coiotul94 ($1.73 in chips) 
Seat 2: densdk ($2.39 in chips) 
Seat 3: JOVIS62 ($2.40 in chips) 
Seat 4: Dorex2007 ($2.03 in chips) 
Seat 5: Vainamoinenn ($2 in chips) 
Seat 6: Sedych 58-18 ($2.07 in chips) 
Seat 7: droctagon101 ($2.21 in chips) 
Seat 9: Master75573 ($1.34 in chips) 
Dorex2007: posts small blind $0.01
Vainamoinenn: posts big blind $0.02
*** HOLE CARDS ***
Dealt to Dorex2007 [Ad Th]
Sedych 58-18: folds 
droctagon101: folds 
Master75573: folds 
Coiotul94: folds 
densdk: raises $0.02 to $0.04
JOVIS62: folds 
Dorex2007: folds 
Vainamoinenn: folds 
Uncalled bet ($0.02) returned to densdk
densdk collected $0.05 from pot
densdk: doesn't show hand 
*** SUMMARY ***
Total pot $0.05 | Rake $0 
Seat 1: Coiotul94 folded before Flop (didn't bet)
Seat 2: densdk collected ($0.05)
Seat 3: JOVIS62 (button) folded before Flop (didn't bet)
Seat 4: Dorex2007 (small blind) folded before Flop
Seat 5: Vainamoinenn (big blind) folded before Flop
Seat 6: Sedych 58-18 folded before Flop (didn't bet)
Seat 7: droctagon101 folded before Flop (didn't bet)
Seat 9: Master75573 folded before Flop (didn't bet)



PokerStars Hand #233190449235:  Hold'em No Limit ($0.01/$0.02 USD) - 2022/01/16 8:07:01 PT [2022/01/16 11:07:01 ET]
Table 'Philagoria' 9-max Seat #4 is the button
Seat 1: Coiotul94 ($1.73 in chips) 
Seat 2: densdk ($2.42 in chips) 
Seat 3: JOVIS62 ($2.40 in chips) 
Seat 4: Dorex2007 ($2.02 in chips) 
Seat 5: Vainamoinenn ($1.98 in chips) 
Seat 6: Sedych 58-18 ($2.07 in chips) 
Seat 7: droctagon101 ($2.21 in chips) 
Seat 8: LeandroAku ($0.76 in chips) 
Seat 9: Master75573 ($1.34 in chips) 
Vainamoinenn: posts small blind $0.01
Sedych 58-18: posts big blind $0.02
*** HOLE CARDS ***
Dealt to Dorex2007 [6h 9c]
droctagon101: folds 
LeandroAku: folds 
Master75573: folds 
Coiotul94: folds 
densdk: folds 
JOVIS62: folds 
Dorex2007: folds 
Vainamoinenn: folds 
Uncalled bet ($0.01) returned to Sedych 58-18
Sedych 58-18 collected $0.02 from pot
Sedych 58-18: doesn't show hand 
*** SUMMARY ***
Total pot $0.02 | Rake $0 
Seat 1: Coiotul94 folded before Flop (didn't bet)
Seat 2: densdk folded before Flop (didn't bet)
Seat 3: JOVIS62 folded before Flop (didn't bet)
Seat 4: Dorex2007 (button) folded before Flop (didn't bet)
Seat 5: Vainamoinenn (small blind) folded before Flop
Seat 6: Sedych 58-18 (big blind) collected ($0.02)
Seat 7: droctagon101 folded before Flop (didn't bet)
Seat 8: LeandroAku folded before Flop (didn't bet)
Seat 9: Master75573 folded before Flop (didn't bet)



PokerStars Hand #233190461467:  Hold'em No Limit ($0.01/$0.02 USD) - 2022/01/16 8:07:23 PT [2022/01/16 11:07:23 ET]
Table 'Philagoria' 9-max Seat #5 is the button
Seat 1: Coiotul94 ($1.73 in chips) 
Seat 2: densdk ($2.42 in chips) 
Seat 3: JOVIS62 ($2.40 in chips) 
Seat 4: Dorex2007 ($2.02 in chips) 
Seat 5: Vainamoinenn ($1.97 in chips) 
Seat 6: Sedych 58-18 ($2.08 in chips) 
Seat 7: droctagon101 ($2.21 in chips) 
Seat 8: LeandroAku ($0.76 in chips) 
Seat 9: Master75573 ($1.34 in chips) 
Sedych 58-18: posts small blind $0.01
droctagon101: posts big blind $0.02
*** HOLE CARDS ***
Dealt to Dorex2007 [4h 5c]
LeandroAku has timed out
LeandroAku: folds 
Master75573: calls $0.02
Coiotul94: folds 
densdk: folds 
JOVIS62: folds 
Dorex2007: folds 
Vainamoinenn: folds 
Sedych 58-18: calls $0.01
droctagon101: checks 
*** FLOP *** [6s Ad 8s]
Sedych 58-18: checks 
droctagon101: checks 
Master75573: checks 
*** TURN *** [6s Ad 8s] [7s]
Vainamoinenn leaves the table
Sedych 58-18: checks 
droctagon101: checks 
Master75573: bets $0.06
Sedych 58-18: calls $0.06
droctagon101: folds 
*** RIVER *** [6s Ad 8s 7s] [Jd]
Sedych 58-18: checks 
Brixen555 joins the table at seat #5 
Master75573: bets $0.09
Sedych 58-18: folds 
Uncalled bet ($0.09) returned to Master75573
Master75573 collected $0.17 from pot
*** SUMMARY ***
Total pot $0.18 | Rake $0.01 
Board [6s Ad 8s 7s Jd]
Seat 1: Coiotul94 folded before Flop (didn't bet)
Seat 2: densdk folded before Flop (didn't bet)
Seat 3: JOVIS62 folded before Flop (didn't bet)
Seat 4: Dorex2007 folded before Flop (didn't bet)
Seat 5: Vainamoinenn (button) folded before Flop (didn't bet)
Seat 6: Sedych 58-18 (small blind) folded on the River
Seat 7: droctagon101 (big blind) folded on the Turn
Seat 8: LeandroAku folded before Flop (didn't bet)
Seat 9: Master75573 collected ($0.17)



PokerStars Hand #233190493193:  Hold'em No Limit ($0.01/$0.02 USD) - 2022/01/16 8:08:21 PT [2022/01/16 11:08:21 ET]
Table 'Philagoria' 9-max Seat #6 is the button
Seat 1: Coiotul94 ($1.73 in chips) 
Seat 2: densdk ($2.42 in chips) 
Seat 3: JOVIS62 ($2.40 in chips) 
Seat 4: Dorex2007 ($2.02 in chips) 
Seat 6: Sedych 58-18 ($2 in chips) 
Seat 7: droctagon101 ($2.19 in chips) 
Seat 8: LeandroAku ($0.76 in chips) 
Seat 9: Master75573 ($1.43 in chips) 
droctagon101: posts small blind $0.01
LeandroAku: posts big blind $0.02
Brixen555: sits out 
*** HOLE CARDS ***
Dealt to Dorex2007 [Kh Th]
Master75573: calls $0.02
Coiotul94: folds 
densdk: calls $0.02
JOVIS62: raises $0.02 to $0.04
Dorex2007: calls $0.04
Sedych 58-18: folds 
droctagon101: folds 
LeandroAku: folds 
Master75573: calls $0.02
densdk: calls $0.02
*** FLOP *** [Kc 6d 9d]
Master75573: checks 
Brixen555 leaves the table
densdk: bets $0.09
JOVIS62: calls $0.09
Dorex2007: calls $0.09
Master75573: folds 
*** TURN *** [Kc 6d 9d] [Qs]
densdk: checks 
Pipsiu joins the table at seat #5 
JOVIS62: checks 
Dorex2007: bets $0.12
densdk: folds 
JOVIS62: calls $0.12
*** RIVER *** [Kc 6d 9d Qs] [3c]
JOVIS62: checks 
Dorex2007: checks 
*** SHOW DOWN ***
JOVIS62: shows [Jd Ah] (high card Ace)
Dorex2007: shows [Kh Th] (a pair of Kings)
Dorex2007 collected $0.68 from pot
*** SUMMARY ***
Total pot $0.70 | Rake $0.02 
Board [Kc 6d 9d Qs 3c]
Seat 1: Coiotul94 folded before Flop (didn't bet)
Seat 2: densdk folded on the Turn
Seat 3: JOVIS62 showed [Jd Ah] and lost with high card Ace
Seat 4: Dorex2007 showed [Kh Th] and won ($0.68) with a pair of Kings
Seat 6: Sedych 58-18 (button) folded before Flop (didn't bet)
Seat 7: droctagon101 (small blind) folded before Flop
Seat 8: LeandroAku (big blind) folded before Flop
Seat 9: Master75573 folded on the Flop



PokerStars Hand #233190543088:  Hold'em No Limit ($0.01/$0.02 USD) - 2022/01/16 8:09:52 PT [2022/01/16 11:09:52 ET]
Table 'Philagoria' 9-max Seat #7 is the button
Seat 1: Coiotul94 ($1.73 in chips) 
Seat 2: densdk ($2.29 in chips) 
Seat 3: JOVIS62 ($2.15 in chips) 
Seat 4: Dorex2007 ($2.45 in chips) 
Seat 5: Pipsiu ($1.99 in chips) 
Seat 6: Sedych 58-18 ($2 in chips) 
Seat 7: droctagon101 ($2.18 in chips) 
Seat 8: LeandroAku ($0.74 in chips) 
LeandroAku: posts small blind $0.01
Coiotul94: posts big blind $0.02
Pipsiu: posts big blind $0.02
*** HOLE CARDS ***
Dealt to Dorex2007 [5d Qc]
densdk: folds 
Master75573 leaves the table
JOVIS62: folds 
Dorex2007: folds 
Pipsiu: raises $0.04 to $0.06
Sedych 58-18: calls $0.06
droctagon101: folds 
LeandroAku: folds 
Coiotul94: folds 
*** FLOP *** [Kh 7c 8c]
Pipsiu: bets $0.07
Sedych 58-18: folds 
Uncalled bet ($0.07) returned to Pipsiu
Pipsiu collected $0.14 from pot
Pipsiu: doesn't show hand 
*** SUMMARY ***
Total pot $0.15 | Rake $0.01 
Board [Kh 7c 8c]
Seat 1: Coiotul94 (big blind) folded before Flop
Seat 2: densdk folded before Flop (didn't bet)
Seat 3: JOVIS62 folded before Flop (didn't bet)
Seat 4: Dorex2007 folded before Flop (didn't bet)
Seat 5: Pipsiu collected ($0.14)
Seat 6: Sedych 58-18 folded on the Flop
Seat 7: droctagon101 (button) folded before Flop (didn't bet)
Seat 8: LeandroAku (small blind) folded before Flop



PokerStars Hand #233190559656:  Hold'em No Limit ($0.01/$0.02 USD) - 2022/01/16 8:10:21 PT [2022/01/16 11:10:21 ET]
Table 'Philagoria' 9-max Seat #8 is the button
Seat 1: Coiotul94 ($1.71 in chips) 
Seat 2: densdk ($2.29 in chips) 
Seat 3: JOVIS62 ($2.15 in chips) 
Seat 4: Dorex2007 ($2.45 in chips) 
Seat 5: Pipsiu ($2.07 in chips) 
Seat 6: Sedych 58-18 ($1.94 in chips) 
Seat 7: droctagon101 ($2.18 in chips) 
Seat 8: LeandroAku ($0.73 in chips) 
Coiotul94: posts small blind $0.01
densdk: posts big blind $0.02
*** HOLE CARDS ***
Dealt to Dorex2007 [Kc 5s]
LEVsha210 joins the table at seat #9 
JOVIS62: raises $0.02 to $0.04
Dorex2007: folds 
Pipsiu: folds 
Sedych 58-18: calls $0.04
droctagon101: folds 
LeandroAku: folds 
Coiotul94: folds 
densdk: calls $0.02
*** FLOP *** [7s 3d 2c]
densdk: checks 
JOVIS62: bets $0.06
Sedych 58-18: folds 
densdk: folds 
Uncalled bet ($0.06) returned to JOVIS62
JOVIS62 collected $0.13 from pot
JOVIS62: doesn't show hand 
*** SUMMARY ***
Total pot $0.13 | Rake $0 
Board [7s 3d 2c]
Seat 1: Coiotul94 (small blind) folded before Flop
Seat 2: densdk (big blind) folded on the Flop
Seat 3: JOVIS62 collected ($0.13)
Seat 4: Dorex2007 folded before Flop (didn't bet)
Seat 5: Pipsiu folded before Flop (didn't bet)
Seat 6: Sedych 58-18 folded on the Flop
Seat 7: droctagon101 folded before Flop (didn't bet)
Seat 8: LeandroAku (button) folded before Flop (didn't bet)



PokerStars Hand #233190583996:  Hold'em No Limit ($0.01/$0.02 USD) - 2022/01/16 8:11:05 PT [2022/01/16 11:11:05 ET]
Table 'Philagoria' 9-max Seat #1 is the button
Seat 1: Coiotul94 ($1.70 in chips) 
Seat 2: densdk ($2.25 in chips) 
Seat 3: JOVIS62 ($2.24 in chips) 
Seat 4: Dorex2007 ($2.45 in chips) 
Seat 5: Pipsiu ($2.07 in chips) 
Seat 6: Sedych 58-18 ($1.90 in chips) 
Seat 7: droctagon101 ($2.18 in chips) 
Seat 8: LeandroAku ($0.73 in chips) 
densdk: posts small blind $0.01
JOVIS62: posts big blind $0.02
LEVsha210: sits out 
*** HOLE CARDS ***
Dealt to Dorex2007 [8h 4h]
Dorex2007: folds 
Pipsiu: raises $0.04 to $0.06
Sedych 58-18: calls $0.06
droctagon101: folds 
LeandroAku: folds 
Coiotul94: folds 
densdk: folds 
JOVIS62: folds 
*** FLOP *** [4s 7d 8c]
Pipsiu: bets $0.07
Sedych 58-18: calls $0.07
*** TURN *** [4s 7d 8c] [7s]
Pipsiu: bets $0.18
Sedych 58-18: calls $0.18
*** RIVER *** [4s 7d 8c 7s] [3s]
Pipsiu: bets $0.63
Sedych 58-18: folds 
Uncalled bet ($0.63) returned to Pipsiu
Pipsiu collected $0.63 from pot
Pipsiu: doesn't show hand 
*** SUMMARY ***
Total pot $0.65 | Rake $0.02 
Board [4s 7d 8c 7s 3s]
Seat 1: Coiotul94 (button) folded before Flop (didn't bet)
Seat 2: densdk (small blind) folded before Flop
Seat 3: JOVIS62 (big blind) folded before Flop
Seat 4: Dorex2007 folded before Flop (didn't bet)
Seat 5: Pipsiu collected ($0.63)
Seat 6: Sedych 58-18 folded on the River
Seat 7: droctagon101 folded before Flop (didn't bet)
Seat 8: LeandroAku folded before Flop (didn't bet)



PokerStars Hand #233190623663:  Hold'em No Limit ($0.01/$0.02 USD) - 2022/01/16 8:11:59 PT [2022/01/16 11:11:59 ET]
Table 'Philagoria' 9-max Seat #2 is the button
Seat 1: Coiotul94 ($1.70 in chips) 
Seat 2: densdk ($2.24 in chips) 
Seat 3: JOVIS62 ($2.22 in chips) 
Seat 4: Dorex2007 ($2.45 in chips) 
Seat 5: Pipsiu ($2.39 in chips) 
Seat 6: Sedych 58-18 ($1.59 in chips) 
Seat 7: droctagon101 ($2.18 in chips) 
Seat 8: LeandroAku ($0.73 in chips) 
JOVIS62: posts small blind $0.01
Dorex2007: posts big blind $0.02
LEVsha210: sits out 
*** HOLE CARDS ***
Dealt to Dorex2007 [5s 3c]
Pipsiu: folds 
Sedych 58-18: calls $0.02
droctagon101: folds 
LeandroAku: folds 
Coiotul94: folds 
densdk: raises $0.08 to $0.10
JOVIS62: folds 
Dorex2007: folds 
Sedych 58-18: calls $0.08
*** FLOP *** [Jd 6c Th]
Sedych 58-18: checks 
densdk: bets $0.16
Sedych 58-18: raises $0.54 to $0.70
densdk: folds 
Uncalled bet ($0.54) returned to Sedych 58-18
Sedych 58-18 collected $0.53 from pot
Sedych 58-18: doesn't show hand 
*** SUMMARY ***
Total pot $0.55 | Rake $0.02 
Board [Jd 6c Th]
Seat 1: Coiotul94 folded before Flop (didn't bet)
Seat 2: densdk (button) folded on the Flop
Seat 3: JOVIS62 (small blind) folded before Flop
Seat 4: Dorex2007 (big blind) folded before Flop
Seat 5: Pipsiu folded before Flop (didn't bet)
Seat 6: Sedych 58-18 collected ($0.53)
Seat 7: droctagon101 folded before Flop (didn't bet)
Seat 8: LeandroAku folded before Flop (didn't bet)



PokerStars Hand #233190645320:  Hold'em No Limit ($0.01/$0.02 USD) - 2022/01/16 8:12:38 PT [2022/01/16 11:12:38 ET]
Table 'Philagoria' 9-max Seat #3 is the button
Seat 1: Coiotul94 ($1.70 in chips) 
Seat 2: densdk ($1.98 in chips) 
Seat 3: JOVIS62 ($2.21 in chips) 
Seat 4: Dorex2007 ($2.43 in chips) 
Seat 5: Pipsiu ($2.39 in chips) 
Seat 6: Sedych 58-18 ($1.86 in chips) 
Seat 7: droctagon101 ($2.18 in chips) 
Seat 8: LeandroAku ($0.73 in chips) 
Dorex2007: posts small blind $0.01
Pipsiu: posts big blind $0.02
LEVsha210: sits out 
*** HOLE CARDS ***
Dealt to Dorex2007 [6d 5s]
Sedych 58-18: folds 
droctagon101: folds 
LeandroAku: folds 
Coiotul94: folds 
Sedych 58-18 leaves the table
densdk: raises $0.03 to $0.05
MXLVI joins the table at seat #6 
JOVIS62: folds 
Dorex2007: folds 
Pipsiu: calls $0.03
*** FLOP *** [Ac 4c 5c]
Pipsiu: bets $0.08
densdk: folds 
Uncalled bet ($0.08) returned to Pipsiu
Pipsiu collected $0.11 from pot
Pipsiu: doesn't show hand 
*** SUMMARY ***
Total pot $0.11 | Rake $0 
Board [Ac 4c 5c]
Seat 1: Coiotul94 folded before Flop (didn't bet)
Seat 2: densdk folded on the Flop
Seat 3: JOVIS62 (button) folded before Flop (didn't bet)
Seat 4: Dorex2007 (small blind) folded before Flop
Seat 5: Pipsiu (big blind) collected ($0.11)
Seat 6: Sedych 58-18 folded before Flop (didn't bet)
Seat 7: droctagon101 folded before Flop (didn't bet)
Seat 8: LeandroAku folded before Flop (didn't bet)



PokerStars Hand #233190669725:  Hold'em No Limit ($0.01/$0.02 USD) - 2022/01/16 8:13:22 PT [2022/01/16 11:13:22 ET]
Table 'Philagoria' 9-max Seat #4 is the button
Seat 1: Coiotul94 ($1.70 in chips) 
Seat 2: densdk ($1.93 in chips) 
Seat 3: JOVIS62 ($2.21 in chips) 
Seat 4: Dorex2007 ($2.42 in chips) 
Seat 5: Pipsiu ($2.45 in chips) 
Seat 6: MXLVI ($2.37 in chips) 
Seat 7: droctagon101 ($2.18 in chips) 
Seat 8: LeandroAku ($0.73 in chips) 
Pipsiu: posts small blind $0.01
MXLVI: posts big blind $0.02
LEVsha210: sits out 
*** HOLE CARDS ***
Dealt to Dorex2007 [5h 8h]
droctagon101: folds 
LeandroAku: folds 
Coiotul94: folds 
densdk: calls $0.02
JOVIS62: calls $0.02
Dorex2007: folds 
Pipsiu: calls $0.01
MXLVI: checks 
*** FLOP *** [5s Ah 7d]
Pipsiu: bets $0.04
MXLVI: folds 
densdk: folds 
JOVIS62: calls $0.04
*** TURN *** [5s Ah 7d] [Ts]
Pipsiu: bets $0.10
JOVIS62: folds 
Uncalled bet ($0.10) returned to Pipsiu
Pipsiu collected $0.15 from pot
Pipsiu: doesn't show hand 
*** SUMMARY ***
Total pot $0.16 | Rake $0.01 
Board [5s Ah 7d Ts]
Seat 1: Coiotul94 folded before Flop (didn't bet)
Seat 2: densdk folded on the Flop
Seat 3: JOVIS62 folded on the Turn
Seat 4: Dorex2007 (button) folded before Flop (didn't bet)
Seat 5: Pipsiu (small blind) collected ($0.15)
Seat 6: MXLVI (big blind) folded on the Flop
Seat 7: droctagon101 folded before Flop (didn't bet)
Seat 8: LeandroAku folded before Flop (didn't bet)



PokerStars Hand #233190714559:  Hold'em No Limit ($0.01/$0.02 USD) - 2022/01/16 8:14:43 PT [2022/01/16 11:14:43 ET]
Table 'Philagoria' 9-max Seat #5 is the button
Seat 1: Coiotul94 ($1.70 in chips) 
Seat 2: densdk ($1.91 in chips) 
Seat 3: JOVIS62 ($2.15 in chips) 
Seat 4: Dorex2007 ($2.42 in chips) 
Seat 5: Pipsiu ($2.54 in chips) 
Seat 6: MXLVI ($2.35 in chips) 
Seat 7: droctagon101 ($2.18 in chips) 
Seat 8: LeandroAku ($0.73 in chips) 
MXLVI: posts small blind $0.01
droctagon101: posts big blind $0.02
LEVsha210: sits out 
*** HOLE CARDS ***
Dealt to Dorex2007 [7h Td]
LeandroAku: folds 
Coiotul94: folds 
densdk: raises $0.04 to $0.06
JOVIS62: folds 
Dorex2007: folds 
Pipsiu has timed out
Pipsiu: folds 
MXLVI: calls $0.05
droctagon101: folds 
*** FLOP *** [6d Tc Qs]
MXLVI: checks 
densdk: bets $0.07
MXLVI: folds 
Uncalled bet ($0.07) returned to densdk
densdk collected $0.14 from pot
densdk: doesn't show hand 
*** SUMMARY ***
Total pot $0.14 | Rake $0 
Board [6d Tc Qs]
Seat 1: Coiotul94 folded before Flop (didn't bet)
Seat 2: densdk collected ($0.14)
Seat 3: JOVIS62 folded before Flop (didn't bet)
Seat 4: Dorex2007 folded before Flop (didn't bet)
Seat 5: Pipsiu (button) folded before Flop (didn't bet)
Seat 6: MXLVI (small blind) folded on the Flop
Seat 7: droctagon101 (big blind) folded before Flop
Seat 8: LeandroAku folded before Flop (didn't bet)



PokerStars Hand #233190736841:  Hold'em No Limit ($0.01/$0.02 USD) - 2022/01/16 8:15:22 PT [2022/01/16 11:15:22 ET]
Table 'Philagoria' 9-max Seat #6 is the button
Seat 1: Coiotul94 ($1.70 in chips) 
Seat 2: densdk ($1.99 in chips) 
Seat 3: JOVIS62 ($2.15 in chips) 
Seat 4: Dorex2007 ($2.42 in chips) 
Seat 6: MXLVI ($2.29 in chips) 
Seat 7: droctagon101 ($2.16 in chips) 
Seat 8: LeandroAku ($0.73 in chips) 
droctagon101: posts small blind $0.01
LeandroAku: posts big blind $0.02
LEVsha210: sits out 
*** HOLE CARDS ***
Dealt to Dorex2007 [Qd 5s]
Coiotul94: folds 
densdk: folds 
JOVIS62: raises $0.04 to $0.06
Dorex2007: folds 
MXLVI: folds 
droctagon101: folds 
LeandroAku: calls $0.04
*** FLOP *** [Jd 7c Qs]
LeandroAku: checks 
JOVIS62: bets $0.06
LeandroAku: calls $0.06
*** TURN *** [Jd 7c Qs] [2s]
LeandroAku: checks 
JOVIS62: bets $0.12
LeandroAku: calls $0.12
*** RIVER *** [Jd 7c Qs 2s] [Ks]
LeandroAku: bets $0.49 and is all-in
JOVIS62: calls $0.49
*** SHOW DOWN ***
LeandroAku: shows [9s Ts] (a flush, King high)
JOVIS62: shows [Jh Jc] (three of a kind, Jacks)
LeandroAku collected $1.42 from pot
*** SUMMARY ***
Total pot $1.47 | Rake $0.05 
Board [Jd 7c Qs 2s Ks]
Seat 1: Coiotul94 folded before Flop (didn't bet)
Seat 2: densdk folded before Flop (didn't bet)
Seat 3: JOVIS62 showed [Jh Jc] and lost with three of a kind, Jacks
Seat 4: Dorex2007 folded before Flop (didn't bet)
Seat 6: MXLVI (button) folded before Flop (didn't bet)
Seat 7: droctagon101 (small blind) folded before Flop
Seat 8: LeandroAku (big blind) showed [9s Ts] and won ($1.42) with a flush, King high



PokerStars Hand #233190783017:  Hold'em No Limit ($0.01/$0.02 USD) - 2022/01/16 8:16:43 PT [2022/01/16 11:16:43 ET]
Table 'Philagoria' 9-max Seat #7 is the button
Seat 1: Coiotul94 ($1.70 in chips) 
Seat 2: densdk ($1.99 in chips) 
Seat 3: JOVIS62 ($1.42 in chips) 
Seat 4: Dorex2007 ($2.42 in chips) 
Seat 5: Pipsiu ($2.54 in chips) 
Seat 6: MXLVI ($2.29 in chips) 
Seat 7: droctagon101 ($2.15 in chips) 
Seat 8: LeandroAku ($1.42 in chips) 
Seat 9: LEVsha210 ($0.82 in chips) 
LeandroAku: posts small blind $0.01
LEVsha210: posts big blind $0.02
*** HOLE CARDS ***
Dealt to Dorex2007 [Td 8h]
Coiotul94: calls $0.02
densdk: folds 
JOVIS62: raises $0.02 to $0.04
Dorex2007: folds 
Pipsiu: folds 
MXLVI: folds 
droctagon101: folds 
LeandroAku: folds 
LEVsha210: calls $0.02
Coiotul94: calls $0.02
*** FLOP *** [Jc Jh 5c]
LEVsha210: bets $0.07
Coiotul94: folds 
JOVIS62: calls $0.07
*** TURN *** [Jc Jh 5c] [Qd]
LEVsha210: checks 
JOVIS62: checks 
*** RIVER *** [Jc Jh 5c Qd] [4h]
LEVsha210: checks 
JOVIS62: checks 
*** SHOW DOWN ***
LEVsha210: shows [6c 6s] (two pair, Jacks and Sixes)
JOVIS62: mucks hand 
LEVsha210 collected $0.26 from pot
*** SUMMARY ***
Total pot $0.27 | Rake $0.01 
Board [Jc Jh 5c Qd 4h]
Seat 1: Coiotul94 folded on the Flop
Seat 2: densdk folded before Flop (didn't bet)
Seat 3: JOVIS62 mucked [2d Ad]
Seat 4: Dorex2007 folded before Flop (didn't bet)
Seat 5: Pipsiu folded before Flop (didn't bet)
Seat 6: MXLVI folded before Flop (didn't bet)
Seat 7: droctagon101 (button) folded before Flop (didn't bet)
Seat 8: LeandroAku (small blind) folded before Flop
Seat 9: LEVsha210 (big blind) showed [6c 6s] and won ($0.26) with two pair, Jacks and Sixes



PokerStars Hand #233190833464:  Hold'em No Limit ($0.01/$0.02 USD) - 2022/01/16 8:18:13 PT [2022/01/16 11:18:13 ET]
Table 'Philagoria' 9-max Seat #8 is the button
Seat 1: Coiotul94 ($1.66 in chips) 
Seat 2: densdk ($1.99 in chips) 
Seat 3: JOVIS62 ($1.31 in chips) 
Seat 4: Dorex2007 ($2.42 in chips) 
Seat 5: Pipsiu ($2.54 in chips) 
Seat 6: MXLVI ($2.29 in chips) 
Seat 7: droctagon101 ($2.15 in chips) 
Seat 8: LeandroAku ($1.41 in chips) 
Seat 9: LEVsha210 ($0.97 in chips) 
LEVsha210: posts small blind $0.01
Coiotul94: posts big blind $0.02
*** HOLE CARDS ***
Dealt to Dorex2007 [7d 6c]
densdk: folds 
JOVIS62: folds 
Dorex2007: folds 
Pipsiu: folds 
MXLVI: folds 
droctagon101: folds 
LeandroAku: folds 
LEVsha210: raises $0.04 to $0.06
Coiotul94: folds 
Uncalled bet ($0.04) returned to LEVsha210
LEVsha210 collected $0.04 from pot
*** SUMMARY ***
Total pot $0.04 | Rake $0 
Seat 1: Coiotul94 (big blind) folded before Flop
Seat 2: densdk folded before Flop (didn't bet)
Seat 3: JOVIS62 folded before Flop (didn't bet)
Seat 4: Dorex2007 folded before Flop (didn't bet)
Seat 5: Pipsiu folded before Flop (didn't bet)
Seat 6: MXLVI folded before Flop (didn't bet)
Seat 7: droctagon101 folded before Flop (didn't bet)
Seat 8: LeandroAku (button) folded before Flop (didn't bet)
Seat 9: LEVsha210 (small blind) collected ($0.04)



PokerStars Hand #233190851706:  Hold'em No Limit ($0.01/$0.02 USD) - 2022/01/16 8:18:45 PT [2022/01/16 11:18:45 ET]
Table 'Philagoria' 9-max Seat #9 is the button
Seat 1: Coiotul94 ($1.64 in chips) 
Seat 2: densdk ($1.99 in chips) 
Seat 3: JOVIS62 ($1.31 in chips) 
Seat 4: Dorex2007 ($2.42 in chips) 
Seat 5: Pipsiu ($2.54 in chips) 
Seat 6: MXLVI ($2.29 in chips) 
Seat 7: droctagon101 ($2.15 in chips) 
Seat 8: LeandroAku ($1.41 in chips) 
Seat 9: LEVsha210 ($0.99 in chips) 
Coiotul94: posts small blind $0.01
densdk: posts big blind $0.02
*** HOLE CARDS ***
Dealt to Dorex2007 [Tc 8c]
JOVIS62: folds 
Dorex2007: folds 
Pipsiu: raises $0.04 to $0.06
MXLVI: folds 
droctagon101: folds 
LeandroAku: raises $0.12 to $0.18
LEVsha210: folds 
Coiotul94: folds 
densdk: folds 
Pipsiu: calls $0.12
*** FLOP *** [Kd 9h 2d]
Pipsiu: checks 
LeandroAku: checks 
*** TURN *** [Kd 9h 2d] [4s]
Pipsiu: bets $0.10
LeandroAku: calls $0.10
*** RIVER *** [Kd 9h 2d 4s] [Ks]
Pipsiu: bets $0.57
LeandroAku: calls $0.57
*** SHOW DOWN ***
Pipsiu: shows [6c 5d] (a pair of Kings)
LeandroAku: shows [Qs Qc] (two pair, Kings and Queens)
LeandroAku collected $1.67 from pot
*** SUMMARY ***
Total pot $1.73 | Rake $0.06 
Board [Kd 9h 2d 4s Ks]
Seat 1: Coiotul94 (small blind) folded before Flop
Seat 2: densdk (big blind) folded before Flop
Seat 3: JOVIS62 folded before Flop (didn't bet)
Seat 4: Dorex2007 folded before Flop (didn't bet)
Seat 5: Pipsiu showed [6c 5d] and lost with a pair of Kings
Seat 6: MXLVI folded before Flop (didn't bet)
Seat 7: droctagon101 folded before Flop (didn't bet)
Seat 8: LeandroAku showed [Qs Qc] and won ($1.67) with two pair, Kings and Queens
Seat 9: LEVsha210 (button) folded before Flop (didn't bet)



PokerStars Hand #233190897196:  Hold'em No Limit ($0.01/$0.02 USD) - 2022/01/16 8:20:06 PT [2022/01/16 11:20:06 ET]
Table 'Philagoria' 9-max Seat #1 is the button
Seat 1: Coiotul94 ($1.63 in chips) 
Seat 2: densdk ($1.97 in chips) 
Seat 3: JOVIS62 ($1.31 in chips) 
Seat 4: Dorex2007 ($2.42 in chips) 
Seat 5: Pipsiu ($1.69 in chips) 
Seat 6: MXLVI ($2.29 in chips) 
Seat 7: droctagon101 ($2.15 in chips) 
Seat 8: LeandroAku ($2.23 in chips) 
Seat 9: LEVsha210 ($0.99 in chips) 
densdk: posts small blind $0.01
JOVIS62: posts big blind $0.02
*** HOLE CARDS ***
Dealt to Dorex2007 [5s 4c]
Dorex2007: folds 
Pipsiu: folds 
MXLVI: folds 
droctagon101: raises $0.04 to $0.06
LeandroAku: calls $0.06
LEVsha210: folds 
Coiotul94: folds 
densdk: calls $0.05
JOVIS62: folds 
*** FLOP *** [9d 4h Tc]
densdk: checks 
droctagon101: bets $0.12
LeandroAku: calls $0.12
densdk: calls $0.12
*** TURN *** [9d 4h Tc] [8h]
densdk: checks 
droctagon101: bets $0.35
LeandroAku: folds 
densdk: calls $0.35
*** RIVER *** [9d 4h Tc 8h] [2s]
densdk: checks 
droctagon101: checks 
*** SHOW DOWN ***
densdk: shows [Kh Qh] (high card King)
droctagon101: shows [Ad Ah] (a pair of Aces)
droctagon101 collected $1.22 from pot
*** SUMMARY ***
Total pot $1.26 | Rake $0.04 
Board [9d 4h Tc 8h 2s]
Seat 1: Coiotul94 (button) folded before Flop (didn't bet)
Seat 2: densdk (small blind) showed [Kh Qh] and lost with high card King
Seat 3: JOVIS62 (big blind) folded before Flop
Seat 4: Dorex2007 folded before Flop (didn't bet)
Seat 5: Pipsiu folded before Flop (didn't bet)
Seat 6: MXLVI folded before Flop (didn't bet)
Seat 7: droctagon101 showed [Ad Ah] and won ($1.22) with a pair of Aces
Seat 8: LeandroAku folded on the Turn
Seat 9: LEVsha210 folded before Flop (didn't bet)



PokerStars Hand #233190930994:  Hold'em No Limit ($0.01/$0.02 USD) - 2022/01/16 8:20:52 PT [2022/01/16 11:20:52 ET]
Table 'Philagoria' 9-max Seat #2 is the button
Seat 1: Coiotul94 ($1.63 in chips) 
Seat 2: densdk ($1.44 in chips) 
Seat 3: JOVIS62 ($1.29 in chips) 
Seat 4: Dorex2007 ($2.42 in chips) 
Seat 5: Pipsiu ($1.69 in chips) 
Seat 6: MXLVI ($2.29 in chips) 
Seat 7: droctagon101 ($2.84 in chips) 
Seat 8: LeandroAku ($2.05 in chips) 
Seat 9: LEVsha210 ($0.99 in chips) 
JOVIS62: posts small blind $0.01
Dorex2007: posts big blind $0.02
*** HOLE CARDS ***
Dealt to Dorex2007 [Th 2c]
Pipsiu: folds 
MXLVI: folds 
droctagon101: folds 
LeandroAku: folds 
LEVsha210: folds 
Coiotul94: folds 
densdk: raises $0.03 to $0.05
JOVIS62: folds 
Dorex2007: folds 
Uncalled bet ($0.03) returned to densdk
densdk collected $0.05 from pot
densdk: doesn't show hand 
*** SUMMARY ***
Total pot $0.05 | Rake $0 
Seat 1: Coiotul94 folded before Flop (didn't bet)
Seat 2: densdk (button) collected ($0.05)
Seat 3: JOVIS62 (small blind) folded before Flop
Seat 4: Dorex2007 (big blind) folded before Flop
Seat 5: Pipsiu folded before Flop (didn't bet)
Seat 6: MXLVI folded before Flop (didn't bet)
Seat 7: droctagon101 folded before Flop (didn't bet)
Seat 8: LeandroAku folded before Flop (didn't bet)
Seat 9: LEVsha210 folded before Flop (didn't bet)



PokerStars Hand #233190941690:  Hold'em No Limit ($0.01/$0.02 USD) - 2022/01/16 8:21:11 PT [2022/01/16 11:21:11 ET]
Table 'Philagoria' 9-max Seat #3 is the button
Seat 1: Coiotul94 ($1.63 in chips) 
Seat 2: densdk ($1.47 in chips) 
Seat 3: JOVIS62 ($1.28 in chips) 
Seat 4: Dorex2007 ($2.40 in chips) 
Seat 5: Pipsiu ($1.69 in chips) 
Seat 6: MXLVI ($2.29 in chips) 
Seat 7: droctagon101 ($2.84 in chips) 
Seat 8: LeandroAku ($2.05 in chips) 
Seat 9: LEVsha210 ($0.99 in chips) 
Dorex2007: posts small blind $0.01
Pipsiu: posts big blind $0.02
*** HOLE CARDS ***
Dealt to Dorex2007 [Ah 5h]
MXLVI: folds 
droctagon101: folds 
LeandroAku: folds 
LEVsha210: raises $0.04 to $0.06
Coiotul94: folds 
densdk: calls $0.06
JOVIS62: folds 
Dorex2007: calls $0.05
Pipsiu: folds 
*** FLOP *** [5d 9c Ks]
Dorex2007: checks 
LEVsha210: bets $0.10
densdk: folds 
Dorex2007: folds 
Uncalled bet ($0.10) returned to LEVsha210
LEVsha210 collected $0.19 from pot
*** SUMMARY ***
Total pot $0.20 | Rake $0.01 
Board [5d 9c Ks]
Seat 1: Coiotul94 folded before Flop (didn't bet)
Seat 2: densdk folded on the Flop
Seat 3: JOVIS62 (button) folded before Flop (didn't bet)
Seat 4: Dorex2007 (small blind) folded on the Flop
Seat 5: Pipsiu (big blind) folded before Flop
Seat 6: MXLVI folded before Flop (didn't bet)
Seat 7: droctagon101 folded before Flop (didn't bet)
Seat 8: LeandroAku folded before Flop (didn't bet)
Seat 9: LEVsha210 collected ($0.19)



PokerStars Hand #233190981038:  Hold'em No Limit ($0.01/$0.02 USD) - 2022/01/16 8:22:20 PT [2022/01/16 11:22:20 ET]
Table 'Philagoria' 9-max Seat #4 is the button
Seat 1: Coiotul94 ($1.63 in chips) 
Seat 2: densdk ($1.41 in chips) 
Seat 3: JOVIS62 ($1.28 in chips) 
Seat 4: Dorex2007 ($2.34 in chips) 
Seat 5: Pipsiu ($2 in chips) 
Seat 6: MXLVI ($2.29 in chips) 
Seat 7: droctagon101 ($2.84 in chips) 
Seat 8: LeandroAku ($2.05 in chips) 
Seat 9: LEVsha210 ($1.12 in chips) 
Pipsiu: posts small blind $0.01
MXLVI: posts big blind $0.02
*** HOLE CARDS ***
Dealt to Dorex2007 [Th 7d]
droctagon101: folds 
LeandroAku: folds 
LEVsha210: raises $0.02 to $0.04
Coiotul94: folds 
densdk: raises $0.11 to $0.15
JOVIS62: calls $0.15
Dorex2007: folds 
Pipsiu: folds 
MXLVI: folds 
LEVsha210: folds 
*** FLOP *** [5s Ac 2c]
densdk: bets $0.02
JOVIS62: calls $0.02
*** TURN *** [5s Ac 2c] [5c]
densdk: checks 
JOVIS62: checks 
*** RIVER *** [5s Ac 2c 5c] [Ah]
densdk: bets $0.30
JOVIS62: folds 
Uncalled bet ($0.30) returned to densdk
densdk collected $0.40 from pot
densdk: doesn't show hand 
*** SUMMARY ***
Total pot $0.41 | Rake $0.01 
Board [5s Ac 2c 5c Ah]
Seat 1: Coiotul94 folded before Flop (didn't bet)
Seat 2: densdk collected ($0.40)
Seat 3: JOVIS62 folded on the River
Seat 4: Dorex2007 (button) folded before Flop (didn't bet)
Seat 5: Pipsiu (small blind) folded before Flop
Seat 6: MXLVI (big blind) folded before Flop
Seat 7: droctagon101 folded before Flop (didn't bet)
Seat 8: LeandroAku folded before Flop (didn't bet)
Seat 9: LEVsha210 folded before Flop



PokerStars Hand #233191058512:  Hold'em No Limit ($0.01/$0.02 USD) - 2022/01/16 8:24:36 PT [2022/01/16 11:24:36 ET]
Table 'Philagoria' 9-max Seat #6 is the button
Seat 1: Coiotul94 ($3.21 in chips) 
Seat 2: densdk ($0.42 in chips) 
Seat 3: JOVIS62 ($1.11 in chips) 
Seat 4: Dorex2007 ($2.34 in chips) 
Seat 5: Pipsiu ($1.99 in chips) 
Seat 6: MXLVI ($2.26 in chips) 
Seat 7: droctagon101 ($2.82 in chips) 
Seat 8: LeandroAku ($2.05 in chips) 
Seat 9: LEVsha210 ($1.04 in chips) 
droctagon101: posts small blind $0.01
LeandroAku: posts big blind $0.02
*** HOLE CARDS ***
Dealt to Dorex2007 [3c 2c]
LEVsha210: raises $0.02 to $0.04
Coiotul94: folds 
densdk: folds 
JOVIS62: folds 
Dorex2007: folds 
Pipsiu: folds 
MXLVI: calls $0.04
droctagon101: folds 
LeandroAku: folds 
*** FLOP *** [6c 7h Qc]
LEVsha210: bets $0.06
MXLVI: folds 
Uncalled bet ($0.06) returned to LEVsha210
LEVsha210 collected $0.11 from pot
*** SUMMARY ***
Total pot $0.11 | Rake $0 
Board [6c 7h Qc]
Seat 1: Coiotul94 folded before Flop (didn't bet)
Seat 2: densdk folded before Flop (didn't bet)
Seat 3: JOVIS62 folded before Flop (didn't bet)
Seat 4: Dorex2007 folded before Flop (didn't bet)
Seat 5: Pipsiu folded before Flop (didn't bet)
Seat 6: MXLVI (button) folded on the Flop
Seat 7: droctagon101 (small blind) folded before Flop
Seat 8: LeandroAku (big blind) folded before Flop
Seat 9: LEVsha210 collected ($0.11)



PokerStars Hand #233191075250:  Hold'em No Limit ($0.01/$0.02 USD) - 2022/01/16 8:25:06 PT [2022/01/16 11:25:06 ET]
Table 'Philagoria' 9-max Seat #7 is the button
Seat 1: Coiotul94 ($3.21 in chips) 
Seat 2: densdk ($0.42 in chips) 
Seat 3: JOVIS62 ($1.11 in chips) 
Seat 4: Dorex2007 ($2.34 in chips) 
Seat 5: Pipsiu ($1.99 in chips) 
Seat 6: MXLVI ($2.22 in chips) 
Seat 7: droctagon101 ($2.81 in chips) 
Seat 8: LeandroAku ($2.03 in chips) 
Seat 9: LEVsha210 ($1.11 in chips) 
LeandroAku: posts small blind $0.01
LEVsha210: posts big blind $0.02
*** HOLE CARDS ***
Dealt to Dorex2007 [4c Th]
Coiotul94: folds 
densdk said, "slowdrocher nah idi"
densdk: raises $0.05 to $0.07
JOVIS62: folds 
Dorex2007: folds 
Coiotul94 said, "No one can stop me from winning my ticket to Sunday Million."
densdk said, "GOVEN"
Coiotul94 said, "3 dollars away from it"
Pipsiu: calls $0.07
MXLVI: folds 
droctagon101: folds 
densdk said, "blablablabla"
densdk said, "pidratnya"
Coiotul94 said, "Please refill 3 dollars more"
LeandroAku: folds 
LEVsha210: calls $0.05
*** FLOP *** [Qd 7c Kh]
LEVsha210: checks 
densdk: bets $0.11
densdk said, "ya nebya viebu"
Pipsiu: folds 
LEVsha210: calls $0.11
*** TURN *** [Qd 7c Kh] [6d]
LEVsha210: checks 
densdk said, "i visuchu"
densdk: checks 
*** RIVER *** [Qd 7c Kh 6d] [4d]
densdk said, "GNIDA"
LEVsha210: bets $0.21
Coiotul94 said, "For English press 1"
densdk: folds 
Uncalled bet ($0.21) returned to LEVsha210
LEVsha210 collected $0.42 from pot
*** SUMMARY ***
Total pot $0.44 | Rake $0.02 
Board [Qd 7c Kh 6d 4d]
Seat 1: Coiotul94 folded before Flop (didn't bet)
Seat 2: densdk folded on the River
Seat 3: JOVIS62 folded before Flop (didn't bet)
Seat 4: Dorex2007 folded before Flop (didn't bet)
Seat 5: Pipsiu folded on the Flop
Seat 6: MXLVI folded before Flop (didn't bet)
Seat 7: droctagon101 (button) folded before Flop (didn't bet)
Seat 8: LeandroAku (small blind) folded before Flop
Seat 9: LEVsha210 (big blind) collected ($0.42)



PokerStars Hand #233191137962:  Hold'em No Limit ($0.01/$0.02 USD) - 2022/01/16 8:26:56 PT [2022/01/16 11:26:56 ET]
Table 'Philagoria' 9-max Seat #8 is the button
Seat 1: Coiotul94 ($3.21 in chips) 
Seat 2: densdk ($1.82 in chips) 
Seat 3: JOVIS62 ($1.11 in chips) 
Seat 4: Dorex2007 ($2.34 in chips) 
Seat 5: Pipsiu ($1.92 in chips) 
Seat 6: MXLVI ($2.22 in chips) 
Seat 7: droctagon101 ($2.81 in chips) 
Seat 8: LeandroAku ($2.02 in chips) 
Seat 9: LEVsha210 ($1.35 in chips) 
LEVsha210: posts small blind $0.01
Coiotul94: posts big blind $0.02
*** HOLE CARDS ***
Dealt to Dorex2007 [Td 9s]
densdk: folds 
JOVIS62: folds 
Dorex2007: folds 
Pipsiu: raises $0.04 to $0.06
densdk said, "you daed"
MXLVI: calls $0.06
droctagon101: folds 
LeandroAku: folds 
Dorex2007 said, "lol"
LEVsha210: folds 
Coiotul94: folds 
*** FLOP *** [7d 9c Ac]
Coiotul94 said, "lmao"
Pipsiu: bets $0.07
MXLVI: calls $0.07
*** TURN *** [7d 9c Ac] [Qc]
densdk said, ">:("
Coiotul94 said, "Refill 1.5 more please."
Pipsiu: bets $0.14
Coiotul94 said, "I need 3"
MXLVI: calls $0.14
*** RIVER *** [7d 9c Ac Qc] [8h]
Pipsiu: checks 
MXLVI: checks 
*** SHOW DOWN ***
Pipsiu: shows [Kd Qh] (a pair of Queens)
MXLVI: shows [Ad As] (three of a kind, Aces)
MXLVI collected $0.55 from pot
*** SUMMARY ***
Total pot $0.57 | Rake $0.02 
Board [7d 9c Ac Qc 8h]
Seat 1: Coiotul94 (big blind) folded before Flop
Seat 2: densdk folded before Flop (didn't bet)
Seat 3: JOVIS62 folded before Flop (didn't bet)
Seat 4: Dorex2007 folded before Flop (didn't bet)
Seat 5: Pipsiu showed [Kd Qh] and lost with a pair of Queens
Seat 6: MXLVI showed [Ad As] and won ($0.55) with three of a kind, Aces
Seat 7: droctagon101 folded before Flop (didn't bet)
Seat 8: LeandroAku (button) folded before Flop (didn't bet)
Seat 9: LEVsha210 (small blind) folded before Flop



PokerStars Hand #233191171205:  Hold'em No Limit ($0.01/$0.02 USD) - 2022/01/16 8:27:55 PT [2022/01/16 11:27:55 ET]
Table 'Philagoria' 9-max Seat #9 is the button
Seat 1: Coiotul94 ($3.19 in chips) 
Seat 2: densdk ($1.82 in chips) 
Seat 3: JOVIS62 ($1.11 in chips) 
Seat 4: Dorex2007 ($2.34 in chips) 
Seat 5: Pipsiu ($1.65 in chips) 
Seat 6: MXLVI ($2.50 in chips) 
Seat 7: droctagon101 ($2.81 in chips) 
Seat 8: LeandroAku ($2.02 in chips) 
Seat 9: LEVsha210 ($1.34 in chips) 
Coiotul94: posts small blind $0.01
densdk: posts big blind $0.02
*** HOLE CARDS ***
Dealt to Dorex2007 [2h 7d]
JOVIS62: folds 
Dorex2007: folds 
Pipsiu: folds 
MXLVI: folds 
droctagon101: folds 
LeandroAku: folds 
LEVsha210: raises $0.04 to $0.06
Coiotul94: folds 
densdk: folds 
Uncalled bet ($0.04) returned to LEVsha210
LEVsha210 collected $0.05 from pot
*** SUMMARY ***
Total pot $0.05 | Rake $0 
Seat 1: Coiotul94 (small blind) folded before Flop
Seat 2: densdk (big blind) folded before Flop
Seat 3: JOVIS62 folded before Flop (didn't bet)
Seat 4: Dorex2007 folded before Flop (didn't bet)
Seat 5: Pipsiu folded before Flop (didn't bet)
Seat 6: MXLVI folded before Flop (didn't bet)
Seat 7: droctagon101 folded before Flop (didn't bet)
Seat 8: LeandroAku folded before Flop (didn't bet)
Seat 9: LEVsha210 (button) collected ($0.05)



PokerStars Hand #233191184026:  Hold'em No Limit ($0.01/$0.02 USD) - 2022/01/16 8:28:17 PT [2022/01/16 11:28:17 ET]
Table 'Philagoria' 9-max Seat #1 is the button
Seat 1: Coiotul94 ($3.18 in chips) 
Seat 2: densdk ($1.80 in chips) 
Seat 3: JOVIS62 ($1.11 in chips) 
Seat 4: Dorex2007 ($2.34 in chips) 
Seat 5: Pipsiu ($1.65 in chips) 
Seat 6: MXLVI ($2.50 in chips) 
Seat 7: droctagon101 ($2.81 in chips) 
Seat 8: LeandroAku ($2.02 in chips) 
Seat 9: LEVsha210 ($1.37 in chips) 
densdk: posts small blind $0.01
JOVIS62: posts big blind $0.02
*** HOLE CARDS ***
Dealt to Dorex2007 [6d As]
Dorex2007: folds 
Pipsiu: folds 
MXLVI: folds 
droctagon101: raises $0.04 to $0.06
LeandroAku: folds 
LEVsha210: folds 
Coiotul94: folds 
densdk: raises $0.05 to $0.11
JOVIS62: folds 
droctagon101: folds 
Uncalled bet ($0.05) returned to densdk
densdk collected $0.14 from pot
densdk: doesn't show hand 
*** SUMMARY ***
Total pot $0.14 | Rake $0 
Seat 1: Coiotul94 (button) folded before Flop (didn't bet)
Seat 2: densdk (small blind) collected ($0.14)
Seat 3: JOVIS62 (big blind) folded before Flop
Seat 4: Dorex2007 folded before Flop (didn't bet)
Seat 5: Pipsiu folded before Flop (didn't bet)
Seat 6: MXLVI folded before Flop (didn't bet)
Seat 7: droctagon101 folded before Flop
Seat 8: LeandroAku folded before Flop (didn't bet)
Seat 9: LEVsha210 folded before Flop (didn't bet)



PokerStars Hand #233191199368:  Hold'em No Limit ($0.01/$0.02 USD) - 2022/01/16 8:28:45 PT [2022/01/16 11:28:45 ET]
Table 'Philagoria' 9-max Seat #2 is the button
Seat 1: Coiotul94 ($3.18 in chips) 
Seat 2: densdk ($1.88 in chips) 
Seat 3: JOVIS62 ($1.09 in chips) 
Seat 4: Dorex2007 ($2.34 in chips) 
Seat 5: Pipsiu ($1.65 in chips) 
Seat 6: MXLVI ($2.50 in chips) 
Seat 7: droctagon101 ($2.75 in chips) 
Seat 8: LeandroAku ($2.02 in chips) 
Seat 9: LEVsha210 ($1.37 in chips) 
JOVIS62: posts small blind $0.01
Dorex2007: posts big blind $0.02
*** HOLE CARDS ***
Dealt to Dorex2007 [Kd Jh]
Pipsiu: folds 
Coiotul94 said, "I'm joking buddy"
MXLVI: folds 
droctagon101: folds 
LeandroAku: folds 
LEVsha210: folds 
Coiotul94: folds 
Coiotul94 said, "save your money"
Coiotul94 said, ":)"
densdk: raises $0.03 to $0.05
JOVIS62: folds 
Dorex2007: calls $0.03
*** FLOP *** [Ad 7d 9c]
densdk said, "go home setmainer"
Dorex2007: checks 
densdk: bets $0.06
Coiotul94 said, "it's not my fault you raised me"
Dorex2007: folds 
Uncalled bet ($0.06) returned to densdk
densdk collected $0.11 from pot
densdk: doesn't show hand 
*** SUMMARY ***
Total pot $0.11 | Rake $0 
Board [Ad 7d 9c]
Seat 1: Coiotul94 folded before Flop (didn't bet)
Seat 2: densdk (button) collected ($0.11)
Seat 3: JOVIS62 (small blind) folded before Flop
Seat 4: Dorex2007 (big blind) folded on the Flop
Seat 5: Pipsiu folded before Flop (didn't bet)
Seat 6: MXLVI folded before Flop (didn't bet)
Seat 7: droctagon101 folded before Flop (didn't bet)
Seat 8: LeandroAku folded before Flop (didn't bet)
Seat 9: LEVsha210 folded before Flop (didn't bet)



PokerStars Hand #233191226343:  Hold'em No Limit ($0.01/$0.02 USD) - 2022/01/16 8:29:33 PT [2022/01/16 11:29:33 ET]
Table 'Philagoria' 9-max Seat #3 is the button
Seat 1: Coiotul94 ($3.18 in chips) 
Seat 2: densdk ($1.94 in chips) 
Seat 3: JOVIS62 ($1.08 in chips) 
Seat 4: Dorex2007 ($2.29 in chips) 
Seat 5: Pipsiu ($1.65 in chips) 
Seat 6: MXLVI ($2.50 in chips) 
Seat 7: droctagon101 ($2.75 in chips) 
Seat 8: LeandroAku ($2.02 in chips) 
Seat 9: LEVsha210 ($1.37 in chips) 
Dorex2007: posts small blind $0.01
Pipsiu: posts big blind $0.02
*** HOLE CARDS ***
Dealt to Dorex2007 [5s Kc]
MXLVI: folds 
droctagon101: raises $0.04 to $0.06
LeandroAku: folds 
LEVsha210: folds 
Coiotul94 said, "you were the one that raised me remember ?"
Coiotul94: folds 
densdk said, "idi drochi"
Coiotul94 said, "why cry ?"
densdk said, "uzhe"
densdk: folds 
Coiotul94 said, "you did it to yourself buddy."
densdk said, "drocher"
JOVIS62: folds 
Dorex2007: folds 
Pipsiu: calls $0.04
*** FLOP *** [5c 8s Kd]
Coiotul94 said, "I've lost to sets and didn't cried this much"
Pipsiu: checks 
Coiotul94 said, "take it like a man."
droctagon101: checks 
*** TURN *** [5c 8s Kd] [Kh]
Pipsiu: checks 
densdk said, "ru only idiot"
droctagon101: bets $0.08
Coiotul94 said, "okay buddy whatever"
Coiotul94 said, "We're done talking."
densdk said, "nahuy pochel"
Pipsiu has timed out
Pipsiu: folds 
Uncalled bet ($0.08) returned to droctagon101
droctagon101 collected $0.13 from pot
droctagon101: doesn't show hand 
*** SUMMARY ***
Total pot $0.13 | Rake $0 
Board [5c 8s Kd Kh]
Seat 1: Coiotul94 folded before Flop (didn't bet)
Seat 2: densdk folded before Flop (didn't bet)
Seat 3: JOVIS62 (button) folded before Flop (didn't bet)
Seat 4: Dorex2007 (small blind) folded before Flop
Seat 5: Pipsiu (big blind) folded on the Turn
Seat 6: MXLVI folded before Flop (didn't bet)
Seat 7: droctagon101 collected ($0.13)
Seat 8: LeandroAku folded before Flop (didn't bet)
Seat 9: LEVsha210 folded before Flop (didn't bet)



PokerStars Hand #233191270357:  Hold'em No Limit ($0.01/$0.02 USD) - 2022/01/16 8:30:49 PT [2022/01/16 11:30:49 ET]
Table 'Philagoria' 9-max Seat #4 is the button
Seat 1: Coiotul94 ($3.18 in chips) 
Seat 2: densdk ($1.94 in chips) 
Seat 3: JOVIS62 ($1.08 in chips) 
Seat 4: Dorex2007 ($2.28 in chips) 
Seat 6: MXLVI ($2.50 in chips) 
Seat 7: droctagon101 ($2.82 in chips) 
Seat 8: LeandroAku ($2.02 in chips) 
Seat 9: LEVsha210 ($1.37 in chips) 
MXLVI: posts small blind $0.01
droctagon101: posts big blind $0.02
*** HOLE CARDS ***
Dealt to Dorex2007 [5s 3c]
densdk said, "sidi zhdi"
LeandroAku: folds 
densdk said, "ya tebya vizovu"
LEVsha210: folds 
Coiotul94: folds 
densdk: folds 
JOVIS62: raises $0.02 to $0.04
Dorex2007: folds 
densdk said, "dolboeb"
MXLVI: calls $0.03
droctagon101: folds 
*** FLOP *** [Kd Kc 6c]
MXLVI: checks 
JOVIS62: checks 
*** TURN *** [Kd Kc 6c] [6s]
MXLVI: checks 
JOVIS62: checks 
*** RIVER *** [Kd Kc 6c 6s] [Ts]
MXLVI: checks 
JOVIS62: checks 
*** SHOW DOWN ***
MXLVI: shows [Jh 7h] (two pair, Kings and Sixes)
JOVIS62: shows [Ad 4d] (two pair, Kings and Sixes - Ace kicker)
JOVIS62 collected $0.10 from pot
*** SUMMARY ***
Total pot $0.10 | Rake $0 
Board [Kd Kc 6c 6s Ts]
Seat 1: Coiotul94 folded before Flop (didn't bet)
Seat 2: densdk folded before Flop (didn't bet)
Seat 3: JOVIS62 showed [Ad 4d] and won ($0.10) with two pair, Kings and Sixes
Seat 4: Dorex2007 (button) folded before Flop (didn't bet)
Seat 6: MXLVI (small blind) showed [Jh 7h] and lost with two pair, Kings and Sixes
Seat 7: droctagon101 (big blind) folded before Flop
Seat 8: LeandroAku folded before Flop (didn't bet)
Seat 9: LEVsha210 folded before Flop (didn't bet)



PokerStars Hand #233191295967:  Hold'em No Limit ($0.01/$0.02 USD) - 2022/01/16 8:31:34 PT [2022/01/16 11:31:34 ET]
Table 'Philagoria' 9-max Seat #6 is the button
Seat 1: Coiotul94 ($3.18 in chips) 
Seat 2: densdk ($1.94 in chips) 
Seat 3: JOVIS62 ($1.14 in chips) 
Seat 4: Dorex2007 ($2.28 in chips) 
Seat 6: MXLVI ($2.46 in chips) 
Seat 7: droctagon101 ($2.80 in chips) 
Seat 8: LeandroAku ($2.02 in chips) 
Seat 9: LEVsha210 ($1.37 in chips) 
droctagon101: posts small blind $0.01
LeandroAku: posts big blind $0.02
*** HOLE CARDS ***
Dealt to Dorex2007 [Js As]
LEVsha210: folds 
Coiotul94: calls $0.02
Coiotul94 said, "xD"
densdk: raises $0.03 to $0.05
JOVIS62: folds 
Dorex2007: calls $0.05
densdk said, "^^"
MXLVI: folds 
droctagon101: folds 
LeandroAku: folds 
Coiotul94: calls $0.03
*** FLOP *** [Kd Ac Kc]
Coiotul94: checks 
densdk: bets $0.03
Dorex2007: raises $0.12 to $0.15
Coiotul94: folds 
densdk: folds 
Uncalled bet ($0.12) returned to Dorex2007
Dorex2007 collected $0.23 from pot
Dorex2007: doesn't show hand 
*** SUMMARY ***
Total pot $0.24 | Rake $0.01 
Board [Kd Ac Kc]
Seat 1: Coiotul94 folded on the Flop
Seat 2: densdk folded on the Flop
Seat 3: JOVIS62 folded before Flop (didn't bet)
Seat 4: Dorex2007 collected ($0.23)
Seat 6: MXLVI (button) folded before Flop (didn't bet)
Seat 7: droctagon101 (small blind) folded before Flop
Seat 8: LeandroAku (big blind) folded before Flop
Seat 9: LEVsha210 folded before Flop (didn't bet)



PokerStars Hand #233191318959:  Hold'em No Limit ($0.01/$0.02 USD) - 2022/01/16 8:32:14 PT [2022/01/16 11:32:14 ET]
Table 'Philagoria' 9-max Seat #7 is the button
Seat 1: Coiotul94 ($3.13 in chips) 
Seat 2: densdk ($1.86 in chips) 
Seat 3: JOVIS62 ($1.14 in chips) 
Seat 4: Dorex2007 ($2.43 in chips) 
Seat 6: MXLVI ($2.46 in chips) 
Seat 7: droctagon101 ($2.79 in chips) 
Seat 8: LeandroAku ($2 in chips) 
Seat 9: LEVsha210 ($1.37 in chips) 
LeandroAku: posts small blind $0.01
LEVsha210: posts big blind $0.02
*** HOLE CARDS ***
Dealt to Dorex2007 [Jh 3s]
Coiotul94: calls $0.02
densdk: raises $0.02 to $0.04
JOVIS62: folds 
Dorex2007: folds 
MXLVI: folds 
Coiotul94 said, "xD"
droctagon101: folds 
LeandroAku: folds 
densdk said, ">:("
LEVsha210: calls $0.02
Coiotul94: calls $0.02
*** FLOP *** [5s Qc Ah]
LEVsha210: checks 
Coiotul94: checks 
densdk: bets $0.09
Coiotul94 said, "raise"
LEVsha210: folds 
Coiotul94 said, "hahahahahaha"
Coiotul94: calls $0.09
*** TURN *** [5s Qc Ah] [9c]
Coiotul94: checks 
Coiotul94 said, "xd"
densdk: bets $0.15
Coiotul94 said, "RAISE"
Coiotul94: calls $0.15
*** RIVER *** [5s Qc Ah 9c] [4s]
Coiotul94: checks 
densdk: checks 
*** SHOW DOWN ***
Coiotul94: shows [4c 4d] (three of a kind, Fours)
densdk: mucks hand 
Coiotul94 collected $0.59 from pot
Coiotul94 said, "xDDDDD"
*** SUMMARY ***
Total pot $0.61 | Rake $0.02 
Board [5s Qc Ah 9c 4s]
Seat 1: Coiotul94 showed [4c 4d] and won ($0.59) with three of a kind, Fours
Seat 2: densdk mucked [3d Qd]
Seat 3: JOVIS62 folded before Flop (didn't bet)
Seat 4: Dorex2007 folded before Flop (didn't bet)
Seat 6: MXLVI folded before Flop (didn't bet)
Seat 7: droctagon101 (button) folded before Flop (didn't bet)
Seat 8: LeandroAku (small blind) folded before Flop
Seat 9: LEVsha210 (big blind) folded on the Flop



PokerStars Hand #233191345039:  Hold'em No Limit ($0.01/$0.02 USD) - 2022/01/16 8:32:59 PT [2022/01/16 11:32:59 ET]
Table 'Philagoria' 9-max Seat #8 is the button
Seat 1: Coiotul94 ($3.44 in chips) 
Seat 2: densdk ($1.58 in chips) 
Seat 3: JOVIS62 ($1.14 in chips) 
Seat 4: Dorex2007 ($2.43 in chips) 
Seat 6: MXLVI ($2.46 in chips) 
Seat 7: droctagon101 ($2.79 in chips) 
Seat 8: LeandroAku ($1.99 in chips) 
Seat 9: LEVsha210 ($1.33 in chips) 
LEVsha210: posts small blind $0.01
Coiotul94: posts big blind $0.02
Pipsiu: sits out 
*** HOLE CARDS ***
Dealt to Dorex2007 [Ks Td]
Coiotul94 said, "hahahahahahaha"
densdk: raises $0.04 to $0.06
densdk said, "(y)"
Coiotul94 said, "you learned your lesson :)"
JOVIS62: calls $0.06
Dorex2007: folds 
MXLVI: folds 
droctagon101: folds 
LeandroAku: folds 
Coiotul94 said, "congrats"
LEVsha210: folds 
densdk said, "NH"
Coiotul94: calls $0.04
*** FLOP *** [4d 6d Jh]
Coiotul94 said, "nh"
Coiotul94: checks 
densdk: bets $0.13
JOVIS62: raises $0.95 to $1.08 and is all-in
Coiotul94: folds 
densdk: calls $0.95
*** TURN *** [4d 6d Jh] [3d]
*** RIVER *** [4d 6d Jh 3d] [9h]
*** SHOW DOWN ***
densdk: shows [Ac Js] (a pair of Jacks)
JOVIS62: shows [Jc Ah] (a pair of Jacks)
densdk collected $1.14 from pot
JOVIS62 collected $1.13 from pot
*** SUMMARY ***
Total pot $2.35 | Rake $0.08 
Board [4d 6d Jh 3d 9h]
Seat 1: Coiotul94 (big blind) folded on the Flop
Seat 2: densdk showed [Ac Js] and won ($1.14) with a pair of Jacks
Seat 3: JOVIS62 showed [Jc Ah] and won ($1.13) with a pair of Jacks
Seat 4: Dorex2007 folded before Flop (didn't bet)
Seat 6: MXLVI folded before Flop (didn't bet)
Seat 7: droctagon101 folded before Flop (didn't bet)
Seat 8: LeandroAku (button) folded before Flop (didn't bet)
Seat 9: LEVsha210 (small blind) folded before Flop



PokerStars Hand #233191376001:  Hold'em No Limit ($0.01/$0.02 USD) - 2022/01/16 8:33:53 PT [2022/01/16 11:33:53 ET]
Table 'Philagoria' 9-max Seat #9 is the button
Seat 1: Coiotul94 ($3.38 in chips) 
Seat 2: densdk ($1.58 in chips) 
Seat 3: JOVIS62 ($1.13 in chips) 
Seat 4: Dorex2007 ($2.43 in chips) 
Seat 6: MXLVI ($2.46 in chips) 
Seat 7: droctagon101 ($2.79 in chips) 
Seat 8: LeandroAku ($1.99 in chips) 
Seat 9: LEVsha210 ($1.32 in chips) 
Coiotul94: posts small blind $0.01
densdk: posts big blind $0.02
Pipsiu: sits out 
*** HOLE CARDS ***
Dealt to Dorex2007 [Th Qs]
JOVIS62: folds 
Dorex2007: folds 
MXLVI: folds 
droctagon101: folds 
LeandroAku: folds 
LEVsha210: folds 
Coiotul94: raises $0.04 to $0.06
densdk: calls $0.04
*** FLOP *** [Qd 2h Ac]
Coiotul94: checks 
densdk: bets $0.02
Coiotul94: raises $0.16 to $0.18
Coiotul94 said, "xD"
densdk: calls $0.16
*** TURN *** [Qd 2h Ac] [Jh]
Coiotul94: bets $0.46
Coiotul94 said, "xD"
densdk: folds 
Uncalled bet ($0.46) returned to Coiotul94
Coiotul94 collected $0.46 from pot
Coiotul94: doesn't show hand 
*** SUMMARY ***
Total pot $0.48 | Rake $0.02 
Board [Qd 2h Ac Jh]
Seat 1: Coiotul94 (small blind) collected ($0.46)
Seat 2: densdk (big blind) folded on the Turn
Seat 3: JOVIS62 folded before Flop (didn't bet)
Seat 4: Dorex2007 folded before Flop (didn't bet)
Seat 6: MXLVI folded before Flop (didn't bet)
Seat 7: droctagon101 folded before Flop (didn't bet)
Seat 8: LeandroAku folded before Flop (didn't bet)
Seat 9: LEVsha210 (button) folded before Flop (didn't bet)



PokerStars Hand #233191398485:  Hold'em No Limit ($0.01/$0.02 USD) - 2022/01/16 8:34:32 PT [2022/01/16 11:34:32 ET]
Table 'Philagoria' 9-max Seat #1 is the button
Seat 1: Coiotul94 ($3.60 in chips) 
Seat 2: densdk ($1.34 in chips) 
Seat 3: JOVIS62 ($1.13 in chips) 
Seat 4: Dorex2007 ($2.43 in chips) 
Seat 5: Pipsiu ($2 in chips) 
Seat 6: MXLVI ($2.46 in chips) 
Seat 7: droctagon101 ($2.79 in chips) 
Seat 8: LeandroAku ($1.99 in chips) 
Seat 9: LEVsha210 ($1.32 in chips) 
densdk: posts small blind $0.01
JOVIS62: posts big blind $0.02
Pipsiu: posts small blind $0.01
*** HOLE CARDS ***
Dealt to Dorex2007 [5s 8s]
densdk said, ">:("
Dorex2007: folds 
Pipsiu: folds 
MXLVI: folds 
droctagon101: folds 
LeandroAku: folds 
LEVsha210: folds 
Coiotul94: folds 
Coiotul94 said, "I need about 3 dollars more"
densdk: raises $0.03 to $0.05
JOVIS62: calls $0.03
*** FLOP *** [4c 7d Ac]
densdk: bets $0.06
JOVIS62: calls $0.06
*** TURN *** [4c 7d Ac] [Js]
densdk: bets $0.22
JOVIS62: calls $0.22
*** RIVER *** [4c 7d Ac Js] [Kc]
densdk: checks 
JOVIS62: checks 
*** SHOW DOWN ***
densdk: shows [9d Qd] (high card Ace)
JOVIS62: mucks hand 
densdk collected $0.65 from pot
*** SUMMARY ***
Total pot $0.67 | Rake $0.02 
Board [4c 7d Ac Js Kc]
Seat 1: Coiotul94 (button) folded before Flop (didn't bet)
Seat 2: densdk (small blind) showed [9d Qd] and won ($0.65) with high card Ace
Seat 3: JOVIS62 (big blind) mucked [9s Td]
Seat 4: Dorex2007 folded before Flop (didn't bet)
Seat 5: Pipsiu folded before Flop (didn't bet)
Seat 6: MXLVI folded before Flop (didn't bet)
Seat 7: droctagon101 folded before Flop (didn't bet)
Seat 8: LeandroAku folded before Flop (didn't bet)
Seat 9: LEVsha210 folded before Flop (didn't bet)



PokerStars Hand #233191438131:  Hold'em No Limit ($0.01/$0.02 USD) - 2022/01/16 8:35:37 PT [2022/01/16 11:35:37 ET]
Table 'Philagoria' 9-max Seat #2 is the button
Seat 1: Coiotul94 ($3.60 in chips) 
Seat 2: densdk ($1.66 in chips) 
Seat 3: JOVIS62 ($0.80 in chips) 
Seat 4: Dorex2007 ($2.43 in chips) 
Seat 5: Pipsiu ($1.99 in chips) 
Seat 6: MXLVI ($2.46 in chips) 
Seat 7: droctagon101 ($2.79 in chips) 
Seat 8: LeandroAku ($1.99 in chips) 
Seat 9: LEVsha210 ($1.32 in chips) 
JOVIS62: posts small blind $0.01
Dorex2007: posts big blind $0.02
*** HOLE CARDS ***
Dealt to Dorex2007 [3c Ac]
Pipsiu: folds 
MXLVI: folds 
droctagon101: folds 
LeandroAku: folds 
LEVsha210: folds 
Coiotul94: folds 
densdk: raises $0.04 to $0.06
JOVIS62: folds 
Dorex2007: folds 
Uncalled bet ($0.04) returned to densdk
densdk collected $0.05 from pot
densdk: doesn't show hand 
*** SUMMARY ***
Total pot $0.05 | Rake $0 
Seat 1: Coiotul94 folded before Flop (didn't bet)
Seat 2: densdk (button) collected ($0.05)
Seat 3: JOVIS62 (small blind) folded before Flop
Seat 4: Dorex2007 (big blind) folded before Flop
Seat 5: Pipsiu folded before Flop (didn't bet)
Seat 6: MXLVI folded before Flop (didn't bet)
Seat 7: droctagon101 folded before Flop (didn't bet)
Seat 8: LeandroAku folded before Flop (didn't bet)
Seat 9: LEVsha210 folded before Flop (didn't bet)



PokerStars Hand #233191453852:  Hold'em No Limit ($0.01/$0.02 USD) - 2022/01/16 8:36:04 PT [2022/01/16 11:36:04 ET]
Table 'Philagoria' 9-max Seat #3 is the button
Seat 1: Coiotul94 ($3.60 in chips) 
Seat 2: densdk ($1.69 in chips) 
Seat 3: JOVIS62 ($0.79 in chips) 
Seat 4: Dorex2007 ($2.41 in chips) 
Seat 5: Pipsiu ($1.99 in chips) 
Seat 6: MXLVI ($2.46 in chips) 
Seat 7: droctagon101 ($2.79 in chips) 
Seat 8: LeandroAku ($1.99 in chips) 
Seat 9: LEVsha210 ($1.32 in chips) 
Dorex2007: posts small blind $0.01
Pipsiu: posts big blind $0.02
*** HOLE CARDS ***
Dealt to Dorex2007 [2s Qd]
MXLVI: folds 
droctagon101: folds 
LeandroAku: calls $0.02
LEVsha210: calls $0.02
Coiotul94: calls $0.02
densdk: raises $0.15 to $0.17
JOVIS62: folds 
Dorex2007: folds 
Pipsiu: folds 
LeandroAku: folds 
LEVsha210: folds 
Coiotul94: folds 
Uncalled bet ($0.15) returned to densdk
densdk collected $0.11 from pot
densdk: doesn't show hand 
*** SUMMARY ***
Total pot $0.11 | Rake $0 
Seat 1: Coiotul94 folded before Flop
Seat 2: densdk collected ($0.11)
Seat 3: JOVIS62 (button) folded before Flop (didn't bet)
Seat 4: Dorex2007 (small blind) folded before Flop
Seat 5: Pipsiu (big blind) folded before Flop
Seat 6: MXLVI folded before Flop (didn't bet)
Seat 7: droctagon101 folded before Flop (didn't bet)
Seat 8: LeandroAku folded before Flop
Seat 9: LEVsha210 folded before Flop



PokerStars Hand #233191495033:  Hold'em No Limit ($0.01/$0.02 USD) - 2022/01/16 8:37:16 PT [2022/01/16 11:37:16 ET]
Table 'Philagoria' 9-max Seat #4 is the button
Seat 1: Coiotul94 ($3.58 in chips) 
Seat 2: densdk ($1.78 in chips) 
Seat 3: JOVIS62 ($0.79 in chips) 
Seat 4: Dorex2007 ($2.40 in chips) 
Seat 5: Pipsiu ($1.97 in chips) 
Seat 6: MXLVI ($2.46 in chips) 
Seat 7: droctagon101 ($2.79 in chips) 
Seat 8: LeandroAku ($1.97 in chips) 
Seat 9: LEVsha210 ($1.30 in chips) 
Pipsiu: posts small blind $0.01
MXLVI: posts big blind $0.02
*** HOLE CARDS ***
Dealt to Dorex2007 [4c 7s]
droctagon101: folds 
LeandroAku: folds 
LEVsha210: raises $0.02 to $0.04
Coiotul94: folds 
densdk: folds 
JOVIS62: folds 
Dorex2007: folds 
Pipsiu: calls $0.03
MXLVI: folds 
*** FLOP *** [Qh As Qs]
Pipsiu: bets $0.06
LEVsha210: calls $0.06
*** TURN *** [Qh As Qs] [Ad]
densdk said, "ti ebaniy konch poeblanil i zdoh))"
Pipsiu: checks 
LEVsha210: bets $0.11
Coiotul94 said, "xD"
densdk said, "GOVNO"
Pipsiu: folds 
Uncalled bet ($0.11) returned to LEVsha210
LEVsha210 collected $0.21 from pot
*** SUMMARY ***
Total pot $0.22 | Rake $0.01 
Board [Qh As Qs Ad]
Seat 1: Coiotul94 folded before Flop (didn't bet)
Seat 2: densdk folded before Flop (didn't bet)
Seat 3: JOVIS62 folded before Flop (didn't bet)
Seat 4: Dorex2007 (button) folded before Flop (didn't bet)
Seat 5: Pipsiu (small blind) folded on the Turn
Seat 6: MXLVI (big blind) folded before Flop
Seat 7: droctagon101 folded before Flop (didn't bet)
Seat 8: LeandroAku folded before Flop (didn't bet)
Seat 9: LEVsha210 collected ($0.21)



PokerStars Hand #233191530522:  Hold'em No Limit ($0.01/$0.02 USD) - 2022/01/16 8:38:18 PT [2022/01/16 11:38:18 ET]
Table 'Philagoria' 9-max Seat #5 is the button
Seat 1: Coiotul94 ($3.58 in chips) 
Seat 2: densdk ($1.78 in chips) 
Seat 3: JOVIS62 ($0.79 in chips) 
Seat 4: Dorex2007 ($2.40 in chips) 
Seat 5: Pipsiu ($1.87 in chips) 
Seat 6: MXLVI ($2.44 in chips) 
Seat 7: droctagon101 ($2.79 in chips) 
Seat 8: LeandroAku ($1.97 in chips) 
Seat 9: LEVsha210 ($1.41 in chips) 
MXLVI: posts small blind $0.01
droctagon101: posts big blind $0.02
*** HOLE CARDS ***
Dealt to Dorex2007 [Kc Th]
LeandroAku: folds 
LEVsha210: folds 
Coiotul94: folds 
densdk said, "31/1"
Coiotul94 said, "Relax."
densdk: folds 
JOVIS62: folds 
Dorex2007: raises $0.02 to $0.04
densdk said, "ebat ubludok"
Pipsiu: raises $0.18 to $0.22
MXLVI: folds 
droctagon101: folds 
densdk said, ">:("
Dorex2007: folds 
Uncalled bet ($0.18) returned to Pipsiu
Pipsiu collected $0.11 from pot
Pipsiu: doesn't show hand 
*** SUMMARY ***
Total pot $0.11 | Rake $0 
Seat 1: Coiotul94 folded before Flop (didn't bet)
Seat 2: densdk folded before Flop (didn't bet)
Seat 3: JOVIS62 folded before Flop (didn't bet)
Seat 4: Dorex2007 folded before Flop
Seat 5: Pipsiu (button) collected ($0.11)
Seat 6: MXLVI (small blind) folded before Flop
Seat 7: droctagon101 (big blind) folded before Flop
Seat 8: LeandroAku folded before Flop (didn't bet)
Seat 9: LEVsha210 folded before Flop (didn't bet)



PokerStars Hand #233191557301:  Hold'em No Limit ($0.01/$0.02 USD) - 2022/01/16 8:39:05 PT [2022/01/16 11:39:05 ET]
Table 'Philagoria' 9-max Seat #6 is the button
Seat 1: Coiotul94 ($3.58 in chips) 
Seat 2: densdk ($1.78 in chips) 
Seat 3: JOVIS62 ($0.79 in chips) 
Seat 4: Dorex2007 ($2.36 in chips) 
Seat 5: Pipsiu ($1.94 in chips) 
Seat 6: MXLVI ($2.43 in chips) 
Seat 7: droctagon101 ($2.77 in chips) 
Seat 8: LeandroAku ($1.97 in chips) 
Seat 9: LEVsha210 ($1.41 in chips) 
droctagon101: posts small blind $0.01
LeandroAku: posts big blind $0.02
*** HOLE CARDS ***
Dealt to Dorex2007 [9h Jc]
LEVsha210: folds 
Coiotul94: raises $0.05 to $0.07
densdk: folds 
JOVIS62: folds 
Dorex2007: folds 
Pipsiu: folds 
MXLVI: folds 
droctagon101: folds 
LeandroAku: folds 
Uncalled bet ($0.05) returned to Coiotul94
Coiotul94 collected $0.05 from pot
Coiotul94: doesn't show hand 
*** SUMMARY ***
Total pot $0.05 | Rake $0 
Seat 1: Coiotul94 collected ($0.05)
Seat 2: densdk folded before Flop (didn't bet)
Seat 3: JOVIS62 folded before Flop (didn't bet)
Seat 4: Dorex2007 folded before Flop (didn't bet)
Seat 5: Pipsiu folded before Flop (didn't bet)
Seat 6: MXLVI (button) folded before Flop (didn't bet)
Seat 7: droctagon101 (small blind) folded before Flop
Seat 8: LeandroAku (big blind) folded before Flop
Seat 9: LEVsha210 folded before Flop (didn't bet)



PokerStars Hand #233191571005:  Hold'em No Limit ($0.01/$0.02 USD) - 2022/01/16 8:39:29 PT [2022/01/16 11:39:29 ET]
Table 'Philagoria' 9-max Seat #7 is the button
Seat 1: Coiotul94 ($3.61 in chips) 
Seat 2: densdk ($1.78 in chips) 
Seat 3: JOVIS62 ($0.79 in chips) 
Seat 4: Dorex2007 ($2.36 in chips) 
Seat 5: Pipsiu ($1.94 in chips) 
Seat 6: MXLVI ($2.43 in chips) 
Seat 7: droctagon101 ($2.76 in chips) 
Seat 8: LeandroAku ($1.95 in chips) 
Seat 9: LEVsha210 ($1.41 in chips) 
LeandroAku: posts small blind $0.01
LEVsha210: posts big blind $0.02
*** HOLE CARDS ***
Dealt to Dorex2007 [Kd Kh]
Coiotul94 said, "lol"
Coiotul94 said, "again please"
Coiotul94: raises $0.05 to $0.07
densdk said, "tochnotvornoe UBOGOE"
densdk: folds 
JOVIS62: folds 
Dorex2007: raises $0.07 to $0.14
Pipsiu: folds 
MXLVI: folds 
droctagon101: folds 
densdk said, ">:("
LeandroAku: folds 
LEVsha210: folds 
Coiotul94: calls $0.07
*** FLOP *** [2h 4h Qs]
Coiotul94: checks 
Dorex2007: bets $2.22 and is all-in
Coiotul94: folds 
Uncalled bet ($2.22) returned to Dorex2007
Dorex2007 collected $0.30 from pot
Dorex2007: doesn't show hand 
*** SUMMARY ***
Total pot $0.31 | Rake $0.01 
Board [2h 4h Qs]
Seat 1: Coiotul94 folded on the Flop
Seat 2: densdk folded before Flop (didn't bet)
Seat 3: JOVIS62 folded before Flop (didn't bet)
Seat 4: Dorex2007 collected ($0.30)
Seat 5: Pipsiu folded before Flop (didn't bet)
Seat 6: MXLVI folded before Flop (didn't bet)
Seat 7: droctagon101 (button) folded before Flop (didn't bet)
Seat 8: LeandroAku (small blind) folded before Flop
Seat 9: LEVsha210 (big blind) folded before Flop



PokerStars Hand #233191594754:  Hold'em No Limit ($0.01/$0.02 USD) - 2022/01/16 8:40:10 PT [2022/01/16 11:40:10 ET]
Table 'Philagoria' 9-max Seat #8 is the button
Seat 1: Coiotul94 ($3.47 in chips) 
Seat 2: densdk ($1.78 in chips) 
Seat 3: JOVIS62 ($0.79 in chips) 
Seat 4: Dorex2007 ($2.52 in chips) 
Seat 5: Pipsiu ($1.94 in chips) 
Seat 6: MXLVI ($2.43 in chips) 
Seat 7: droctagon101 ($2.76 in chips) 
Seat 8: LeandroAku ($1.94 in chips) 
Seat 9: LEVsha210 ($1.39 in chips) 
LEVsha210: posts small blind $0.01
Coiotul94: posts big blind $0.02
*** HOLE CARDS ***
Dealt to Dorex2007 [4h 9h]
densdk: raises $0.02 to $0.04
JOVIS62: folds 
Dorex2007: folds 
Pipsiu: folds 
MXLVI: folds 
droctagon101: folds 
LeandroAku: folds 
LEVsha210: folds 
Coiotul94: calls $0.02
*** FLOP *** [Jc 3h As]
Coiotul94: checks 
densdk: checks 
*** TURN *** [Jc 3h As] [5s]
Coiotul94: checks 
densdk: bets $0.02
Coiotul94 said, "xd"
Coiotul94: calls $0.02
*** RIVER *** [Jc 3h As 5s] [2h]
Coiotul94: checks 
densdk said, "tebe nichego ne svetit"
densdk: checks 
*** SHOW DOWN ***
Coiotul94: shows [4s Qs] (a straight, Ace to Five)
densdk: mucks hand 
Coiotul94 said, "xD"
Coiotul94 collected $0.13 from pot
*** SUMMARY ***
Total pot $0.13 | Rake $0 
Board [Jc 3h As 5s 2h]
Seat 1: Coiotul94 (big blind) showed [4s Qs] and won ($0.13) with a straight, Ace to Five
Seat 2: densdk mucked [7d 8h]
Seat 3: JOVIS62 folded before Flop (didn't bet)
Seat 4: Dorex2007 folded before Flop (didn't bet)
Seat 5: Pipsiu folded before Flop (didn't bet)
Seat 6: MXLVI folded before Flop (didn't bet)
Seat 7: droctagon101 folded before Flop (didn't bet)
Seat 8: LeandroAku (button) folded before Flop (didn't bet)
Seat 9: LEVsha210 (small blind) folded before Flop



PokerStars Hand #233191619592:  Hold'em No Limit ($0.01/$0.02 USD) - 2022/01/16 8:40:53 PT [2022/01/16 11:40:53 ET]
Table 'Philagoria' 9-max Seat #9 is the button
Seat 1: Coiotul94 ($3.54 in chips) 
Seat 2: densdk ($1.72 in chips) 
Seat 3: JOVIS62 ($0.79 in chips) 
Seat 4: Dorex2007 ($2.52 in chips) 
Seat 5: Pipsiu ($1.94 in chips) 
Seat 6: MXLVI ($2.43 in chips) 
Seat 7: droctagon101 ($2.76 in chips) 
Seat 8: LeandroAku ($1.94 in chips) 
Seat 9: LEVsha210 ($1.38 in chips) 
Coiotul94: posts small blind $0.01
densdk: posts big blind $0.02
*** HOLE CARDS ***
Dealt to Dorex2007 [Jh 5d]
Coiotul94 said, "hahahaha"
JOVIS62: raises $0.02 to $0.04
Dorex2007: folds 
Pipsiu: calls $0.04
densdk said, "blind"
MXLVI: folds 
Coiotul94 said, "why dont you raise ?"
droctagon101: folds 
Coiotul94 said, "afraid ?"
LeandroAku: calls $0.04
densdk said, "max"
Coiotul94 said, "xD"
LEVsha210: calls $0.04
Coiotul94: folds 
densdk: calls $0.02
*** FLOP *** [3h 9c 2s]
densdk: checks 
JOVIS62: checks 
Pipsiu: checks 
LeandroAku: checks 
LEVsha210: bets $0.10
densdk: folds 
JOVIS62: folds 
Pipsiu: folds 
LeandroAku: folds 
Uncalled bet ($0.10) returned to LEVsha210
LEVsha210 collected $0.20 from pot
*** SUMMARY ***
Total pot $0.21 | Rake $0.01 
Board [3h 9c 2s]
Seat 1: Coiotul94 (small blind) folded before Flop
Seat 2: densdk (big blind) folded on the Flop
Seat 3: JOVIS62 folded on the Flop
Seat 4: Dorex2007 folded before Flop (didn't bet)
Seat 5: Pipsiu folded on the Flop
Seat 6: MXLVI folded before Flop (didn't bet)
Seat 7: droctagon101 folded before Flop (didn't bet)
Seat 8: LeandroAku folded on the Flop
Seat 9: LEVsha210 (button) collected ($0.20)



PokerStars Hand #233191663056:  Hold'em No Limit ($0.01/$0.02 USD) - 2022/01/16 8:42:07 PT [2022/01/16 11:42:07 ET]
Table 'Philagoria' 9-max Seat #1 is the button
Seat 1: Coiotul94 ($3.53 in chips) 
Seat 2: densdk ($1.68 in chips) 
Seat 3: JOVIS62 ($0.75 in chips) 
Seat 4: Dorex2007 ($2.52 in chips) 
Seat 5: Pipsiu ($1.90 in chips) 
Seat 6: MXLVI ($2.43 in chips) 
Seat 7: droctagon101 ($2.76 in chips) 
Seat 8: LeandroAku ($1.90 in chips) 
Seat 9: LEVsha210 ($1.54 in chips) 
densdk: posts small blind $0.01
JOVIS62: posts big blind $0.02
*** HOLE CARDS ***
Dealt to Dorex2007 [8s 3h]
Dorex2007: folds 
Pipsiu: raises $0.04 to $0.06
MXLVI: folds 
droctagon101: folds 
LeandroAku: folds 
LEVsha210: folds 
Coiotul94: calls $0.06
Coiotul94 said, "xD"
densdk: calls $0.05
JOVIS62: folds 
*** FLOP *** [8c Jd 6s]
densdk: checks 
Pipsiu: checks 
Coiotul94: bets $0.19
densdk: calls $0.19
Pipsiu: folds 
*** TURN *** [8c Jd 6s] [Qc]
Coiotul94 said, "xD"
densdk: checks 
Coiotul94: checks 
*** RIVER *** [8c Jd 6s Qc] [Qh]
Coiotul94 said, "xD"
Coiotul94 said, "Raise me"
densdk: bets $0.28
Coiotul94: raises $3 to $3.28 and is all-in
densdk: calls $1.15 and is all-in
Uncalled bet ($1.85) returned to Coiotul94
*** SHOW DOWN ***
Coiotul94: shows [Ts Js] (two pair, Queens and Jacks)
densdk: shows [Th 9h] (a straight, Eight to Queen)
densdk collected $3.32 from pot
*** SUMMARY ***
Total pot $3.44 | Rake $0.12 
Board [8c Jd 6s Qc Qh]
Seat 1: Coiotul94 (button) showed [Ts Js] and lost with two pair, Queens and Jacks
Seat 2: densdk (small blind) showed [Th 9h] and won ($3.32) with a straight, Eight to Queen
Seat 3: JOVIS62 (big blind) folded before Flop
Seat 4: Dorex2007 folded before Flop (didn't bet)
Seat 5: Pipsiu folded on the Flop
Seat 6: MXLVI folded before Flop (didn't bet)
Seat 7: droctagon101 folded before Flop (didn't bet)
Seat 8: LeandroAku folded before Flop (didn't bet)
Seat 9: LEVsha210 folded before Flop (didn't bet)



PokerStars Hand #233191734151:  Hold'em No Limit ($0.01/$0.02 USD) - 2022/01/16 8:44:10 PT [2022/01/16 11:44:10 ET]
Table 'Philagoria' 9-max Seat #2 is the button
Seat 1: Coiotul94 ($1.85 in chips) 
Seat 2: densdk ($3.32 in chips) 
Seat 3: JOVIS62 ($0.73 in chips) 
Seat 4: Dorex2007 ($2.52 in chips) 
Seat 5: Pipsiu ($1.84 in chips) 
Seat 6: MXLVI ($2.43 in chips) 
Seat 7: droctagon101 ($2.76 in chips) 
Seat 8: LeandroAku ($1.90 in chips) 
Seat 9: LEVsha210 ($1.54 in chips) 
JOVIS62: posts small blind $0.01
Dorex2007: posts big blind $0.02
*** HOLE CARDS ***
Dealt to Dorex2007 [Ks Qh]
Coiotul94 said, "Wow"
densdk said, ">:("
Pipsiu: raises $0.04 to $0.06
MXLVI: folds 
Coiotul94 said, "=)"
droctagon101: folds 
Coiotul94 said, "it's a miracle"
LeandroAku: folds 
LEVsha210: calls $0.06
Coiotul94: folds 
densdk: folds 
JOVIS62: folds 
Dorex2007: calls $0.04
*** FLOP *** [Td 8c Ad]
Dorex2007: checks 
Pipsiu: bets $0.09
LEVsha210: calls $0.09
Dorex2007: folds 
*** TURN *** [Td 8c Ad] [2s]
densdk said, "you gondon))"
Pipsiu: bets $0.18
densdk said, "tupoy"
LEVsha210: folds 
Uncalled bet ($0.18) returned to Pipsiu
Pipsiu collected $0.36 from pot
Pipsiu: doesn't show hand 
*** SUMMARY ***
Total pot $0.37 | Rake $0.01 
Board [Td 8c Ad 2s]
Seat 1: Coiotul94 folded before Flop (didn't bet)
Seat 2: densdk (button) folded before Flop (didn't bet)
Seat 3: JOVIS62 (small blind) folded before Flop
Seat 4: Dorex2007 (big blind) folded on the Flop
Seat 5: Pipsiu collected ($0.36)
Seat 6: MXLVI folded before Flop (didn't bet)
Seat 7: droctagon101 folded before Flop (didn't bet)
Seat 8: LeandroAku folded before Flop (didn't bet)
Seat 9: LEVsha210 folded on the Turn



PokerStars Hand #233191773385:  Hold'em No Limit ($0.01/$0.02 USD) - 2022/01/16 8:45:02 PT [2022/01/16 11:45:02 ET]
Table 'Philagoria' 9-max Seat #3 is the button
Seat 1: Coiotul94 ($1.85 in chips) 
Seat 2: densdk ($3.32 in chips) 
Seat 3: JOVIS62 ($0.72 in chips) 
Seat 4: Dorex2007 ($2.46 in chips) 
Seat 5: Pipsiu ($2.05 in chips) 
Seat 6: MXLVI ($2.43 in chips) 
Seat 7: droctagon101 ($2.76 in chips) 
Seat 8: LeandroAku ($1.90 in chips) 
Seat 9: LEVsha210 ($1.39 in chips) 
Dorex2007: posts small blind $0.01
Pipsiu: posts big blind $0.02
*** HOLE CARDS ***
Dealt to Dorex2007 [Jd 9d]
MXLVI: folds 
droctagon101: folds 
LeandroAku: raises $0.04 to $0.06
LEVsha210: folds 
Coiotul94: folds 
densdk: calls $0.06
JOVIS62: folds 
Coiotul94 said, "cry more"
Dorex2007: folds 
Pipsiu: calls $0.04
*** FLOP *** [7d Ks 7c]
Coiotul94 said, "xD"
Pipsiu: checks 
densdk said, ":'("
densdk said, "|-)"
LeandroAku: checks 
densdk: bets $0.09
Pipsiu: calls $0.09
LeandroAku: folds 
*** TURN *** [7d Ks 7c] [Qh]
Pipsiu: checks 
densdk: bets $0.26
Pipsiu: folds 
Uncalled bet ($0.26) returned to densdk
densdk collected $0.36 from pot
densdk: doesn't show hand 
*** SUMMARY ***
Total pot $0.37 | Rake $0.01 
Board [7d Ks 7c Qh]
Seat 1: Coiotul94 folded before Flop (didn't bet)
Seat 2: densdk collected ($0.36)
Seat 3: JOVIS62 (button) folded before Flop (didn't bet)
Seat 4: Dorex2007 (small blind) folded before Flop
Seat 5: Pipsiu (big blind) folded on the Turn
Seat 6: MXLVI folded before Flop (didn't bet)
Seat 7: droctagon101 folded before Flop (didn't bet)
Seat 8: LeandroAku folded on the Flop
Seat 9: LEVsha210 folded before Flop (didn't bet)



PokerStars Hand #233191821466:  Hold'em No Limit ($0.01/$0.02 USD) - 2022/01/16 8:46:24 PT [2022/01/16 11:46:24 ET]
Table 'Philagoria' 9-max Seat #4 is the button
Seat 1: Coiotul94 ($1.85 in chips) 
Seat 2: densdk ($3.53 in chips) 
Seat 3: JOVIS62 ($0.72 in chips) 
Seat 4: Dorex2007 ($2.45 in chips) 
Seat 5: Pipsiu ($1.90 in chips) 
Seat 6: MXLVI ($2.43 in chips) 
Seat 7: droctagon101 ($2.76 in chips) 
Seat 8: LeandroAku ($1.84 in chips) 
Seat 9: LEVsha210 ($1.39 in chips) 
Pipsiu: posts small blind $0.01
MXLVI: posts big blind $0.02
*** HOLE CARDS ***
Dealt to Dorex2007 [3h 7h]
droctagon101: folds 
droctagon101 leaves the table
densdk said, "3+"
LeandroAku: folds 
LEVsha210: folds 
densdk said, "lol"
Coiotul94: raises $0.05 to $0.07
densdk: calls $0.07
JOVIS62: folds 
Dorex2007: folds 
Pipsiu: folds 
MXLVI: folds 
*** FLOP *** [8d 6c 3c]
laureano290 joins the table at seat #7 
Coiotul94: bets $0.16
densdk: folds 
Uncalled bet ($0.16) returned to Coiotul94
Coiotul94 collected $0.16 from pot
Coiotul94: doesn't show hand 
*** SUMMARY ***
Total pot $0.17 | Rake $0.01 
Board [8d 6c 3c]
Seat 1: Coiotul94 collected ($0.16)
Seat 2: densdk folded on the Flop
Seat 3: JOVIS62 folded before Flop (didn't bet)
Seat 4: Dorex2007 (button) folded before Flop (didn't bet)
Seat 5: Pipsiu (small blind) folded before Flop
Seat 6: MXLVI (big blind) folded before Flop
Seat 7: droctagon101 folded before Flop (didn't bet)
Seat 8: LeandroAku folded before Flop (didn't bet)
Seat 9: LEVsha210 folded before Flop (didn't bet)



PokerStars Hand #233191838634:  Hold'em No Limit ($0.01/$0.02 USD) - 2022/01/16 8:46:54 PT [2022/01/16 11:46:54 ET]
Table 'Philagoria' 9-max Seat #5 is the button
Seat 1: Coiotul94 ($1.94 in chips) 
Seat 2: densdk ($3.46 in chips) 
Seat 3: JOVIS62 ($0.72 in chips) 
Seat 4: Dorex2007 ($2.45 in chips) 
Seat 5: Pipsiu ($1.89 in chips) 
Seat 6: MXLVI ($2.41 in chips) 
Seat 7: laureano290 ($2 in chips) 
Seat 8: LeandroAku ($1.84 in chips) 
Seat 9: LEVsha210 ($1.39 in chips) 
MXLVI: posts small blind $0.01
laureano290: posts big blind $0.02
*** HOLE CARDS ***
Dealt to Dorex2007 [4s 3h]
LeandroAku: folds 
LEVsha210: folds 
Coiotul94: calls $0.02
densdk said, "drocher"
densdk: folds 
JOVIS62: calls $0.02
Dorex2007: folds 
Pipsiu: raises $0.10 to $0.12
MXLVI: folds 
laureano290: folds 
Coiotul94: calls $0.10
JOVIS62: calls $0.10
*** FLOP *** [8d 2d 9d]
Coiotul94: checks 
JOVIS62: checks 
Pipsiu: bets $0.19
Coiotul94: folds 
JOVIS62: folds 
Uncalled bet ($0.19) returned to Pipsiu
Pipsiu collected $0.38 from pot
Pipsiu: doesn't show hand 
*** SUMMARY ***
Total pot $0.39 | Rake $0.01 
Board [8d 2d 9d]
Seat 1: Coiotul94 folded on the Flop
Seat 2: densdk folded before Flop (didn't bet)
Seat 3: JOVIS62 folded on the Flop
Seat 4: Dorex2007 folded before Flop (didn't bet)
Seat 5: Pipsiu (button) collected ($0.38)
Seat 6: MXLVI (small blind) folded before Flop
Seat 7: laureano290 (big blind) folded before Flop
Seat 8: LeandroAku folded before Flop (didn't bet)
Seat 9: LEVsha210 folded before Flop (didn't bet)



PokerStars Hand #233191875144:  Hold'em No Limit ($0.01/$0.02 USD) - 2022/01/16 8:47:56 PT [2022/01/16 11:47:56 ET]
Table 'Philagoria' 9-max Seat #6 is the button
Seat 1: Coiotul94 ($1.82 in chips) 
Seat 2: densdk ($3.46 in chips) 
Seat 3: JOVIS62 ($0.60 in chips) 
Seat 4: Dorex2007 ($2.45 in chips) 
Seat 5: Pipsiu ($2.15 in chips) 
Seat 6: MXLVI ($2.40 in chips) 
Seat 7: laureano290 ($2 in chips) 
Seat 8: LeandroAku ($1.84 in chips) 
Seat 9: LEVsha210 ($1.39 in chips) 
laureano290: posts small blind $0.01
LeandroAku: posts big blind $0.02
*** HOLE CARDS ***
Dealt to Dorex2007 [3d Kd]
LEVsha210: raises $0.02 to $0.04
Coiotul94: folds 
densdk: calls $0.04
JOVIS62: folds 
Dorex2007: folds 
Pipsiu: folds 
MXLVI: folds 
laureano290: raises $0.26 to $0.30
LeandroAku: folds 
LEVsha210: folds 
densdk: folds 
Uncalled bet ($0.26) returned to laureano290
laureano290 collected $0.14 from pot
laureano290: doesn't show hand 
*** SUMMARY ***
Total pot $0.14 | Rake $0 
Seat 1: Coiotul94 folded before Flop (didn't bet)
Seat 2: densdk folded before Flop
Seat 3: JOVIS62 folded before Flop (didn't bet)
Seat 4: Dorex2007 folded before Flop (didn't bet)
Seat 5: Pipsiu folded before Flop (didn't bet)
Seat 6: MXLVI (button) folded before Flop (didn't bet)
Seat 7: laureano290 (small blind) collected ($0.14)
Seat 8: LeandroAku (big blind) folded before Flop
Seat 9: LEVsha210 folded before Flop



PokerStars Hand #233191904425:  Hold'em No Limit ($0.01/$0.02 USD) - 2022/01/16 8:48:34 PT [2022/01/16 11:48:34 ET]
Table 'Philagoria' 9-max Seat #7 is the button
Seat 1: Coiotul94 ($1.82 in chips) 
Seat 2: densdk ($3.42 in chips) 
Seat 3: JOVIS62 ($0.60 in chips) 
Seat 4: Dorex2007 ($2.45 in chips) 
Seat 5: Pipsiu ($2.15 in chips) 
Seat 6: MXLVI ($2.40 in chips) 
Seat 7: laureano290 ($2.10 in chips) 
Seat 8: LeandroAku ($1.82 in chips) 
Seat 9: LEVsha210 ($1.35 in chips) 
LeandroAku: posts small blind $0.01
LEVsha210: posts big blind $0.02
*** HOLE CARDS ***
Dealt to Dorex2007 [5s Qc]
Coiotul94: calls $0.02
densdk: calls $0.02
JOVIS62: calls $0.02
Dorex2007: folds 
Pipsiu: folds 
MXLVI: folds 
laureano290: folds 
LeandroAku: folds 
LEVsha210: checks 
*** FLOP *** [8h 6d 5h]
LEVsha210: bets $0.05
Coiotul94: calls $0.05
densdk: calls $0.05
JOVIS62: raises $0.53 to $0.58 and is all-in
LEVsha210: calls $0.53
Coiotul94: raises $1.22 to $1.80 and is all-in
densdk: folds 
LEVsha210: calls $0.75 and is all-in
Uncalled bet ($0.47) returned to Coiotul94
*** TURN *** [8h 6d 5h] [Kh]
*** RIVER *** [8h 6d 5h Kh] [4s]
*** SHOW DOWN ***
LEVsha210: shows [8d 7s] (a straight, Four to Eight)
Coiotul94: shows [7d Kd] (a straight, Four to Eight)
Coiotul94 collected $0.72 from side pot
JOVIS62: shows [Th 7h] (a flush, King high)
JOVIS62 collected $1.81 from main pot
LEVsha210 cashed out the hand for $1.56 | Cash Out Fee $0.02
*** SUMMARY ***
Total pot $3.38 Main pot $1.81. Side pot $1.45. | Rake $0.12 
Board [8h 6d 5h Kh 4s]
Seat 1: Coiotul94 showed [7d Kd] and won ($0.72) with a straight, Four to Eight
Seat 2: densdk folded on the Flop
Seat 3: JOVIS62 showed [Th 7h] and won ($1.81) with a flush, King high
Seat 4: Dorex2007 folded before Flop (didn't bet)
Seat 5: Pipsiu folded before Flop (didn't bet)
Seat 6: MXLVI folded before Flop (didn't bet)
Seat 7: laureano290 (button) folded before Flop (didn't bet)
Seat 8: LeandroAku (small blind) folded before Flop
Seat 9: LEVsha210 (big blind) showed [8d 7s] and won ($0.73) with a straight, Four to Eight (pot not awarded as player cashed out)



PokerStars Hand #233191942960:  Hold'em No Limit ($0.01/$0.02 USD) - 2022/01/16 8:49:40 PT [2022/01/16 11:49:40 ET]
Table 'Philagoria' 9-max Seat #8 is the button
Seat 1: Coiotul94 ($1.19 in chips) 
Seat 2: densdk ($3.35 in chips) 
Seat 3: JOVIS62 ($1.81 in chips) 
Seat 4: Dorex2007 ($2.45 in chips) 
Seat 5: Pipsiu ($2.15 in chips) 
Seat 6: MXLVI ($2.40 in chips) 
Seat 7: laureano290 ($2.10 in chips) 
Seat 8: LeandroAku ($1.81 in chips) 
Seat 9: LEVsha210 ($1.56 in chips) 
LEVsha210: posts small blind $0.01
Coiotul94: posts big blind $0.02
*** HOLE CARDS ***
Dealt to Dorex2007 [9s 5d]
densdk said, "ebat ebanko"
densdk: folds 
Coiotul94 said, "xD"
JOVIS62: raises $0.04 to $0.06
Dorex2007: folds 
Pipsiu: calls $0.06
MXLVI: folds 
laureano290: calls $0.06
LeandroAku: folds 
Coiotul94 said, "stop crying babe"
LEVsha210: folds 
Coiotul94: folds 
*** FLOP *** [Kd Ad 7h]
JOVIS62: bets $0.10
Pipsiu: folds 
laureano290: calls $0.10
*** TURN *** [Kd Ad 7h] [2c]
JOVIS62: bets $0.20
laureano290: calls $0.20
*** RIVER *** [Kd Ad 7h 2c] [Jh]
JOVIS62: checks 
laureano290: checks 
*** SHOW DOWN ***
JOVIS62: shows [Qc Ah] (a pair of Aces)
laureano290: shows [As Qh] (a pair of Aces)
JOVIS62 collected $0.39 from pot
laureano290 collected $0.39 from pot
*** SUMMARY ***
Total pot $0.81 | Rake $0.03 
Board [Kd Ad 7h 2c Jh]
Seat 1: Coiotul94 (big blind) folded before Flop
Seat 2: densdk folded before Flop (didn't bet)
Seat 3: JOVIS62 showed [Qc Ah] and won ($0.39) with a pair of Aces
Seat 4: Dorex2007 folded before Flop (didn't bet)
Seat 5: Pipsiu folded on the Flop
Seat 6: MXLVI folded before Flop (didn't bet)
Seat 7: laureano290 showed [As Qh] and won ($0.39) with a pair of Aces
Seat 8: LeandroAku (button) folded before Flop (didn't bet)
Seat 9: LEVsha210 (small blind) folded before Flop



PokerStars Hand #233191986136:  Hold'em No Limit ($0.01/$0.02 USD) - 2022/01/16 8:50:54 PT [2022/01/16 11:50:54 ET]
Table 'Philagoria' 9-max Seat #9 is the button
Seat 1: Coiotul94 ($1.17 in chips) 
Seat 2: densdk ($3.35 in chips) 
Seat 3: JOVIS62 ($1.84 in chips) 
Seat 4: Dorex2007 ($2.45 in chips) 
Seat 5: Pipsiu ($2.09 in chips) 
Seat 6: MXLVI ($2.40 in chips) 
Seat 7: laureano290 ($2.13 in chips) 
Seat 8: LeandroAku ($1.81 in chips) 
Seat 9: LEVsha210 ($1.55 in chips) 
Coiotul94: posts small blind $0.01
densdk: posts big blind $0.02
*** HOLE CARDS ***
Dealt to Dorex2007 [9c Th]
JOVIS62: folds 
Dorex2007: folds 
Pipsiu: raises $0.04 to $0.06
MXLVI: folds 
laureano290: folds 
LeandroAku: folds 
LEVsha210: folds 
Coiotul94: folds 
densdk: folds 
Uncalled bet ($0.04) returned to Pipsiu
Pipsiu collected $0.05 from pot
Pipsiu: doesn't show hand 
*** SUMMARY ***
Total pot $0.05 | Rake $0 
Seat 1: Coiotul94 (small blind) folded before Flop
Seat 2: densdk (big blind) folded before Flop
Seat 3: JOVIS62 folded before Flop (didn't bet)
Seat 4: Dorex2007 folded before Flop (didn't bet)
Seat 5: Pipsiu collected ($0.05)
Seat 6: MXLVI folded before Flop (didn't bet)
Seat 7: laureano290 folded before Flop (didn't bet)
Seat 8: LeandroAku folded before Flop (didn't bet)
Seat 9: LEVsha210 (button) folded before Flop (didn't bet)



PokerStars Hand #233191997524:  Hold'em No Limit ($0.01/$0.02 USD) - 2022/01/16 8:51:13 PT [2022/01/16 11:51:13 ET]
Table 'Philagoria' 9-max Seat #1 is the button
Seat 1: Coiotul94 ($1.16 in chips) 
Seat 2: densdk ($3.33 in chips) 
Seat 3: JOVIS62 ($1.84 in chips) 
Seat 4: Dorex2007 ($2.45 in chips) 
Seat 5: Pipsiu ($2.12 in chips) 
Seat 6: MXLVI ($2.40 in chips) 
Seat 7: laureano290 ($2.13 in chips) 
Seat 8: LeandroAku ($1.81 in chips) 
Seat 9: LEVsha210 ($1.55 in chips) 
densdk: posts small blind $0.01
JOVIS62: posts big blind $0.02
*** HOLE CARDS ***
Dealt to Dorex2007 [Qd 3d]
Dorex2007: folds 
Pipsiu: raises $0.04 to $0.06
MXLVI: folds 
laureano290: folds 
LeandroAku: folds 
LEVsha210: folds 
Coiotul94: folds 
densdk: folds 
JOVIS62: calls $0.04
*** FLOP *** [5d 4c As]
JOVIS62: checks 
Pipsiu: bets $0.10
JOVIS62: folds 
Uncalled bet ($0.10) returned to Pipsiu
Pipsiu collected $0.13 from pot
Pipsiu: doesn't show hand 
*** SUMMARY ***
Total pot $0.13 | Rake $0 
Board [5d 4c As]
Seat 1: Coiotul94 (button) folded before Flop (didn't bet)
Seat 2: densdk (small blind) folded before Flop
Seat 3: JOVIS62 (big blind) folded on the Flop
Seat 4: Dorex2007 folded before Flop (didn't bet)
Seat 5: Pipsiu collected ($0.13)
Seat 6: MXLVI folded before Flop (didn't bet)
Seat 7: laureano290 folded before Flop (didn't bet)
Seat 8: LeandroAku folded before Flop (didn't bet)
Seat 9: LEVsha210 folded before Flop (didn't bet)



PokerStars Hand #233192029461:  Hold'em No Limit ($0.01/$0.02 USD) - 2022/01/16 8:52:07 PT [2022/01/16 11:52:07 ET]
Table 'Philagoria' 9-max Seat #2 is the button
Seat 1: Coiotul94 ($1.16 in chips) 
Seat 2: densdk ($3.32 in chips) 
Seat 3: JOVIS62 ($1.78 in chips) 
Seat 4: Dorex2007 ($2.45 in chips) 
Seat 5: Pipsiu ($2.19 in chips) 
Seat 6: MXLVI ($2.40 in chips) 
Seat 7: laureano290 ($2.13 in chips) 
Seat 8: LeandroAku ($1.81 in chips) 
Seat 9: LEVsha210 ($1.55 in chips) 
JOVIS62: posts small blind $0.01
Dorex2007: posts big blind $0.02
*** HOLE CARDS ***
Dealt to Dorex2007 [Ah 9c]
Pipsiu has timed out
Pipsiu: folds 
MXLVI: folds 
laureano290: raises $0.03 to $0.05
LeandroAku: folds 
LEVsha210: folds 
Coiotul94: folds 
densdk: raises $0.03 to $0.08
JOVIS62: folds 
Dorex2007: folds 
laureano290: calls $0.03
*** FLOP *** [7c 5c 6c]
laureano290: checks 
densdk: bets $0.09
laureano290: calls $0.09
*** TURN *** [7c 5c 6c] [3c]
laureano290: checks 
densdk: bets $0.26
laureano290: raises $0.26 to $0.52
densdk: folds 
Uncalled bet ($0.26) returned to laureano290
laureano290 collected $0.86 from pot
laureano290: doesn't show hand 
*** SUMMARY ***
Total pot $0.89 | Rake $0.03 
Board [7c 5c 6c 3c]
Seat 1: Coiotul94 folded before Flop (didn't bet)
Seat 2: densdk (button) folded on the Turn
Seat 3: JOVIS62 (small blind) folded before Flop
Seat 4: Dorex2007 (big blind) folded before Flop
Seat 5: Pipsiu folded before Flop (didn't bet)
Seat 6: MXLVI folded before Flop (didn't bet)
Seat 7: laureano290 collected ($0.86)
Seat 8: LeandroAku folded before Flop (didn't bet)
Seat 9: LEVsha210 folded before Flop (didn't bet)



PokerStars Hand #233192060665:  Hold'em No Limit ($0.01/$0.02 USD) - 2022/01/16 8:53:01 PT [2022/01/16 11:53:01 ET]
Table 'Philagoria' 9-max Seat #3 is the button
Seat 1: Coiotul94 ($1.16 in chips) 
Seat 2: densdk ($2.89 in chips) 
Seat 3: JOVIS62 ($1.77 in chips) 
Seat 4: Dorex2007 ($2.43 in chips) 
Seat 6: MXLVI ($2.40 in chips) 
Seat 7: laureano290 ($2.56 in chips) 
Seat 8: LeandroAku ($1.81 in chips) 
Seat 9: LEVsha210 ($1.55 in chips) 
Dorex2007: posts small blind $0.01
MXLVI: posts big blind $0.02
*** HOLE CARDS ***
Dealt to Dorex2007 [6h Jh]
laureano290: folds 
LeandroAku: folds 
LEVsha210: folds 
Coiotul94: calls $0.02
densdk: folds 
JOVIS62: raises $0.02 to $0.04
Dorex2007: folds 
MXLVI: calls $0.02
Coiotul94: calls $0.02
*** FLOP *** [Js Ks Qd]
MXLVI: checks 
Coiotul94: checks 
JOVIS62: checks 
*** TURN *** [Js Ks Qd] [9c]
MXLVI: checks 
Coiotul94: checks 
JOVIS62: checks 
*** RIVER *** [Js Ks Qd 9c] [4d]
MXLVI: bets $0.08
Coiotul94: folds 
densdk said, "гек пм"
JOVIS62: folds 
Uncalled bet ($0.08) returned to MXLVI
MXLVI collected $0.13 from pot
MXLVI: doesn't show hand 
*** SUMMARY ***
Total pot $0.13 | Rake $0 
Board [Js Ks Qd 9c 4d]
Seat 1: Coiotul94 folded on the River
Seat 2: densdk folded before Flop (didn't bet)
Seat 3: JOVIS62 (button) folded on the River
Seat 4: Dorex2007 (small blind) folded before Flop
Seat 6: MXLVI (big blind) collected ($0.13)
Seat 7: laureano290 folded before Flop (didn't bet)
Seat 8: LeandroAku folded before Flop (didn't bet)
Seat 9: LEVsha210 folded before Flop (didn't bet)



PokerStars Hand #233192083906:  Hold'em No Limit ($0.01/$0.02 USD) - 2022/01/16 8:53:41 PT [2022/01/16 11:53:41 ET]
Table 'Philagoria' 9-max Seat #4 is the button
Seat 1: Coiotul94 ($1.12 in chips) 
Seat 2: densdk ($2.89 in chips) 
Seat 3: JOVIS62 ($1.73 in chips) 
Seat 4: Dorex2007 ($2.42 in chips) 
Seat 6: MXLVI ($2.49 in chips) 
Seat 7: laureano290 ($2.56 in chips) 
Seat 8: LeandroAku ($1.81 in chips) 
Seat 9: LEVsha210 ($1.55 in chips) 
MXLVI: posts small blind $0.01
laureano290: posts big blind $0.02
*** HOLE CARDS ***
Dealt to Dorex2007 [2c Jd]
LeandroAku: folds 
LEVsha210: folds 
Coiotul94: folds 
densdk: raises $0.02 to $0.04
JOVIS62: folds 
Dorex2007: folds 
MXLVI: calls $0.03
densdk said, "UEBU pider"
laureano290: calls $0.02
*** FLOP *** [9c 6h 7d]
MXLVI: checks 
laureano290: checks 
densdk: bets $0.12
MXLVI: calls $0.12
Coiotul94 said, "Little baby cries"
laureano290: folds 
*** TURN *** [9c 6h 7d] [5d]
MXLVI: checks 
densdk: bets $0.25
MXLVI: calls $0.25
*** RIVER *** [9c 6h 7d 5d] [Kh]
MXLVI: checks 
densdk: bets $2.48 and is all-in
MXLVI: calls $2.08 and is all-in
Uncalled bet ($0.40) returned to densdk
*** SHOW DOWN ***
densdk: shows [Js 8d] (a straight, Five to Nine)
MXLVI: shows [Kd Kc] (three of a kind, Kings)
densdk collected $4.84 from pot
*** SUMMARY ***
Total pot $5.02 | Rake $0.18 
Board [9c 6h 7d 5d Kh]
Seat 1: Coiotul94 folded before Flop (didn't bet)
Seat 2: densdk showed [Js 8d] and won ($4.84) with a straight, Five to Nine
Seat 3: JOVIS62 folded before Flop (didn't bet)
Seat 4: Dorex2007 (button) folded before Flop (didn't bet)
Seat 6: MXLVI (small blind) showed [Kd Kc] and lost with three of a kind, Kings
Seat 7: laureano290 (big blind) folded on the Flop
Seat 8: LeandroAku folded before Flop (didn't bet)
Seat 9: LEVsha210 folded before Flop (didn't bet)



PokerStars Hand #233192116153:  Hold'em No Limit ($0.01/$0.02 USD) - 2022/01/16 8:54:36 PT [2022/01/16 11:54:36 ET]
Table 'Philagoria' 9-max Seat #6 is the button
Seat 1: Coiotul94 ($1.12 in chips) 
Seat 2: densdk ($5.24 in chips) 
Seat 3: JOVIS62 ($1.73 in chips) 
Seat 4: Dorex2007 ($2.42 in chips) 
Seat 6: MXLVI ($2 in chips) 
Seat 7: laureano290 ($2.52 in chips) 
Seat 8: LeandroAku ($1.81 in chips) 
Seat 9: LEVsha210 ($1.55 in chips) 
laureano290: posts small blind $0.01
LeandroAku: posts big blind $0.02
*** HOLE CARDS ***
Dealt to Dorex2007 [8c Ad]
LEVsha210: folds 
Coiotul94: folds 
densdk said, "5+"
densdk said, "suka"
Coiotul94 said, "Congrats"
densdk: folds 
JOVIS62: folds 
Dorex2007: folds 
MXLVI: folds 
densdk said, ":P"
laureano290: raises $0.04 to $0.06
densdk said, ":P"
LeandroAku: folds 
Uncalled bet ($0.04) returned to laureano290
laureano290 collected $0.04 from pot
laureano290: doesn't show hand 
*** SUMMARY ***
Total pot $0.04 | Rake $0 
Seat 1: Coiotul94 folded before Flop (didn't bet)
Seat 2: densdk folded before Flop (didn't bet)
Seat 3: JOVIS62 folded before Flop (didn't bet)
Seat 4: Dorex2007 folded before Flop (didn't bet)
Seat 6: MXLVI (button) folded before Flop (didn't bet)
Seat 7: laureano290 (small blind) collected ($0.04)
Seat 8: LeandroAku (big blind) folded before Flop
Seat 9: LEVsha210 folded before Flop (didn't bet)



PokerStars Hand #233192131010:  Hold'em No Limit ($0.01/$0.02 USD) - 2022/01/16 8:55:01 PT [2022/01/16 11:55:01 ET]
Table 'Philagoria' 9-max Seat #7 is the button
Seat 1: Coiotul94 ($1.12 in chips) 
Seat 2: densdk ($5.24 in chips) 
Seat 3: JOVIS62 ($1.73 in chips) 
Seat 4: Dorex2007 ($2.42 in chips) 
Seat 6: MXLVI ($2 in chips) 
Seat 7: laureano290 ($2.54 in chips) 
Seat 8: LeandroAku ($1.79 in chips) 
Seat 9: LEVsha210 ($1.55 in chips) 
LeandroAku: posts small blind $0.01
LEVsha210: posts big blind $0.02
*** HOLE CARDS ***
Dealt to Dorex2007 [8h Qd]
densdk said, ":P"
Coiotul94: folds 
densdk said, ":P"
densdk said, ":P"
densdk: folds 
Coiotul94 said, "I need I need 5.50 more"
Pipsiu leaves the table
JOVIS62: raises $0.02 to $0.04
Dorex2007: folds 
vladimir5421 joins the table at seat #5 
MXLVI: folds 
laureano290: calls $0.04
densdk said, "na koleni"
LeandroAku: folds 
Coiotul94 said, "For my Sunday Million ticket <3"
LEVsha210: calls $0.02
*** FLOP *** [Ts Td 7c]
LEVsha210: checks 
densdk said, "pidra"
JOVIS62: bets $0.06
laureano290: calls $0.06
LEVsha210: folds 
*** TURN *** [Ts Td 7c] [3h]
densdk said, "sosat"
JOVIS62: bets $0.12
laureano290: calls $0.12
*** RIVER *** [Ts Td 7c 3h] [4c]
JOVIS62: bets $0.47
laureano290: folds 
Uncalled bet ($0.47) returned to JOVIS62
JOVIS62 collected $0.47 from pot
JOVIS62: doesn't show hand 
*** SUMMARY ***
Total pot $0.49 | Rake $0.02 
Board [Ts Td 7c 3h 4c]
Seat 1: Coiotul94 folded before Flop (didn't bet)
Seat 2: densdk folded before Flop (didn't bet)
Seat 3: JOVIS62 collected ($0.47)
Seat 4: Dorex2007 folded before Flop (didn't bet)
Seat 6: MXLVI folded before Flop (didn't bet)
Seat 7: laureano290 (button) folded on the River
Seat 8: LeandroAku (small blind) folded before Flop
Seat 9: LEVsha210 (big blind) folded on the Flop



PokerStars Hand #233192156467:  Hold'em No Limit ($0.01/$0.02 USD) - 2022/01/16 8:56:02 PT [2022/01/16 11:56:02 ET]
Table 'Philagoria' 9-max Seat #8 is the button
Seat 1: Coiotul94 ($1.12 in chips) 
Seat 2: densdk ($5.24 in chips) 
Seat 3: JOVIS62 ($1.98 in chips) 
Seat 4: Dorex2007 ($2.42 in chips) 
Seat 6: MXLVI ($2 in chips) 
Seat 7: laureano290 ($2.32 in chips) 
Seat 8: LeandroAku ($1.78 in chips) 
Seat 9: LEVsha210 ($1.51 in chips) 
LEVsha210: posts small blind $0.01
Coiotul94: posts big blind $0.02
vladimir5421: sits out 
*** HOLE CARDS ***
Dealt to Dorex2007 [8s 5s]
densdk: folds 
JOVIS62: raises $0.02 to $0.04
Dorex2007: folds 
MXLVI: folds 
laureano290: folds 
LeandroAku: folds 
LEVsha210: folds 
Coiotul94: calls $0.02
*** FLOP *** [3h 7d Js]
Coiotul94: checks 
JOVIS62: checks 
*** TURN *** [3h 7d Js] [2c]
Coiotul94: checks 
JOVIS62: checks 
*** RIVER *** [3h 7d Js 2c] [2h]
Coiotul94: checks 
JOVIS62: checks 
*** SHOW DOWN ***
Coiotul94: shows [4d 8d] (a pair of Deuces)
JOVIS62: shows [8h 6h] (a pair of Deuces)
Coiotul94 collected $0.05 from pot
JOVIS62 collected $0.04 from pot
*** SUMMARY ***
Total pot $0.09 | Rake $0 
Board [3h 7d Js 2c 2h]
Seat 1: Coiotul94 (big blind) showed [4d 8d] and won ($0.05) with a pair of Deuces
Seat 2: densdk folded before Flop (didn't bet)
Seat 3: JOVIS62 showed [8h 6h] and won ($0.04) with a pair of Deuces
Seat 4: Dorex2007 folded before Flop (didn't bet)
Seat 6: MXLVI folded before Flop (didn't bet)
Seat 7: laureano290 folded before Flop (didn't bet)
Seat 8: LeandroAku (button) folded before Flop (didn't bet)
Seat 9: LEVsha210 (small blind) folded before Flop



PokerStars Hand #233192172811:  Hold'em No Limit ($0.01/$0.02 USD) - 2022/01/16 8:56:42 PT [2022/01/16 11:56:42 ET]
Table 'Philagoria' 9-max Seat #9 is the button
Seat 1: Coiotul94 ($1.13 in chips) 
Seat 2: densdk ($5.24 in chips) 
Seat 3: JOVIS62 ($1.98 in chips) 
Seat 4: Dorex2007 ($2.42 in chips) 
Seat 6: MXLVI ($2 in chips) 
Seat 7: laureano290 ($2.32 in chips) 
Seat 8: LeandroAku ($1.78 in chips) 
Seat 9: LEVsha210 ($1.50 in chips) 
Coiotul94: posts small blind $0.01
densdk: posts big blind $0.02
vladimir5421: sits out 
*** HOLE CARDS ***
Dealt to Dorex2007 [9s 5h]
densdk said, ">:("
JOVIS62: folds 
Dorex2007: folds 
MXLVI: folds 
laureano290: folds 
LeandroAku: folds 
LEVsha210: folds 
Coiotul94: calls $0.01
densdk said, "fkn pidr"
densdk: raises $0.02 to $0.04
Coiotul94 said, "xD"
Coiotul94: calls $0.02
*** FLOP *** [As Kh 8c]
Coiotul94: checks 
Coiotul94 said, "cry more"
densdk said, "easy"
densdk said, "easy"
densdk: bets $0.02
Coiotul94: folds 
Uncalled bet ($0.02) returned to densdk
densdk collected $0.08 from pot
densdk: doesn't show hand 
*** SUMMARY ***
Total pot $0.08 | Rake $0 
Board [As Kh 8c]
Seat 1: Coiotul94 (small blind) folded on the Flop
Seat 2: densdk (big blind) collected ($0.08)
Seat 3: JOVIS62 folded before Flop (didn't bet)
Seat 4: Dorex2007 folded before Flop (didn't bet)
Seat 6: MXLVI folded before Flop (didn't bet)
Seat 7: laureano290 folded before Flop (didn't bet)
Seat 8: LeandroAku folded before Flop (didn't bet)
Seat 9: LEVsha210 (button) folded before Flop (didn't bet)



PokerStars Hand #233192191898:  Hold'em No Limit ($0.01/$0.02 USD) - 2022/01/16 8:57:28 PT [2022/01/16 11:57:28 ET]
Table 'Philagoria' 9-max Seat #1 is the button
Seat 1: Coiotul94 ($1.09 in chips) 
Seat 2: densdk ($5.28 in chips) 
Seat 3: JOVIS62 ($1.98 in chips) 
Seat 4: Dorex2007 ($2.42 in chips) 
Seat 6: MXLVI ($2 in chips) 
Seat 7: laureano290 ($2.32 in chips) 
Seat 8: LeandroAku ($1.78 in chips) 
Seat 9: LEVsha210 ($1.50 in chips) 
densdk: posts small blind $0.01
JOVIS62: posts big blind $0.02
vladimir5421: sits out 
*** HOLE CARDS ***
Dealt to Dorex2007 [2s Ks]
densdk said, "easy"
Dorex2007: folds 
MXLVI: folds 
laureano290: folds 
LeandroAku: folds 
LEVsha210: folds 
Coiotul94: folds 
densdk: raises $0.02 to $0.04
Coiotul94 said, "cry more"
JOVIS62: calls $0.02
*** FLOP *** [Tc 9c 5c]
densdk: bets $0.02
JOVIS62: calls $0.02
*** TURN *** [Tc 9c 5c] [Qh]
densdk: checks 
JOVIS62: checks 
*** RIVER *** [Tc 9c 5c Qh] [3s]
Coiotul94 said, "baby boy"
densdk said, ">:("
densdk: bets $0.09
JOVIS62: calls $0.09
*** SHOW DOWN ***
densdk: shows [5s Ad] (a pair of Fives)
JOVIS62: shows [6d Td] (a pair of Tens)
JOVIS62 collected $0.29 from pot
*** SUMMARY ***
Total pot $0.30 | Rake $0.01 
Board [Tc 9c 5c Qh 3s]
Seat 1: Coiotul94 (button) folded before Flop (didn't bet)
Seat 2: densdk (small blind) showed [5s Ad] and lost with a pair of Fives
Seat 3: JOVIS62 (big blind) showed [6d Td] and won ($0.29) with a pair of Tens
Seat 4: Dorex2007 folded before Flop (didn't bet)
Seat 6: MXLVI folded before Flop (didn't bet)
Seat 7: laureano290 folded before Flop (didn't bet)
Seat 8: LeandroAku folded before Flop (didn't bet)
Seat 9: LEVsha210 folded before Flop (didn't bet)



PokerStars Hand #233192248040:  Hold'em No Limit ($0.01/$0.02 USD) - 2022/01/16 8:59:42 PT [2022/01/16 11:59:42 ET]
Table 'Philagoria' 9-max Seat #5 is the button
Seat 1: Coiotul94 ($0.96 in chips) 
Seat 2: densdk ($5.32 in chips) 
Seat 3: JOVIS62 ($2.11 in chips) 
Seat 4: Dorex2007 ($2.42 in chips) 
Seat 5: vladimir5421 ($2 in chips) 
Seat 6: MXLVI ($2.01 in chips) 
Seat 7: laureano290 ($2.32 in chips) 
Seat 8: LeandroAku ($1.78 in chips) 
Seat 9: LEVsha210 ($1.46 in chips) 
MXLVI: posts small blind $0.01
laureano290: posts big blind $0.02
Dorex2007: posts small & big blinds $0.03
*** HOLE CARDS ***
Dealt to Dorex2007 [Ah 2s]
densdk said, ":P"
LeandroAku: folds 
LEVsha210: folds 
Coiotul94: folds 
densdk: raises $0.02 to $0.04
JOVIS62: calls $0.04
Dorex2007: folds 
vladimir5421: folds 
MXLVI: folds 
laureano290: folds 
*** FLOP *** [5s 7h 9d]
densdk: bets $0.07
JOVIS62: calls $0.07
*** TURN *** [5s 7h 9d] [4s]
densdk: bets $0.33
JOVIS62: folds 
Uncalled bet ($0.33) returned to densdk
densdk collected $0.27 from pot
densdk: doesn't show hand 
*** SUMMARY ***
Total pot $0.28 | Rake $0.01 
Board [5s 7h 9d 4s]
Seat 1: Coiotul94 folded before Flop (didn't bet)
Seat 2: densdk collected ($0.27)
Seat 3: JOVIS62 folded on the Turn
Seat 4: Dorex2007 folded before Flop (didn't bet)
Seat 5: vladimir5421 (button) folded before Flop (didn't bet)
Seat 6: MXLVI (small blind) folded before Flop
Seat 7: laureano290 (big blind) folded before Flop
Seat 8: LeandroAku folded before Flop (didn't bet)
Seat 9: LEVsha210 folded before Flop (didn't bet)



PokerStars Hand #233192278870:  Hold'em No Limit ($0.01/$0.02 USD) - 2022/01/16 9:00:50 PT [2022/01/16 12:00:50 ET]
Table 'Philagoria' 9-max Seat #6 is the button
Seat 1: Coiotul94 ($0.96 in chips) 
Seat 2: densdk ($5.48 in chips) 
Seat 3: JOVIS62 ($2 in chips) 
Seat 4: Dorex2007 ($2.39 in chips) 
Seat 5: vladimir5421 ($2 in chips) 
Seat 6: MXLVI ($2 in chips) 
Seat 7: laureano290 ($2.30 in chips) 
Seat 8: LeandroAku ($1.78 in chips) 
Seat 9: LEVsha210 ($1.46 in chips) 
laureano290: posts small blind $0.01
LeandroAku: posts big blind $0.02
*** HOLE CARDS ***
Dealt to Dorex2007 [6c 3h]
LEVsha210: folds 
Coiotul94: folds 
densdk: folds 
JOVIS62: folds 
Dorex2007: folds 
vladimir5421: folds 
MXLVI: raises $0.04 to $0.06
laureano290: calls $0.05
LeandroAku: folds 
*** FLOP *** [Qs 6d Ad]
laureano290: checks 
MXLVI: checks 
*** TURN *** [Qs 6d Ad] [Js]
laureano290: checks 
MXLVI: checks 
*** RIVER *** [Qs 6d Ad Js] [4c]
laureano290: checks 
MXLVI: checks 
*** SHOW DOWN ***
laureano290: shows [Th Qh] (a pair of Queens)
MXLVI: mucks hand 
laureano290 collected $0.14 from pot
*** SUMMARY ***
Total pot $0.14 | Rake $0 
Board [Qs 6d Ad Js 4c]
Seat 1: Coiotul94 folded before Flop (didn't bet)
Seat 2: densdk folded before Flop (didn't bet)
Seat 3: JOVIS62 folded before Flop (didn't bet)
Seat 4: Dorex2007 folded before Flop (didn't bet)
Seat 5: vladimir5421 folded before Flop (didn't bet)
Seat 6: MXLVI (button) mucked [9s 9d]
Seat 7: laureano290 (small blind) showed [Th Qh] and won ($0.14) with a pair of Queens
Seat 8: LeandroAku (big blind) folded before Flop
Seat 9: LEVsha210 folded before Flop (didn't bet)



PokerStars Hand #233192301839:  Hold'em No Limit ($0.01/$0.02 USD) - 2022/01/16 9:01:21 PT [2022/01/16 12:01:21 ET]
Table 'Philagoria' 9-max Seat #7 is the button
Seat 1: Coiotul94 ($0.96 in chips) 
Seat 2: densdk ($5.48 in chips) 
Seat 3: JOVIS62 ($2 in chips) 
Seat 4: Dorex2007 ($2.39 in chips) 
Seat 5: vladimir5421 ($2 in chips) 
Seat 6: MXLVI ($2 in chips) 
Seat 7: laureano290 ($2.38 in chips) 
Seat 8: LeandroAku ($1.76 in chips) 
Seat 9: LEVsha210 ($1.46 in chips) 
LeandroAku: posts small blind $0.01
LEVsha210: posts big blind $0.02
*** HOLE CARDS ***
Dealt to Dorex2007 [Ad Qd]
Coiotul94: calls $0.02
densdk: calls $0.02
JOVIS62: calls $0.02
Dorex2007: raises $0.04 to $0.06
vladimir5421: folds 
MXLVI: folds 
laureano290: calls $0.06
LeandroAku: folds 
LEVsha210: folds 
Coiotul94: calls $0.04
densdk: calls $0.04
JOVIS62: calls $0.04
*** FLOP *** [7h 4h Qc]
Coiotul94: checks 
densdk: bets $0.10
JOVIS62: calls $0.10
Dorex2007: raises $2.23 to $2.33 and is all-in
laureano290: folds 
Coiotul94: folds 
densdk: folds 
JOVIS62: folds 
Uncalled bet ($2.23) returned to Dorex2007
Dorex2007 collected $0.61 from pot
Dorex2007: doesn't show hand 
*** SUMMARY ***
Total pot $0.63 | Rake $0.02 
Board [7h 4h Qc]
Seat 1: Coiotul94 folded on the Flop
Seat 2: densdk folded on the Flop
Seat 3: JOVIS62 folded on the Flop
Seat 4: Dorex2007 collected ($0.61)
Seat 5: vladimir5421 folded before Flop (didn't bet)
Seat 6: MXLVI folded before Flop (didn't bet)
Seat 7: laureano290 (button) folded on the Flop
Seat 8: LeandroAku (small blind) folded before Flop
Seat 9: LEVsha210 (big blind) folded before Flop



PokerStars Hand #233192348609:  Hold'em No Limit ($0.01/$0.02 USD) - 2022/01/16 9:02:41 PT [2022/01/16 12:02:41 ET]
Table 'Philagoria' 9-max Seat #8 is the button
Seat 1: Coiotul94 ($0.90 in chips) 
Seat 2: densdk ($5.32 in chips) 
Seat 3: JOVIS62 ($1.84 in chips) 
Seat 4: Dorex2007 ($2.84 in chips) 
Seat 5: vladimir5421 ($2 in chips) 
Seat 6: MXLVI ($2 in chips) 
Seat 7: laureano290 ($2.32 in chips) 
Seat 8: LeandroAku ($1.75 in chips) 
Seat 9: LEVsha210 ($1.44 in chips) 
LEVsha210: posts small blind $0.01
Coiotul94: posts big blind $0.02
*** HOLE CARDS ***
Dealt to Dorex2007 [Tc 5d]
densdk said, "molodsa"
densdk: raises $0.02 to $0.04
JOVIS62: folds 
Dorex2007: folds 
vladimir5421: calls $0.04
MXLVI: calls $0.04
densdk said, "ebanko"
laureano290: folds 
LeandroAku: folds 
LEVsha210: folds 
Coiotul94: folds 
*** FLOP *** [Kd 3h Js]
densdk: checks 
vladimir5421: checks 
MXLVI: checks 
*** TURN *** [Kd 3h Js] [Ah]
densdk: checks 
vladimir5421: bets $0.07
MXLVI: folds 
densdk said, ">:("
Dorex2007 said, "i don't understand the value of insulting someone in a language they don't understand.  It's like a dog barking at you"
densdk: folds 
Uncalled bet ($0.07) returned to vladimir5421
vladimir5421 collected $0.14 from pot
vladimir5421: doesn't show hand 
*** SUMMARY ***
Total pot $0.15 | Rake $0.01 
Board [Kd 3h Js Ah]
Seat 1: Coiotul94 (big blind) folded before Flop
Seat 2: densdk folded on the Turn
Seat 3: JOVIS62 folded before Flop (didn't bet)
Seat 4: Dorex2007 folded before Flop (didn't bet)
Seat 5: vladimir5421 collected ($0.14)
Seat 6: MXLVI folded on the Turn
Seat 7: laureano290 folded before Flop (didn't bet)
Seat 8: LeandroAku (button) folded before Flop (didn't bet)
Seat 9: LEVsha210 (small blind) folded before Flop



PokerStars Hand #233192385729:  Hold'em No Limit ($0.01/$0.02 USD) - 2022/01/16 9:03:42 PT [2022/01/16 12:03:42 ET]
Table 'Philagoria' 9-max Seat #9 is the button
Seat 1: Coiotul94 ($0.88 in chips) 
Seat 2: densdk ($5.28 in chips) 
Seat 3: JOVIS62 ($1.84 in chips) 
Seat 4: Dorex2007 ($2.84 in chips) 
Seat 5: vladimir5421 ($2.10 in chips) 
Seat 6: MXLVI ($2 in chips) 
Seat 7: laureano290 ($2.32 in chips) 
Seat 8: LeandroAku ($1.75 in chips) 
Seat 9: LEVsha210 ($1.43 in chips) 
Coiotul94: posts small blind $0.01
densdk: posts big blind $0.02
*** HOLE CARDS ***
Dealt to Dorex2007 [Jc 6s]
JOVIS62: calls $0.02
Dorex2007: folds 
vladimir5421: folds 
MXLVI: folds 
laureano290: raises $0.06 to $0.08
densdk said, "ru only debil"
LeandroAku: folds 
LEVsha210: folds 
Coiotul94: folds 
densdk: folds 
JOVIS62: calls $0.06
*** FLOP *** [Ac 9s Qh]
JOVIS62: checks 
densdk said, "undestend"
laureano290: bets $0.09
JOVIS62: calls $0.09
*** TURN *** [Ac 9s Qh] [Ah]
JOVIS62: checks 
laureano290: checks 
*** RIVER *** [Ac 9s Qh Ah] [3c]
densdk said, "ebloid"
JOVIS62: bets $0.18
laureano290: calls $0.18
*** SHOW DOWN ***
JOVIS62: shows [Ad 8s] (three of a kind, Aces)
laureano290: mucks hand 
JOVIS62 collected $0.70 from pot
*** SUMMARY ***
Total pot $0.73 | Rake $0.03 
Board [Ac 9s Qh Ah 3c]
Seat 1: Coiotul94 (small blind) folded before Flop
Seat 2: densdk (big blind) folded before Flop
Seat 3: JOVIS62 showed [Ad 8s] and won ($0.70) with three of a kind, Aces
Seat 4: Dorex2007 folded before Flop (didn't bet)
Seat 5: vladimir5421 folded before Flop (didn't bet)
Seat 6: MXLVI folded before Flop (didn't bet)
Seat 7: laureano290 mucked [Kc Ks]
Seat 8: LeandroAku folded before Flop (didn't bet)
Seat 9: LEVsha210 (button) folded before Flop (didn't bet)



PokerStars Hand #233192429182:  Hold'em No Limit ($0.01/$0.02 USD) - 2022/01/16 9:04:53 PT [2022/01/16 12:04:53 ET]
Table 'Philagoria' 9-max Seat #1 is the button
Seat 1: Coiotul94 ($0.87 in chips) 
Seat 2: densdk ($5.26 in chips) 
Seat 3: JOVIS62 ($2.19 in chips) 
Seat 4: Dorex2007 ($2.84 in chips) 
Seat 5: vladimir5421 ($2.10 in chips) 
Seat 6: MXLVI ($2 in chips) 
Seat 7: laureano290 ($2 in chips) 
Seat 8: LeandroAku ($1.75 in chips) 
Seat 9: LEVsha210 ($1.43 in chips) 
densdk: posts small blind $0.01
JOVIS62: posts big blind $0.02
*** HOLE CARDS ***
Dealt to Dorex2007 [Qc Js]
Dorex2007: folds 
densdk said, "canada GOVNO"
vladimir5421: calls $0.02
MXLVI: folds 
laureano290: folds 
LeandroAku: folds 
LEVsha210: folds 
Coiotul94: calls $0.02
densdk: raises $0.02 to $0.04
JOVIS62: calls $0.02
vladimir5421: calls $0.02
Coiotul94: calls $0.02
*** FLOP *** [Jd Qd 6c]
densdk: checks 
JOVIS62: checks 
vladimir5421: bets $0.10
Coiotul94: calls $0.10
densdk: folds 
JOVIS62: folds 
*** TURN *** [Jd Qd 6c] [4d]
vladimir5421: checks 
Coiotul94: checks 
*** RIVER *** [Jd Qd 6c 4d] [6h]
vladimir5421: checks 
Coiotul94: checks 
*** SHOW DOWN ***
vladimir5421: shows [Qs Kh] (two pair, Queens and Sixes)
Coiotul94: mucks hand 
vladimir5421 collected $0.35 from pot
*** SUMMARY ***
Total pot $0.36 | Rake $0.01 
Board [Jd Qd 6c 4d 6h]
Seat 1: Coiotul94 (button) mucked [Kc 9c]
Seat 2: densdk (small blind) folded on the Flop
Seat 3: JOVIS62 (big blind) folded on the Flop
Seat 4: Dorex2007 folded before Flop (didn't bet)
Seat 5: vladimir5421 showed [Qs Kh] and won ($0.35) with two pair, Queens and Sixes
Seat 6: MXLVI folded before Flop (didn't bet)
Seat 7: laureano290 folded before Flop (didn't bet)
Seat 8: LeandroAku folded before Flop (didn't bet)
Seat 9: LEVsha210 folded before Flop (didn't bet)



PokerStars Hand #233192483348:  Hold'em No Limit ($0.01/$0.02 USD) - 2022/01/16 9:06:22 PT [2022/01/16 12:06:22 ET]
Table 'Philagoria' 9-max Seat #2 is the button
Seat 1: Coiotul94 ($0.73 in chips) 
Seat 2: densdk ($5.22 in chips) 
Seat 3: JOVIS62 ($2.15 in chips) 
Seat 4: Dorex2007 ($2.84 in chips) 
Seat 5: vladimir5421 ($2.31 in chips) 
Seat 6: MXLVI ($2 in chips) 
Seat 7: laureano290 ($2 in chips) 
Seat 8: LeandroAku ($1.75 in chips) 
Seat 9: LEVsha210 ($1.43 in chips) 
JOVIS62: posts small blind $0.01
Dorex2007: posts big blind $0.02
*** HOLE CARDS ***
Dealt to Dorex2007 [5d 2d]
vladimir5421: folds 
MXLVI: folds 
laureano290: folds 
LeandroAku: folds 
LEVsha210: folds 
Coiotul94: folds 
densdk: folds 
JOVIS62: raises $0.02 to $0.04
Dorex2007: folds 
Uncalled bet ($0.02) returned to JOVIS62
JOVIS62 collected $0.04 from pot
JOVIS62: doesn't show hand 
*** SUMMARY ***
Total pot $0.04 | Rake $0 
Seat 1: Coiotul94 folded before Flop (didn't bet)
Seat 2: densdk (button) folded before Flop (didn't bet)
Seat 3: JOVIS62 (small blind) collected ($0.04)
Seat 4: Dorex2007 (big blind) folded before Flop
Seat 5: vladimir5421 folded before Flop (didn't bet)
Seat 6: MXLVI folded before Flop (didn't bet)
Seat 7: laureano290 folded before Flop (didn't bet)
Seat 8: LeandroAku folded before Flop (didn't bet)
Seat 9: LEVsha210 folded before Flop (didn't bet)



PokerStars Hand #233192494633:  Hold'em No Limit ($0.01/$0.02 USD) - 2022/01/16 9:06:41 PT [2022/01/16 12:06:41 ET]
Table 'Philagoria' 9-max Seat #3 is the button
Seat 1: Coiotul94 ($0.73 in chips) 
Seat 2: densdk ($5.22 in chips) 
Seat 3: JOVIS62 ($2.17 in chips) 
Seat 4: Dorex2007 ($2.82 in chips) 
Seat 5: vladimir5421 ($2.31 in chips) 
Seat 6: MXLVI ($2 in chips) 
Seat 7: laureano290 ($2 in chips) 
Seat 8: LeandroAku ($1.75 in chips) 
Seat 9: LEVsha210 ($1.43 in chips) 
Dorex2007: posts small blind $0.01
vladimir5421: posts big blind $0.02
*** HOLE CARDS ***
Dealt to Dorex2007 [7c Qc]
MXLVI: folds 
laureano290: folds 
LeandroAku: folds 
LEVsha210: folds 
Coiotul94: calls $0.02
densdk said, "0.73"
densdk has timed out
densdk: folds 
JOVIS62: folds 
Dorex2007: folds 
densdk said, "really"
vladimir5421: raises $0.08 to $0.10
Coiotul94 said, "stop it dude you got lucky once"
Coiotul94 said, "just stop it"
densdk said, "you go"
Coiotul94: folds 
Uncalled bet ($0.08) returned to vladimir5421
vladimir5421 collected $0.05 from pot
vladimir5421: doesn't show hand 
*** SUMMARY ***
Total pot $0.05 | Rake $0 
Seat 1: Coiotul94 folded before Flop
Seat 2: densdk folded before Flop (didn't bet)
Seat 3: JOVIS62 (button) folded before Flop (didn't bet)
Seat 4: Dorex2007 (small blind) folded before Flop
Seat 5: vladimir5421 (big blind) collected ($0.05)
Seat 6: MXLVI folded before Flop (didn't bet)
Seat 7: laureano290 folded before Flop (didn't bet)
Seat 8: LeandroAku folded before Flop (didn't bet)
Seat 9: LEVsha210 folded before Flop (didn't bet)



PokerStars Hand #233192515813:  Hold'em No Limit ($0.01/$0.02 USD) - 2022/01/16 9:07:16 PT [2022/01/16 12:07:16 ET]
Table 'Philagoria' 9-max Seat #4 is the button
Seat 1: Coiotul94 ($0.71 in chips) 
Seat 2: densdk ($5.22 in chips) 
Seat 3: JOVIS62 ($2.17 in chips) 
Seat 4: Dorex2007 ($2.81 in chips) 
Seat 5: vladimir5421 ($2.34 in chips) 
Seat 6: MXLVI ($2 in chips) 
Seat 7: laureano290 ($2 in chips) 
Seat 8: LeandroAku ($1.75 in chips) 
Seat 9: LEVsha210 ($1.43 in chips) 
vladimir5421: posts small blind $0.01
MXLVI: posts big blind $0.02
*** HOLE CARDS ***
Dealt to Dorex2007 [2s 2d]
Coiotul94 said, "and ?"
densdk said, "fkn pidr"
laureano290: folds 
densdk said, "0.71"
Coiotul94 said, "what is wrong with you ?"
LeandroAku: folds 
densdk said, "LOH"
LEVsha210: raises $0.02 to $0.04
Coiotul94: folds 
densdk said, "LOH"
densdk: folds 
JOVIS62: calls $0.04
Dorex2007: calls $0.04
Coiotul94 said, "I am going to mute you if you don't shut up."
vladimir5421: folds 
MXLVI: folds 
*** FLOP *** [6s Td 4h]
Coiotul94 said, "last warning."
LEVsha210: bets $0.07
densdk said, "omg"
JOVIS62: calls $0.07
Dorex2007: folds 
*** TURN *** [6s Td 4h] [4c]
LEVsha210: checks 
JOVIS62: checks 
*** RIVER *** [6s Td 4h 4c] [Qh]
densdk said, "sosi RU HUY"
LEVsha210: checks 
JOVIS62: checks 
*** SHOW DOWN ***
LEVsha210: shows [7s Ac] (a pair of Fours)
JOVIS62: mucks hand 
LEVsha210 collected $0.28 from pot
*** SUMMARY ***
Total pot $0.29 | Rake $0.01 
Board [6s Td 4h 4c Qh]
Seat 1: Coiotul94 folded before Flop (didn't bet)
Seat 2: densdk folded before Flop (didn't bet)
Seat 3: JOVIS62 mucked [Ks 9s]
Seat 4: Dorex2007 (button) folded on the Flop
Seat 5: vladimir5421 (small blind) folded before Flop
Seat 6: MXLVI (big blind) folded before Flop
Seat 7: laureano290 folded before Flop (didn't bet)
Seat 8: LeandroAku folded before Flop (didn't bet)
Seat 9: LEVsha210 showed [7s Ac] and won ($0.28) with a pair of Fours



PokerStars Hand #233192567805:  Hold'em No Limit ($0.01/$0.02 USD) - 2022/01/16 9:08:41 PT [2022/01/16 12:08:41 ET]
Table 'Philagoria' 9-max Seat #5 is the button
Seat 1: Coiotul94 ($0.71 in chips) 
Seat 2: densdk ($5.22 in chips) 
Seat 3: JOVIS62 ($2.06 in chips) 
Seat 4: Dorex2007 ($2.77 in chips) 
Seat 5: vladimir5421 ($2.33 in chips) 
Seat 6: MXLVI ($2 in chips) 
Seat 7: laureano290 ($2 in chips) 
Seat 8: LeandroAku ($1.75 in chips) 
Seat 9: LEVsha210 ($1.60 in chips) 
MXLVI: posts small blind $0.01
laureano290: posts big blind $0.02
*** HOLE CARDS ***
Dealt to Dorex2007 [Jc 3h]
densdk said, "PARASHA"
Coiotul94 said, "stop it"
LeandroAku: folds 
LEVsha210: folds 
Coiotul94: raises $0.05 to $0.07
densdk: folds 
JOVIS62: calls $0.07
Dorex2007: folds 
vladimir5421: folds 
MXLVI: folds 
laureano290: folds 
*** FLOP *** [2s 7s 9c]
Coiotul94: bets $0.16
densdk said, "govnopidr"
JOVIS62: calls $0.16
*** TURN *** [2s 7s 9c] [3d]
Coiotul94: bets $0.48 and is all-in
JOVIS62: calls $0.48
*** RIVER *** [2s 7s 9c 3d] [4h]
*** SHOW DOWN ***
Coiotul94: shows [Js Ac] (high card Ace)
JOVIS62: shows [5d 5c] (a pair of Fives)
JOVIS62 collected $1.40 from pot
*** SUMMARY ***
Total pot $1.45 | Rake $0.05 
Board [2s 7s 9c 3d 4h]
Seat 1: Coiotul94 showed [Js Ac] and lost with high card Ace
Seat 2: densdk folded before Flop (didn't bet)
Seat 3: JOVIS62 showed [5d 5c] and won ($1.40) with a pair of Fives
Seat 4: Dorex2007 folded before Flop (didn't bet)
Seat 5: vladimir5421 (button) folded before Flop (didn't bet)
Seat 6: MXLVI (small blind) folded before Flop
Seat 7: laureano290 (big blind) folded before Flop
Seat 8: LeandroAku folded before Flop (didn't bet)
Seat 9: LEVsha210 folded before Flop (didn't bet)



PokerStars Hand #233192606027:  Hold'em No Limit ($0.01/$0.02 USD) - 2022/01/16 9:09:44 PT [2022/01/16 12:09:44 ET]
Table 'Philagoria' 9-max Seat #6 is the button
Seat 2: densdk ($5.22 in chips) 
Seat 3: JOVIS62 ($2.75 in chips) 
Seat 4: Dorex2007 ($2.77 in chips) 
Seat 5: vladimir5421 ($2.33 in chips) 
Seat 6: MXLVI ($2 in chips) 
Seat 7: laureano290 ($2 in chips) 
Seat 8: LeandroAku ($1.75 in chips) 
Seat 9: LEVsha210 ($1.60 in chips) 
laureano290: posts small blind $0.01
LeandroAku: posts big blind $0.02
*** HOLE CARDS ***
Dealt to Dorex2007 [Ts Ac]
Coiotul94 leaves the table
LEVsha210: raises $0.05 to $0.07
densdk: folds 
JOVIS62: calls $0.07
Dorex2007: folds 
vladimir5421: folds 
MXLVI: folds 
laureano290: folds 
LeandroAku: folds 
*** FLOP *** [Jh 9c Kd]
LEVsha210: bets $0.08
JOVIS62: calls $0.08
*** TURN *** [Jh 9c Kd] [Jc]
LEVsha210: checks 
JOVIS62: checks 
*** RIVER *** [Jh 9c Kd Jc] [3d]
PetrovSN2986 joins the table at seat #1 
LEVsha210: bets $0.16
JOVIS62: calls $0.16
*** SHOW DOWN ***
LEVsha210: shows [Kh Ks] (a full house, Kings full of Jacks)
JOVIS62: mucks hand 
LEVsha210 collected $0.63 from pot
*** SUMMARY ***
Total pot $0.65 | Rake $0.02 
Board [Jh 9c Kd Jc 3d]
Seat 2: densdk folded before Flop (didn't bet)
Seat 3: JOVIS62 mucked [Ad 9d]
Seat 4: Dorex2007 folded before Flop (didn't bet)
Seat 5: vladimir5421 folded before Flop (didn't bet)
Seat 6: MXLVI (button) folded before Flop (didn't bet)
Seat 7: laureano290 (small blind) folded before Flop
Seat 8: LeandroAku (big blind) folded before Flop
Seat 9: LEVsha210 showed [Kh Ks] and won ($0.63) with a full house, Kings full of Jacks



PokerStars Hand #233192644420:  Hold'em No Limit ($0.01/$0.02 USD) - 2022/01/16 9:10:47 PT [2022/01/16 12:10:47 ET]
Table 'Philagoria' 9-max Seat #7 is the button
Seat 2: densdk ($5.22 in chips) 
Seat 3: JOVIS62 ($2.44 in chips) 
Seat 4: Dorex2007 ($2.77 in chips) 
Seat 5: vladimir5421 ($2.33 in chips) 
Seat 6: MXLVI ($2 in chips) 
Seat 7: laureano290 ($2 in chips) 
Seat 8: LeandroAku ($1.73 in chips) 
Seat 9: LEVsha210 ($1.92 in chips) 
LeandroAku: posts small blind $0.01
LEVsha210: posts big blind $0.02
PetrovSN2986: sits out 
*** HOLE CARDS ***
Dealt to Dorex2007 [8d Js]
densdk: folds 
JOVIS62: raises $0.02 to $0.04
Dorex2007: folds 
vladimir5421: folds 
MXLVI: folds 
laureano290: calls $0.04
LeandroAku: folds 
LEVsha210: calls $0.02
*** FLOP *** [6s Jd Kd]
LEVsha210: checks 
densdk said, "dorex"
JOVIS62: checks 
laureano290: checks 
*** TURN *** [6s Jd Kd] [4c]
LEVsha210: checks 
JOVIS62: checks 
laureano290: checks 
*** RIVER *** [6s Jd Kd 4c] [2c]
LEVsha210: checks 
densdk said, "who is it"
JOVIS62: checks 
laureano290: checks 
*** SHOW DOWN ***
LEVsha210: shows [Ah 3s] (high card Ace)
JOVIS62: shows [Ac 7s] (high card Ace - King+Jack+Seven kicker)
laureano290: shows [6h 7h] (a pair of Sixes)
laureano290 collected $0.13 from pot
*** SUMMARY ***
Total pot $0.13 | Rake $0 
Board [6s Jd Kd 4c 2c]
Seat 2: densdk folded before Flop (didn't bet)
Seat 3: JOVIS62 showed [Ac 7s] and lost with high card Ace
Seat 4: Dorex2007 folded before Flop (didn't bet)
Seat 5: vladimir5421 folded before Flop (didn't bet)
Seat 6: MXLVI folded before Flop (didn't bet)
Seat 7: laureano290 (button) showed [6h 7h] and won ($0.13) with a pair of Sixes
Seat 8: LeandroAku (small blind) folded before Flop
Seat 9: LEVsha210 (big blind) showed [Ah 3s] and lost with high card Ace



PokerStars Hand #233192674259:  Hold'em No Limit ($0.01/$0.02 USD) - 2022/01/16 9:11:37 PT [2022/01/16 12:11:37 ET]
Table 'Philagoria' 9-max Seat #8 is the button
Seat 1: PetrovSN2986 ($0.80 in chips) 
Seat 2: densdk ($5.22 in chips) 
Seat 4: Dorex2007 ($2.77 in chips) 
Seat 5: vladimir5421 ($2.33 in chips) 
Seat 6: MXLVI ($2 in chips) 
Seat 7: laureano290 ($2.09 in chips) 
Seat 8: LeandroAku ($1.72 in chips) 
Seat 9: LEVsha210 ($1.88 in chips) 
LEVsha210: posts small blind $0.01
PetrovSN2986: posts big blind $0.02
*** HOLE CARDS ***
Dealt to Dorex2007 [7c 8s]
densdk: raises $0.02 to $0.04
Dorex2007: folds 
vladimir5421: folds 
MXLVI: folds 
JOVIS62 leaves the table
laureano290: raises $0.14 to $0.18
densdk said, "do rex"
LeandroAku: folds 
LEVsha210: folds 
beatlepool joins the table at seat #3 
PetrovSN2986: folds 
densdk said, "hmmmmm"
densdk: folds 
Uncalled bet ($0.14) returned to laureano290
laureano290 collected $0.11 from pot
laureano290: doesn't show hand 
*** SUMMARY ***
Total pot $0.11 | Rake $0 
Seat 1: PetrovSN2986 (big blind) folded before Flop
Seat 2: densdk folded before Flop
Seat 4: Dorex2007 folded before Flop (didn't bet)
Seat 5: vladimir5421 folded before Flop (didn't bet)
Seat 6: MXLVI folded before Flop (didn't bet)
Seat 7: laureano290 collected ($0.11)
Seat 8: LeandroAku (button) folded before Flop (didn't bet)
Seat 9: LEVsha210 (small blind) folded before Flop



PokerStars Hand #233192689788:  Hold'em No Limit ($0.01/$0.02 USD) - 2022/01/16 9:12:02 PT [2022/01/16 12:12:02 ET]
Table 'Philagoria' 9-max Seat #9 is the button
Seat 1: PetrovSN2986 ($0.78 in chips) 
Seat 2: densdk ($5.18 in chips) 
Seat 4: Dorex2007 ($2.77 in chips) 
Seat 5: vladimir5421 ($2.33 in chips) 
Seat 6: MXLVI ($2 in chips) 
Seat 7: laureano290 ($2.16 in chips) 
Seat 8: LeandroAku ($1.72 in chips) 
Seat 9: LEVsha210 ($1.87 in chips) 
PetrovSN2986: posts small blind $0.01
densdk: posts big blind $0.02
beatlepool: sits out 
*** HOLE CARDS ***
Dealt to Dorex2007 [2h 3c]
Dorex2007: folds 
vladimir5421: raises $0.04 to $0.06
Dorex2007 said, "what?"
MXLVI: folds 
laureano290: folds 
LeandroAku: folds 
LEVsha210: folds 
densdk said, "DO REX"
PetrovSN2986: calls $0.05
densdk: calls $0.04
*** FLOP *** [Qc 8d 7c]
PetrovSN2986: checks 
densdk said, "eto nota"
Dorex2007 said, "lol"
densdk said, "?"
densdk said, "mmm"
densdk: checks 
vladimir5421: bets $0.12
PetrovSN2986: folds 
densdk: folds 
Uncalled bet ($0.12) returned to vladimir5421
vladimir5421 collected $0.17 from pot
vladimir5421: doesn't show hand 
*** SUMMARY ***
Total pot $0.18 | Rake $0.01 
Board [Qc 8d 7c]
Seat 1: PetrovSN2986 (small blind) folded on the Flop
Seat 2: densdk (big blind) folded on the Flop
Seat 4: Dorex2007 folded before Flop (didn't bet)
Seat 5: vladimir5421 collected ($0.17)
Seat 6: MXLVI folded before Flop (didn't bet)
Seat 7: laureano290 folded before Flop (didn't bet)
Seat 8: LeandroAku folded before Flop (didn't bet)
Seat 9: LEVsha210 (button) folded before Flop (didn't bet)



PokerStars Hand #233192719133:  Hold'em No Limit ($0.01/$0.02 USD) - 2022/01/16 9:12:51 PT [2022/01/16 12:12:51 ET]
Table 'Philagoria' 9-max Seat #1 is the button
Seat 1: PetrovSN2986 ($0.72 in chips) 
Seat 2: densdk ($5.12 in chips) 
Seat 3: beatlepool ($1.60 in chips) 
Seat 4: Dorex2007 ($2.77 in chips) 
Seat 5: vladimir5421 ($2.44 in chips) 
Seat 6: MXLVI ($2 in chips) 
Seat 7: laureano290 ($2.16 in chips) 
Seat 8: LeandroAku ($1.72 in chips) 
Seat 9: LEVsha210 ($1.87 in chips) 
densdk: posts small blind $0.01
beatlepool: posts big blind $0.02
*** HOLE CARDS ***
Dealt to Dorex2007 [3c Ah]
Dorex2007: folds 
vladimir5421: folds 
MXLVI: raises $0.06 to $0.08
laureano290: folds 
LeandroAku: folds 
LEVsha210: folds 
PetrovSN2986: calls $0.08
densdk: folds 
beatlepool: folds 
*** FLOP *** [8s 4s 6s]
MXLVI: bets $0.12
PetrovSN2986: calls $0.12
*** TURN *** [8s 4s 6s] [6h]
MXLVI: checks 
densdk said, "ebat dorex"
PetrovSN2986: bets $0.21
MXLVI: calls $0.21
*** RIVER *** [8s 4s 6s 6h] [3h]
MXLVI: checks 
PetrovSN2986: bets $0.31 and is all-in
MXLVI: calls $0.31
*** SHOW DOWN ***
PetrovSN2986: shows [Qc 9c] (a pair of Sixes)
MXLVI: shows [6d 6c] (four of a kind, Sixes)
MXLVI collected $1.42 from pot
*** SUMMARY ***
Total pot $1.47 | Rake $0.05 
Board [8s 4s 6s 6h 3h]
Seat 1: PetrovSN2986 (button) showed [Qc 9c] and lost with a pair of Sixes
Seat 2: densdk (small blind) folded before Flop
Seat 3: beatlepool (big blind) folded before Flop
Seat 4: Dorex2007 folded before Flop (didn't bet)
Seat 5: vladimir5421 folded before Flop (didn't bet)
Seat 6: MXLVI showed [6d 6c] and won ($1.42) with four of a kind, Sixes
Seat 7: laureano290 folded before Flop (didn't bet)
Seat 8: LeandroAku folded before Flop (didn't bet)
Seat 9: LEVsha210 folded before Flop (didn't bet)



PokerStars Hand #233192746132:  Hold'em No Limit ($0.01/$0.02 USD) - 2022/01/16 9:13:35 PT [2022/01/16 12:13:35 ET]
Table 'Philagoria' 9-max Seat #2 is the button
Seat 2: densdk ($5.11 in chips) 
Seat 3: beatlepool ($1.58 in chips) 
Seat 4: Dorex2007 ($2.77 in chips) 
Seat 5: vladimir5421 ($2.44 in chips) 
Seat 6: MXLVI ($2.70 in chips) 
Seat 7: laureano290 ($2.16 in chips) 
Seat 8: LeandroAku ($1.72 in chips) 
Seat 9: LEVsha210 ($1.87 in chips) 
beatlepool: posts small blind $0.01
Dorex2007: posts big blind $0.02
*** HOLE CARDS ***
Dealt to Dorex2007 [8d 2h]
densdk said, "kak tebe?"
vladimir5421: folds 
MXLVI: folds 
MXLVI leaves the table
laureano290: raises $0.03 to $0.05
LeandroAku: folds 
LEVsha210: calls $0.05
refuge_pl joins the table at seat #6 
densdk: folds 
beatlepool: calls $0.04
Dorex2007: folds 
*** FLOP *** [5c 9c 4c]
beatlepool: checks 
Dorex2007 said, "Dorex  == Either but not both... An acroymin for a computer term"
laureano290: bets $0.11
LEVsha210: folds 
beatlepool: folds 
Uncalled bet ($0.11) returned to laureano290
laureano290 collected $0.16 from pot
laureano290: doesn't show hand 
*** SUMMARY ***
Total pot $0.17 | Rake $0.01 
Board [5c 9c 4c]
Seat 2: densdk (button) folded before Flop (didn't bet)
Seat 3: beatlepool (small blind) folded on the Flop
Seat 4: Dorex2007 (big blind) folded before Flop
Seat 5: vladimir5421 folded before Flop (didn't bet)
Seat 6: MXLVI folded before Flop (didn't bet)
Seat 7: laureano290 collected ($0.16)
Seat 8: LeandroAku folded before Flop (didn't bet)
Seat 9: LEVsha210 folded on the Flop



PokerStars Hand #233192769935:  Hold'em No Limit ($0.01/$0.02 USD) - 2022/01/16 9:14:14 PT [2022/01/16 12:14:14 ET]
Table 'Philagoria' 9-max Seat #3 is the button
Seat 1: PetrovSN2986 ($0.80 in chips) 
Seat 2: densdk ($5.11 in chips) 
Seat 3: beatlepool ($1.53 in chips) 
Seat 4: Dorex2007 ($2.75 in chips) 
Seat 5: vladimir5421 ($2.44 in chips) 
Seat 7: laureano290 ($2.27 in chips) 
Seat 8: LeandroAku ($1.72 in chips) 
Seat 9: LEVsha210 ($1.82 in chips) 
Dorex2007: posts small blind $0.01
vladimir5421: posts big blind $0.02
refuge_pl: sits out 
*** HOLE CARDS ***
Dealt to Dorex2007 [2s 6c]
laureano290: folds 
LeandroAku: folds 
LEVsha210: folds 
PetrovSN2986: folds 
densdk said, "ssich?"
densdk: raises $0.03 to $0.05
beatlepool: folds 
Dorex2007: folds 
vladimir5421: folds 
Uncalled bet ($0.03) returned to densdk
densdk collected $0.05 from pot
densdk: doesn't show hand 
*** SUMMARY ***
Total pot $0.05 | Rake $0 
Seat 1: PetrovSN2986 folded before Flop (didn't bet)
Seat 2: densdk collected ($0.05)
Seat 3: beatlepool (button) folded before Flop (didn't bet)
Seat 4: Dorex2007 (small blind) folded before Flop
Seat 5: vladimir5421 (big blind) folded before Flop
Seat 7: laureano290 folded before Flop (didn't bet)
Seat 8: LeandroAku folded before Flop (didn't bet)
Seat 9: LEVsha210 folded before Flop (didn't bet)



PokerStars Hand #233192783017:  Hold'em No Limit ($0.01/$0.02 USD) - 2022/01/16 9:14:36 PT [2022/01/16 12:14:36 ET]
Table 'Philagoria' 9-max Seat #4 is the button
Seat 1: PetrovSN2986 ($0.80 in chips) 
Seat 2: densdk ($5.14 in chips) 
Seat 3: beatlepool ($1.53 in chips) 
Seat 4: Dorex2007 ($2.74 in chips) 
Seat 5: vladimir5421 ($2.42 in chips) 
Seat 6: refuge_pl ($1.50 in chips) 
Seat 7: laureano290 ($2.27 in chips) 
Seat 8: LeandroAku ($1.72 in chips) 
Seat 9: LEVsha210 ($1.82 in chips) 
vladimir5421: posts small blind $0.01
refuge_pl: posts big blind $0.02
*** HOLE CARDS ***
Dealt to Dorex2007 [Qs Ac]
laureano290: raises $0.03 to $0.05
densdk said, "this is norm"
LeandroAku: folds 
LEVsha210: folds 
PetrovSN2986: folds 
densdk: folds 
beatlepool: folds 
Dorex2007: calls $0.05
vladimir5421: folds 
refuge_pl: folds 
*** FLOP *** [5h 4d 7h]
laureano290: checks 
Dorex2007: checks 
*** TURN *** [5h 4d 7h] [Jh]
laureano290: checks 
Dorex2007: checks 
*** RIVER *** [5h 4d 7h Jh] [3h]
laureano290: checks 
Dorex2007: bets $0.09
laureano290: folds 
Uncalled bet ($0.09) returned to Dorex2007
Dorex2007 collected $0.13 from pot
Dorex2007: doesn't show hand 
*** SUMMARY ***
Total pot $0.13 | Rake $0 
Board [5h 4d 7h Jh 3h]
Seat 1: PetrovSN2986 folded before Flop (didn't bet)
Seat 2: densdk folded before Flop (didn't bet)
Seat 3: beatlepool folded before Flop (didn't bet)
Seat 4: Dorex2007 (button) collected ($0.13)
Seat 5: vladimir5421 (small blind) folded before Flop
Seat 6: refuge_pl (big blind) folded before Flop
Seat 7: laureano290 folded on the River
Seat 8: LeandroAku folded before Flop (didn't bet)
Seat 9: LEVsha210 folded before Flop (didn't bet)



PokerStars Hand #233192823080:  Hold'em No Limit ($0.01/$0.02 USD) - 2022/01/16 9:15:41 PT [2022/01/16 12:15:41 ET]
Table 'Philagoria' 9-max Seat #5 is the button
Seat 1: PetrovSN2986 ($0.80 in chips) 
Seat 2: densdk ($5.14 in chips) 
Seat 3: beatlepool ($1.53 in chips) 
Seat 4: Dorex2007 ($2.82 in chips) 
Seat 5: vladimir5421 ($2.41 in chips) 
Seat 6: refuge_pl ($1.48 in chips) 
Seat 8: LeandroAku ($1.72 in chips) 
Seat 9: LEVsha210 ($1.82 in chips) 
refuge_pl: posts small blind $0.01
laureano290: is sitting out 
LeandroAku: posts big blind $0.02
*** HOLE CARDS ***
Dealt to Dorex2007 [2h 9c]
LEVsha210: folds 
PetrovSN2986: raises $0.04 to $0.06
densdk: raises $0.06 to $0.12
beatlepool: folds 
Dorex2007: folds 
vladimir5421: folds 
refuge_pl: folds 
LeandroAku: folds 
PetrovSN2986: calls $0.06
*** FLOP *** [Tc Ks Ah]
PetrovSN2986: checks 
laureano290 leaves the table
densdk: checks 
*** TURN *** [Tc Ks Ah] [Kh]
PetrovSN2986: checks 
densdk: bets $0.02
PetrovSN2986: calls $0.02
*** RIVER *** [Tc Ks Ah Kh] [Jc]
PetrovSN2986: checks 
densdk: checks 
*** SHOW DOWN ***
PetrovSN2986: shows [Th Qd] (a straight, Ten to Ace)
densdk: mucks hand 
PetrovSN2986 collected $0.30 from pot
*** SUMMARY ***
Total pot $0.31 | Rake $0.01 
Board [Tc Ks Ah Kh Jc]
Seat 1: PetrovSN2986 showed [Th Qd] and won ($0.30) with a straight, Ten to Ace
Seat 2: densdk mucked [6c 6h]
Seat 3: beatlepool folded before Flop (didn't bet)
Seat 4: Dorex2007 folded before Flop (didn't bet)
Seat 5: vladimir5421 (button) folded before Flop (didn't bet)
Seat 6: refuge_pl (small blind) folded before Flop
Seat 8: LeandroAku (big blind) folded before Flop
Seat 9: LEVsha210 folded before Flop (didn't bet)



PokerStars Hand #233192860459:  Hold'em No Limit ($0.01/$0.02 USD) - 2022/01/16 9:16:37 PT [2022/01/16 12:16:37 ET]
Table 'Philagoria' 9-max Seat #6 is the button
Seat 1: PetrovSN2986 ($0.96 in chips) 
Seat 2: densdk ($5 in chips) 
Seat 3: beatlepool ($1.53 in chips) 
Seat 4: Dorex2007 ($2.82 in chips) 
Seat 5: vladimir5421 ($2.41 in chips) 
Seat 6: refuge_pl ($1.47 in chips) 
Seat 8: LeandroAku ($1.70 in chips) 
Seat 9: LEVsha210 ($1.82 in chips) 
LeandroAku: posts small blind $0.01
LEVsha210: posts big blind $0.02
*** HOLE CARDS ***
Dealt to Dorex2007 [6c Th]
Days 2222 joins the table at seat #7 
PetrovSN2986: raises $0.04 to $0.06
densdk: calls $0.06
beatlepool: folds 
Dorex2007: folds 
vladimir5421: folds 
refuge_pl: folds 
LeandroAku: folds 
LEVsha210: folds 
*** FLOP *** [Qh 7h Ah]
PetrovSN2986: bets $0.07
densdk: folds 
Uncalled bet ($0.07) returned to PetrovSN2986
PetrovSN2986 collected $0.14 from pot
*** SUMMARY ***
Total pot $0.15 | Rake $0.01 
Board [Qh 7h Ah]
Seat 1: PetrovSN2986 collected ($0.14)
Seat 2: densdk folded on the Flop
Seat 3: beatlepool folded before Flop (didn't bet)
Seat 4: Dorex2007 folded before Flop (didn't bet)
Seat 5: vladimir5421 folded before Flop (didn't bet)
Seat 6: refuge_pl (button) folded before Flop (didn't bet)
Seat 8: LeandroAku (small blind) folded before Flop
Seat 9: LEVsha210 (big blind) folded before Flop



PokerStars Hand #233192874452:  Hold'em No Limit ($0.01/$0.02 USD) - 2022/01/16 9:17:00 PT [2022/01/16 12:17:00 ET]
Table 'Philagoria' 9-max Seat #8 is the button
Seat 1: PetrovSN2986 ($1.04 in chips) 
Seat 2: densdk ($4.94 in chips) 
Seat 3: beatlepool ($1.53 in chips) 
Seat 4: Dorex2007 ($2.82 in chips) 
Seat 5: vladimir5421 ($2.41 in chips) 
Seat 6: refuge_pl ($1.47 in chips) 
Seat 8: LeandroAku ($1.69 in chips) 
Seat 9: LEVsha210 ($1.80 in chips) 
LEVsha210: posts small blind $0.01
PetrovSN2986: posts big blind $0.02
Days 2222: sits out 
*** HOLE CARDS ***
Dealt to Dorex2007 [5h 3s]
densdk said, "slodrocher)"
densdk: calls $0.02
beatlepool: folds 
Dorex2007: folds 
vladimir5421: folds 
refuge_pl: raises $0.02 to $0.04
LeandroAku: folds 
LEVsha210: raises $0.12 to $0.16
PetrovSN2986: folds 
densdk: folds 
refuge_pl: calls $0.12
*** FLOP *** [Kc Jc 5c]
LEVsha210: checks 
refuge_pl: bets $0.14
LEVsha210: calls $0.14
*** TURN *** [Kc Jc 5c] [9h]
LEVsha210: checks 
refuge_pl: bets $0.38
LEVsha210: raises $0.56 to $0.94
refuge_pl: raises $0.23 to $1.17 and is all-in
LEVsha210: calls $0.23
*** RIVER *** [Kc Jc 5c 9h] [Ts]
*** SHOW DOWN ***
LEVsha210: shows [Ac Tc] (a flush, Ace high)
refuge_pl: shows [Qd Kh] (a straight, Nine to King)
LEVsha210 collected $2.88 from pot
*** SUMMARY ***
Total pot $2.98 | Rake $0.10 
Board [Kc Jc 5c 9h Ts]
Seat 1: PetrovSN2986 (big blind) folded before Flop
Seat 2: densdk folded before Flop
Seat 3: beatlepool folded before Flop (didn't bet)
Seat 4: Dorex2007 folded before Flop (didn't bet)
Seat 5: vladimir5421 folded before Flop (didn't bet)
Seat 6: refuge_pl showed [Qd Kh] and lost with a straight, Nine to King
Seat 8: LeandroAku (button) folded before Flop (didn't bet)
Seat 9: LEVsha210 (small blind) showed [Ac Tc] and won ($2.88) with a flush, Ace high



PokerStars Hand #233192955886:  Hold'em No Limit ($0.01/$0.02 USD) - 2022/01/16 9:19:13 PT [2022/01/16 12:19:13 ET]
Table 'Philagoria' 9-max Seat #9 is the button
Seat 1: PetrovSN2986 ($1.02 in chips) 
Seat 2: densdk ($4.92 in chips) 
Seat 3: beatlepool ($1.53 in chips) 
Seat 4: Dorex2007 ($2.82 in chips) 
Seat 5: vladimir5421 ($2.41 in chips) 
Seat 8: LeandroAku ($1.69 in chips) 
Seat 9: LEVsha210 ($3.21 in chips) 
PetrovSN2986: posts small blind $0.01
densdk: posts big blind $0.02
Days 2222: sits out 
*** HOLE CARDS ***
Dealt to Dorex2007 [7d Ac]
beatlepool: folds 
Dorex2007: folds 
vladimir5421: folds 
LeandroAku has timed out
LeandroAku: folds 
LEVsha210: raises $0.05 to $0.07
PetrovSN2986: folds 
densdk: folds 
Uncalled bet ($0.05) returned to LEVsha210
LEVsha210 collected $0.05 from pot
*** SUMMARY ***
Total pot $0.05 | Rake $0 
Seat 1: PetrovSN2986 (small blind) folded before Flop
Seat 2: densdk (big blind) folded before Flop
Seat 3: beatlepool folded before Flop (didn't bet)
Seat 4: Dorex2007 folded before Flop (didn't bet)
Seat 5: vladimir5421 folded before Flop (didn't bet)
Seat 8: LeandroAku folded before Flop (didn't bet)
Seat 9: LEVsha210 (button) collected ($0.05)



PokerStars Hand #233192975411:  Hold'em No Limit ($0.01/$0.02 USD) - 2022/01/16 9:19:46 PT [2022/01/16 12:19:46 ET]
Table 'Philagoria' 9-max Seat #1 is the button
Seat 1: PetrovSN2986 ($1.01 in chips) 
Seat 2: densdk ($4.90 in chips) 
Seat 3: beatlepool ($1.53 in chips) 
Seat 4: Dorex2007 ($2.82 in chips) 
Seat 5: vladimir5421 ($2.41 in chips) 
Seat 6: refuge_pl ($1.52 in chips) 
Seat 9: LEVsha210 ($3.24 in chips) 
densdk: posts small blind $0.01
beatlepool: posts big blind $0.02
Days 2222: sits out 
*** HOLE CARDS ***
Dealt to Dorex2007 [5d 5s]
Dorex2007: calls $0.02
vladimir5421: folds 
refuge_pl: folds 
LEVsha210: folds 
PetrovSN2986: folds 
densdk: calls $0.01
LEVsha210 leaves the table
beatlepool: raises $0.06 to $0.08
Dorex2007: folds 
densdk: calls $0.06
*** FLOP *** [4s 9h Ad]
densdk: checks 
beatlepool: bets $0.09
densdk: calls $0.09
*** TURN *** [4s 9h Ad] [5h]
densdk: checks 
beatlepool: bets $0.19
densdk: calls $0.19
*** RIVER *** [4s 9h Ad 5h] [3s]
densdk: bets $0.02
beatlepool: calls $0.02
*** SHOW DOWN ***
densdk: shows [Td As] (a pair of Aces)
beatlepool: mucks hand 
densdk collected $0.75 from pot
*** SUMMARY ***
Total pot $0.78 | Rake $0.03 
Board [4s 9h Ad 5h 3s]
Seat 1: PetrovSN2986 (button) folded before Flop (didn't bet)
Seat 2: densdk (small blind) showed [Td As] and won ($0.75) with a pair of Aces
Seat 3: beatlepool (big blind) mucked [Jc Js]
Seat 4: Dorex2007 folded before Flop
Seat 5: vladimir5421 folded before Flop (didn't bet)
Seat 6: refuge_pl folded before Flop (didn't bet)
Seat 9: LEVsha210 folded before Flop (didn't bet)



PokerStars Hand #233193005873:  Hold'em No Limit ($0.01/$0.02 USD) - 2022/01/16 9:20:35 PT [2022/01/16 12:20:35 ET]
Table 'Philagoria' 9-max Seat #2 is the button
Seat 1: PetrovSN2986 ($1.01 in chips) 
Seat 2: densdk ($5.27 in chips) 
Seat 3: beatlepool ($1.15 in chips) 
Seat 4: Dorex2007 ($2.80 in chips) 
Seat 5: vladimir5421 ($2.41 in chips) 
Seat 6: refuge_pl ($1.52 in chips) 
Seat 8: LeandroAku ($1.69 in chips) 
beatlepool: posts small blind $0.01
Dorex2007: posts big blind $0.02
Days 2222: sits out 
*** HOLE CARDS ***
Dealt to Dorex2007 [6c 5h]
vladimir5421: folds 
refuge_pl: folds 
LeandroAku has timed out
LeandroAku: folds 
SpringsPike joins the table at seat #9 
PetrovSN2986: folds 
densdk has timed out
densdk: folds 
beatlepool: folds 
Uncalled bet ($0.01) returned to Dorex2007
Dorex2007 collected $0.02 from pot
Dorex2007: doesn't show hand 
*** SUMMARY ***
Total pot $0.02 | Rake $0 
Seat 1: PetrovSN2986 folded before Flop (didn't bet)
Seat 2: densdk (button) folded before Flop (didn't bet)
Seat 3: beatlepool (small blind) folded before Flop
Seat 4: Dorex2007 (big blind) collected ($0.02)
Seat 5: vladimir5421 folded before Flop (didn't bet)
Seat 6: refuge_pl folded before Flop (didn't bet)
Seat 8: LeandroAku folded before Flop (didn't bet)



PokerStars Hand #233193028798:  Hold'em No Limit ($0.01/$0.02 USD) - 2022/01/16 9:21:13 PT [2022/01/16 12:21:13 ET]
Table 'Philagoria' 9-max Seat #3 is the button
Seat 1: PetrovSN2986 ($1.01 in chips) 
Seat 3: beatlepool ($1.14 in chips) 
Seat 4: Dorex2007 ($2.81 in chips) 
Seat 5: vladimir5421 ($2.41 in chips) 
Seat 6: refuge_pl ($1.52 in chips) 
Dorex2007: posts small blind $0.01
vladimir5421: posts big blind $0.02
Days 2222: sits out 
SpringsPike: sits out 
*** HOLE CARDS ***
Dealt to Dorex2007 [Qs Th]
refuge_pl: raises $0.02 to $0.04
PetrovSN2986: folds 
beatlepool: folds 
Dorex2007: folds 
vladimir5421: folds 
Uncalled bet ($0.02) returned to refuge_pl
refuge_pl collected $0.05 from pot
refuge_pl: doesn't show hand 
*** SUMMARY ***
Total pot $0.05 | Rake $0 
Seat 1: PetrovSN2986 folded before Flop (didn't bet)
Seat 3: beatlepool (button) folded before Flop (didn't bet)
Seat 4: Dorex2007 (small blind) folded before Flop
Seat 5: vladimir5421 (big blind) folded before Flop
Seat 6: refuge_pl collected ($0.05)



PokerStars Hand #233193041656:  Hold'em No Limit ($0.01/$0.02 USD) - 2022/01/16 9:21:34 PT [2022/01/16 12:21:34 ET]
Table 'Philagoria' 9-max Seat #4 is the button
Seat 1: PetrovSN2986 ($1.01 in chips) 
Seat 3: beatlepool ($1.14 in chips) 
Seat 4: Dorex2007 ($2.80 in chips) 
Seat 5: vladimir5421 ($2.39 in chips) 
Seat 6: refuge_pl ($1.55 in chips) 
vladimir5421: posts small blind $0.01
refuge_pl: posts big blind $0.02
Days 2222: sits out 
SpringsPike: sits out 
*** HOLE CARDS ***
Dealt to Dorex2007 [As Ah]
PetrovSN2986: folds 
beatlepool: folds 
Dorex2007: raises $0.06 to $0.08
vladimir5421: folds 
refuge_pl: folds 
Uncalled bet ($0.06) returned to Dorex2007
Dorex2007 collected $0.05 from pot
Dorex2007: doesn't show hand 
*** SUMMARY ***
Total pot $0.05 | Rake $0 
Seat 1: PetrovSN2986 folded before Flop (didn't bet)
Seat 3: beatlepool folded before Flop (didn't bet)
Seat 4: Dorex2007 (button) collected ($0.05)
Seat 5: vladimir5421 (small blind) folded before Flop
Seat 6: refuge_pl (big blind) folded before Flop



PokerStars Hand #233193056141:  Hold'em No Limit ($0.01/$0.02 USD) - 2022/01/16 9:21:58 PT [2022/01/16 12:21:58 ET]
Table 'Philagoria' 9-max Seat #5 is the button
Seat 1: PetrovSN2986 ($1.01 in chips) 
Seat 3: beatlepool ($1.14 in chips) 
Seat 4: Dorex2007 ($2.83 in chips) 
Seat 5: vladimir5421 ($2.38 in chips) 
Seat 6: refuge_pl ($1.53 in chips) 
Seat 7: Days 2222 ($1 in chips) 
refuge_pl: posts small blind $0.01
Days 2222: posts big blind $0.02
SpringsPike: sits out 
*** HOLE CARDS ***
Dealt to Dorex2007 [Td 7d]
PetrovSN2986: raises $0.04 to $0.06
beatlepool: folds 
Dorex2007: folds 
vladimir5421: calls $0.06
refuge_pl: folds 
Days 2222: folds 
*** FLOP *** [As 4h 3s]
PetrovSN2986: bets $0.07
vladimir5421: folds 
Uncalled bet ($0.07) returned to PetrovSN2986
PetrovSN2986 collected $0.14 from pot
*** SUMMARY ***
Total pot $0.15 | Rake $0.01 
Board [As 4h 3s]
Seat 1: PetrovSN2986 collected ($0.14)
Seat 3: beatlepool folded before Flop (didn't bet)
Seat 4: Dorex2007 folded before Flop (didn't bet)
Seat 5: vladimir5421 (button) folded on the Flop
Seat 6: refuge_pl (small blind) folded before Flop
Seat 7: Days 2222 (big blind) folded before Flop



PokerStars Hand #233193073570:  Hold'em No Limit ($0.01/$0.02 USD) - 2022/01/16 9:22:26 PT [2022/01/16 12:22:26 ET]
Table 'Philagoria' 9-max Seat #6 is the button
Seat 1: PetrovSN2986 ($1.09 in chips) 
Seat 3: beatlepool ($1.14 in chips) 
Seat 4: Dorex2007 ($2.83 in chips) 
Seat 5: vladimir5421 ($2.32 in chips) 
Seat 6: refuge_pl ($1.52 in chips) 
Seat 7: Days 2222 ($0.98 in chips) 
Seat 9: SpringsPike ($0.80 in chips) 
Days 2222: posts small blind $0.01
SpringsPike: posts big blind $0.02
*** HOLE CARDS ***
Dealt to Dorex2007 [7s Ah]
PetrovSN2986: folds 
beatlepool: folds 
Dorex2007: folds 
vladimir5421: folds 
refuge_pl: raises $0.02 to $0.04
Days 2222: folds 
SpringsPike: folds 
Uncalled bet ($0.02) returned to refuge_pl
refuge_pl collected $0.05 from pot
refuge_pl: doesn't show hand 
*** SUMMARY ***
Total pot $0.05 | Rake $0 
Seat 1: PetrovSN2986 folded before Flop (didn't bet)
Seat 3: beatlepool folded before Flop (didn't bet)
Seat 4: Dorex2007 folded before Flop (didn't bet)
Seat 5: vladimir5421 folded before Flop (didn't bet)
Seat 6: refuge_pl (button) collected ($0.05)
Seat 7: Days 2222 (small blind) folded before Flop
Seat 9: SpringsPike (big blind) folded before Flop



PokerStars Hand #233193083009:  Hold'em No Limit ($0.01/$0.02 USD) - 2022/01/16 9:22:41 PT [2022/01/16 12:22:41 ET]
Table 'Philagoria' 9-max Seat #7 is the button
Seat 1: PetrovSN2986 ($1.09 in chips) 
Seat 3: beatlepool ($1.14 in chips) 
Seat 4: Dorex2007 ($2.83 in chips) 
Seat 5: vladimir5421 ($2.32 in chips) 
Seat 6: refuge_pl ($1.55 in chips) 
Seat 7: Days 2222 ($0.97 in chips) 
Seat 9: SpringsPike ($0.78 in chips) 
SpringsPike: posts small blind $0.01
PetrovSN2986: posts big blind $0.02
*** HOLE CARDS ***
Dealt to Dorex2007 [Kc Qd]
beatlepool: folds 
Dorex2007: folds 
vladimir5421: folds 
refuge_pl: folds 
Days 2222: folds 
SpringsPike: folds 
Uncalled bet ($0.01) returned to PetrovSN2986
PetrovSN2986 collected $0.02 from pot
*** SUMMARY ***
Total pot $0.02 | Rake $0 
Seat 1: PetrovSN2986 (big blind) collected ($0.02)
Seat 3: beatlepool folded before Flop (didn't bet)
Seat 4: Dorex2007 folded before Flop (didn't bet)
Seat 5: vladimir5421 folded before Flop (didn't bet)
Seat 6: refuge_pl folded before Flop (didn't bet)
Seat 7: Days 2222 (button) folded before Flop (didn't bet)
Seat 9: SpringsPike (small blind) folded before Flop



PokerStars Hand #233193092563:  Hold'em No Limit ($0.01/$0.02 USD) - 2022/01/16 9:22:57 PT [2022/01/16 12:22:57 ET]
Table 'Philagoria' 9-max Seat #9 is the button
Seat 1: PetrovSN2986 ($1.10 in chips) 
Seat 3: beatlepool ($1.14 in chips) 
Seat 4: Dorex2007 ($2.83 in chips) 
Seat 5: vladimir5421 ($2.32 in chips) 
Seat 6: refuge_pl ($1.55 in chips) 
Seat 7: Days 2222 ($0.97 in chips) 
Seat 9: SpringsPike ($0.77 in chips) 
PetrovSN2986: posts small blind $0.01
beatlepool: posts big blind $0.02
*** HOLE CARDS ***
Dealt to Dorex2007 [2d 2h]
Dorex2007: folds 
vladimir5421: folds 
refuge_pl: folds 
Days 2222: folds 
SpringsPike: folds 
PetrovSN2986: raises $0.02 to $0.04
LeandroAku leaves the table
beatlepool: raises $0.11 to $0.15
PetrovSN2986: raises $0.30 to $0.45
beatlepool: raises $0.69 to $1.14 and is all-in
PetrovSN2986: calls $0.65 and is all-in
Uncalled bet ($0.04) returned to beatlepool
*** FLOP *** [4c 7c Qc]
*** TURN *** [4c 7c Qc] [2s]
*** RIVER *** [4c 7c Qc 2s] [6c]
*** SHOW DOWN ***
PetrovSN2986: shows [Ac As] (a flush, Ace high)
beatlepool: shows [Ad Kd] (high card Ace)
PetrovSN2986 collected $2.12 from pot
*** SUMMARY ***
Total pot $2.20 | Rake $0.08 
Board [4c 7c Qc 2s 6c]
Seat 1: PetrovSN2986 (small blind) showed [Ac As] and won ($2.12) with a flush, Ace high
Seat 3: beatlepool (big blind) showed [Ad Kd] and lost with high card Ace
Seat 4: Dorex2007 folded before Flop (didn't bet)
Seat 5: vladimir5421 folded before Flop (didn't bet)
Seat 6: refuge_pl folded before Flop (didn't bet)
Seat 7: Days 2222 folded before Flop (didn't bet)
Seat 9: SpringsPike (button) folded before Flop (didn't bet)



PokerStars Hand #233193121767:  Hold'em No Limit ($0.01/$0.02 USD) - 2022/01/16 9:23:45 PT [2022/01/16 12:23:45 ET]
Table 'Philagoria' 9-max Seat #1 is the button
Seat 1: PetrovSN2986 ($2.12 in chips) 
Seat 3: beatlepool ($0.04 in chips) 
Seat 4: Dorex2007 ($2.83 in chips) 
Seat 5: vladimir5421 ($2.32 in chips) 
Seat 6: refuge_pl ($1.55 in chips) 
Seat 7: Days 2222 ($0.97 in chips) 
Seat 9: SpringsPike ($0.77 in chips) 
beatlepool: posts small blind $0.01
Dorex2007: posts big blind $0.02
*** HOLE CARDS ***
Dealt to Dorex2007 [3d 4s]
vladimir5421: raises $0.04 to $0.06
refuge_pl: folds 
Days 2222: folds 
SpringsPike: calls $0.06
PetrovSN2986: raises $0.21 to $0.27
beatlepool: folds 
Dorex2007: folds 
vladimir5421: folds 
SpringsPike: calls $0.21
*** FLOP *** [8h Qd 8c]
beatlepool leaves the table
SpringsPike: checks 
PetrovSN2986: bets $0.31
SpringsPike: folds 
Uncalled bet ($0.31) returned to PetrovSN2986
PetrovSN2986 collected $0.61 from pot
*** SUMMARY ***
Total pot $0.63 | Rake $0.02 
Board [8h Qd 8c]
Seat 1: PetrovSN2986 (button) collected ($0.61)
Seat 3: beatlepool (small blind) folded before Flop
Seat 4: Dorex2007 (big blind) folded before Flop
Seat 5: vladimir5421 folded before Flop
Seat 6: refuge_pl folded before Flop (didn't bet)
Seat 7: Days 2222 folded before Flop (didn't bet)
Seat 9: SpringsPike folded on the Flop



PokerStars Hand #233193146523:  Hold'em No Limit ($0.01/$0.02 USD) - 2022/01/16 9:24:25 PT [2022/01/16 12:24:25 ET]
Table 'Philagoria' 9-max Seat #4 is the button
Seat 1: PetrovSN2986 ($2.46 in chips) 
Seat 4: Dorex2007 ($2.81 in chips) 
Seat 5: vladimir5421 ($2.26 in chips) 
Seat 6: refuge_pl ($1.55 in chips) 
Seat 7: Days 2222 ($0.97 in chips) 
Seat 9: SpringsPike ($0.50 in chips) 
vladimir5421: posts small blind $0.01
refuge_pl: posts big blind $0.02
*** HOLE CARDS ***
Dealt to Dorex2007 [3d 5d]
Days 2222: folds 
SpringsPike: folds 
PetrovSN2986: folds 
Dorex2007: folds 
vladimir5421: raises $0.04 to $0.06
refuge_pl: folds 
Uncalled bet ($0.04) returned to vladimir5421
vladimir5421 collected $0.04 from pot
vladimir5421: doesn't show hand 
*** SUMMARY ***
Total pot $0.04 | Rake $0 
Seat 1: PetrovSN2986 folded before Flop (didn't bet)
Seat 4: Dorex2007 (button) folded before Flop (didn't bet)
Seat 5: vladimir5421 (small blind) collected ($0.04)
Seat 6: refuge_pl (big blind) folded before Flop
Seat 7: Days 2222 folded before Flop (didn't bet)
Seat 9: SpringsPike folded before Flop (didn't bet)



PokerStars Hand #233193160242:  Hold'em No Limit ($0.01/$0.02 USD) - 2022/01/16 9:24:43 PT [2022/01/16 12:24:43 ET]
Table 'Philagoria' 9-max Seat #5 is the button
Seat 1: PetrovSN2986 ($2.46 in chips) 
Seat 4: Dorex2007 ($2.81 in chips) 
Seat 5: vladimir5421 ($2.28 in chips) 
Seat 6: refuge_pl ($1.53 in chips) 
Seat 7: Days 2222 ($0.97 in chips) 
Seat 9: SpringsPike ($0.50 in chips) 
refuge_pl: posts small blind $0.01
Days 2222: posts big blind $0.02
*** HOLE CARDS ***
Dealt to Dorex2007 [Ah Ac]
SpringsPike: folds 
PetrovSN2986: folds 
Dorex2007: raises $0.08 to $0.10
vladimir5421: folds 
refuge_pl: folds 
Days 2222: folds 
Uncalled bet ($0.08) returned to Dorex2007
Dorex2007 collected $0.05 from pot
Dorex2007: doesn't show hand 
*** SUMMARY ***
Total pot $0.05 | Rake $0 
Seat 1: PetrovSN2986 folded before Flop (didn't bet)
Seat 4: Dorex2007 collected ($0.05)
Seat 5: vladimir5421 (button) folded before Flop (didn't bet)
Seat 6: refuge_pl (small blind) folded before Flop
Seat 7: Days 2222 (big blind) folded before Flop
Seat 9: SpringsPike folded before Flop (didn't bet)



PokerStars Hand #233193173871:  Hold'em No Limit ($0.01/$0.02 USD) - 2022/01/16 9:25:05 PT [2022/01/16 12:25:05 ET]
Table 'Philagoria' 9-max Seat #6 is the button
Seat 1: PetrovSN2986 ($2.46 in chips) 
Seat 4: Dorex2007 ($2.84 in chips) 
Seat 5: vladimir5421 ($2.28 in chips) 
Seat 6: refuge_pl ($1.52 in chips) 
Seat 7: Days 2222 ($0.95 in chips) 
Seat 9: SpringsPike ($0.50 in chips) 
Days 2222: posts small blind $0.01
SpringsPike: posts big blind $0.02
*** HOLE CARDS ***
Dealt to Dorex2007 [5d 2h]
PetrovSN2986: raises $0.04 to $0.06
Dorex2007: folds 
vladimir5421: folds 
refuge_pl: folds 
Days 2222: calls $0.05
SpringsPike: folds 
*** FLOP *** [Jd Ks 7s]
Days 2222: checks 
PetrovSN2986: checks 
*** TURN *** [Jd Ks 7s] [2d]
Days 2222: checks 
PetrovSN2986: bets $0.16
Days 2222: folds 
Uncalled bet ($0.16) returned to PetrovSN2986
PetrovSN2986 collected $0.14 from pot
*** SUMMARY ***
Total pot $0.14 | Rake $0 
Board [Jd Ks 7s 2d]
Seat 1: PetrovSN2986 collected ($0.14)
Seat 4: Dorex2007 folded before Flop (didn't bet)
Seat 5: vladimir5421 folded before Flop (didn't bet)
Seat 6: refuge_pl (button) folded before Flop (didn't bet)
Seat 7: Days 2222 (small blind) folded on the Turn
Seat 9: SpringsPike (big blind) folded before Flop



PokerStars Hand #233193203420:  Hold'em No Limit ($0.01/$0.02 USD) - 2022/01/16 9:25:52 PT [2022/01/16 12:25:52 ET]
Table 'Philagoria' 9-max Seat #7 is the button
Seat 1: PetrovSN2986 ($2.54 in chips) 
Seat 4: Dorex2007 ($2.84 in chips) 
Seat 5: vladimir5421 ($2.28 in chips) 
Seat 6: refuge_pl ($1.52 in chips) 
Seat 7: Days 2222 ($0.89 in chips) 
Seat 9: SpringsPike ($0.48 in chips) 
SpringsPike: posts small blind $0.01
PetrovSN2986: posts big blind $0.02
*** HOLE CARDS ***
Dealt to Dorex2007 [Qh 3h]
Dorex2007: folds 
vladimir5421: folds 
refuge_pl: folds 
Days 2222: calls $0.02
SpringsPike: raises $0.46 to $0.48 and is all-in
PetrovSN2986: folds 
Days 2222: folds 
Uncalled bet ($0.46) returned to SpringsPike
SpringsPike collected $0.06 from pot
SpringsPike: doesn't show hand 
*** SUMMARY ***
Total pot $0.06 | Rake $0 
Seat 1: PetrovSN2986 (big blind) folded before Flop
Seat 4: Dorex2007 folded before Flop (didn't bet)
Seat 5: vladimir5421 folded before Flop (didn't bet)
Seat 6: refuge_pl folded before Flop (didn't bet)
Seat 7: Days 2222 (button) folded before Flop
Seat 9: SpringsPike (small blind) collected ($0.06)



PokerStars Hand #233193218580:  Hold'em No Limit ($0.01/$0.02 USD) - 2022/01/16 9:26:16 PT [2022/01/16 12:26:16 ET]
Table 'Philagoria' 9-max Seat #9 is the button
Seat 1: PetrovSN2986 ($2.52 in chips) 
Seat 4: Dorex2007 ($2.84 in chips) 
Seat 5: vladimir5421 ($2.28 in chips) 
Seat 6: refuge_pl ($1.52 in chips) 
Seat 7: Days 2222 ($0.87 in chips) 
Seat 9: SpringsPike ($0.52 in chips) 
PetrovSN2986: posts small blind $0.01
Dorex2007: posts big blind $0.02
*** HOLE CARDS ***
Dealt to Dorex2007 [6c 2d]
vladimir5421: calls $0.02
refuge_pl: folds 
Days 2222: folds 
SpringsPike: calls $0.02
PetrovSN2986: calls $0.01
Dorex2007: checks 
*** FLOP *** [Ad 3s 8d]
PetrovSN2986: checks 
Dorex2007: checks 
vladimir5421: bets $0.06
SpringsPike: calls $0.06
PetrovSN2986: folds 
Dorex2007: folds 
*** TURN *** [Ad 3s 8d] [Kh]
vladimir5421: bets $0.14
SpringsPike: calls $0.14
*** RIVER *** [Ad 3s 8d Kh] [2h]
vladimir5421: bets $0.30
SpringsPike: calls $0.30 and is all-in
*** SHOW DOWN ***
vladimir5421: shows [3h 3d] (three of a kind, Threes)
SpringsPike: shows [Ac Th] (a pair of Aces)
vladimir5421 collected $1.04 from pot
*** SUMMARY ***
Total pot $1.08 | Rake $0.04 
Board [Ad 3s 8d Kh 2h]
Seat 1: PetrovSN2986 (small blind) folded on the Flop
Seat 4: Dorex2007 (big blind) folded on the Flop
Seat 5: vladimir5421 showed [3h 3d] and won ($1.04) with three of a kind, Threes
Seat 6: refuge_pl folded before Flop (didn't bet)
Seat 7: Days 2222 folded before Flop (didn't bet)
Seat 9: SpringsPike (button) showed [Ac Th] and lost with a pair of Aces



PokerStars Hand #233193274862:  Hold'em No Limit ($0.01/$0.02 USD) - 2022/01/16 9:27:38 PT [2022/01/16 12:27:38 ET]
Table 'Philagoria' 9-max Seat #1 is the button
Seat 1: PetrovSN2986 ($2.50 in chips) 
Seat 4: Dorex2007 ($2.82 in chips) 
Seat 5: vladimir5421 ($2.80 in chips) 
Seat 6: refuge_pl ($1.52 in chips) 
Seat 7: Days 2222 ($0.87 in chips) 
Dorex2007: posts small blind $0.01
vladimir5421: posts big blind $0.02
*** HOLE CARDS ***
Dealt to Dorex2007 [5s Qd]
refuge_pl: folds 
Days 2222: folds 
PetrovSN2986 has timed out
PetrovSN2986: folds 
Dorex2007: folds 
Uncalled bet ($0.01) returned to vladimir5421
vladimir5421 collected $0.02 from pot
vladimir5421: doesn't show hand 
*** SUMMARY ***
Total pot $0.02 | Rake $0 
Seat 1: PetrovSN2986 (button) folded before Flop (didn't bet)
Seat 4: Dorex2007 (small blind) folded before Flop
Seat 5: vladimir5421 (big blind) collected ($0.02)
Seat 6: refuge_pl folded before Flop (didn't bet)
Seat 7: Days 2222 folded before Flop (didn't bet)



PokerStars Hand #233193287380:  Hold'em No Limit ($0.01/$0.02 USD) - 2022/01/16 9:27:58 PT [2022/01/16 12:27:58 ET]
Table 'Philagoria' 9-max Seat #4 is the button
Seat 2: densdk ($5.27 in chips) 
Seat 4: Dorex2007 ($2.81 in chips) 
Seat 5: vladimir5421 ($2.81 in chips) 
Seat 6: refuge_pl ($1.52 in chips) 
Seat 7: Days 2222 ($0.87 in chips) 
vladimir5421: posts small blind $0.01
refuge_pl: posts big blind $0.02
densdk: posts small & big blinds $0.03
*** HOLE CARDS ***
Dealt to Dorex2007 [2h 3h]
Days 2222: folds 
densdk: raises $0.05 to $0.07
Dorex2007: folds 
PetrovSN2986 leaves the table
vladimir5421: raises $0.15 to $0.22
Kevinh1321 joins the table at seat #3 
refuge_pl: folds 
densdk: calls $0.15
*** FLOP *** [4c 4s 7c]
vladimir5421: checks 
densdk: bets $0.02
vladimir5421: calls $0.02
*** TURN *** [4c 4s 7c] [Ah]
vladimir5421: checks 
densdk: bets $0.25
vladimir5421: calls $0.25
*** RIVER *** [4c 4s 7c Ah] [3s]
vladimir5421: checks 
densdk: bets $3.10
vladimir5421: folds 
Uncalled bet ($3.10) returned to densdk
densdk collected $0.97 from pot
densdk: doesn't show hand 
*** SUMMARY ***
Total pot $1.01 | Rake $0.04 
Board [4c 4s 7c Ah 3s]
Seat 2: densdk collected ($0.97)
Seat 4: Dorex2007 (button) folded before Flop (didn't bet)
Seat 5: vladimir5421 (small blind) folded on the River
Seat 6: refuge_pl (big blind) folded before Flop
Seat 7: Days 2222 folded before Flop (didn't bet)



PokerStars Hand #233193322559:  Hold'em No Limit ($0.01/$0.02 USD) - 2022/01/16 9:28:54 PT [2022/01/16 12:28:54 ET]
Table 'Philagoria' 9-max Seat #5 is the button
Seat 2: densdk ($5.74 in chips) 
Seat 4: Dorex2007 ($2.81 in chips) 
Seat 5: vladimir5421 ($2.32 in chips) 
Seat 6: refuge_pl ($1.50 in chips) 
Seat 7: Days 2222 ($0.87 in chips) 
refuge_pl: posts small blind $0.01
Days 2222: posts big blind $0.02
Kevinh1321: sits out 
*** HOLE CARDS ***
Dealt to Dorex2007 [9h 4c]
SpringsPike leaves the table
densdk: folds 
Dorex2007: folds 
vladimir5421: raises $0.04 to $0.06
refuge_pl: folds 
nanedsRS joins the table at seat #1 
Days 2222: folds 
Uncalled bet ($0.04) returned to vladimir5421
vladimir5421 collected $0.05 from pot
vladimir5421: doesn't show hand 
*** SUMMARY ***
Total pot $0.05 | Rake $0 
Seat 2: densdk folded before Flop (didn't bet)
Seat 4: Dorex2007 folded before Flop (didn't bet)
Seat 5: vladimir5421 (button) collected ($0.05)
Seat 6: refuge_pl (small blind) folded before Flop
Seat 7: Days 2222 (big blind) folded before Flop



PokerStars Hand #233193332584:  Hold'em No Limit ($0.01/$0.02 USD) - 2022/01/16 9:29:10 PT [2022/01/16 12:29:10 ET]
Table 'Philagoria' 9-max Seat #6 is the button
Seat 1: nanedsRS ($0.80 in chips) 
Seat 2: densdk ($5.74 in chips) 
Seat 4: Dorex2007 ($2.81 in chips) 
Seat 5: vladimir5421 ($2.35 in chips) 
Seat 6: refuge_pl ($1.49 in chips) 
Seat 7: Days 2222 ($0.85 in chips) 
Days 2222: posts small blind $0.01
nanedsRS: posts big blind $0.02
Kevinh1321: sits out 
*** HOLE CARDS ***
Dealt to Dorex2007 [5h Ah]
densdk: folds 
Dorex2007: calls $0.02
vladimir5421: folds 
refuge_pl: folds 
Days 2222: raises $0.10 to $0.12
nanedsRS: calls $0.10
Dorex2007: folds 
*** FLOP *** [Qs 5c Ad]
Days 2222: bets $0.25
nanedsRS: raises $0.25 to $0.50
Days 2222: raises $0.23 to $0.73 and is all-in
nanedsRS: calls $0.18 and is all-in
Uncalled bet ($0.05) returned to Days 2222
*** TURN *** [Qs 5c Ad] [Ts]
*** RIVER *** [Qs 5c Ad Ts] [Tc]
*** SHOW DOWN ***
Days 2222: shows [Qh Qd] (a full house, Queens full of Tens)
nanedsRS: shows [Qc 9c] (two pair, Queens and Tens)
Days 2222 collected $1.54 from pot
*** SUMMARY ***
Total pot $1.62 | Rake $0.08 
Board [Qs 5c Ad Ts Tc]
Seat 1: nanedsRS (big blind) showed [Qc 9c] and lost with two pair, Queens and Tens
Seat 2: densdk folded before Flop (didn't bet)
Seat 4: Dorex2007 folded before Flop
Seat 5: vladimir5421 folded before Flop (didn't bet)
Seat 6: refuge_pl (button) folded before Flop (didn't bet)
Seat 7: Days 2222 (small blind) showed [Qh Qd] and won ($1.54) with a full house, Queens full of Tens



PokerStars Hand #233193365038:  Hold'em No Limit ($0.01/$0.02 USD) - 2022/01/16 9:30:02 PT [2022/01/16 12:30:02 ET]
Table 'Philagoria' 9-max Seat #7 is the button
Seat 2: densdk ($5.74 in chips) 
Seat 3: Kevinh1321 ($2 in chips) 
Seat 4: Dorex2007 ($2.79 in chips) 
Seat 5: vladimir5421 ($2.35 in chips) 
Seat 6: refuge_pl ($1.49 in chips) 
Seat 7: Days 2222 ($1.59 in chips) 
densdk: posts small blind $0.01
Kevinh1321: posts big blind $0.02
*** HOLE CARDS ***
Dealt to Dorex2007 [4s 9d]
Dorex2007: folds 
vladimir5421: folds 
refuge_pl: folds 
Days 2222: calls $0.02
densdk: raises $0.07 to $0.09
Kevinh1321: folds 
Days 2222: folds 
Uncalled bet ($0.07) returned to densdk
densdk collected $0.06 from pot
densdk: doesn't show hand 
*** SUMMARY ***
Total pot $0.06 | Rake $0 
Seat 2: densdk (small blind) collected ($0.06)
Seat 3: Kevinh1321 (big blind) folded before Flop
Seat 4: Dorex2007 folded before Flop (didn't bet)
Seat 5: vladimir5421 folded before Flop (didn't bet)
Seat 6: refuge_pl folded before Flop (didn't bet)
Seat 7: Days 2222 (button) folded before Flop



PokerStars Hand #233193385167:  Hold'em No Limit ($0.01/$0.02 USD) - 2022/01/16 9:30:32 PT [2022/01/16 12:30:32 ET]
Table 'Philagoria' 9-max Seat #2 is the button
Seat 2: densdk ($5.78 in chips) 
Seat 3: Kevinh1321 ($1.98 in chips) 
Seat 4: Dorex2007 ($2.79 in chips) 
Seat 5: vladimir5421 ($2.35 in chips) 
Seat 6: refuge_pl ($1.49 in chips) 
Seat 7: Days 2222 ($1.57 in chips) 
Kevinh1321: posts small blind $0.01
Dorex2007: posts big blind $0.02
nanedsRS: sits out 
*** HOLE CARDS ***
Dealt to Dorex2007 [Ks 4c]
vladimir5421: folds 
refuge_pl: folds 
Days 2222: folds 
densdk: folds 
Kevinh1321: calls $0.01
Dorex2007: checks 
*** FLOP *** [Ts 8d 6s]
Kevinh1321: checks 
Dorex2007: checks 
*** TURN *** [Ts 8d 6s] [7h]
Kevinh1321: bets $0.10
Dorex2007: folds 
Uncalled bet ($0.10) returned to Kevinh1321
Kevinh1321 collected $0.04 from pot
Kevinh1321: doesn't show hand 
*** SUMMARY ***
Total pot $0.04 | Rake $0 
Board [Ts 8d 6s 7h]
Seat 2: densdk (button) folded before Flop (didn't bet)
Seat 3: Kevinh1321 (small blind) collected ($0.04)
Seat 4: Dorex2007 (big blind) folded on the Turn
Seat 5: vladimir5421 folded before Flop (didn't bet)
Seat 6: refuge_pl folded before Flop (didn't bet)
Seat 7: Days 2222 folded before Flop (didn't bet)



PokerStars Hand #233193415748:  Hold'em No Limit ($0.01/$0.02 USD) - 2022/01/16 9:31:19 PT [2022/01/16 12:31:19 ET]
Table 'Philagoria' 9-max Seat #3 is the button
Seat 1: nanedsRS ($0.80 in chips) 
Seat 2: densdk ($5.78 in chips) 
Seat 3: Kevinh1321 ($2 in chips) 
Seat 4: Dorex2007 ($2.77 in chips) 
Seat 5: vladimir5421 ($2.35 in chips) 
Seat 6: refuge_pl ($1.49 in chips) 
Seat 7: Days 2222 ($1.57 in chips) 
Dorex2007: posts small blind $0.01
vladimir5421: posts big blind $0.02
nanedsRS: posts small blind $0.01
*** HOLE CARDS ***
Dealt to Dorex2007 [3h 8s]
refuge_pl: folds 
Days 2222: folds 
nanedsRS: calls $0.02
kety38 joins the table at seat #9 
densdk: raises $0.08 to $0.10
Kevinh1321: folds 
Dorex2007: folds 
vladimir5421: folds 
nanedsRS: folds 
Uncalled bet ($0.08) returned to densdk
densdk collected $0.08 from pot
densdk: doesn't show hand 
*** SUMMARY ***
Total pot $0.08 | Rake $0 
Seat 1: nanedsRS folded before Flop
Seat 2: densdk collected ($0.08)
Seat 3: Kevinh1321 (button) folded before Flop (didn't bet)
Seat 4: Dorex2007 (small blind) folded before Flop
Seat 5: vladimir5421 (big blind) folded before Flop
Seat 6: refuge_pl folded before Flop (didn't bet)
Seat 7: Days 2222 folded before Flop (didn't bet)



PokerStars Hand #233193428416:  Hold'em No Limit ($0.01/$0.02 USD) - 2022/01/16 9:31:39 PT [2022/01/16 12:31:39 ET]
Table 'Philagoria' 9-max Seat #4 is the button
Seat 1: nanedsRS ($0.77 in chips) 
Seat 2: densdk ($5.84 in chips) 
Seat 3: Kevinh1321 ($2 in chips) 
Seat 4: Dorex2007 ($2.76 in chips) 
Seat 5: vladimir5421 ($2.33 in chips) 
Seat 6: refuge_pl ($1.49 in chips) 
Seat 7: Days 2222 ($1.57 in chips) 
vladimir5421: posts small blind $0.01
refuge_pl: posts big blind $0.02
kety38: sits out 
*** HOLE CARDS ***
Dealt to Dorex2007 [7h Tc]
Days 2222: folds 
nanedsRS: folds 
densdk: raises $0.04 to $0.06
Kevinh1321: folds 
Dorex2007: folds 
vladimir5421: folds 
refuge_pl: folds 
Uncalled bet ($0.04) returned to densdk
densdk collected $0.05 from pot
densdk: doesn't show hand 
*** SUMMARY ***
Total pot $0.05 | Rake $0 
Seat 1: nanedsRS folded before Flop (didn't bet)
Seat 2: densdk collected ($0.05)
Seat 3: Kevinh1321 folded before Flop (didn't bet)
Seat 4: Dorex2007 (button) folded before Flop (didn't bet)
Seat 5: vladimir5421 (small blind) folded before Flop
Seat 6: refuge_pl (big blind) folded before Flop
Seat 7: Days 2222 folded before Flop (didn't bet)



PokerStars Hand #233193437084:  Hold'em No Limit ($0.01/$0.02 USD) - 2022/01/16 9:31:52 PT [2022/01/16 12:31:52 ET]
Table 'Philagoria' 9-max Seat #5 is the button
Seat 1: nanedsRS ($0.77 in chips) 
Seat 2: densdk ($5.87 in chips) 
Seat 3: Kevinh1321 ($2 in chips) 
Seat 4: Dorex2007 ($2.76 in chips) 
Seat 5: vladimir5421 ($2.32 in chips) 
Seat 6: refuge_pl ($1.47 in chips) 
Seat 7: Days 2222 ($1.57 in chips) 
refuge_pl: posts small blind $0.01
Days 2222: posts big blind $0.02
kety38: sits out 
*** HOLE CARDS ***
Dealt to Dorex2007 [4d 4c]
Vovash1958 joins the table at seat #8 
nanedsRS: calls $0.02
densdk: raises $0.03 to $0.05
Kevinh1321: calls $0.05
Dorex2007: calls $0.05
vladimir5421: folds 
refuge_pl: folds 
Days 2222: folds 
nanedsRS: calls $0.03
*** FLOP *** [Qs 6h Qc]
nanedsRS: bets $0.02
densdk: raises $0.07 to $0.09
Kevinh1321: folds 
Dorex2007: folds 
nanedsRS: calls $0.07
*** TURN *** [Qs 6h Qc] [7c]
nanedsRS: checks 
densdk: checks 
*** RIVER *** [Qs 6h Qc 7c] [3s]
nanedsRS: checks 
densdk: checks 
*** SHOW DOWN ***
nanedsRS: shows [6c Ad] (two pair, Queens and Sixes)
densdk: mucks hand 
nanedsRS collected $0.40 from pot
*** SUMMARY ***
Total pot $0.41 | Rake $0.01 
Board [Qs 6h Qc 7c 3s]
Seat 1: nanedsRS showed [6c Ad] and won ($0.40) with two pair, Queens and Sixes
Seat 2: densdk mucked [5h 5d]
Seat 3: Kevinh1321 folded on the Flop
Seat 4: Dorex2007 folded on the Flop
Seat 5: vladimir5421 (button) folded before Flop (didn't bet)
Seat 6: refuge_pl (small blind) folded before Flop
Seat 7: Days 2222 (big blind) folded before Flop



PokerStars Hand #233193465057:  Hold'em No Limit ($0.01/$0.02 USD) - 2022/01/16 9:32:35 PT [2022/01/16 12:32:35 ET]
Table 'Philagoria' 9-max Seat #6 is the button
Seat 1: nanedsRS ($1.03 in chips) 
Seat 2: densdk ($5.73 in chips) 
Seat 3: Kevinh1321 ($1.95 in chips) 
Seat 4: Dorex2007 ($2.71 in chips) 
Seat 5: vladimir5421 ($2.32 in chips) 
Seat 6: refuge_pl ($1.46 in chips) 
Seat 7: Days 2222 ($1.55 in chips) 
Seat 8: Vovash1958 ($0.80 in chips) 
Days 2222: posts small blind $0.01
Vovash1958: posts big blind $0.02
kety38: sits out 
*** HOLE CARDS ***
Dealt to Dorex2007 [Jd Qh]
nanedsRS: calls $0.02
densdk: raises $0.07 to $0.09
Kevinh1321: calls $0.09
Dorex2007: folds 
vladimir5421: folds 
kety38 leaves the table
refuge_pl: folds 
Days 2222: folds 
Vovash1958: calls $0.07
nanedsRS: folds 
*** FLOP *** [Ah Ad 5d]
Vovash1958: checks 
densdk: bets $0.02
Kevinh1321: raises $0.02 to $0.04
Vovash1958: calls $0.04
densdk: calls $0.02
*** TURN *** [Ah Ad 5d] [7c]
Vovash1958: checks 
densdk: bets $0.02
Kevinh1321: raises $0.16 to $0.18
Vovash1958: calls $0.18
densdk: folds 
*** RIVER *** [Ah Ad 5d 7c] [3h]
Vovash1958: checks 
Kevinh1321: bets $0.77
Vovash1958: folds 
Uncalled bet ($0.77) returned to Kevinh1321
Kevinh1321 collected $0.77 from pot
Kevinh1321: doesn't show hand 
*** SUMMARY ***
Total pot $0.80 | Rake $0.03 
Board [Ah Ad 5d 7c 3h]
Seat 1: nanedsRS folded before Flop
Seat 2: densdk folded on the Turn
Seat 3: Kevinh1321 collected ($0.77)
Seat 4: Dorex2007 folded before Flop (didn't bet)
Seat 5: vladimir5421 folded before Flop (didn't bet)
Seat 6: refuge_pl (button) folded before Flop (didn't bet)
Seat 7: Days 2222 (small blind) folded before Flop
Seat 8: Vovash1958 (big blind) folded on the River



PokerStars Hand #233193518963:  Hold'em No Limit ($0.01/$0.02 USD) - 2022/01/16 9:33:58 PT [2022/01/16 12:33:58 ET]
Table 'Philagoria' 9-max Seat #7 is the button
Seat 1: nanedsRS ($1.01 in chips) 
Seat 2: densdk ($5.58 in chips) 
Seat 3: Kevinh1321 ($2.41 in chips) 
Seat 4: Dorex2007 ($2.71 in chips) 
Seat 5: vladimir5421 ($2.32 in chips) 
Seat 6: refuge_pl ($1.46 in chips) 
Seat 7: Days 2222 ($1.54 in chips) 
Seat 8: Vovash1958 ($0.49 in chips) 
Vovash1958: posts small blind $0.01
nanedsRS: posts big blind $0.02
*** HOLE CARDS ***
Dealt to Dorex2007 [3c Jd]
densdk: raises $0.03 to $0.05
Kevinh1321: calls $0.05
Dorex2007: folds 
vladimir5421: folds 
refuge_pl: folds 
Days 2222: folds 
Vovash1958: raises $0.44 to $0.49 and is all-in
nanedsRS: folds 
densdk: folds 
Kevinh1321: folds 
Uncalled bet ($0.44) returned to Vovash1958
Vovash1958 collected $0.17 from pot
*** SUMMARY ***
Total pot $0.17 | Rake $0 
Seat 1: nanedsRS (big blind) folded before Flop
Seat 2: densdk folded before Flop
Seat 3: Kevinh1321 folded before Flop
Seat 4: Dorex2007 folded before Flop (didn't bet)
Seat 5: vladimir5421 folded before Flop (didn't bet)
Seat 6: refuge_pl folded before Flop (didn't bet)
Seat 7: Days 2222 (button) folded before Flop (didn't bet)
Seat 8: Vovash1958 (small blind) collected ($0.17)



PokerStars Hand #233193551416:  Hold'em No Limit ($0.01/$0.02 USD) - 2022/01/16 9:34:45 PT [2022/01/16 12:34:45 ET]
Table 'Philagoria' 9-max Seat #8 is the button
Seat 1: nanedsRS ($0.99 in chips) 
Seat 2: densdk ($5.53 in chips) 
Seat 3: Kevinh1321 ($2.36 in chips) 
Seat 4: Dorex2007 ($2.71 in chips) 
Seat 5: vladimir5421 ($2.32 in chips) 
Seat 6: refuge_pl ($1.46 in chips) 
Seat 7: Days 2222 ($1.54 in chips) 
Seat 8: Vovash1958 ($0.61 in chips) 
nanedsRS: posts small blind $0.01
densdk: posts big blind $0.02
*** HOLE CARDS ***
Dealt to Dorex2007 [7h 6c]
Kevinh1321: calls $0.02
Dorex2007: folds 
vladimir5421: folds 
refuge_pl: folds 
Days 2222: folds 
Vovash1958: calls $0.02
nanedsRS: calls $0.01
densdk: checks 
*** FLOP *** [Ah Jd Jh]
nanedsRS: bets $0.02
densdk: folds 
Kevinh1321: folds 
Vovash1958: folds 
Uncalled bet ($0.02) returned to nanedsRS
nanedsRS collected $0.08 from pot
nanedsRS: doesn't show hand 
*** SUMMARY ***
Total pot $0.08 | Rake $0 
Board [Ah Jd Jh]
Seat 1: nanedsRS (small blind) collected ($0.08)
Seat 2: densdk (big blind) folded on the Flop
Seat 3: Kevinh1321 folded on the Flop
Seat 4: Dorex2007 folded before Flop (didn't bet)
Seat 5: vladimir5421 folded before Flop (didn't bet)
Seat 6: refuge_pl folded before Flop (didn't bet)
Seat 7: Days 2222 folded before Flop (didn't bet)
Seat 8: Vovash1958 (button) folded on the Flop



