PokerStars Hand #233215380172:  Hold'em No Limit ($0.01/$0.02 USD) - 2022/01/17 0:32:04 PT [2022/01/17 3:32:04 ET]
Table 'Atreus' 9-max Seat #9 is the button
Seat 1: dazza12373 ($1.24 in chips) 
Seat 2: Dimitar5502 ($1.88 in chips) 
Seat 3: IlovePoker9089 ($0.75 in chips) 
Seat 4: Katala19993 ($2.45 in chips) 
Seat 5: Pipsiu ($0.16 in chips) 
Seat 6: MWO57 ($3.35 in chips) 
Seat 7: djkofi ($1.27 in chips) 
Seat 8: Dorex2007 ($2 in chips) 
Seat 9: TobiTee8888 ($1.19 in chips) 
dazza12373: posts small blind $0.01
Dimitar5502: posts big blind $0.02
Dorex2007: posts big blind $0.02
*** HOLE CARDS ***
Dealt to Dorex2007 [8s Qh]
IlovePoker9089: calls $0.02
Katala19993: raises $0.09 to $0.11
Pipsiu: folds 
MWO57: folds 
djkofi: folds 
Dorex2007: folds 
TobiTee8888: folds 
dazza12373: folds 
Dimitar5502: folds 
IlovePoker9089: calls $0.09
*** FLOP *** [Td Kc 7d]
IlovePoker9089: checks 
Katala19993: bets $0.26
IlovePoker9089: folds 
Uncalled bet ($0.26) returned to Katala19993
Katala19993 collected $0.26 from pot
Katala19993: doesn't show hand 
*** SUMMARY ***
Total pot $0.27 | Rake $0.01 
Board [Td Kc 7d]
Seat 1: dazza12373 (small blind) folded before Flop
Seat 2: Dimitar5502 (big blind) folded before Flop
Seat 3: IlovePoker9089 folded on the Flop
Seat 4: Katala19993 collected ($0.26)
Seat 5: Pipsiu folded before Flop (didn't bet)
Seat 6: MWO57 folded before Flop (didn't bet)
Seat 7: djkofi folded before Flop (didn't bet)
Seat 8: Dorex2007 folded before Flop (didn't bet)
Seat 9: TobiTee8888 (button) folded before Flop (didn't bet)



PokerStars Hand #233215385637:  Hold'em No Limit ($0.01/$0.02 USD) - 2022/01/17 0:32:37 PT [2022/01/17 3:32:37 ET]
Table 'Atreus' 9-max Seat #1 is the button
Seat 1: dazza12373 ($1.23 in chips) 
Seat 2: Dimitar5502 ($1.86 in chips) 
Seat 3: IlovePoker9089 ($0.64 in chips) 
Seat 4: Katala19993 ($2.60 in chips) 
Seat 5: Pipsiu ($0.16 in chips) 
Seat 6: MWO57 ($3.35 in chips) 
Seat 7: djkofi ($1.27 in chips) 
Seat 8: Dorex2007 ($2 in chips) 
Seat 9: TobiTee8888 ($1.19 in chips) 
Dimitar5502: posts small blind $0.01
IlovePoker9089: posts big blind $0.02
*** HOLE CARDS ***
Dealt to Dorex2007 [3h Qc]
Katala19993: raises $0.05 to $0.07
Pipsiu: raises $0.09 to $0.16 and is all-in
MWO57: folds 
djkofi: folds 
Dorex2007: folds 
TobiTee8888: folds 
dazza12373: folds 
Dimitar5502: folds 
IlovePoker9089: folds 
Katala19993: calls $0.09
*** FLOP *** [Th Qh 2h]
*** TURN *** [Th Qh 2h] [6d]
*** RIVER *** [Th Qh 2h 6d] [Jc]
*** SHOW DOWN ***
Katala19993: shows [Qs Ks] (a pair of Queens)
Pipsiu: shows [7s Ts] (a pair of Tens)
Katala19993 cashed out the hand for $0.23
*** SUMMARY ***
Total pot $0.35 | Rake $0.01 
Board [Th Qh 2h 6d Jc]
Seat 1: dazza12373 (button) folded before Flop (didn't bet)
Seat 2: Dimitar5502 (small blind) folded before Flop
Seat 3: IlovePoker9089 (big blind) folded before Flop
Seat 4: Katala19993 showed [Qs Ks] and won ($0.34) with a pair of Queens (pot not awarded as player cashed out)
Seat 5: Pipsiu showed [7s Ts] and lost with a pair of Tens
Seat 6: MWO57 folded before Flop (didn't bet)
Seat 7: djkofi folded before Flop (didn't bet)
Seat 8: Dorex2007 folded before Flop (didn't bet)
Seat 9: TobiTee8888 folded before Flop (didn't bet)



PokerStars Hand #233215390692:  Hold'em No Limit ($0.01/$0.02 USD) - 2022/01/17 0:33:08 PT [2022/01/17 3:33:08 ET]
Table 'Atreus' 9-max Seat #2 is the button
Seat 1: dazza12373 ($1.23 in chips) 
Seat 2: Dimitar5502 ($1.85 in chips) 
Seat 3: IlovePoker9089 ($0.62 in chips) 
Seat 4: Katala19993 ($2.67 in chips) 
Seat 6: MWO57 ($3.35 in chips) 
Seat 7: djkofi ($1.27 in chips) 
Seat 8: Dorex2007 ($2 in chips) 
Seat 9: TobiTee8888 ($1.19 in chips) 
IlovePoker9089: posts small blind $0.01
Katala19993: posts big blind $0.02
*** HOLE CARDS ***
Dealt to Dorex2007 [As Tc]
MWO57: folds 
djkofi: folds 
Dorex2007: raises $0.04 to $0.06
TobiTee8888: folds 
dazza12373: folds 
Dimitar5502: calls $0.06
IlovePoker9089: calls $0.05
Katala19993: calls $0.04
*** FLOP *** [Js 6s Jh]
IlovePoker9089: bets $0.02
Katala19993: raises $0.02 to $0.04
Dorex2007: calls $0.04
Dimitar5502: folds 
Dimitar5502 leaves the table
IlovePoker9089: folds 
*** TURN *** [Js 6s Jh] [6d]
NKaktus joins the table at seat #2 
Katala19993: bets $0.33
Dorex2007: calls $0.33
*** RIVER *** [Js 6s Jh 6d] [3c]
Katala19993: bets $0.02
Dorex2007: raises $0.67 to $0.69
Katala19993: raises $0.67 to $1.36
Dorex2007: folds 
Uncalled bet ($0.67) returned to Katala19993
Katala19993 collected $2.30 from pot
Katala19993: doesn't show hand 
*** SUMMARY ***
Total pot $2.38 | Rake $0.08 
Board [Js 6s Jh 6d 3c]
Seat 1: dazza12373 folded before Flop (didn't bet)
Seat 2: Dimitar5502 (button) folded on the Flop
Seat 3: IlovePoker9089 (small blind) folded on the Flop
Seat 4: Katala19993 (big blind) collected ($2.30)
Seat 6: MWO57 folded before Flop (didn't bet)
Seat 7: djkofi folded before Flop (didn't bet)
Seat 8: Dorex2007 folded on the River
Seat 9: TobiTee8888 folded before Flop (didn't bet)



PokerStars Hand #233215400410:  Hold'em No Limit ($0.01/$0.02 USD) - 2022/01/17 0:34:05 PT [2022/01/17 3:34:05 ET]
Table 'Atreus' 9-max Seat #3 is the button
Seat 1: dazza12373 ($1.23 in chips) 
Seat 3: IlovePoker9089 ($0.54 in chips) 
Seat 4: Katala19993 ($3.85 in chips) 
Seat 5: Pipsiu ($2 in chips) 
Seat 6: MWO57 ($3.35 in chips) 
Seat 7: djkofi ($1.27 in chips) 
Seat 8: Dorex2007 ($2 in chips) 
Seat 9: TobiTee8888 ($1.19 in chips) 
Katala19993: posts small blind $0.01
Pipsiu: posts big blind $0.02
NKaktus: sits out 
*** HOLE CARDS ***
Dealt to Dorex2007 [2c Js]
MWO57: folds 
djkofi: folds 
Dorex2007: folds 
TobiTee8888: folds 
dazza12373: folds 
IlovePoker9089: raises $0.04 to $0.06
Katala19993: calls $0.05
Pipsiu: raises $0.18 to $0.24
IlovePoker9089: folds 
Katala19993: raises $3.61 to $3.85 and is all-in
Pipsiu: calls $1.76 and is all-in
Uncalled bet ($1.85) returned to Katala19993
*** FLOP *** [Kc 8s 7c]
*** TURN *** [Kc 8s 7c] [7d]
*** RIVER *** [Kc 8s 7c 7d] [9s]
*** SHOW DOWN ***
Katala19993: shows [8h 8c] (a full house, Eights full of Sevens)
Pipsiu: shows [Jc As] (a pair of Sevens)
Katala19993 cashed out the hand for $2.15 | Cash Out Fee $0.02
*** SUMMARY ***
Total pot $4.06 | Rake $0.14 
Board [Kc 8s 7c 7d 9s]
Seat 1: dazza12373 folded before Flop (didn't bet)
Seat 3: IlovePoker9089 (button) folded before Flop
Seat 4: Katala19993 (small blind) showed [8h 8c] and won ($3.92) with a full house, Eights full of Sevens (pot not awarded as player cashed out)
Seat 5: Pipsiu (big blind) showed [Jc As] and lost with a pair of Sevens
Seat 6: MWO57 folded before Flop (didn't bet)
Seat 7: djkofi folded before Flop (didn't bet)
Seat 8: Dorex2007 folded before Flop (didn't bet)
Seat 9: TobiTee8888 folded before Flop (didn't bet)



PokerStars Hand #233215408422:  Hold'em No Limit ($0.01/$0.02 USD) - 2022/01/17 0:34:53 PT [2022/01/17 3:34:53 ET]
Table 'Atreus' 9-max Seat #4 is the button
Seat 1: dazza12373 ($1.23 in chips) 
Seat 3: IlovePoker9089 ($0.48 in chips) 
Seat 4: Katala19993 ($4 in chips) 
Seat 6: MWO57 ($3.35 in chips) 
Seat 7: djkofi ($1.27 in chips) 
Seat 8: Dorex2007 ($2 in chips) 
Seat 9: TobiTee8888 ($1.19 in chips) 
MWO57: posts small blind $0.01
djkofi: posts big blind $0.02
NKaktus: sits out 
*** HOLE CARDS ***
Dealt to Dorex2007 [2d Jc]
Dorex2007: folds 
TobiTee8888: folds 
dazza12373: folds 
IlovePoker9089: folds 
Katala19993: calls $0.02
MWO57: raises $0.04 to $0.06
djkofi: folds 
Katala19993: calls $0.04
*** FLOP *** [5s Jh 2h]
MWO57: bets $0.14
Katala19993: folds 
Uncalled bet ($0.14) returned to MWO57
MWO57 collected $0.14 from pot
*** SUMMARY ***
Total pot $0.14 | Rake $0 
Board [5s Jh 2h]
Seat 1: dazza12373 folded before Flop (didn't bet)
Seat 3: IlovePoker9089 folded before Flop (didn't bet)
Seat 4: Katala19993 (button) folded on the Flop
Seat 6: MWO57 (small blind) collected ($0.14)
Seat 7: djkofi (big blind) folded before Flop
Seat 8: Dorex2007 folded before Flop (didn't bet)
Seat 9: TobiTee8888 folded before Flop (didn't bet)



PokerStars Hand #233215413791:  Hold'em No Limit ($0.01/$0.02 USD) - 2022/01/17 0:35:25 PT [2022/01/17 3:35:25 ET]
Table 'Atreus' 9-max Seat #6 is the button
Seat 1: dazza12373 ($1.23 in chips) 
Seat 3: IlovePoker9089 ($0.48 in chips) 
Seat 4: Katala19993 ($3.94 in chips) 
Seat 5: Pipsiu ($2 in chips) 
Seat 6: MWO57 ($3.43 in chips) 
Seat 7: djkofi ($1.25 in chips) 
Seat 8: Dorex2007 ($2 in chips) 
Seat 9: TobiTee8888 ($1.19 in chips) 
djkofi: posts small blind $0.01
Dorex2007: posts big blind $0.02
NKaktus: sits out 
Pipsiu: posts small blind $0.01
*** HOLE CARDS ***
Dealt to Dorex2007 [8h Qc]
TobiTee8888: folds 
dazza12373: folds 
IlovePoker9089: calls $0.02
Katala19993: folds 
Pipsiu: folds 
MWO57: folds 
djkofi: raises $0.02 to $0.04
Dorex2007: calls $0.02
IlovePoker9089: calls $0.02
*** FLOP *** [Ks 4c 8c]
djkofi: checks 
Dorex2007: checks 
IlovePoker9089: checks 
*** TURN *** [Ks 4c 8c] [9s]
djkofi: checks 
Dorex2007: bets $0.07
IlovePoker9089: folds 
djkofi: folds 
Uncalled bet ($0.07) returned to Dorex2007
Dorex2007 collected $0.13 from pot
Dorex2007: doesn't show hand 
*** SUMMARY ***
Total pot $0.13 | Rake $0 
Board [Ks 4c 8c 9s]
Seat 1: dazza12373 folded before Flop (didn't bet)
Seat 3: IlovePoker9089 folded on the Turn
Seat 4: Katala19993 folded before Flop (didn't bet)
Seat 5: Pipsiu folded before Flop (didn't bet)
Seat 6: MWO57 (button) folded before Flop (didn't bet)
Seat 7: djkofi (small blind) folded on the Turn
Seat 8: Dorex2007 (big blind) collected ($0.13)
Seat 9: TobiTee8888 folded before Flop (didn't bet)



PokerStars Hand #233215422053:  Hold'em No Limit ($0.01/$0.02 USD) - 2022/01/17 0:36:14 PT [2022/01/17 3:36:14 ET]
Table 'Atreus' 9-max Seat #7 is the button
Seat 1: dazza12373 ($1.23 in chips) 
Seat 3: IlovePoker9089 ($0.44 in chips) 
Seat 4: Katala19993 ($3.94 in chips) 
Seat 5: Pipsiu ($1.99 in chips) 
Seat 6: MWO57 ($3.43 in chips) 
Seat 7: djkofi ($1.21 in chips) 
Seat 8: Dorex2007 ($2.09 in chips) 
Seat 9: TobiTee8888 ($1.19 in chips) 
Dorex2007: posts small blind $0.01
TobiTee8888: posts big blind $0.02
NKaktus: sits out 
*** HOLE CARDS ***
Dealt to Dorex2007 [Qh 4d]
dazza12373: folds 
IlovePoker9089: calls $0.02
Katala19993: folds 
Pipsiu: raises $0.04 to $0.06
MWO57: folds 
djkofi: folds 
Dorex2007: folds 
TobiTee8888: folds 
IlovePoker9089: calls $0.04
*** FLOP *** [Kh Jh Td]
IlovePoker9089: bets $0.02
Pipsiu: calls $0.02
*** TURN *** [Kh Jh Td] [9d]
IlovePoker9089: bets $0.02
Pipsiu: calls $0.02
*** RIVER *** [Kh Jh Td 9d] [8d]
IlovePoker9089: bets $0.02
Pipsiu: calls $0.02
*** SHOW DOWN ***
IlovePoker9089: shows [7c Jc] (a straight, Seven to Jack)
Pipsiu: mucks hand 
IlovePoker9089 collected $0.26 from pot
*** SUMMARY ***
Total pot $0.27 | Rake $0.01 
Board [Kh Jh Td 9d 8d]
Seat 1: dazza12373 folded before Flop (didn't bet)
Seat 3: IlovePoker9089 showed [7c Jc] and won ($0.26) with a straight, Seven to Jack
Seat 4: Katala19993 folded before Flop (didn't bet)
Seat 5: Pipsiu mucked [Ac 2c]
Seat 6: MWO57 folded before Flop (didn't bet)
Seat 7: djkofi (button) folded before Flop (didn't bet)
Seat 8: Dorex2007 (small blind) folded before Flop
Seat 9: TobiTee8888 (big blind) folded before Flop



PokerStars Hand #233215428972:  Hold'em No Limit ($0.01/$0.02 USD) - 2022/01/17 0:36:55 PT [2022/01/17 3:36:55 ET]
Table 'Atreus' 9-max Seat #8 is the button
Seat 1: dazza12373 ($1.23 in chips) 
Seat 3: IlovePoker9089 ($0.58 in chips) 
Seat 4: Katala19993 ($3.94 in chips) 
Seat 5: Pipsiu ($1.87 in chips) 
Seat 6: MWO57 ($3.43 in chips) 
Seat 7: djkofi ($1.21 in chips) 
Seat 8: Dorex2007 ($2.08 in chips) 
Seat 9: TobiTee8888 ($1.17 in chips) 
TobiTee8888: posts small blind $0.01
dazza12373: posts big blind $0.02
NKaktus: sits out 
*** HOLE CARDS ***
Dealt to Dorex2007 [Qc 8s]
IlovePoker9089: calls $0.02
Katala19993: folds 
Pipsiu: raises $0.06 to $0.08
MWO57: folds 
djkofi: folds 
Dorex2007: folds 
TobiTee8888: folds 
dazza12373: calls $0.06
IlovePoker9089: calls $0.06
*** FLOP *** [4s 5d 3s]
dazza12373: checks 
IlovePoker9089: checks 
Pipsiu: bets $0.12
dazza12373: calls $0.12
IlovePoker9089: folds 
*** TURN *** [4s 5d 3s] [7c]
dazza12373: checks 
Pipsiu: bets $0.30
dazza12373: raises $0.73 to $1.03 and is all-in
Pipsiu: calls $0.73
*** RIVER *** [4s 5d 3s 7c] [6d]
*** SHOW DOWN ***
dazza12373: shows [Kh 5h] (a straight, Three to Seven)
Pipsiu: shows [4c 5c] (a straight, Three to Seven)
dazza12373 collected $1.23 from pot
Pipsiu collected $1.23 from pot
*** SUMMARY ***
Total pot $2.55 | Rake $0.09 
Board [4s 5d 3s 7c 6d]
Seat 1: dazza12373 (big blind) showed [Kh 5h] and won ($1.23) with a straight, Three to Seven
Seat 3: IlovePoker9089 folded on the Flop
Seat 4: Katala19993 folded before Flop (didn't bet)
Seat 5: Pipsiu showed [4c 5c] and won ($1.23) with a straight, Three to Seven
Seat 6: MWO57 folded before Flop (didn't bet)
Seat 7: djkofi folded before Flop (didn't bet)
Seat 8: Dorex2007 (button) folded before Flop (didn't bet)
Seat 9: TobiTee8888 (small blind) folded before Flop



PokerStars Hand #233215446258:  Hold'em No Limit ($0.01/$0.02 USD) - 2022/01/17 0:38:38 PT [2022/01/17 3:38:38 ET]
Table 'Atreus' 9-max Seat #9 is the button
Seat 1: dazza12373 ($1.23 in chips) 
Seat 2: NKaktus ($2 in chips) 
Seat 3: IlovePoker9089 ($0.50 in chips) 
Seat 4: Katala19993 ($3.94 in chips) 
Seat 5: Pipsiu ($1.87 in chips) 
Seat 6: MWO57 ($3.43 in chips) 
Seat 7: djkofi ($1.21 in chips) 
Seat 8: Dorex2007 ($2.08 in chips) 
Seat 9: TobiTee8888 ($1.16 in chips) 
dazza12373: posts small blind $0.01
NKaktus: posts big blind $0.02
*** HOLE CARDS ***
Dealt to Dorex2007 [4c Qs]
IlovePoker9089: folds 
Katala19993: calls $0.02
Pipsiu: raises $0.04 to $0.06
MWO57: calls $0.06
djkofi: folds 
Dorex2007: folds 
TobiTee8888: calls $0.06
dazza12373: folds 
NKaktus: folds 
Katala19993: calls $0.04
*** FLOP *** [3s 5h 2h]
dazza12373 said, "DONKS EVERYWHERE"
Katala19993: checks 
Pipsiu: checks 
MWO57: checks 
TobiTee8888: checks 
*** TURN *** [3s 5h 2h] [8h]
Katala19993: bets $0.02
Pipsiu: folds 
MWO57: calls $0.02
TobiTee8888: folds 
*** RIVER *** [3s 5h 2h 8h] [Kd]
Katala19993: bets $0.30
MWO57: folds 
Uncalled bet ($0.30) returned to Katala19993
Katala19993 collected $0.30 from pot
Katala19993: doesn't show hand 
*** SUMMARY ***
Total pot $0.31 | Rake $0.01 
Board [3s 5h 2h 8h Kd]
Seat 1: dazza12373 (small blind) folded before Flop
Seat 2: NKaktus (big blind) folded before Flop
Seat 3: IlovePoker9089 folded before Flop (didn't bet)
Seat 4: Katala19993 collected ($0.30)
Seat 5: Pipsiu folded on the Turn
Seat 6: MWO57 folded on the River
Seat 7: djkofi folded before Flop (didn't bet)
Seat 8: Dorex2007 folded before Flop (didn't bet)
Seat 9: TobiTee8888 (button) folded on the Turn



PokerStars Hand #233215454790:  Hold'em No Limit ($0.01/$0.02 USD) - 2022/01/17 0:39:28 PT [2022/01/17 3:39:28 ET]
Table 'Atreus' 9-max Seat #1 is the button
Seat 1: dazza12373 ($1.22 in chips) 
Seat 2: NKaktus ($2 in chips) 
Seat 3: IlovePoker9089 ($0.50 in chips) 
Seat 4: Katala19993 ($4.16 in chips) 
Seat 5: Pipsiu ($1.81 in chips) 
Seat 6: MWO57 ($3.35 in chips) 
Seat 7: djkofi ($1.21 in chips) 
Seat 8: Dorex2007 ($2.08 in chips) 
Seat 9: TobiTee8888 ($1.10 in chips) 
dazza12373 said, "you guys are useless but lucky lol hahaha "
NKaktus: posts small blind $0.01
IlovePoker9089: posts big blind $0.02
*** HOLE CARDS ***
Dealt to Dorex2007 [9d 2c]
Katala19993: calls $0.02
Pipsiu: folds 
MWO57: folds 
djkofi: folds 
Dorex2007: folds 
TobiTee8888: calls $0.02
dazza12373: folds 
NKaktus: calls $0.01
IlovePoker9089: checks 
*** FLOP *** [5c Jh 4h]
NKaktus: checks 
IlovePoker9089: checks 
Katala19993: checks 
TobiTee8888: bets $0.04
NKaktus: folds 
IlovePoker9089: folds 
Katala19993: calls $0.04
*** TURN *** [5c Jh 4h] [Qh]
Katala19993: bets $0.15
TobiTee8888: raises $0.89 to $1.04 and is all-in
Katala19993: folds 
Uncalled bet ($0.89) returned to TobiTee8888
TobiTee8888 collected $0.44 from pot
*** SUMMARY ***
Total pot $0.46 | Rake $0.02 
Board [5c Jh 4h Qh]
Seat 1: dazza12373 (button) folded before Flop (didn't bet)
Seat 2: NKaktus (small blind) folded on the Flop
Seat 3: IlovePoker9089 (big blind) folded on the Flop
Seat 4: Katala19993 folded on the Turn
Seat 5: Pipsiu folded before Flop (didn't bet)
Seat 6: MWO57 folded before Flop (didn't bet)
Seat 7: djkofi folded before Flop (didn't bet)
Seat 8: Dorex2007 folded before Flop (didn't bet)
Seat 9: TobiTee8888 collected ($0.44)



PokerStars Hand #233215464194:  Hold'em No Limit ($0.01/$0.02 USD) - 2022/01/17 0:40:23 PT [2022/01/17 3:40:23 ET]
Table 'Atreus' 9-max Seat #2 is the button
Seat 1: dazza12373 ($1.22 in chips) 
Seat 2: NKaktus ($2 in chips) 
Seat 3: IlovePoker9089 ($0.48 in chips) 
Seat 4: Katala19993 ($3.95 in chips) 
Seat 5: Pipsiu ($1.81 in chips) 
Seat 6: MWO57 ($3.35 in chips) 
Seat 7: djkofi ($1.21 in chips) 
Seat 8: Dorex2007 ($2.08 in chips) 
Seat 9: TobiTee8888 ($1.33 in chips) 
IlovePoker9089: posts small blind $0.01
Katala19993: posts big blind $0.02
*** HOLE CARDS ***
Dealt to Dorex2007 [Qh 4c]
Pipsiu: folds 
MWO57: folds 
djkofi: raises $0.05 to $0.07
Dorex2007: folds 
TobiTee8888: folds 
dazza12373 is disconnected 
dazza12373 has timed out while disconnected
dazza12373: folds 
NKaktus: folds 
IlovePoker9089: folds 
Katala19993: calls $0.05
*** FLOP *** [6c Qs 5c]
Katala19993: bets $3.88 and is all-in
djkofi: folds 
Uncalled bet ($3.88) returned to Katala19993
Katala19993 collected $0.14 from pot
Katala19993: doesn't show hand 
*** SUMMARY ***
Total pot $0.15 | Rake $0.01 
Board [6c Qs 5c]
Seat 1: dazza12373 folded before Flop (didn't bet)
Seat 2: NKaktus (button) folded before Flop (didn't bet)
Seat 3: IlovePoker9089 (small blind) folded before Flop
Seat 4: Katala19993 (big blind) collected ($0.14)
Seat 5: Pipsiu folded before Flop (didn't bet)
Seat 6: MWO57 folded before Flop (didn't bet)
Seat 7: djkofi folded on the Flop
Seat 8: Dorex2007 folded before Flop (didn't bet)
Seat 9: TobiTee8888 folded before Flop (didn't bet)



PokerStars Hand #233215470810:  Hold'em No Limit ($0.01/$0.02 USD) - 2022/01/17 0:41:02 PT [2022/01/17 3:41:02 ET]
Table 'Atreus' 9-max Seat #3 is the button
Seat 1: dazza12373 ($1.22 in chips) 
Seat 2: NKaktus ($2 in chips) 
Seat 3: IlovePoker9089 ($0.47 in chips) 
Seat 4: Katala19993 ($4.02 in chips) 
Seat 5: Pipsiu ($1.81 in chips) 
Seat 6: MWO57 ($3.35 in chips) 
Seat 7: djkofi ($1.14 in chips) 
Seat 8: Dorex2007 ($2.08 in chips) 
Seat 9: TobiTee8888 ($1.33 in chips) 
Katala19993: posts small blind $0.01
Pipsiu: posts big blind $0.02
*** HOLE CARDS ***
Dealt to Dorex2007 [Ts 5h]
MWO57: folds 
djkofi: raises $0.05 to $0.07
Dorex2007: folds 
TobiTee8888: folds 
dazza12373: folds 
NKaktus: folds 
IlovePoker9089: folds 
Katala19993: folds 
Pipsiu: folds 
Uncalled bet ($0.05) returned to djkofi
djkofi collected $0.05 from pot
djkofi: doesn't show hand 
*** SUMMARY ***
Total pot $0.05 | Rake $0 
Seat 1: dazza12373 folded before Flop (didn't bet)
Seat 2: NKaktus folded before Flop (didn't bet)
Seat 3: IlovePoker9089 (button) folded before Flop (didn't bet)
Seat 4: Katala19993 (small blind) folded before Flop
Seat 5: Pipsiu (big blind) folded before Flop
Seat 6: MWO57 folded before Flop (didn't bet)
Seat 7: djkofi collected ($0.05)
Seat 8: Dorex2007 folded before Flop (didn't bet)
Seat 9: TobiTee8888 folded before Flop (didn't bet)



PokerStars Hand #233215474184:  Hold'em No Limit ($0.01/$0.02 USD) - 2022/01/17 0:41:21 PT [2022/01/17 3:41:21 ET]
Table 'Atreus' 9-max Seat #4 is the button
Seat 1: dazza12373 ($2 in chips) 
Seat 2: NKaktus ($2 in chips) 
Seat 3: IlovePoker9089 ($0.47 in chips) 
Seat 4: Katala19993 ($4.01 in chips) 
Seat 5: Pipsiu ($1.79 in chips) 
Seat 6: MWO57 ($3.35 in chips) 
Seat 7: djkofi ($1.17 in chips) 
Seat 8: Dorex2007 ($2.08 in chips) 
Seat 9: TobiTee8888 ($1.33 in chips) 
Pipsiu: posts small blind $0.01
MWO57: posts big blind $0.02
*** HOLE CARDS ***
Dealt to Dorex2007 [Td 9h]
djkofi: folds 
Dorex2007: folds 
TobiTee8888: folds 
dazza12373: folds 
NKaktus: folds 
IlovePoker9089: raises $0.04 to $0.06
Katala19993: calls $0.06
Pipsiu: raises $0.20 to $0.26
MWO57: folds 
IlovePoker9089: folds 
Katala19993: calls $0.20
*** FLOP *** [2h Qc Jc]
Pipsiu: bets $0.29
Katala19993: folds 
Uncalled bet ($0.29) returned to Pipsiu
Pipsiu collected $0.58 from pot
Pipsiu: doesn't show hand 
*** SUMMARY ***
Total pot $0.60 | Rake $0.02 
Board [2h Qc Jc]
Seat 1: dazza12373 folded before Flop (didn't bet)
Seat 2: NKaktus folded before Flop (didn't bet)
Seat 3: IlovePoker9089 folded before Flop
Seat 4: Katala19993 (button) folded on the Flop
Seat 5: Pipsiu (small blind) collected ($0.58)
Seat 6: MWO57 (big blind) folded before Flop
Seat 7: djkofi folded before Flop (didn't bet)
Seat 8: Dorex2007 folded before Flop (didn't bet)
Seat 9: TobiTee8888 folded before Flop (didn't bet)



PokerStars Hand #233215480857:  Hold'em No Limit ($0.01/$0.02 USD) - 2022/01/17 0:42:00 PT [2022/01/17 3:42:00 ET]
Table 'Atreus' 9-max Seat #5 is the button
Seat 1: dazza12373 ($2 in chips) 
Seat 2: NKaktus ($2 in chips) 
Seat 3: IlovePoker9089 ($0.41 in chips) 
Seat 4: Katala19993 ($3.75 in chips) 
Seat 5: Pipsiu ($2.11 in chips) 
Seat 6: MWO57 ($3.33 in chips) 
Seat 7: djkofi ($1.17 in chips) 
Seat 8: Dorex2007 ($2.08 in chips) 
Seat 9: TobiTee8888 ($1.33 in chips) 
MWO57: posts small blind $0.01
djkofi: posts big blind $0.02
*** HOLE CARDS ***
Dealt to Dorex2007 [3c 4s]
Dorex2007: folds 
TobiTee8888: calls $0.02
dazza12373: folds 
NKaktus: folds 
IlovePoker9089: folds 
Katala19993: calls $0.02
Pipsiu: folds 
MWO57: calls $0.01
djkofi: raises $0.11 to $0.13
TobiTee8888: calls $0.11
Katala19993: calls $0.11
MWO57: calls $0.11
*** FLOP *** [Kh Jd 2s]
MWO57: checks 
djkofi: bets $0.08
TobiTee8888: folds 
Katala19993: calls $0.08
MWO57: calls $0.08
*** TURN *** [Kh Jd 2s] [3s]
MWO57: checks 
djkofi: bets $0.11
Katala19993: folds 
MWO57: calls $0.11
*** RIVER *** [Kh Jd 2s 3s] [Kc]
MWO57: checks 
djkofi: bets $0.14
MWO57: folds 
Uncalled bet ($0.14) returned to djkofi
djkofi collected $0.95 from pot
djkofi: doesn't show hand 
*** SUMMARY ***
Total pot $0.98 | Rake $0.03 
Board [Kh Jd 2s 3s Kc]
Seat 1: dazza12373 folded before Flop (didn't bet)
Seat 2: NKaktus folded before Flop (didn't bet)
Seat 3: IlovePoker9089 folded before Flop (didn't bet)
Seat 4: Katala19993 folded on the Turn
Seat 5: Pipsiu (button) folded before Flop (didn't bet)
Seat 6: MWO57 (small blind) folded on the River
Seat 7: djkofi (big blind) collected ($0.95)
Seat 8: Dorex2007 folded before Flop (didn't bet)
Seat 9: TobiTee8888 folded on the Flop



PokerStars Hand #233215500115:  Hold'em No Limit ($0.01/$0.02 USD) - 2022/01/17 0:43:18 PT [2022/01/17 3:43:18 ET]
Table 'Atreus' 9-max Seat #6 is the button
Seat 1: dazza12373 ($2 in chips) 
Seat 2: NKaktus ($2 in chips) 
Seat 3: IlovePoker9089 ($0.41 in chips) 
Seat 4: Katala19993 ($3.54 in chips) 
Seat 5: Pipsiu ($2.11 in chips) 
Seat 6: MWO57 ($3.01 in chips) 
Seat 7: djkofi ($1.80 in chips) 
Seat 8: Dorex2007 ($2.08 in chips) 
Seat 9: TobiTee8888 ($1.20 in chips) 
djkofi: posts small blind $0.01
Dorex2007: posts big blind $0.02
*** HOLE CARDS ***
Dealt to Dorex2007 [8d Kh]
TobiTee8888: folds 
dazza12373: folds 
NKaktus: folds 
IlovePoker9089: calls $0.02
Katala19993: folds 
Pipsiu: raises $0.04 to $0.06
MWO57: folds 
djkofi: folds 
Dorex2007: folds 
IlovePoker9089: calls $0.04
*** FLOP *** [Th 3c 9d]
IlovePoker9089: bets $0.02
Pipsiu: folds 
Uncalled bet ($0.02) returned to IlovePoker9089
IlovePoker9089 collected $0.14 from pot
*** SUMMARY ***
Total pot $0.15 | Rake $0.01 
Board [Th 3c 9d]
Seat 1: dazza12373 folded before Flop (didn't bet)
Seat 2: NKaktus folded before Flop (didn't bet)
Seat 3: IlovePoker9089 collected ($0.14)
Seat 4: Katala19993 folded before Flop (didn't bet)
Seat 5: Pipsiu folded on the Flop
Seat 6: MWO57 (button) folded before Flop (didn't bet)
Seat 7: djkofi (small blind) folded before Flop
Seat 8: Dorex2007 (big blind) folded before Flop
Seat 9: TobiTee8888 folded before Flop (didn't bet)



PokerStars Hand #233215505361:  Hold'em No Limit ($0.01/$0.02 USD) - 2022/01/17 0:43:49 PT [2022/01/17 3:43:49 ET]
Table 'Atreus' 9-max Seat #7 is the button
Seat 1: dazza12373 ($2 in chips) 
Seat 2: NKaktus ($2 in chips) 
Seat 3: IlovePoker9089 ($0.49 in chips) 
Seat 4: Katala19993 ($3.54 in chips) 
Seat 5: Pipsiu ($2.05 in chips) 
Seat 6: MWO57 ($3.01 in chips) 
Seat 7: djkofi ($1.79 in chips) 
Seat 8: Dorex2007 ($2.06 in chips) 
Seat 9: TobiTee8888 ($1.20 in chips) 
Dorex2007: posts small blind $0.01
TobiTee8888: posts big blind $0.02
*** HOLE CARDS ***
Dealt to Dorex2007 [5c Kc]
dazza12373: folds 
NKaktus: calls $0.02
IlovePoker9089: folds 
Katala19993: folds 
Pipsiu: folds 
MWO57: folds 
djkofi: folds 
Dorex2007: calls $0.01
TobiTee8888: checks 
*** FLOP *** [Ad 4d 8d]
Dorex2007: checks 
TobiTee8888: checks 
NKaktus: checks 
*** TURN *** [Ad 4d 8d] [2s]
Dorex2007: checks 
TobiTee8888: checks 
NKaktus: checks 
*** RIVER *** [Ad 4d 8d 2s] [3d]
Dorex2007: checks 
TobiTee8888: checks 
NKaktus: checks 
*** SHOW DOWN ***
Dorex2007: shows [5c Kc] (a straight, Ace to Five)
TobiTee8888: mucks hand 
NKaktus: mucks hand 
Dorex2007 collected $0.06 from pot
*** SUMMARY ***
Total pot $0.06 | Rake $0 
Board [Ad 4d 8d 2s 3d]
Seat 1: dazza12373 folded before Flop (didn't bet)
Seat 2: NKaktus mucked [9h Qh]
Seat 3: IlovePoker9089 folded before Flop (didn't bet)
Seat 4: Katala19993 folded before Flop (didn't bet)
Seat 5: Pipsiu folded before Flop (didn't bet)
Seat 6: MWO57 folded before Flop (didn't bet)
Seat 7: djkofi (button) folded before Flop (didn't bet)
Seat 8: Dorex2007 (small blind) showed [5c Kc] and won ($0.06) with a straight, Ace to Five
Seat 9: TobiTee8888 (big blind) mucked [8s 9s]



PokerStars Hand #233215513975:  Hold'em No Limit ($0.01/$0.02 USD) - 2022/01/17 0:44:40 PT [2022/01/17 3:44:40 ET]
Table 'Atreus' 9-max Seat #8 is the button
Seat 1: dazza12373 ($2 in chips) 
Seat 2: NKaktus ($2 in chips) 
Seat 3: IlovePoker9089 ($0.49 in chips) 
Seat 4: Katala19993 ($3.54 in chips) 
Seat 5: Pipsiu ($2.05 in chips) 
Seat 6: MWO57 ($3.01 in chips) 
Seat 7: djkofi ($1.79 in chips) 
Seat 8: Dorex2007 ($2.10 in chips) 
Seat 9: TobiTee8888 ($1.18 in chips) 
TobiTee8888: posts small blind $0.01
dazza12373: posts big blind $0.02
*** HOLE CARDS ***
Dealt to Dorex2007 [8c 6s]
NKaktus: calls $0.02
IlovePoker9089: folds 
Katala19993: calls $0.02
Pipsiu: raises $0.06 to $0.08
MWO57: calls $0.08
djkofi: folds 
Dorex2007: folds 
TobiTee8888: folds 
dazza12373: calls $0.06
NKaktus: folds 
Katala19993: calls $0.06
*** FLOP *** [4d 8h Ad]
dazza12373: checks 
Katala19993: checks 
Pipsiu: bets $0.10
MWO57: calls $0.10
dazza12373: folds 
Katala19993: folds 
*** TURN *** [4d 8h Ad] [Qs]
Pipsiu: bets $0.27
MWO57: calls $0.27
*** RIVER *** [4d 8h Ad Qs] [2s]
Pipsiu: checks 
MWO57: checks 
*** SHOW DOWN ***
Pipsiu: shows [Ts 8s] (a pair of Eights)
MWO57: shows [Jc Jd] (a pair of Jacks)
MWO57 collected $1.05 from pot
*** SUMMARY ***
Total pot $1.09 | Rake $0.04 
Board [4d 8h Ad Qs 2s]
Seat 1: dazza12373 (big blind) folded on the Flop
Seat 2: NKaktus folded before Flop
Seat 3: IlovePoker9089 folded before Flop (didn't bet)
Seat 4: Katala19993 folded on the Flop
Seat 5: Pipsiu showed [Ts 8s] and lost with a pair of Eights
Seat 6: MWO57 showed [Jc Jd] and won ($1.05) with a pair of Jacks
Seat 7: djkofi folded before Flop (didn't bet)
Seat 8: Dorex2007 (button) folded before Flop (didn't bet)
Seat 9: TobiTee8888 (small blind) folded before Flop



PokerStars Hand #233215528364:  Hold'em No Limit ($0.01/$0.02 USD) - 2022/01/17 0:46:04 PT [2022/01/17 3:46:04 ET]
Table 'Atreus' 9-max Seat #9 is the button
Seat 1: dazza12373 ($1.92 in chips) 
Seat 2: NKaktus ($2 in chips) 
Seat 3: IlovePoker9089 ($0.49 in chips) 
Seat 4: Katala19993 ($3.46 in chips) 
Seat 5: Pipsiu ($1.60 in chips) 
Seat 6: MWO57 ($3.61 in chips) 
Seat 7: djkofi ($1.79 in chips) 
Seat 8: Dorex2007 ($2.10 in chips) 
Seat 9: TobiTee8888 ($1.17 in chips) 
dazza12373: posts small blind $0.01
NKaktus: posts big blind $0.02
*** HOLE CARDS ***
Dealt to Dorex2007 [3d Th]
IlovePoker9089: folds 
Katala19993: calls $0.02
Pipsiu: folds 
MWO57: folds 
djkofi: folds 
Dorex2007: folds 
TobiTee8888: calls $0.02
dazza12373: calls $0.01
NKaktus: checks 
*** FLOP *** [7d 6h Jh]
dazza12373: checks 
NKaktus: checks 
Katala19993: bets $0.08
TobiTee8888: calls $0.08
dazza12373: folds 
NKaktus: folds 
*** TURN *** [7d 6h Jh] [Qh]
Katala19993: bets $3.36 and is all-in
TobiTee8888: folds 
Uncalled bet ($3.36) returned to Katala19993
Katala19993 collected $0.23 from pot
Katala19993: doesn't show hand 
*** SUMMARY ***
Total pot $0.24 | Rake $0.01 
Board [7d 6h Jh Qh]
Seat 1: dazza12373 (small blind) folded on the Flop
Seat 2: NKaktus (big blind) folded on the Flop
Seat 3: IlovePoker9089 folded before Flop (didn't bet)
Seat 4: Katala19993 collected ($0.23)
Seat 5: Pipsiu folded before Flop (didn't bet)
Seat 6: MWO57 folded before Flop (didn't bet)
Seat 7: djkofi folded before Flop (didn't bet)
Seat 8: Dorex2007 folded before Flop (didn't bet)
Seat 9: TobiTee8888 (button) folded on the Turn



PokerStars Hand #233215535192:  Hold'em No Limit ($0.01/$0.02 USD) - 2022/01/17 0:46:44 PT [2022/01/17 3:46:44 ET]
Table 'Atreus' 9-max Seat #1 is the button
Seat 1: dazza12373 ($1.90 in chips) 
Seat 2: NKaktus ($2 in chips) 
Seat 3: IlovePoker9089 ($0.49 in chips) 
Seat 4: Katala19993 ($3.59 in chips) 
Seat 5: Pipsiu ($1.60 in chips) 
Seat 6: MWO57 ($3.61 in chips) 
Seat 7: djkofi ($1.79 in chips) 
Seat 8: Dorex2007 ($2.10 in chips) 
Seat 9: TobiTee8888 ($1.07 in chips) 
NKaktus: posts small blind $0.01
IlovePoker9089: posts big blind $0.02
*** HOLE CARDS ***
Dealt to Dorex2007 [4h 6d]
Katala19993: folds 
Pipsiu: raises $0.04 to $0.06
MWO57: calls $0.06
djkofi: folds 
Dorex2007: folds 
TobiTee8888: calls $0.06
dazza12373: folds 
NKaktus: folds 
IlovePoker9089: calls $0.04
*** FLOP *** [Ah Jc 5c]
IlovePoker9089: checks 
Pipsiu: bets $0.10
dazza12373 said, "DONKS LOL HAHAHAHA "
MWO57: folds 
TobiTee8888: folds 
IlovePoker9089: folds 
Uncalled bet ($0.10) returned to Pipsiu
Pipsiu collected $0.24 from pot
Pipsiu: doesn't show hand 
*** SUMMARY ***
Total pot $0.25 | Rake $0.01 
Board [Ah Jc 5c]
Seat 1: dazza12373 (button) folded before Flop (didn't bet)
Seat 2: NKaktus (small blind) folded before Flop
Seat 3: IlovePoker9089 (big blind) folded on the Flop
Seat 4: Katala19993 folded before Flop (didn't bet)
Seat 5: Pipsiu collected ($0.24)
Seat 6: MWO57 folded on the Flop
Seat 7: djkofi folded before Flop (didn't bet)
Seat 8: Dorex2007 folded before Flop (didn't bet)
Seat 9: TobiTee8888 folded on the Flop



PokerStars Hand #233215540532:  Hold'em No Limit ($0.01/$0.02 USD) - 2022/01/17 0:47:16 PT [2022/01/17 3:47:16 ET]
Table 'Atreus' 9-max Seat #2 is the button
Seat 1: dazza12373 ($1.90 in chips) 
Seat 2: NKaktus ($2 in chips) 
Seat 3: IlovePoker9089 ($0.43 in chips) 
Seat 4: Katala19993 ($3.59 in chips) 
Seat 5: Pipsiu ($1.78 in chips) 
Seat 6: MWO57 ($3.55 in chips) 
Seat 7: djkofi ($1.79 in chips) 
Seat 8: Dorex2007 ($2.10 in chips) 
Seat 9: TobiTee8888 ($1.01 in chips) 
IlovePoker9089: posts small blind $0.01
Katala19993: posts big blind $0.02
*** HOLE CARDS ***
Dealt to Dorex2007 [7h 6s]
Pipsiu: raises $0.04 to $0.06
MWO57: folds 
djkofi: folds 
Dorex2007: folds 
TobiTee8888: folds 
dazza12373: folds 
NKaktus: folds 
IlovePoker9089: folds 
Katala19993: calls $0.04
*** FLOP *** [Qd Tc Qh]
Katala19993: bets $0.13
Pipsiu: calls $0.13
*** TURN *** [Qd Tc Qh] [6h]
Katala19993: bets $3.40 and is all-in
Pipsiu: folds 
Uncalled bet ($3.40) returned to Katala19993
Katala19993 collected $0.38 from pot
Katala19993: doesn't show hand 
*** SUMMARY ***
Total pot $0.39 | Rake $0.01 
Board [Qd Tc Qh 6h]
Seat 1: dazza12373 folded before Flop (didn't bet)
Seat 2: NKaktus (button) folded before Flop (didn't bet)
Seat 3: IlovePoker9089 (small blind) folded before Flop
Seat 4: Katala19993 (big blind) collected ($0.38)
Seat 5: Pipsiu folded on the Turn
Seat 6: MWO57 folded before Flop (didn't bet)
Seat 7: djkofi folded before Flop (didn't bet)
Seat 8: Dorex2007 folded before Flop (didn't bet)
Seat 9: TobiTee8888 folded before Flop (didn't bet)



PokerStars Hand #233215549639:  Hold'em No Limit ($0.01/$0.02 USD) - 2022/01/17 0:48:09 PT [2022/01/17 3:48:09 ET]
Table 'Atreus' 9-max Seat #3 is the button
Seat 1: dazza12373 ($1.90 in chips) 
Seat 2: NKaktus ($2 in chips) 
Seat 3: IlovePoker9089 ($0.42 in chips) 
Seat 4: Katala19993 ($3.78 in chips) 
Seat 5: Pipsiu ($1.59 in chips) 
Seat 6: MWO57 ($3.55 in chips) 
Seat 7: djkofi ($1.79 in chips) 
Seat 8: Dorex2007 ($2.10 in chips) 
Seat 9: TobiTee8888 ($1.01 in chips) 
Katala19993: posts small blind $0.01
Pipsiu: posts big blind $0.02
*** HOLE CARDS ***
Dealt to Dorex2007 [6s Ac]
MWO57: calls $0.02
djkofi: folds 
Dorex2007: folds 
TobiTee8888: folds 
dazza12373: folds 
NKaktus: folds 
IlovePoker9089: calls $0.02
Katala19993: calls $0.01
Pipsiu: checks 
*** FLOP *** [Qc Ah 3s]
Katala19993: checks 
Pipsiu: checks 
MWO57: checks 
IlovePoker9089: checks 
*** TURN *** [Qc Ah 3s] [Jh]
Katala19993: bets $0.08
Pipsiu: folds 
MWO57: folds 
IlovePoker9089: folds 
Uncalled bet ($0.08) returned to Katala19993
Katala19993 collected $0.08 from pot
Katala19993: doesn't show hand 
*** SUMMARY ***
Total pot $0.08 | Rake $0 
Board [Qc Ah 3s Jh]
Seat 1: dazza12373 folded before Flop (didn't bet)
Seat 2: NKaktus folded before Flop (didn't bet)
Seat 3: IlovePoker9089 (button) folded on the Turn
Seat 4: Katala19993 (small blind) collected ($0.08)
Seat 5: Pipsiu (big blind) folded on the Turn
Seat 6: MWO57 folded on the Turn
Seat 7: djkofi folded before Flop (didn't bet)
Seat 8: Dorex2007 folded before Flop (didn't bet)
Seat 9: TobiTee8888 folded before Flop (didn't bet)



PokerStars Hand #233215563519:  Hold'em No Limit ($0.01/$0.02 USD) - 2022/01/17 0:49:29 PT [2022/01/17 3:49:29 ET]
Table 'Atreus' 9-max Seat #4 is the button
Seat 1: dazza12373 ($1.90 in chips) 
Seat 2: NKaktus ($2 in chips) 
Seat 3: IlovePoker9089 ($0.40 in chips) 
Seat 4: Katala19993 ($3.84 in chips) 
Seat 5: Pipsiu ($1.57 in chips) 
Seat 6: MWO57 ($3.53 in chips) 
Seat 7: djkofi ($1.79 in chips) 
Seat 8: Dorex2007 ($2.10 in chips) 
Seat 9: TobiTee8888 ($1.01 in chips) 
Pipsiu: posts small blind $0.01
MWO57: posts big blind $0.02
*** HOLE CARDS ***
Dealt to Dorex2007 [9s Kc]
djkofi: folds 
Dorex2007: folds 
TobiTee8888: folds 
dazza12373: folds 
NKaktus: folds 
IlovePoker9089: raises $0.04 to $0.06
Katala19993: folds 
Pipsiu: folds 
MWO57: folds 
Uncalled bet ($0.04) returned to IlovePoker9089
IlovePoker9089 collected $0.05 from pot
*** SUMMARY ***
Total pot $0.05 | Rake $0 
Seat 1: dazza12373 folded before Flop (didn't bet)
Seat 2: NKaktus folded before Flop (didn't bet)
Seat 3: IlovePoker9089 collected ($0.05)
Seat 4: Katala19993 (button) folded before Flop (didn't bet)
Seat 5: Pipsiu (small blind) folded before Flop
Seat 6: MWO57 (big blind) folded before Flop
Seat 7: djkofi folded before Flop (didn't bet)
Seat 8: Dorex2007 folded before Flop (didn't bet)
Seat 9: TobiTee8888 folded before Flop (didn't bet)



PokerStars Hand #233215566558:  Hold'em No Limit ($0.01/$0.02 USD) - 2022/01/17 0:49:47 PT [2022/01/17 3:49:47 ET]
Table 'Atreus' 9-max Seat #5 is the button
Seat 1: dazza12373 ($1.90 in chips) 
Seat 2: NKaktus ($2 in chips) 
Seat 3: IlovePoker9089 ($0.43 in chips) 
Seat 4: Katala19993 ($3.84 in chips) 
Seat 5: Pipsiu ($1.56 in chips) 
Seat 6: MWO57 ($3.51 in chips) 
Seat 7: djkofi ($1.79 in chips) 
Seat 8: Dorex2007 ($2.10 in chips) 
Seat 9: TobiTee8888 ($1.01 in chips) 
MWO57: posts small blind $0.01
djkofi: posts big blind $0.02
*** HOLE CARDS ***
Dealt to Dorex2007 [2d 4h]
Dorex2007: folds 
TobiTee8888: folds 
dazza12373: raises $0.04 to $0.06
NKaktus: folds 
IlovePoker9089: calls $0.06
Katala19993: folds 
Pipsiu: folds 
MWO57: folds 
djkofi: folds 
*** FLOP *** [Kc 6h 3h]
dazza12373: bets $0.14
IlovePoker9089: raises $0.23 to $0.37 and is all-in
dazza12373: calls $0.23
*** TURN *** [Kc 6h 3h] [Jh]
*** RIVER *** [Kc 6h 3h Jh] [Js]
*** SHOW DOWN ***
dazza12373: shows [2c 2s] (two pair, Jacks and Deuces)
IlovePoker9089: shows [3d 3s] (a full house, Threes full of Jacks)
IlovePoker9089 collected $0.86 from pot
*** SUMMARY ***
Total pot $0.89 | Rake $0.03 
Board [Kc 6h 3h Jh Js]
Seat 1: dazza12373 showed [2c 2s] and lost with two pair, Jacks and Deuces
Seat 2: NKaktus folded before Flop (didn't bet)
Seat 3: IlovePoker9089 showed [3d 3s] and won ($0.86) with a full house, Threes full of Jacks
Seat 4: Katala19993 folded before Flop (didn't bet)
Seat 5: Pipsiu (button) folded before Flop (didn't bet)
Seat 6: MWO57 (small blind) folded before Flop
Seat 7: djkofi (big blind) folded before Flop
Seat 8: Dorex2007 folded before Flop (didn't bet)
Seat 9: TobiTee8888 folded before Flop (didn't bet)



PokerStars Hand #233215572382:  Hold'em No Limit ($0.01/$0.02 USD) - 2022/01/17 0:50:21 PT [2022/01/17 3:50:21 ET]
Table 'Atreus' 9-max Seat #6 is the button
Seat 1: dazza12373 ($1.47 in chips) 
Seat 2: NKaktus ($2 in chips) 
Seat 3: IlovePoker9089 ($0.86 in chips) 
Seat 4: Katala19993 ($3.84 in chips) 
Seat 5: Pipsiu ($1.56 in chips) 
Seat 6: MWO57 ($3.50 in chips) 
Seat 7: djkofi ($1.77 in chips) 
Seat 8: Dorex2007 ($2.10 in chips) 
Seat 9: TobiTee8888 ($1.01 in chips) 
djkofi: posts small blind $0.01
Dorex2007: posts big blind $0.02
*** HOLE CARDS ***
Dealt to Dorex2007 [7s 3h]
TobiTee8888: folds 
dazza12373: raises $0.05 to $0.07
NKaktus: folds 
IlovePoker9089: folds 
Katala19993: calls $0.07
Pipsiu: folds 
MWO57: folds 
djkofi: folds 
Dorex2007: folds 
*** FLOP *** [Ah Qh 4d]
dazza12373: checks 
Katala19993: bets $0.16
dazza12373: calls $0.16
*** TURN *** [Ah Qh 4d] [Qc]
dazza12373: checks 
Katala19993: bets $0.47
dazza12373: calls $0.47
*** RIVER *** [Ah Qh 4d Qc] [9d]
dazza12373: checks 
Katala19993: bets $3.14 and is all-in
dazza12373: calls $0.77 and is all-in
Uncalled bet ($2.37) returned to Katala19993
*** SHOW DOWN ***
Katala19993: shows [Kh Qs] (three of a kind, Queens)
dazza12373: shows [4h 4s] (a full house, Fours full of Queens)
dazza12373 collected $2.87 from pot
*** SUMMARY ***
Total pot $2.97 | Rake $0.10 
Board [Ah Qh 4d Qc 9d]
Seat 1: dazza12373 showed [4h 4s] and won ($2.87) with a full house, Fours full of Queens
Seat 2: NKaktus folded before Flop (didn't bet)
Seat 3: IlovePoker9089 folded before Flop (didn't bet)
Seat 4: Katala19993 showed [Kh Qs] and lost with three of a kind, Queens
Seat 5: Pipsiu folded before Flop (didn't bet)
Seat 6: MWO57 (button) folded before Flop (didn't bet)
Seat 7: djkofi (small blind) folded before Flop
Seat 8: Dorex2007 (big blind) folded before Flop
Seat 9: TobiTee8888 folded before Flop (didn't bet)



PokerStars Hand #233215577361:  Hold'em No Limit ($0.01/$0.02 USD) - 2022/01/17 0:50:50 PT [2022/01/17 3:50:50 ET]
Table 'Atreus' 9-max Seat #7 is the button
Seat 1: dazza12373 ($2.87 in chips) 
Seat 2: NKaktus ($2 in chips) 
Seat 3: IlovePoker9089 ($0.86 in chips) 
Seat 4: Katala19993 ($2.37 in chips) 
Seat 5: Pipsiu ($1.56 in chips) 
Seat 6: MWO57 ($3.50 in chips) 
Seat 7: djkofi ($1.76 in chips) 
Seat 8: Dorex2007 ($2.08 in chips) 
Seat 9: TobiTee8888 ($1.01 in chips) 
Dorex2007: posts small blind $0.01
TobiTee8888: posts big blind $0.02
*** HOLE CARDS ***
Dealt to Dorex2007 [4c 9s]
dazza12373: folds 
NKaktus: folds 
IlovePoker9089: folds 
Katala19993: raises $0.05 to $0.07
Pipsiu: folds 
MWO57: folds 
djkofi: folds 
Dorex2007: folds 
TobiTee8888: folds 
Uncalled bet ($0.05) returned to Katala19993
Katala19993 collected $0.05 from pot
Katala19993: doesn't show hand 
*** SUMMARY ***
Total pot $0.05 | Rake $0 
Seat 1: dazza12373 folded before Flop (didn't bet)
Seat 2: NKaktus folded before Flop (didn't bet)
Seat 3: IlovePoker9089 folded before Flop (didn't bet)
Seat 4: Katala19993 collected ($0.05)
Seat 5: Pipsiu folded before Flop (didn't bet)
Seat 6: MWO57 folded before Flop (didn't bet)
Seat 7: djkofi (button) folded before Flop (didn't bet)
Seat 8: Dorex2007 (small blind) folded before Flop
Seat 9: TobiTee8888 (big blind) folded before Flop



PokerStars Hand #233215580351:  Hold'em No Limit ($0.01/$0.02 USD) - 2022/01/17 0:51:07 PT [2022/01/17 3:51:07 ET]
Table 'Atreus' 9-max Seat #8 is the button
Seat 1: dazza12373 ($2.87 in chips) 
Seat 2: NKaktus ($2 in chips) 
Seat 3: IlovePoker9089 ($0.86 in chips) 
Seat 4: Katala19993 ($2.40 in chips) 
Seat 5: Pipsiu ($1.56 in chips) 
Seat 6: MWO57 ($3.50 in chips) 
Seat 7: djkofi ($1.76 in chips) 
Seat 8: Dorex2007 ($2.07 in chips) 
Seat 9: TobiTee8888 ($0.99 in chips) 
TobiTee8888: posts small blind $0.01
dazza12373: posts big blind $0.02
*** HOLE CARDS ***
Dealt to Dorex2007 [8h Ah]
NKaktus: folds 
IlovePoker9089: calls $0.02
Katala19993: calls $0.02
Pipsiu: folds 
MWO57: folds 
djkofi: folds 
Dorex2007: calls $0.02
TobiTee8888: calls $0.01
dazza12373: checks 
*** FLOP *** [3c As 6d]
TobiTee8888: checks 
dazza12373: checks 
IlovePoker9089: checks 
Katala19993: checks 
Dorex2007: checks 
*** TURN *** [3c As 6d] [Td]
TobiTee8888: bets $0.06
dazza12373: calls $0.06
IlovePoker9089: folds 
Katala19993: folds 
Dorex2007: calls $0.06
*** RIVER *** [3c As 6d Td] [4s]
TobiTee8888: bets $0.91 and is all-in
dazza12373: folds 
Dorex2007: folds 
Uncalled bet ($0.91) returned to TobiTee8888
TobiTee8888 collected $0.27 from pot
*** SUMMARY ***
Total pot $0.28 | Rake $0.01 
Board [3c As 6d Td 4s]
Seat 1: dazza12373 (big blind) folded on the River
Seat 2: NKaktus folded before Flop (didn't bet)
Seat 3: IlovePoker9089 folded on the Turn
Seat 4: Katala19993 folded on the Turn
Seat 5: Pipsiu folded before Flop (didn't bet)
Seat 6: MWO57 folded before Flop (didn't bet)
Seat 7: djkofi folded before Flop (didn't bet)
Seat 8: Dorex2007 (button) folded on the River
Seat 9: TobiTee8888 (small blind) collected ($0.27)



PokerStars Hand #233215590239:  Hold'em No Limit ($0.01/$0.02 USD) - 2022/01/17 0:52:04 PT [2022/01/17 3:52:04 ET]
Table 'Atreus' 9-max Seat #9 is the button
Seat 1: dazza12373 ($2.79 in chips) 
Seat 2: NKaktus ($2 in chips) 
Seat 3: IlovePoker9089 ($0.84 in chips) 
Seat 4: Katala19993 ($2.38 in chips) 
Seat 5: Pipsiu ($1.56 in chips) 
Seat 6: MWO57 ($3.50 in chips) 
Seat 7: djkofi ($1.76 in chips) 
Seat 8: Dorex2007 ($2 in chips) 
Seat 9: TobiTee8888 ($1.18 in chips) 
dazza12373: posts small blind $0.01
NKaktus: posts big blind $0.02
*** HOLE CARDS ***
Dealt to Dorex2007 [6h 8d]
IlovePoker9089: folds 
Katala19993: calls $0.02
Pipsiu: raises $0.04 to $0.06
MWO57: folds 
djkofi: folds 
Dorex2007: folds 
TobiTee8888: calls $0.06
dazza12373: folds 
NKaktus: calls $0.04
Katala19993: calls $0.04
*** FLOP *** [5s 5d Td]
dazza12373 leaves the table
NKaktus: checks 
Katala19993: bets $2.32 and is all-in
Pipsiu: calls $1.50 and is all-in
TobiTee8888: folds 
NKaktus: folds 
Uncalled bet ($0.82) returned to Katala19993
goku27420 joins the table at seat #1 
*** TURN *** [5s 5d Td] [Tc]
*** RIVER *** [5s 5d Td Tc] [2d]
*** SHOW DOWN ***
Katala19993: shows [3d 6d] (a flush, Ten high)
Pipsiu: shows [5h 3c] (a full house, Fives full of Tens)
Pipsiu collected $3.14 from pot
*** SUMMARY ***
Total pot $3.25 | Rake $0.11 
Board [5s 5d Td Tc 2d]
Seat 1: dazza12373 (small blind) folded before Flop
Seat 2: NKaktus (big blind) folded on the Flop
Seat 3: IlovePoker9089 folded before Flop (didn't bet)
Seat 4: Katala19993 showed [3d 6d] and lost with a flush, Ten high
Seat 5: Pipsiu showed [5h 3c] and won ($3.14) with a full house, Fives full of Tens
Seat 6: MWO57 folded before Flop (didn't bet)
Seat 7: djkofi folded before Flop (didn't bet)
Seat 8: Dorex2007 folded before Flop (didn't bet)
Seat 9: TobiTee8888 (button) folded on the Flop



PokerStars Hand #233215597933:  Hold'em No Limit ($0.01/$0.02 USD) - 2022/01/17 0:52:47 PT [2022/01/17 3:52:47 ET]
Table 'Atreus' 9-max Seat #2 is the button
Seat 2: NKaktus ($2 in chips) 
Seat 3: IlovePoker9089 ($0.84 in chips) 
Seat 4: Katala19993 ($0.82 in chips) 
Seat 5: Pipsiu ($3.14 in chips) 
Seat 6: MWO57 ($3.50 in chips) 
Seat 7: djkofi ($1.76 in chips) 
Seat 8: Dorex2007 ($2 in chips) 
Seat 9: TobiTee8888 ($1.12 in chips) 
IlovePoker9089: posts small blind $0.01
Katala19993: posts big blind $0.02
goku27420: sits out 
*** HOLE CARDS ***
Dealt to Dorex2007 [Tc 5h]
Pipsiu: raises $0.04 to $0.06
MWO57: folds 
djkofi: folds 
Dorex2007: folds 
TobiTee8888: folds 
NKaktus: folds 
IlovePoker9089: folds 
Katala19993: calls $0.04
*** FLOP *** [5d Qh 7d]
Katala19993: bets $0.76 and is all-in
Pipsiu: calls $0.76
*** TURN *** [5d Qh 7d] [3s]
*** RIVER *** [5d Qh 7d 3s] [As]
*** SHOW DOWN ***
Katala19993: shows [Jc 5c] (a pair of Fives)
Pipsiu: shows [Qc Kh] (a pair of Queens)
Pipsiu collected $1.59 from pot
*** SUMMARY ***
Total pot $1.65 | Rake $0.06 
Board [5d Qh 7d 3s As]
Seat 2: NKaktus (button) folded before Flop (didn't bet)
Seat 3: IlovePoker9089 (small blind) folded before Flop
Seat 4: Katala19993 (big blind) showed [Jc 5c] and lost with a pair of Fives
Seat 5: Pipsiu showed [Qc Kh] and won ($1.59) with a pair of Queens
Seat 6: MWO57 folded before Flop (didn't bet)
Seat 7: djkofi folded before Flop (didn't bet)
Seat 8: Dorex2007 folded before Flop (didn't bet)
Seat 9: TobiTee8888 folded before Flop (didn't bet)



PokerStars Hand #233215602810:  Hold'em No Limit ($0.01/$0.02 USD) - 2022/01/17 0:53:15 PT [2022/01/17 3:53:15 ET]
Table 'Atreus' 9-max Seat #3 is the button
Seat 1: goku27420 ($2 in chips) 
Seat 2: NKaktus ($2 in chips) 
Seat 3: IlovePoker9089 ($0.83 in chips) 
Seat 5: Pipsiu ($3.91 in chips) 
Seat 6: MWO57 ($3.50 in chips) 
Seat 7: djkofi ($1.76 in chips) 
Seat 8: Dorex2007 ($2 in chips) 
Seat 9: TobiTee8888 ($1.12 in chips) 
Pipsiu: posts small blind $0.01
MWO57: posts big blind $0.02
goku27420: posts big blind $0.02
*** HOLE CARDS ***
Dealt to Dorex2007 [9h 2s]
djkofi: raises $0.06 to $0.08
Dorex2007: folds 
Katala19993 leaves the table
TobiTee8888: folds 
goku27420: folds 
NKaktus: folds 
IlovePoker9089: calls $0.08
Pipsiu: calls $0.07
MWO57: folds 
*** FLOP *** [Ts 3d 7d]
imbiteman joins the table at seat #4 
Pipsiu: bets $0.10
djkofi: folds 
IlovePoker9089: folds 
Uncalled bet ($0.10) returned to Pipsiu
Pipsiu collected $0.27 from pot
Pipsiu: doesn't show hand 
*** SUMMARY ***
Total pot $0.28 | Rake $0.01 
Board [Ts 3d 7d]
Seat 1: goku27420 folded before Flop (didn't bet)
Seat 2: NKaktus folded before Flop (didn't bet)
Seat 3: IlovePoker9089 (button) folded on the Flop
Seat 5: Pipsiu (small blind) collected ($0.27)
Seat 6: MWO57 (big blind) folded before Flop
Seat 7: djkofi folded on the Flop
Seat 8: Dorex2007 folded before Flop (didn't bet)
Seat 9: TobiTee8888 folded before Flop (didn't bet)



PokerStars Hand #233215608197:  Hold'em No Limit ($0.01/$0.02 USD) - 2022/01/17 0:53:45 PT [2022/01/17 3:53:45 ET]
Table 'Atreus' 9-max Seat #5 is the button
Seat 1: goku27420 ($1.98 in chips) 
Seat 2: NKaktus ($2 in chips) 
Seat 3: IlovePoker9089 ($0.75 in chips) 
Seat 5: Pipsiu ($4.10 in chips) 
Seat 6: MWO57 ($3.48 in chips) 
Seat 7: djkofi ($1.68 in chips) 
Seat 8: Dorex2007 ($2 in chips) 
Seat 9: TobiTee8888 ($1.12 in chips) 
MWO57: posts small blind $0.01
djkofi: posts big blind $0.02
imbiteman: sits out 
*** HOLE CARDS ***
Dealt to Dorex2007 [4s Ad]
Dorex2007: folds 
TobiTee8888: folds 
goku27420: folds 
NKaktus: folds 
IlovePoker9089: calls $0.02
Pipsiu: raises $0.04 to $0.06
MWO57: folds 
djkofi: folds 
IlovePoker9089: calls $0.04
*** FLOP *** [7c Qd 6c]
IlovePoker9089: bets $0.02
Pipsiu: folds 
Uncalled bet ($0.02) returned to IlovePoker9089
IlovePoker9089 collected $0.14 from pot
*** SUMMARY ***
Total pot $0.15 | Rake $0.01 
Board [7c Qd 6c]
Seat 1: goku27420 folded before Flop (didn't bet)
Seat 2: NKaktus folded before Flop (didn't bet)
Seat 3: IlovePoker9089 collected ($0.14)
Seat 5: Pipsiu (button) folded on the Flop
Seat 6: MWO57 (small blind) folded before Flop
Seat 7: djkofi (big blind) folded before Flop
Seat 8: Dorex2007 folded before Flop (didn't bet)
Seat 9: TobiTee8888 folded before Flop (didn't bet)



PokerStars Hand #233215613631:  Hold'em No Limit ($0.01/$0.02 USD) - 2022/01/17 0:54:16 PT [2022/01/17 3:54:16 ET]
Table 'Atreus' 9-max Seat #6 is the button
Seat 1: goku27420 ($1.98 in chips) 
Seat 2: NKaktus ($2 in chips) 
Seat 3: IlovePoker9089 ($0.83 in chips) 
Seat 4: imbiteman ($2 in chips) 
Seat 5: Pipsiu ($4.04 in chips) 
Seat 6: MWO57 ($3.47 in chips) 
Seat 7: djkofi ($1.66 in chips) 
Seat 8: Dorex2007 ($2 in chips) 
Seat 9: TobiTee8888 ($1.12 in chips) 
djkofi: posts small blind $0.01
Dorex2007: posts big blind $0.02
imbiteman: posts big blind $0.02
*** HOLE CARDS ***
Dealt to Dorex2007 [Kh Tc]
TobiTee8888: folds 
goku27420: calls $0.02
NKaktus: raises $0.04 to $0.06
IlovePoker9089: folds 
imbiteman: calls $0.04
Pipsiu: folds 
MWO57: folds 
djkofi: folds 
Dorex2007: calls $0.04
goku27420: calls $0.04
*** FLOP *** [5d Jh 3h]
Dorex2007: checks 
goku27420: checks 
NKaktus: bets $0.08
imbiteman: calls $0.08
Dorex2007: folds 
goku27420: folds 
*** TURN *** [5d Jh 3h] [8s]
NKaktus: bets $0.16
imbiteman: calls $0.16
*** RIVER *** [5d Jh 3h 8s] [Td]
NKaktus: bets $0.30
imbiteman: raises $1.40 to $1.70 and is all-in
NKaktus: folds 
Uncalled bet ($1.40) returned to imbiteman
imbiteman collected $1.28 from pot
*** SUMMARY ***
Total pot $1.33 | Rake $0.05 
Board [5d Jh 3h 8s Td]
Seat 1: goku27420 folded on the Flop
Seat 2: NKaktus folded on the River
Seat 3: IlovePoker9089 folded before Flop (didn't bet)
Seat 4: imbiteman collected ($1.28)
Seat 5: Pipsiu folded before Flop (didn't bet)
Seat 6: MWO57 (button) folded before Flop (didn't bet)
Seat 7: djkofi (small blind) folded before Flop
Seat 8: Dorex2007 (big blind) folded on the Flop
Seat 9: TobiTee8888 folded before Flop (didn't bet)



PokerStars Hand #233215622316:  Hold'em No Limit ($0.01/$0.02 USD) - 2022/01/17 0:55:05 PT [2022/01/17 3:55:05 ET]
Table 'Atreus' 9-max Seat #7 is the button
Seat 1: goku27420 ($1.92 in chips) 
Seat 2: NKaktus ($2 in chips) 
Seat 3: IlovePoker9089 ($0.83 in chips) 
Seat 4: imbiteman ($2.68 in chips) 
Seat 5: Pipsiu ($4.04 in chips) 
Seat 6: MWO57 ($3.47 in chips) 
Seat 7: djkofi ($1.65 in chips) 
Seat 8: Dorex2007 ($2 in chips) 
Seat 9: TobiTee8888 ($1.12 in chips) 
Dorex2007: posts small blind $0.01
TobiTee8888: posts big blind $0.02
*** HOLE CARDS ***
Dealt to Dorex2007 [3d 9c]
goku27420: folds 
NKaktus: folds 
IlovePoker9089: calls $0.02
imbiteman: calls $0.02
Pipsiu: folds 
MWO57: raises $0.06 to $0.08
djkofi: folds 
Dorex2007: folds 
TobiTee8888: calls $0.06
IlovePoker9089: calls $0.06
imbiteman: calls $0.06
*** FLOP *** [2d Ac Ks]
TobiTee8888: checks 
IlovePoker9089: checks 
imbiteman: bets $0.02
MWO57: raises $0.10 to $0.12
TobiTee8888: folds 
IlovePoker9089: folds 
imbiteman: folds 
Uncalled bet ($0.10) returned to MWO57
MWO57 collected $0.36 from pot
*** SUMMARY ***
Total pot $0.37 | Rake $0.01 
Board [2d Ac Ks]
Seat 1: goku27420 folded before Flop (didn't bet)
Seat 2: NKaktus folded before Flop (didn't bet)
Seat 3: IlovePoker9089 folded on the Flop
Seat 4: imbiteman folded on the Flop
Seat 5: Pipsiu folded before Flop (didn't bet)
Seat 6: MWO57 collected ($0.36)
Seat 7: djkofi (button) folded before Flop (didn't bet)
Seat 8: Dorex2007 (small blind) folded before Flop
Seat 9: TobiTee8888 (big blind) folded on the Flop



