PokerStars Hand #232467089965:  Hold'em No Limit ($0.01/$0.02 USD) - 2021/12/23 14:43:19 PT [2021/12/23 17:43:19 ET]
Table 'Bernardina III' 9-max Seat #6 is the button
Seat 1: pewpewstasik ($2.75 in chips) 
Seat 2: 10 blueberry 10 ($5.56 in chips) 
Seat 4: Dorex2007 ($2 in chips) 
Seat 6: 21Roma_Stars . ($1.60 in chips) 
Seat 7: Gatzin ($2 in chips) 
Seat 8: gjrth6969 ($2.68 in chips) 
Seat 9: krump64 ($3.12 in chips) 
Gatzin: posts small blind $0.01
gjrth6969: posts big blind $0.02
Dorex2007: posts big blind $0.02
*** HOLE CARDS ***
Dealt to Dorex2007 [Jd Tc]
krump64: folds 
pewpewstasik: raises $0.03 to $0.05
10 blueberry 10: calls $0.05
Dorex2007: folds 
21Roma_Stars .: calls $0.05
Gatzin: folds 
gjrth6969: folds 
*** FLOP *** [Ah 9d 7s]
pewpewstasik: checks 
10 blueberry 10: checks 
21Roma_Stars .: bets $0.02
pewpewstasik: calls $0.02
10 blueberry 10: calls $0.02
*** TURN *** [Ah 9d 7s] [8s]
pewpewstasik: checks 
10 blueberry 10: checks 
21Roma_Stars .: bets $0.02
pewpewstasik: calls $0.02
10 blueberry 10: folds 
*** RIVER *** [Ah 9d 7s 8s] [Th]
pewpewstasik: checks 
21Roma_Stars .: checks 
*** SHOW DOWN ***
pewpewstasik: shows [Qh Qd] (a pair of Queens)
21Roma_Stars .: mucks hand 
pewpewstasik collected $0.29 from pot
*** SUMMARY ***
Total pot $0.30 | Rake $0.01 
Board [Ah 9d 7s 8s Th]
Seat 1: pewpewstasik showed [Qh Qd] and won ($0.29) with a pair of Queens
Seat 2: 10 blueberry 10 folded on the Turn
Seat 4: Dorex2007 folded before Flop (didn't bet)
Seat 6: 21Roma_Stars . (button) mucked [7d 5s]
Seat 7: Gatzin (small blind) folded before Flop
Seat 8: gjrth6969 (big blind) folded before Flop
Seat 9: krump64 folded before Flop (didn't bet)



PokerStars Hand #232467112517:  Hold'em No Limit ($0.01/$0.02 USD) - 2021/12/23 14:44:08 PT [2021/12/23 17:44:08 ET]
Table 'Bernardina III' 9-max Seat #7 is the button
Seat 1: pewpewstasik ($2.95 in chips) 
Seat 2: 10 blueberry 10 ($5.49 in chips) 
Seat 4: Dorex2007 ($2 in chips) 
Seat 6: 21Roma_Stars . ($1.51 in chips) 
Seat 7: Gatzin ($2 in chips) 
Seat 8: gjrth6969 ($2.66 in chips) 
Seat 9: krump64 ($3.12 in chips) 
gjrth6969: posts small blind $0.01
krump64: posts big blind $0.02
*** HOLE CARDS ***
Dealt to Dorex2007 [3h 8s]
pewpewstasik: folds 
10 blueberry 10: raises $0.02 to $0.04
Dorex2007: folds 
21Roma_Stars .: folds 
Gatzin: folds 
gjrth6969: raises $0.10 to $0.14
krump64: calls $0.12
21Roma_Stars . leaves the table
10 blueberry 10: calls $0.10
*** FLOP *** [Ts 5d 7c]
gjrth6969: checks 
krump64: checks 
10 blueberry 10: bets $0.21
gjrth6969: folds 
krump64: folds 
Uncalled bet ($0.21) returned to 10 blueberry 10
10 blueberry 10 collected $0.41 from pot
10 blueberry 10: doesn't show hand 
*** SUMMARY ***
Total pot $0.42 | Rake $0.01 
Board [Ts 5d 7c]
Seat 1: pewpewstasik folded before Flop (didn't bet)
Seat 2: 10 blueberry 10 collected ($0.41)
Seat 4: Dorex2007 folded before Flop (didn't bet)
Seat 6: 21Roma_Stars . folded before Flop (didn't bet)
Seat 7: Gatzin (button) folded before Flop (didn't bet)
Seat 8: gjrth6969 (small blind) folded on the Flop
Seat 9: krump64 (big blind) folded on the Flop



PokerStars Hand #232467132959:  Hold'em No Limit ($0.01/$0.02 USD) - 2021/12/23 14:44:53 PT [2021/12/23 17:44:53 ET]
Table 'Bernardina III' 9-max Seat #8 is the button
Seat 1: pewpewstasik ($2.95 in chips) 
Seat 2: 10 blueberry 10 ($5.76 in chips) 
Seat 4: Dorex2007 ($2 in chips) 
Seat 7: Gatzin ($2 in chips) 
Seat 8: gjrth6969 ($2.52 in chips) 
Seat 9: krump64 ($2.98 in chips) 
krump64: posts small blind $0.01
pewpewstasik: posts big blind $0.02
*** HOLE CARDS ***
Dealt to Dorex2007 [Qs 5d]
10 blueberry 10: raises $0.05 to $0.07
Dorex2007: folds 
Gatzin: folds 
gjrth6969: folds 
krump64: folds 
pewpewstasik: folds 
Uncalled bet ($0.05) returned to 10 blueberry 10
10 blueberry 10 collected $0.05 from pot
10 blueberry 10: doesn't show hand 
*** SUMMARY ***
Total pot $0.05 | Rake $0 
Seat 1: pewpewstasik (big blind) folded before Flop
Seat 2: 10 blueberry 10 collected ($0.05)
Seat 4: Dorex2007 folded before Flop (didn't bet)
Seat 7: Gatzin folded before Flop (didn't bet)
Seat 8: gjrth6969 (button) folded before Flop (didn't bet)
Seat 9: krump64 (small blind) folded before Flop



PokerStars Hand #232467140296:  Hold'em No Limit ($0.01/$0.02 USD) - 2021/12/23 14:45:09 PT [2021/12/23 17:45:09 ET]
Table 'Bernardina III' 9-max Seat #9 is the button
Seat 1: pewpewstasik ($2.93 in chips) 
Seat 2: 10 blueberry 10 ($5.79 in chips) 
Seat 4: Dorex2007 ($2 in chips) 
Seat 7: Gatzin ($2 in chips) 
Seat 8: gjrth6969 ($2.52 in chips) 
Seat 9: krump64 ($2.97 in chips) 
pewpewstasik: posts small blind $0.01
10 blueberry 10: posts big blind $0.02
*** HOLE CARDS ***
Dealt to Dorex2007 [5h 7h]
Dorex2007: folds 
Gatzin: folds 
gjrth6969: raises $0.03 to $0.05
krump64: folds 
pewpewstasik: raises $0.13 to $0.18
10 blueberry 10: folds 
gjrth6969: calls $0.13
*** FLOP *** [4c 9h 2d]
pewpewstasik: bets $0.20
Gatzin leaves the table
gjrth6969: calls $0.20
*** TURN *** [4c 9h 2d] [6c]
pewpewstasik: bets $0.59
gjrth6969: folds 
Uncalled bet ($0.59) returned to pewpewstasik
pewpewstasik collected $0.75 from pot
pewpewstasik: doesn't show hand 
*** SUMMARY ***
Total pot $0.78 | Rake $0.03 
Board [4c 9h 2d 6c]
Seat 1: pewpewstasik (small blind) collected ($0.75)
Seat 2: 10 blueberry 10 (big blind) folded before Flop
Seat 4: Dorex2007 folded before Flop (didn't bet)
Seat 7: Gatzin folded before Flop (didn't bet)
Seat 8: gjrth6969 folded on the Turn
Seat 9: krump64 (button) folded before Flop (didn't bet)



PokerStars Hand #232467152763:  Hold'em No Limit ($0.01/$0.02 USD) - 2021/12/23 14:45:37 PT [2021/12/23 17:45:37 ET]
Table 'Bernardina III' 9-max Seat #1 is the button
Seat 1: pewpewstasik ($3.30 in chips) 
Seat 2: 10 blueberry 10 ($5.77 in chips) 
Seat 4: Dorex2007 ($2 in chips) 
Seat 8: gjrth6969 ($2.14 in chips) 
Seat 9: krump64 ($2.97 in chips) 
10 blueberry 10: posts small blind $0.01
Dorex2007: posts big blind $0.02
*** HOLE CARDS ***
Dealt to Dorex2007 [Ac 9c]
gjrth6969: folds 
krump64: folds 
pewpewstasik: raises $0.03 to $0.05
10 blueberry 10: calls $0.04
Dorex2007: calls $0.03
*** FLOP *** [6s 2d Jd]
10 blueberry 10: checks 
Dorex2007: bets $0.07
pewpewstasik: folds 
10 blueberry 10: folds 
Uncalled bet ($0.07) returned to Dorex2007
Dorex2007 collected $0.14 from pot
Dorex2007: doesn't show hand 
*** SUMMARY ***
Total pot $0.15 | Rake $0.01 
Board [6s 2d Jd]
Seat 1: pewpewstasik (button) folded on the Flop
Seat 2: 10 blueberry 10 (small blind) folded on the Flop
Seat 4: Dorex2007 (big blind) collected ($0.14)
Seat 8: gjrth6969 folded before Flop (didn't bet)
Seat 9: krump64 folded before Flop (didn't bet)



PokerStars Hand #232467166129:  Hold'em No Limit ($0.01/$0.02 USD) - 2021/12/23 14:46:06 PT [2021/12/23 17:46:06 ET]
Table 'Bernardina III' 9-max Seat #2 is the button
Seat 1: pewpewstasik ($3.25 in chips) 
Seat 2: 10 blueberry 10 ($5.72 in chips) 
Seat 4: Dorex2007 ($2.09 in chips) 
Seat 8: gjrth6969 ($2.14 in chips) 
Seat 9: krump64 ($2.97 in chips) 
Dorex2007: posts small blind $0.01
gjrth6969: posts big blind $0.02
*** HOLE CARDS ***
Dealt to Dorex2007 [6h 5h]
krump64: folds 
pewpewstasik: folds 
10 blueberry 10: raises $0.05 to $0.07
Dorex2007: folds 
gjrth6969: folds 
Uncalled bet ($0.05) returned to 10 blueberry 10
10 blueberry 10 collected $0.05 from pot
10 blueberry 10: doesn't show hand 
*** SUMMARY ***
Total pot $0.05 | Rake $0 
Seat 1: pewpewstasik folded before Flop (didn't bet)
Seat 2: 10 blueberry 10 (button) collected ($0.05)
Seat 4: Dorex2007 (small blind) folded before Flop
Seat 8: gjrth6969 (big blind) folded before Flop
Seat 9: krump64 folded before Flop (didn't bet)



PokerStars Hand #232467177158:  Hold'em No Limit ($0.01/$0.02 USD) - 2021/12/23 14:46:31 PT [2021/12/23 17:46:31 ET]
Table 'Bernardina III' 9-max Seat #4 is the button
Seat 1: pewpewstasik ($3.25 in chips) 
Seat 2: 10 blueberry 10 ($5.75 in chips) 
Seat 4: Dorex2007 ($2.08 in chips) 
Seat 8: gjrth6969 ($2.12 in chips) 
Seat 9: krump64 ($2.97 in chips) 
gjrth6969: posts small blind $0.01
krump64: posts big blind $0.02
*** HOLE CARDS ***
Dealt to Dorex2007 [Jh Js]
pewpewstasik: folds 
10 blueberry 10: raises $0.05 to $0.07
Dorex2007: calls $0.07
gjrth6969: raises $0.23 to $0.30
krump64: folds 
10 blueberry 10: raises $0.69 to $0.99
Dorex2007: folds 
gjrth6969: folds 
Uncalled bet ($0.69) returned to 10 blueberry 10
krump64 leaves the table
10 blueberry 10 collected $0.69 from pot
10 blueberry 10: doesn't show hand 
*** SUMMARY ***
Total pot $0.69 | Rake $0 
Seat 1: pewpewstasik folded before Flop (didn't bet)
Seat 2: 10 blueberry 10 collected ($0.69)
Seat 4: Dorex2007 (button) folded before Flop
Seat 8: gjrth6969 (small blind) folded before Flop
Seat 9: krump64 (big blind) folded before Flop



PokerStars Hand #232467190227:  Hold'em No Limit ($0.01/$0.02 USD) - 2021/12/23 14:46:59 PT [2021/12/23 17:46:59 ET]
Table 'Bernardina III' 9-max Seat #8 is the button
Seat 1: pewpewstasik ($3.25 in chips) 
Seat 2: 10 blueberry 10 ($6.14 in chips) 
Seat 4: Dorex2007 ($2.01 in chips) 
Seat 8: gjrth6969 ($2 in chips) 
pewpewstasik: posts small blind $0.01
10 blueberry 10: posts big blind $0.02
*** HOLE CARDS ***
Dealt to Dorex2007 [6s Qd]
Dorex2007: folds 
gjrth6969: raises $0.03 to $0.05
pewpewstasik: folds 
10 blueberry 10: folds 
Uncalled bet ($0.03) returned to gjrth6969
gjrth6969 collected $0.05 from pot
gjrth6969: doesn't show hand 
*** SUMMARY ***
Total pot $0.05 | Rake $0 
Seat 1: pewpewstasik (small blind) folded before Flop
Seat 2: 10 blueberry 10 (big blind) folded before Flop
Seat 4: Dorex2007 folded before Flop (didn't bet)
Seat 8: gjrth6969 (button) collected ($0.05)



PokerStars Hand #232467196589:  Hold'em No Limit ($0.01/$0.02 USD) - 2021/12/23 14:47:14 PT [2021/12/23 17:47:14 ET]
Table 'Bernardina III' 9-max Seat #1 is the button
Seat 1: pewpewstasik ($3.24 in chips) 
Seat 2: 10 blueberry 10 ($6.12 in chips) 
Seat 4: Dorex2007 ($2.01 in chips) 
Seat 8: gjrth6969 ($2.03 in chips) 
10 blueberry 10: posts small blind $0.01
Dorex2007: posts big blind $0.02
*** HOLE CARDS ***
Dealt to Dorex2007 [Tc 2d]
gjrth6969: folds 
pewpewstasik: folds 
10 blueberry 10: raises $0.04 to $0.06
Dorex2007: folds 
Uncalled bet ($0.04) returned to 10 blueberry 10
10 blueberry 10 collected $0.04 from pot
10 blueberry 10: doesn't show hand 
*** SUMMARY ***
Total pot $0.04 | Rake $0 
Seat 1: pewpewstasik (button) folded before Flop (didn't bet)
Seat 2: 10 blueberry 10 (small blind) collected ($0.04)
Seat 4: Dorex2007 (big blind) folded before Flop
Seat 8: gjrth6969 folded before Flop (didn't bet)



PokerStars Hand #232467201246:  Hold'em No Limit ($0.01/$0.02 USD) - 2021/12/23 14:47:24 PT [2021/12/23 17:47:24 ET]
Table 'Bernardina III' 9-max Seat #2 is the button
Seat 1: pewpewstasik ($3.24 in chips) 
Seat 2: 10 blueberry 10 ($6.14 in chips) 
Seat 4: Dorex2007 ($2 in chips) 
Seat 8: gjrth6969 ($2.03 in chips) 
Dorex2007: posts small blind $0.01
gjrth6969: posts big blind $0.02
*** HOLE CARDS ***
Dealt to Dorex2007 [5h 3c]
pewpewstasik: folds 
10 blueberry 10: raises $0.05 to $0.07
Dorex2007: folds 
gjrth6969: raises $0.15 to $0.22
FilMiami joins the table at seat #3 
10 blueberry 10: calls $0.15
*** FLOP *** [Kh 2h Ah]
gjrth6969: bets $0.22
TheMonster251 joins the table at seat #5 
10 blueberry 10: calls $0.22
*** TURN *** [Kh 2h Ah] [2s]
gjrth6969: bets $0.43
10 blueberry 10: folds 
Uncalled bet ($0.43) returned to gjrth6969
gjrth6969 collected $0.86 from pot
gjrth6969: doesn't show hand 
*** SUMMARY ***
Total pot $0.89 | Rake $0.03 
Board [Kh 2h Ah 2s]
Seat 1: pewpewstasik folded before Flop (didn't bet)
Seat 2: 10 blueberry 10 (button) folded on the Turn
Seat 4: Dorex2007 (small blind) folded before Flop
Seat 8: gjrth6969 (big blind) collected ($0.86)



PokerStars Hand #232467241324:  Hold'em No Limit ($0.01/$0.02 USD) - 2021/12/23 14:48:32 PT [2021/12/23 17:48:32 ET]
Table 'Bernardina III' 9-max Seat #1 is the button
Seat 1: pewpewstasik ($3.23 in chips) 
Seat 2: 10 blueberry 10 ($5.51 in chips) 
Seat 3: FilMiami ($0.80 in chips) 
Seat 4: Dorex2007 ($2 in chips) 
Seat 5: TheMonster251 ($0.90 in chips) 
Seat 6: preti_94 ($1.60 in chips) 
Seat 8: gjrth6969 ($2.66 in chips) 
10 blueberry 10: posts small blind $0.01
FilMiami: posts big blind $0.02
preti_94: posts big blind $0.02
j+sch1977: sits out 
*** HOLE CARDS ***
Dealt to Dorex2007 [7d 5h]
Dorex2007: folds 
magicman316 joins the table at seat #9 
TheMonster251 has timed out
TheMonster251: folds 
preti_94: checks 
gjrth6969: raises $0.07 to $0.09
pewpewstasik: folds 
10 blueberry 10: raises $0.22 to $0.31
FilMiami: folds 
preti_94: calls $0.29
gjrth6969: folds 
*** FLOP *** [2d 9d Qh]
10 blueberry 10: checks 
preti_94: bets $0.35
10 blueberry 10: calls $0.35
*** TURN *** [2d 9d Qh] [3d]
10 blueberry 10: checks 
preti_94: bets $0.69
10 blueberry 10: folds 
Uncalled bet ($0.69) returned to preti_94
preti_94 collected $1.38 from pot
preti_94: doesn't show hand 
*** SUMMARY ***
Total pot $1.43 | Rake $0.05 
Board [2d 9d Qh 3d]
Seat 1: pewpewstasik (button) folded before Flop (didn't bet)
Seat 2: 10 blueberry 10 (small blind) folded on the Turn
Seat 3: FilMiami (big blind) folded before Flop
Seat 4: Dorex2007 folded before Flop (didn't bet)
Seat 5: TheMonster251 folded before Flop (didn't bet)
Seat 6: preti_94 collected ($1.38)
Seat 8: gjrth6969 folded before Flop



PokerStars Hand #232467267232:  Hold'em No Limit ($0.01/$0.02 USD) - 2021/12/23 14:49:29 PT [2021/12/23 17:49:29 ET]
Table 'Bernardina III' 9-max Seat #2 is the button
Seat 1: pewpewstasik ($3.23 in chips) 
Seat 2: 10 blueberry 10 ($4.85 in chips) 
Seat 3: FilMiami ($0.78 in chips) 
Seat 4: Dorex2007 ($2 in chips) 
Seat 5: TheMonster251 ($0.90 in chips) 
Seat 6: preti_94 ($2.32 in chips) 
Seat 8: gjrth6969 ($2.57 in chips) 
Seat 9: magicman316 ($2 in chips) 
FilMiami: posts small blind $0.01
Dorex2007: posts big blind $0.02
j+sch1977: sits out 
magicman316: posts big blind $0.02
*** HOLE CARDS ***
Dealt to Dorex2007 [Jd 7c]
TheMonster251: folds 
preti_94: folds 
gjrth6969: raises $0.07 to $0.09
magicman316: calls $0.07
pewpewstasik: folds 
10 blueberry 10: calls $0.09
FilMiami: folds 
Dorex2007: folds 
*** FLOP *** [Qd 2c Qs]
gjrth6969: checks 
magicman316: bets $1.91 and is all-in
10 blueberry 10: calls $1.91
gjrth6969: folds 
*** TURN *** [Qd 2c Qs] [9s]
*** RIVER *** [Qd 2c Qs 9s] [Js]
*** SHOW DOWN ***
magicman316: shows [3h 5c] (a pair of Queens)
10 blueberry 10: shows [9d Qc] (a full house, Queens full of Nines)
10 blueberry 10 collected $3.98 from pot
*** SUMMARY ***
Total pot $4.12 | Rake $0.14 
Board [Qd 2c Qs 9s Js]
Seat 1: pewpewstasik folded before Flop (didn't bet)
Seat 2: 10 blueberry 10 (button) showed [9d Qc] and won ($3.98) with a full house, Queens full of Nines
Seat 3: FilMiami (small blind) folded before Flop
Seat 4: Dorex2007 (big blind) folded before Flop
Seat 5: TheMonster251 folded before Flop (didn't bet)
Seat 6: preti_94 folded before Flop (didn't bet)
Seat 8: gjrth6969 folded on the Flop
Seat 9: magicman316 showed [3h 5c] and lost with a pair of Queens



PokerStars Hand #232467294523:  Hold'em No Limit ($0.01/$0.02 USD) - 2021/12/23 14:50:16 PT [2021/12/23 17:50:16 ET]
Table 'Bernardina III' 9-max Seat #3 is the button
Seat 1: pewpewstasik ($3.23 in chips) 
Seat 2: 10 blueberry 10 ($6.83 in chips) 
Seat 3: FilMiami ($0.77 in chips) 
Seat 4: Dorex2007 ($2 in chips) 
Seat 5: TheMonster251 ($0.90 in chips) 
Seat 6: preti_94 ($2.32 in chips) 
Seat 8: gjrth6969 ($2.48 in chips) 
Dorex2007: posts small blind $0.01
TheMonster251: posts big blind $0.02
j+sch1977: sits out 
*** HOLE CARDS ***
Dealt to Dorex2007 [Tc Th]
preti_94: folds 
gjrth6969: folds 
magicman316 leaves the table
pewpewstasik: folds 
10 blueberry 10: raises $0.05 to $0.07
FilMiami: calls $0.07
Dorex2007: calls $0.06
Dr G Homer joins the table at seat #9 
TheMonster251: folds 
*** FLOP *** [4d Qh Kh]
Dorex2007: checks 
10 blueberry 10: bets $0.22
FilMiami: raises $0.48 to $0.70 and is all-in
Dorex2007: folds 
10 blueberry 10: calls $0.48
*** TURN *** [4d Qh Kh] [Jh]
*** RIVER *** [4d Qh Kh Jh] [Ac]
*** SHOW DOWN ***
10 blueberry 10: shows [Ah Kd] (two pair, Aces and Kings)
FilMiami: shows [Kc Qc] (two pair, Kings and Queens)
10 blueberry 10 collected $1.57 from pot
FilMiami cashed out the hand for $1.26 | Cash Out Fee $0.01
*** SUMMARY ***
Total pot $1.63 | Rake $0.06 
Board [4d Qh Kh Jh Ac]
Seat 1: pewpewstasik folded before Flop (didn't bet)
Seat 2: 10 blueberry 10 showed [Ah Kd] and won ($1.57) with two pair, Aces and Kings
Seat 3: FilMiami (button) showed [Kc Qc] and lost with two pair, Kings and Queens (cashed out).
Seat 4: Dorex2007 (small blind) folded on the Flop
Seat 5: TheMonster251 (big blind) folded before Flop
Seat 6: preti_94 folded before Flop (didn't bet)
Seat 8: gjrth6969 folded before Flop (didn't bet)



PokerStars Hand #232467314789:  Hold'em No Limit ($0.01/$0.02 USD) - 2021/12/23 14:51:01 PT [2021/12/23 17:51:01 ET]
Table 'Bernardina III' 9-max Seat #4 is the button
Seat 1: pewpewstasik ($3.23 in chips) 
Seat 2: 10 blueberry 10 ($7.63 in chips) 
Seat 3: FilMiami ($1.26 in chips) 
Seat 4: Dorex2007 ($2 in chips) 
Seat 5: TheMonster251 ($0.88 in chips) 
Seat 6: preti_94 ($2.32 in chips) 
Seat 8: gjrth6969 ($2.48 in chips) 
TheMonster251: posts small blind $0.01
preti_94: posts big blind $0.02
j+sch1977: sits out 
Dr G Homer: sits out 
*** HOLE CARDS ***
Dealt to Dorex2007 [Kd Ts]
gjrth6969: folds 
pewpewstasik: folds 
10 blueberry 10: folds 
FilMiami: folds 
Dorex2007: raises $0.02 to $0.04
TheMonster251: raises $0.08 to $0.12
preti_94: raises $0.08 to $0.20
Dorex2007: folds 
TheMonster251: calls $0.08
*** FLOP *** [Jc Ac 9d]
TheMonster251: bets $0.08
preti_94: calls $0.08
*** TURN *** [Jc Ac 9d] [As]
TheMonster251: bets $0.12
preti_94: raises $1.92 to $2.04 and is all-in
TheMonster251: calls $0.48 and is all-in
Uncalled bet ($1.44) returned to preti_94
*** RIVER *** [Jc Ac 9d As] [7c]
*** SHOW DOWN ***
TheMonster251: shows [Td Js] (two pair, Aces and Jacks)
preti_94: shows [7h 7s] (a full house, Sevens full of Aces)
preti_94 collected $1.74 from pot
TheMonster251 cashed out the hand for $1.65 | Cash Out Fee $0.02
*** SUMMARY ***
Total pot $1.80 | Rake $0.06 
Board [Jc Ac 9d As 7c]
Seat 1: pewpewstasik folded before Flop (didn't bet)
Seat 2: 10 blueberry 10 folded before Flop (didn't bet)
Seat 3: FilMiami folded before Flop (didn't bet)
Seat 4: Dorex2007 (button) folded before Flop
Seat 5: TheMonster251 (small blind) showed [Td Js] and lost with two pair, Aces and Jacks (cashed out).
Seat 6: preti_94 (big blind) showed [7h 7s] and won ($1.74) with a full house, Sevens full of Aces
Seat 8: gjrth6969 folded before Flop (didn't bet)



PokerStars Hand #232467342009:  Hold'em No Limit ($0.01/$0.02 USD) - 2021/12/23 14:52:01 PT [2021/12/23 17:52:01 ET]
Table 'Bernardina III' 9-max Seat #5 is the button
Seat 1: pewpewstasik ($3.23 in chips) 
Seat 2: 10 blueberry 10 ($7.63 in chips) 
Seat 3: FilMiami ($1.26 in chips) 
Seat 4: Dorex2007 ($2 in chips) 
Seat 5: TheMonster251 ($1.65 in chips) 
Seat 6: preti_94 ($3.18 in chips) 
Seat 7: j+sch1977 ($0.80 in chips) 
Seat 8: gjrth6969 ($2.48 in chips) 
preti_94: posts small blind $0.01
j+sch1977: posts big blind $0.02
Dr G Homer: sits out 
*** HOLE CARDS ***
Dealt to Dorex2007 [Qc 8s]
gjrth6969: folds 
pewpewstasik: folds 
10 blueberry 10: raises $0.02 to $0.04
FilMiami: calls $0.04
Dorex2007: folds 
TheMonster251: folds 
preti_94: raises $1.96 to $2
j+sch1977: folds 
10 blueberry 10: folds 
FilMiami: folds 
Uncalled bet ($1.96) returned to preti_94
preti_94 collected $0.14 from pot
preti_94: doesn't show hand 
*** SUMMARY ***
Total pot $0.14 | Rake $0 
Seat 1: pewpewstasik folded before Flop (didn't bet)
Seat 2: 10 blueberry 10 folded before Flop
Seat 3: FilMiami folded before Flop
Seat 4: Dorex2007 folded before Flop (didn't bet)
Seat 5: TheMonster251 (button) folded before Flop (didn't bet)
Seat 6: preti_94 (small blind) collected ($0.14)
Seat 7: j+sch1977 (big blind) folded before Flop
Seat 8: gjrth6969 folded before Flop (didn't bet)



PokerStars Hand #232467356504:  Hold'em No Limit ($0.01/$0.02 USD) - 2021/12/23 14:52:34 PT [2021/12/23 17:52:34 ET]
Table 'Bernardina III' 9-max Seat #6 is the button
Seat 1: pewpewstasik ($3.23 in chips) 
Seat 2: 10 blueberry 10 ($7.59 in chips) 
Seat 3: FilMiami ($1.22 in chips) 
Seat 4: Dorex2007 ($2 in chips) 
Seat 5: TheMonster251 ($1.65 in chips) 
Seat 6: preti_94 ($3.28 in chips) 
Seat 7: j+sch1977 ($0.78 in chips) 
Seat 9: Dr G Homer ($2 in chips) 
j+sch1977: posts small blind $0.01
gjrth6969: is sitting out 
Dr G Homer: posts big blind $0.02
*** HOLE CARDS ***
Dealt to Dorex2007 [9c 7c]
pewpewstasik: folds 
10 blueberry 10: raises $0.05 to $0.07
FilMiami: folds 
Dorex2007: folds 
TheMonster251: folds 
preti_94: folds 
j+sch1977: folds 
Dr G Homer: folds 
Uncalled bet ($0.05) returned to 10 blueberry 10
10 blueberry 10 collected $0.05 from pot
10 blueberry 10: doesn't show hand 
*** SUMMARY ***
Total pot $0.05 | Rake $0 
Seat 1: pewpewstasik folded before Flop (didn't bet)
Seat 2: 10 blueberry 10 collected ($0.05)
Seat 3: FilMiami folded before Flop (didn't bet)
Seat 4: Dorex2007 folded before Flop (didn't bet)
Seat 5: TheMonster251 folded before Flop (didn't bet)
Seat 6: preti_94 (button) folded before Flop (didn't bet)
Seat 7: j+sch1977 (small blind) folded before Flop
Seat 9: Dr G Homer (big blind) folded before Flop



PokerStars Hand #232467367574:  Hold'em No Limit ($0.01/$0.02 USD) - 2021/12/23 14:52:58 PT [2021/12/23 17:52:58 ET]
Table 'Bernardina III' 9-max Seat #7 is the button
Seat 2: 10 blueberry 10 ($7.62 in chips) 
Seat 3: FilMiami ($1.22 in chips) 
Seat 4: Dorex2007 ($2 in chips) 
Seat 5: TheMonster251 ($1.65 in chips) 
Seat 6: preti_94 ($3.28 in chips) 
Seat 7: j+sch1977 ($0.77 in chips) 
Seat 9: Dr G Homer ($1.99 in chips) 
Dr G Homer: posts small blind $0.01
pewpewstasik: is sitting out 
10 blueberry 10: posts big blind $0.02
*** HOLE CARDS ***
Dealt to Dorex2007 [4h Ah]
FilMiami: raises $0.04 to $0.06
Dorex2007: calls $0.06
TheMonster251: raises $0.10 to $0.16
pewpewstasik leaves the table
pewpewstasik joins the table at seat #1 
pewpewstasik leaves the table
pewpewstasik joins the table at seat #1 
pewpewstasik leaves the table
preti_94 has timed out
preti_94: folds 
j+sch1977: folds 
Dr G Homer: folds 
10 blueberry 10: folds 
FilMiami: calls $0.10
Dorex2007: folds 
*** FLOP *** [Kd 3s 6d]
FilMiami: checks 
TheMonster251: bets $0.08
FilMiami: calls $0.08
*** TURN *** [Kd 3s 6d] [8c]
FilMiami: checks 
TheMonster251: bets $0.08
FilMiami: calls $0.08
*** RIVER *** [Kd 3s 6d 8c] [9d]
FilMiami: checks 
TheMonster251: checks 
*** SHOW DOWN ***
FilMiami: shows [Qc Qd] (a pair of Queens)
TheMonster251: mucks hand 
FilMiami collected $0.70 from pot
Atrito190 joins the table at seat #1 
*** SUMMARY ***
Total pot $0.73 | Rake $0.03 
Board [Kd 3s 6d 8c 9d]
Seat 2: 10 blueberry 10 (big blind) folded before Flop
Seat 3: FilMiami showed [Qc Qd] and won ($0.70) with a pair of Queens
Seat 4: Dorex2007 folded before Flop
Seat 5: TheMonster251 mucked [3c Ac]
Seat 6: preti_94 folded before Flop (didn't bet)
Seat 7: j+sch1977 (button) folded before Flop (didn't bet)
Seat 9: Dr G Homer (small blind) folded before Flop



PokerStars Hand #232467391067:  Hold'em No Limit ($0.01/$0.02 USD) - 2021/12/23 14:53:51 PT [2021/12/23 17:53:51 ET]
Table 'Bernardina III' 9-max Seat #9 is the button
Seat 2: 10 blueberry 10 ($7.60 in chips) 
Seat 3: FilMiami ($1.60 in chips) 
Seat 4: Dorex2007 ($2 in chips) 
Seat 5: TheMonster251 ($1.33 in chips) 
Seat 7: j+sch1977 ($0.77 in chips) 
Seat 9: Dr G Homer ($1.98 in chips) 
10 blueberry 10: posts small blind $0.01
FilMiami: posts big blind $0.02
*** HOLE CARDS ***
Dealt to Dorex2007 [6c 8h]
Dorex2007: folds 
TheMonster251: folds 
j+sch1977: folds 
Dr G Homer: folds 
10 blueberry 10: folds 
Uncalled bet ($0.01) returned to FilMiami
FilMiami collected $0.02 from pot
FilMiami: doesn't show hand 
*** SUMMARY ***
Total pot $0.02 | Rake $0 
Seat 2: 10 blueberry 10 (small blind) folded before Flop
Seat 3: FilMiami (big blind) collected ($0.02)
Seat 4: Dorex2007 folded before Flop (didn't bet)
Seat 5: TheMonster251 folded before Flop (didn't bet)
Seat 7: j+sch1977 folded before Flop (didn't bet)
Seat 9: Dr G Homer (button) folded before Flop (didn't bet)



PokerStars Hand #232467401087:  Hold'em No Limit ($0.01/$0.02 USD) - 2021/12/23 14:54:13 PT [2021/12/23 17:54:13 ET]
Table 'Bernardina III' 9-max Seat #2 is the button
Seat 2: 10 blueberry 10 ($7.59 in chips) 
Seat 3: FilMiami ($1.61 in chips) 
Seat 4: Dorex2007 ($2 in chips) 
Seat 5: TheMonster251 ($1.33 in chips) 
Seat 6: preti_94 ($3.28 in chips) 
Seat 7: j+sch1977 ($0.77 in chips) 
Seat 9: Dr G Homer ($1.98 in chips) 
FilMiami: posts small blind $0.01
Dorex2007: posts big blind $0.02
gjrth6969: sits out 
Atrito190: sits out 
*** HOLE CARDS ***
Dealt to Dorex2007 [6c 8h]
TheMonster251: folds 
preti_94: folds 
j+sch1977: folds 
Dr G Homer: folds 
10 blueberry 10: raises $0.02 to $0.04
FilMiami: folds 
Dorex2007: folds 
Uncalled bet ($0.02) returned to 10 blueberry 10
10 blueberry 10 collected $0.05 from pot
10 blueberry 10: doesn't show hand 
*** SUMMARY ***
Total pot $0.05 | Rake $0 
Seat 2: 10 blueberry 10 (button) collected ($0.05)
Seat 3: FilMiami (small blind) folded before Flop
Seat 4: Dorex2007 (big blind) folded before Flop
Seat 5: TheMonster251 folded before Flop (didn't bet)
Seat 6: preti_94 folded before Flop (didn't bet)
Seat 7: j+sch1977 folded before Flop (didn't bet)
Seat 9: Dr G Homer folded before Flop (didn't bet)



