PokerStars Hand #227200738234:  Hold'em No Limit ($0.01/$0.02 USD) - 2021/05/30 14:33:35 PT [2021/05/30 17:33:35 ET]
Table 'Sarema IV' 9-max Seat #5 is the button
Seat 2: agrielaios ($1.96 in chips) 
Seat 3: Kinamuiu ($2.11 in chips) 
Seat 4: EckiGR ($2.25 in chips) 
Seat 5: Sparky1337s ($1.91 in chips) 
Seat 6: MMinnot68 ($4.92 in chips) 
Seat 7: Dorex2007 ($2 in chips) 
Seat 8: RowzeePowzee ($2.33 in chips) 
Seat 9: doktorek#1 ($0.66 in chips) 
MMinnot68: posts small blind $0.01
Dorex2007: posts big blind $0.02
*** HOLE CARDS ***
Dealt to Dorex2007 [2s 5c]
RowzeePowzee: folds 
doktorek#1: calls $0.02
agrielaios: folds 
Kinamuiu: folds 
EckiGR: folds 
Sparky1337s: folds 
MMinnot68: raises $0.04 to $0.06
Dorex2007: folds 
doktorek#1: calls $0.04
*** FLOP *** [5s 9h 7h]
MMinnot68: bets $0.07
doktorek#1: calls $0.07
*** TURN *** [5s 9h 7h] [8h]
MMinnot68: bets $0.14
doktorek#1: raises $0.18 to $0.32
MMinnot68: calls $0.18
*** RIVER *** [5s 9h 7h 8h] [6s]
agrielaios is disconnected 
MMinnot68: bets $0.45
doktorek#1: calls $0.21 and is all-in
Uncalled bet ($0.24) returned to MMinnot68
*** SHOW DOWN ***
MMinnot68: shows [As Qh] (a straight, Five to Nine)
doktorek#1: shows [6d 3d] (a straight, Five to Nine)
MMinnot68 collected $0.65 from pot
doktorek#1 collected $0.64 from pot
*** SUMMARY ***
Total pot $1.34 | Rake $0.05 
Board [5s 9h 7h 8h 6s]
Seat 2: agrielaios folded before Flop (didn't bet)
Seat 3: Kinamuiu folded before Flop (didn't bet)
Seat 4: EckiGR folded before Flop (didn't bet)
Seat 5: Sparky1337s (button) folded before Flop (didn't bet)
Seat 6: MMinnot68 (small blind) showed [As Qh] and won ($0.65) with a straight, Five to Nine
Seat 7: Dorex2007 (big blind) folded before Flop
Seat 8: RowzeePowzee folded before Flop (didn't bet)
Seat 9: doktorek#1 showed [6d 3d] and won ($0.64) with a straight, Five to Nine



PokerStars Hand #227200773272:  Hold'em No Limit ($0.01/$0.02 USD) - 2021/05/30 14:34:42 PT [2021/05/30 17:34:42 ET]
Table 'Sarema IV' 9-max Seat #6 is the button
Seat 2: agrielaios ($1.96 in chips) 
Seat 3: Kinamuiu ($2.11 in chips) 
Seat 4: EckiGR ($2.25 in chips) 
Seat 5: Sparky1337s ($1.91 in chips) 
Seat 6: MMinnot68 ($4.91 in chips) 
Seat 7: Dorex2007 ($1.98 in chips) 
Seat 8: RowzeePowzee ($2.33 in chips) 
Seat 9: doktorek#1 ($0.64 in chips) 
Dorex2007: posts small blind $0.01
RowzeePowzee: posts big blind $0.02
*** HOLE CARDS ***
Dealt to Dorex2007 [Ts Tc]
doktorek#1: raises $0.04 to $0.06
agrielaios has timed out while disconnected
agrielaios: folds 
Kinamuiu has timed out
Kinamuiu: folds 
EckiGR: folds 
Sparky1337s: calls $0.06
MMinnot68: calls $0.06
Dorex2007: folds 
RowzeePowzee: folds 
*** FLOP *** [Ac 7s Qc]
doktorek#1: checks 
Sparky1337s: bets $0.10
MMinnot68: calls $0.10
doktorek#1: folds 
*** TURN *** [Ac 7s Qc] [8c]
Sparky1337s: bets $0.20
MMinnot68: calls $0.20
*** RIVER *** [Ac 7s Qc 8c] [Ks]
Sparky1337s: bets $0.20
MMinnot68: calls $0.20
*** SHOW DOWN ***
Sparky1337s: shows [As 8s] (two pair, Aces and Eights)
MMinnot68: mucks hand 
Sparky1337s collected $1.17 from pot
*** SUMMARY ***
Total pot $1.21 | Rake $0.04 
Board [Ac 7s Qc 8c Ks]
Seat 2: agrielaios folded before Flop (didn't bet)
Seat 3: Kinamuiu folded before Flop (didn't bet)
Seat 4: EckiGR folded before Flop (didn't bet)
Seat 5: Sparky1337s showed [As 8s] and won ($1.17) with two pair, Aces and Eights
Seat 6: MMinnot68 (button) mucked [Qh Jc]
Seat 7: Dorex2007 (small blind) folded before Flop
Seat 8: RowzeePowzee (big blind) folded before Flop
Seat 9: doktorek#1 folded on the Flop



PokerStars Hand #227200823975:  Hold'em No Limit ($0.01/$0.02 USD) - 2021/05/30 14:36:21 PT [2021/05/30 17:36:21 ET]
Table 'Sarema IV' 9-max Seat #7 is the button
Seat 2: agrielaios ($1.96 in chips) 
Seat 3: Kinamuiu ($2.11 in chips) 
Seat 4: EckiGR ($2.25 in chips) 
Seat 5: Sparky1337s ($2.52 in chips) 
Seat 6: MMinnot68 ($4.35 in chips) 
Seat 7: Dorex2007 ($1.97 in chips) 
Seat 8: RowzeePowzee ($2.31 in chips) 
Seat 9: doktorek#1 ($0.58 in chips) 
RowzeePowzee: posts small blind $0.01
doktorek#1: posts big blind $0.02
*** HOLE CARDS ***
Dealt to Dorex2007 [8s 8d]
agrielaios: folds 
Kinamuiu: folds 
EckiGR: folds 
Sparky1337s: folds 
MMinnot68: folds 
Dorex2007: raises $0.12 to $0.14
RowzeePowzee: folds 
doktorek#1: raises $0.12 to $0.26
Dorex2007: raises $1.71 to $1.97 and is all-in
doktorek#1: calls $0.32 and is all-in
Uncalled bet ($1.39) returned to Dorex2007
*** FLOP *** [7c 9s 6d]
*** TURN *** [7c 9s 6d] [4c]
*** RIVER *** [7c 9s 6d 4c] [5d]
*** SHOW DOWN ***
doktorek#1: shows [Jd Ad] (high card Ace)
Dorex2007: shows [8s 8d] (a straight, Five to Nine)
Dorex2007 collected $1.13 from pot
*** SUMMARY ***
Total pot $1.17 | Rake $0.04 
Board [7c 9s 6d 4c 5d]
Seat 2: agrielaios folded before Flop (didn't bet)
Seat 3: Kinamuiu folded before Flop (didn't bet)
Seat 4: EckiGR folded before Flop (didn't bet)
Seat 5: Sparky1337s folded before Flop (didn't bet)
Seat 6: MMinnot68 folded before Flop (didn't bet)
Seat 7: Dorex2007 (button) showed [8s 8d] and won ($1.13) with a straight, Five to Nine
Seat 8: RowzeePowzee (small blind) folded before Flop
Seat 9: doktorek#1 (big blind) showed [Jd Ad] and lost with high card Ace



PokerStars Hand #227200847217:  Hold'em No Limit ($0.01/$0.02 USD) - 2021/05/30 14:37:05 PT [2021/05/30 17:37:05 ET]
Table 'Sarema IV' 9-max Seat #8 is the button
Seat 2: agrielaios ($1.96 in chips) 
Seat 3: Kinamuiu ($2.11 in chips) 
Seat 5: Sparky1337s ($2.52 in chips) 
Seat 6: MMinnot68 ($4.35 in chips) 
Seat 7: Dorex2007 ($2.52 in chips) 
Seat 8: RowzeePowzee ($2.30 in chips) 
agrielaios: posts small blind $0.01
Kinamuiu: posts big blind $0.02
*** HOLE CARDS ***
Dealt to Dorex2007 [6d Ac]
Sparky1337s: folds 
MMinnot68: folds 
Dorex2007: folds 
RowzeePowzee: folds 
agrielaios: raises $0.02 to $0.04
Kinamuiu: folds 
Uncalled bet ($0.02) returned to agrielaios
agrielaios collected $0.04 from pot
agrielaios: doesn't show hand 
*** SUMMARY ***
Total pot $0.04 | Rake $0 
Seat 2: agrielaios (small blind) collected ($0.04)
Seat 3: Kinamuiu (big blind) folded before Flop
Seat 5: Sparky1337s folded before Flop (didn't bet)
Seat 6: MMinnot68 folded before Flop (didn't bet)
Seat 7: Dorex2007 folded before Flop (didn't bet)
Seat 8: RowzeePowzee (button) folded before Flop (didn't bet)



PokerStars Hand #227200857884:  Hold'em No Limit ($0.01/$0.02 USD) - 2021/05/30 14:37:26 PT [2021/05/30 17:37:26 ET]
Table 'Sarema IV' 9-max Seat #2 is the button
Seat 2: agrielaios ($1.98 in chips) 
Seat 3: Kinamuiu ($2.09 in chips) 
Seat 5: Sparky1337s ($2.52 in chips) 
Seat 6: MMinnot68 ($4.35 in chips) 
Seat 7: Dorex2007 ($2.52 in chips) 
Seat 8: RowzeePowzee ($2.30 in chips) 
Kinamuiu: posts small blind $0.01
Sparky1337s: posts big blind $0.02
doktorek#1: sits out 
*** HOLE CARDS ***
Dealt to Dorex2007 [3c Td]
MMinnot68: folds 
Dorex2007: folds 
RowzeePowzee: folds 
agrielaios: folds 
Kinamuiu: folds 
Uncalled bet ($0.01) returned to Sparky1337s
Sparky1337s collected $0.02 from pot
Sparky1337s: doesn't show hand 
*** SUMMARY ***
Total pot $0.02 | Rake $0 
Seat 2: agrielaios (button) folded before Flop (didn't bet)
Seat 3: Kinamuiu (small blind) folded before Flop
Seat 5: Sparky1337s (big blind) collected ($0.02)
Seat 6: MMinnot68 folded before Flop (didn't bet)
Seat 7: Dorex2007 folded before Flop (didn't bet)
Seat 8: RowzeePowzee folded before Flop (didn't bet)



PokerStars Hand #227200870337:  Hold'em No Limit ($0.01/$0.02 USD) - 2021/05/30 14:37:48 PT [2021/05/30 17:37:48 ET]
Table 'Sarema IV' 9-max Seat #3 is the button
Seat 2: agrielaios ($1.98 in chips) 
Seat 3: Kinamuiu ($2.08 in chips) 
Seat 5: Sparky1337s ($2.53 in chips) 
Seat 6: MMinnot68 ($4.35 in chips) 
Seat 7: Dorex2007 ($2.52 in chips) 
Seat 8: RowzeePowzee ($2.30 in chips) 
Seat 9: doktorek#1 ($2 in chips) 
Sparky1337s: posts small blind $0.01
MMinnot68: posts big blind $0.02
doktorek#1: posts small blind $0.01
*** HOLE CARDS ***
Dealt to Dorex2007 [6d 7d]
Dorex2007: folds 
RowzeePowzee: folds 
doktorek#1: folds 
agrielaios: folds 
Kinamuiu: folds 
Sparky1337s: folds 
Uncalled bet ($0.01) returned to MMinnot68
MMinnot68 collected $0.03 from pot
MMinnot68: doesn't show hand 
*** SUMMARY ***
Total pot $0.03 | Rake $0 
Seat 2: agrielaios folded before Flop (didn't bet)
Seat 3: Kinamuiu (button) folded before Flop (didn't bet)
Seat 5: Sparky1337s (small blind) folded before Flop
Seat 6: MMinnot68 (big blind) collected ($0.03)
Seat 7: Dorex2007 folded before Flop (didn't bet)
Seat 8: RowzeePowzee folded before Flop (didn't bet)
Seat 9: doktorek#1 folded before Flop (didn't bet)



PokerStars Hand #227200884521:  Hold'em No Limit ($0.01/$0.02 USD) - 2021/05/30 14:38:16 PT [2021/05/30 17:38:16 ET]
Table 'Sarema IV' 9-max Seat #5 is the button
Seat 2: agrielaios ($1.98 in chips) 
Seat 3: Kinamuiu ($2.08 in chips) 
Seat 4: EckiGR ($2.25 in chips) 
Seat 5: Sparky1337s ($2.52 in chips) 
Seat 6: MMinnot68 ($4.37 in chips) 
Seat 7: Dorex2007 ($2.52 in chips) 
Seat 8: RowzeePowzee ($2.30 in chips) 
Seat 9: doktorek#1 ($1.99 in chips) 
MMinnot68: posts small blind $0.01
Dorex2007: posts big blind $0.02
EckiGR: posts small & big blinds $0.03
*** HOLE CARDS ***
Dealt to Dorex2007 [6c 6h]
RowzeePowzee: folds 
doktorek#1: raises $0.04 to $0.06
agrielaios: folds 
Kinamuiu: folds 
EckiGR: folds 
Sparky1337s: folds 
MMinnot68: calls $0.05
Dorex2007: folds 
*** FLOP *** [Qd Kh Ac]
MMinnot68: bets $0.08
doktorek#1: calls $0.08
*** TURN *** [Qd Kh Ac] [Tc]
MMinnot68: bets $0.16
doktorek#1: folds 
Uncalled bet ($0.16) returned to MMinnot68
MMinnot68 collected $0.32 from pot
MMinnot68: doesn't show hand 
*** SUMMARY ***
Total pot $0.33 | Rake $0.01 
Board [Qd Kh Ac Tc]
Seat 2: agrielaios folded before Flop (didn't bet)
Seat 3: Kinamuiu folded before Flop (didn't bet)
Seat 4: EckiGR folded before Flop (didn't bet)
Seat 5: Sparky1337s (button) folded before Flop (didn't bet)
Seat 6: MMinnot68 (small blind) collected ($0.32)
Seat 7: Dorex2007 (big blind) folded before Flop
Seat 8: RowzeePowzee folded before Flop (didn't bet)
Seat 9: doktorek#1 folded on the Turn



PokerStars Hand #227200912720:  Hold'em No Limit ($0.01/$0.02 USD) - 2021/05/30 14:39:11 PT [2021/05/30 17:39:11 ET]
Table 'Sarema IV' 9-max Seat #6 is the button
Seat 2: agrielaios ($1.98 in chips) 
Seat 3: Kinamuiu ($2.08 in chips) 
Seat 4: EckiGR ($2.22 in chips) 
Seat 5: Sparky1337s ($2.52 in chips) 
Seat 6: MMinnot68 ($4.55 in chips) 
Seat 7: Dorex2007 ($2.50 in chips) 
Seat 8: RowzeePowzee ($2.30 in chips) 
Seat 9: doktorek#1 ($1.85 in chips) 
Dorex2007: posts small blind $0.01
RowzeePowzee: posts big blind $0.02
*** HOLE CARDS ***
Dealt to Dorex2007 [5h Kd]
doktorek#1: calls $0.02
agrielaios: folds 
Kinamuiu: folds 
EckiGR: folds 
Sparky1337s: folds 
MMinnot68: folds 
Dorex2007: calls $0.01
RowzeePowzee: checks 
*** FLOP *** [6d 7d Kh]
Dorex2007: checks 
RowzeePowzee: checks 
doktorek#1: bets $0.04
Dorex2007: calls $0.04
RowzeePowzee: folds 
*** TURN *** [6d 7d Kh] [9d]
Dorex2007: checks 
doktorek#1: checks 
*** RIVER *** [6d 7d Kh 9d] [3h]
Dorex2007: bets $0.09
doktorek#1: raises $0.21 to $0.30
Dorex2007: folds 
Uncalled bet ($0.21) returned to doktorek#1
doktorek#1 collected $0.31 from pot
doktorek#1: doesn't show hand 
*** SUMMARY ***
Total pot $0.32 | Rake $0.01 
Board [6d 7d Kh 9d 3h]
Seat 2: agrielaios folded before Flop (didn't bet)
Seat 3: Kinamuiu folded before Flop (didn't bet)
Seat 4: EckiGR folded before Flop (didn't bet)
Seat 5: Sparky1337s folded before Flop (didn't bet)
Seat 6: MMinnot68 (button) folded before Flop (didn't bet)
Seat 7: Dorex2007 (small blind) folded on the River
Seat 8: RowzeePowzee (big blind) folded on the Flop
Seat 9: doktorek#1 collected ($0.31)



PokerStars Hand #227200960961:  Hold'em No Limit ($0.01/$0.02 USD) - 2021/05/30 14:40:31 PT [2021/05/30 17:40:31 ET]
Table 'Sarema IV' 9-max Seat #7 is the button
Seat 2: agrielaios ($1.98 in chips) 
Seat 3: Kinamuiu ($2.08 in chips) 
Seat 4: EckiGR ($2.22 in chips) 
Seat 5: Sparky1337s ($2.52 in chips) 
Seat 6: MMinnot68 ($4.55 in chips) 
Seat 7: Dorex2007 ($2.35 in chips) 
Seat 8: RowzeePowzee ($2.28 in chips) 
Seat 9: doktorek#1 ($2.01 in chips) 
RowzeePowzee: posts small blind $0.01
doktorek#1: posts big blind $0.02
*** HOLE CARDS ***
Dealt to Dorex2007 [8c 8s]
agrielaios: folds 
Kinamuiu: calls $0.02
EckiGR: folds 
Sparky1337s: folds 
MMinnot68: folds 
Dorex2007: calls $0.02
RowzeePowzee: folds 
doktorek#1: checks 
*** FLOP *** [Qc 6d 4h]
doktorek#1: checks 
Kinamuiu: checks 
Dorex2007: checks 
*** TURN *** [Qc 6d 4h] [9h]
doktorek#1: checks 
Kinamuiu: checks 
Dorex2007: bets $0.07
doktorek#1: folds 
Kinamuiu: folds 
Uncalled bet ($0.07) returned to Dorex2007
Dorex2007 collected $0.07 from pot
Dorex2007: doesn't show hand 
*** SUMMARY ***
Total pot $0.07 | Rake $0 
Board [Qc 6d 4h 9h]
Seat 2: agrielaios folded before Flop (didn't bet)
Seat 3: Kinamuiu folded on the Turn
Seat 4: EckiGR folded before Flop (didn't bet)
Seat 5: Sparky1337s folded before Flop (didn't bet)
Seat 6: MMinnot68 folded before Flop (didn't bet)
Seat 7: Dorex2007 (button) collected ($0.07)
Seat 8: RowzeePowzee (small blind) folded before Flop
Seat 9: doktorek#1 (big blind) folded on the Turn



PokerStars Hand #227200994851:  Hold'em No Limit ($0.01/$0.02 USD) - 2021/05/30 14:41:37 PT [2021/05/30 17:41:37 ET]
Table 'Sarema IV' 9-max Seat #8 is the button
Seat 2: agrielaios ($1.98 in chips) 
Seat 3: Kinamuiu ($2.06 in chips) 
Seat 4: EckiGR ($2.22 in chips) 
Seat 5: Sparky1337s ($2.52 in chips) 
Seat 6: MMinnot68 ($4.55 in chips) 
Seat 7: Dorex2007 ($2.40 in chips) 
Seat 8: RowzeePowzee ($2.27 in chips) 
Seat 9: doktorek#1 ($1.99 in chips) 
doktorek#1: posts small blind $0.01
agrielaios: posts big blind $0.02
*** HOLE CARDS ***
Dealt to Dorex2007 [8h 7s]
Kinamuiu has timed out
Kinamuiu: folds 
EckiGR: folds 
Sparky1337s: folds 
MMinnot68: folds 
Dorex2007: folds 
RowzeePowzee: raises $0.03 to $0.05
RETARDED CAMEL leaves the table
doktorek#1: folds 
agrielaios: folds 
Uncalled bet ($0.03) returned to RowzeePowzee
RowzeePowzee collected $0.05 from pot
RowzeePowzee: doesn't show hand 
*** SUMMARY ***
Total pot $0.05 | Rake $0 
Seat 2: agrielaios (big blind) folded before Flop
Seat 3: Kinamuiu folded before Flop (didn't bet)
Seat 4: EckiGR folded before Flop (didn't bet)
Seat 5: Sparky1337s folded before Flop (didn't bet)
Seat 6: MMinnot68 folded before Flop (didn't bet)
Seat 7: Dorex2007 folded before Flop (didn't bet)
Seat 8: RowzeePowzee (button) collected ($0.05)
Seat 9: doktorek#1 (small blind) folded before Flop



PokerStars Hand #227201012833:  Hold'em No Limit ($0.01/$0.02 USD) - 2021/05/30 14:42:12 PT [2021/05/30 17:42:12 ET]
Table 'Sarema IV' 9-max Seat #9 is the button
Seat 2: agrielaios ($1.96 in chips) 
Seat 4: EckiGR ($2.22 in chips) 
Seat 5: Sparky1337s ($2.52 in chips) 
Seat 6: MMinnot68 ($4.55 in chips) 
Seat 7: Dorex2007 ($2.40 in chips) 
Seat 8: RowzeePowzee ($2.30 in chips) 
Seat 9: doktorek#1 ($1.98 in chips) 
agrielaios: posts small blind $0.01
EckiGR: posts big blind $0.02
*** HOLE CARDS ***
Dealt to Dorex2007 [Ah Js]
Sparky1337s: folds 
MMinnot68: folds 
Dorex2007: raises $0.04 to $0.06
RowzeePowzee: folds 
doktorek#1: calls $0.06
Elrus90 joins the table at seat #1 
agrielaios: folds 
EckiGR: calls $0.04
*** FLOP *** [5s 9d As]
EckiGR: checks 
Dorex2007: checks 
doktorek#1: bets $0.09
EckiGR: folds 
Dorex2007: raises $0.19 to $0.28
doktorek#1: calls $0.19
*** TURN *** [5s 9d As] [5h]
Dorex2007: bets $0.72
doktorek#1: folds 
Uncalled bet ($0.72) returned to Dorex2007
Dorex2007 collected $0.72 from pot
Dorex2007: doesn't show hand 
*** SUMMARY ***
Total pot $0.75 | Rake $0.03 
Board [5s 9d As 5h]
Seat 2: agrielaios (small blind) folded before Flop
Seat 4: EckiGR (big blind) folded on the Flop
Seat 5: Sparky1337s folded before Flop (didn't bet)
Seat 6: MMinnot68 folded before Flop (didn't bet)
Seat 7: Dorex2007 collected ($0.72)
Seat 8: RowzeePowzee folded before Flop (didn't bet)
Seat 9: doktorek#1 (button) folded on the Turn



PokerStars Hand #227201038608:  Hold'em No Limit ($0.01/$0.02 USD) - 2021/05/30 14:43:03 PT [2021/05/30 17:43:03 ET]
Table 'Sarema IV' 9-max Seat #2 is the button
Seat 2: agrielaios ($1.95 in chips) 
Seat 4: EckiGR ($2.16 in chips) 
Seat 5: Sparky1337s ($2.52 in chips) 
Seat 6: MMinnot68 ($4.55 in chips) 
Seat 7: Dorex2007 ($2.78 in chips) 
Seat 8: RowzeePowzee ($2.30 in chips) 
Seat 9: doktorek#1 ($1.64 in chips) 
EckiGR: posts small blind $0.01
Sparky1337s: posts big blind $0.02
Elrus90: sits out 
*** HOLE CARDS ***
Dealt to Dorex2007 [Ks Kd]
MMinnot68: folds 
Dorex2007: raises $0.04 to $0.06
RowzeePowzee: folds 
doktorek#1: folds 
agrielaios: calls $0.06
EckiGR: folds 
Sparky1337s: folds 
*** FLOP *** [Kh 9s Js]
Dorex2007: bets $0.07
agrielaios: calls $0.07
*** TURN *** [Kh 9s Js] [Qh]
Dorex2007: bets $0.14
agrielaios: folds 
Uncalled bet ($0.14) returned to Dorex2007
Dorex2007 collected $0.28 from pot
Dorex2007: doesn't show hand 
*** SUMMARY ***
Total pot $0.29 | Rake $0.01 
Board [Kh 9s Js Qh]
Seat 2: agrielaios (button) folded on the Turn
Seat 4: EckiGR (small blind) folded before Flop
Seat 5: Sparky1337s (big blind) folded before Flop
Seat 6: MMinnot68 folded before Flop (didn't bet)
Seat 7: Dorex2007 collected ($0.28)
Seat 8: RowzeePowzee folded before Flop (didn't bet)
Seat 9: doktorek#1 folded before Flop (didn't bet)



PokerStars Hand #227201067495:  Hold'em No Limit ($0.01/$0.02 USD) - 2021/05/30 14:44:00 PT [2021/05/30 17:44:00 ET]
Table 'Sarema IV' 9-max Seat #4 is the button
Seat 2: agrielaios ($1.82 in chips) 
Seat 4: EckiGR ($2.15 in chips) 
Seat 5: Sparky1337s ($2.50 in chips) 
Seat 6: MMinnot68 ($4.55 in chips) 
Seat 7: Dorex2007 ($2.93 in chips) 
Seat 8: RowzeePowzee ($2.30 in chips) 
Seat 9: doktorek#1 ($1.64 in chips) 
Sparky1337s: posts small blind $0.01
MMinnot68: posts big blind $0.02
Elrus90: sits out 
*** HOLE CARDS ***
Dealt to Dorex2007 [Ad 8d]
Dorex2007: folds 
RowzeePowzee: folds 
doktorek#1: folds 
agrielaios: folds 
EckiGR: folds 
Sparky1337s: folds 
Uncalled bet ($0.01) returned to MMinnot68
Sparky1337s leaves the table
MMinnot68 collected $0.02 from pot
MMinnot68: doesn't show hand 
*** SUMMARY ***
Total pot $0.02 | Rake $0 
Seat 2: agrielaios folded before Flop (didn't bet)
Seat 4: EckiGR (button) folded before Flop (didn't bet)
Seat 5: Sparky1337s (small blind) folded before Flop
Seat 6: MMinnot68 (big blind) collected ($0.02)
Seat 7: Dorex2007 folded before Flop (didn't bet)
Seat 8: RowzeePowzee folded before Flop (didn't bet)
Seat 9: doktorek#1 folded before Flop (didn't bet)



PokerStars Hand #227201074783:  Hold'em No Limit ($0.01/$0.02 USD) - 2021/05/30 14:44:14 PT [2021/05/30 17:44:14 ET]
Table 'Sarema IV' 9-max Seat #6 is the button
Seat 2: agrielaios ($2 in chips) 
Seat 4: EckiGR ($2.15 in chips) 
Seat 6: MMinnot68 ($4.56 in chips) 
Seat 7: Dorex2007 ($2.93 in chips) 
Seat 8: RowzeePowzee ($2.30 in chips) 
Seat 9: doktorek#1 ($1.64 in chips) 
Dorex2007: posts small blind $0.01
RowzeePowzee: posts big blind $0.02
Elrus90: sits out 
*** HOLE CARDS ***
Dealt to Dorex2007 [2s 9c]
doktorek#1: folds 
agrielaios: folds 
EckiGR: folds 
MMinnot68: raises $0.06 to $0.08
Dorex2007: folds 
RowzeePowzee: folds 
Uncalled bet ($0.06) returned to MMinnot68
MMinnot68 collected $0.05 from pot
MMinnot68: doesn't show hand 
*** SUMMARY ***
Total pot $0.05 | Rake $0 
Seat 2: agrielaios folded before Flop (didn't bet)
Seat 4: EckiGR folded before Flop (didn't bet)
Seat 6: MMinnot68 (button) collected ($0.05)
Seat 7: Dorex2007 (small blind) folded before Flop
Seat 8: RowzeePowzee (big blind) folded before Flop
Seat 9: doktorek#1 folded before Flop (didn't bet)



PokerStars Hand #227201083684:  Hold'em No Limit ($0.01/$0.02 USD) - 2021/05/30 14:44:32 PT [2021/05/30 17:44:32 ET]
Table 'Sarema IV' 9-max Seat #7 is the button
Seat 2: agrielaios ($2 in chips) 
Seat 4: EckiGR ($2.15 in chips) 
Seat 6: MMinnot68 ($4.59 in chips) 
Seat 7: Dorex2007 ($2.92 in chips) 
Seat 8: RowzeePowzee ($2.28 in chips) 
Seat 9: doktorek#1 ($1.64 in chips) 
RowzeePowzee: posts small blind $0.01
Negro-Lavie joins the table at seat #5 
doktorek#1: posts big blind $0.02
Elrus90: sits out 
*** HOLE CARDS ***
Dealt to Dorex2007 [Jc Ac]
agrielaios: folds 
EckiGR: folds 
MMinnot68: raises $0.04 to $0.06
Dorex2007: calls $0.06
RowzeePowzee: folds 
doktorek#1: calls $0.04
*** FLOP *** [Ts 3d 5d]
doktorek#1: checks 
MMinnot68: checks 
Dorex2007: checks 
*** TURN *** [Ts 3d 5d] [2c]
doktorek#1: checks 
MMinnot68: checks 
Dorex2007: bets $0.12
doktorek#1: folds 
MMinnot68: folds 
Uncalled bet ($0.12) returned to Dorex2007
Dorex2007 collected $0.18 from pot
Dorex2007: doesn't show hand 
*** SUMMARY ***
Total pot $0.19 | Rake $0.01 
Board [Ts 3d 5d 2c]
Seat 2: agrielaios folded before Flop (didn't bet)
Seat 4: EckiGR folded before Flop (didn't bet)
Seat 6: MMinnot68 folded on the Turn
Seat 7: Dorex2007 (button) collected ($0.18)
Seat 8: RowzeePowzee (small blind) folded before Flop
Seat 9: doktorek#1 (big blind) folded on the Turn



PokerStars Hand #227201107010:  Hold'em No Limit ($0.01/$0.02 USD) - 2021/05/30 14:45:18 PT [2021/05/30 17:45:18 ET]
Table 'Sarema IV' 9-max Seat #8 is the button
Seat 1: Elrus90 ($1 in chips) 
Seat 2: agrielaios ($2 in chips) 
Seat 3: Kinamuiu ($2.06 in chips) 
Seat 4: EckiGR ($2.15 in chips) 
Seat 5: Negro-Lavie ($0.96 in chips) 
Seat 6: MMinnot68 ($4.53 in chips) 
Seat 7: Dorex2007 ($3.04 in chips) 
Seat 8: RowzeePowzee ($2.27 in chips) 
Seat 9: doktorek#1 ($1.58 in chips) 
doktorek#1: posts small blind $0.01
Elrus90: posts big blind $0.02
Kinamuiu: posts small & big blinds $0.03
Negro-Lavie: posts big blind $0.02
*** HOLE CARDS ***
Dealt to Dorex2007 [4s Ah]
agrielaios: folds 
Kinamuiu: checks 
EckiGR: raises $0.14 to $0.16
Negro-Lavie: folds 
MMinnot68: calls $0.16
Dorex2007: folds 
RowzeePowzee: folds 
doktorek#1: folds 
Elrus90: folds 
Kinamuiu: folds 
*** FLOP *** [7c Js 6s]
EckiGR: bets $0.26
MMinnot68: calls $0.26
*** TURN *** [7c Js 6s] [3s]
EckiGR: checks 
MMinnot68: bets $0.45
EckiGR: calls $0.45
*** RIVER *** [7c Js 6s 3s] [6d]
EckiGR: checks 
MMinnot68: checks 
*** SHOW DOWN ***
EckiGR: shows [Kd Kc] (two pair, Kings and Sixes)
MMinnot68: mucks hand 
EckiGR collected $1.76 from pot
*** SUMMARY ***
Total pot $1.82 | Rake $0.06 
Board [7c Js 6s 3s 6d]
Seat 1: Elrus90 (big blind) folded before Flop
Seat 2: agrielaios folded before Flop (didn't bet)
Seat 3: Kinamuiu folded before Flop (didn't bet)
Seat 4: EckiGR showed [Kd Kc] and won ($1.76) with two pair, Kings and Sixes
Seat 5: Negro-Lavie folded before Flop (didn't bet)
Seat 6: MMinnot68 mucked [Jc As]
Seat 7: Dorex2007 folded before Flop (didn't bet)
Seat 8: RowzeePowzee (button) folded before Flop (didn't bet)
Seat 9: doktorek#1 (small blind) folded before Flop



PokerStars Hand #227201144684:  Hold'em No Limit ($0.01/$0.02 USD) - 2021/05/30 14:46:33 PT [2021/05/30 17:46:33 ET]
Table 'Sarema IV' 9-max Seat #9 is the button
Seat 1: Elrus90 ($0.98 in chips) 
Seat 2: agrielaios ($2 in chips) 
Seat 3: Kinamuiu ($2.03 in chips) 
Seat 4: EckiGR ($3.04 in chips) 
Seat 5: Negro-Lavie ($0.94 in chips) 
Seat 6: MMinnot68 ($3.66 in chips) 
Seat 7: Dorex2007 ($3.04 in chips) 
Seat 8: RowzeePowzee ($2.27 in chips) 
Seat 9: doktorek#1 ($1.57 in chips) 
Elrus90: posts small blind $0.01
agrielaios: posts big blind $0.02
*** HOLE CARDS ***
Dealt to Dorex2007 [9h 5c]
Kinamuiu has timed out
Kinamuiu: folds 
EckiGR: folds 
Negro-Lavie: folds 
MMinnot68: raises $0.04 to $0.06
Dorex2007: folds 
RowzeePowzee: folds 
doktorek#1: calls $0.06
Elrus90: calls $0.05
agrielaios: folds 
*** FLOP *** [5d Qc 3c]
Elrus90: checks 
MMinnot68: bets $0.10
doktorek#1: calls $0.10
Elrus90: folds 
*** TURN *** [5d Qc 3c] [9c]
MMinnot68: bets $0.20
doktorek#1: folds 
Uncalled bet ($0.20) returned to MMinnot68
MMinnot68 collected $0.39 from pot
MMinnot68: doesn't show hand 
*** SUMMARY ***
Total pot $0.40 | Rake $0.01 
Board [5d Qc 3c 9c]
Seat 1: Elrus90 (small blind) folded on the Flop
Seat 2: agrielaios (big blind) folded before Flop
Seat 3: Kinamuiu folded before Flop (didn't bet)
Seat 4: EckiGR folded before Flop (didn't bet)
Seat 5: Negro-Lavie folded before Flop (didn't bet)
Seat 6: MMinnot68 collected ($0.39)
Seat 7: Dorex2007 folded before Flop (didn't bet)
Seat 8: RowzeePowzee folded before Flop (didn't bet)
Seat 9: doktorek#1 (button) folded on the Turn



PokerStars Hand #227201169191:  Hold'em No Limit ($0.01/$0.02 USD) - 2021/05/30 14:47:22 PT [2021/05/30 17:47:22 ET]
Table 'Sarema IV' 9-max Seat #1 is the button
Seat 1: Elrus90 ($0.92 in chips) 
Seat 2: agrielaios ($1.98 in chips) 
Seat 5: Negro-Lavie ($0.94 in chips) 
Seat 6: MMinnot68 ($3.89 in chips) 
Seat 7: Dorex2007 ($3.04 in chips) 
Seat 8: RowzeePowzee ($2.27 in chips) 
Seat 9: doktorek#1 ($1.41 in chips) 
agrielaios: posts small blind $0.01
EckiGR: is sitting out 
Negro-Lavie: posts big blind $0.02
*** HOLE CARDS ***
Dealt to Dorex2007 [Ks Ts]
MMinnot68: folds 
EckiGR leaves the table
Dorex2007: raises $0.02 to $0.04
RowzeePowzee: folds 
doktorek#1: raises $0.06 to $0.10
Elrus90: folds 
agrielaios: folds 
Negro-Lavie: folds 
Dorex2007: calls $0.06
*** FLOP *** [8c 5d Jh]
Ptogreenb joins the table at seat #4 
Dorex2007: checks 
doktorek#1: bets $0.11
Dorex2007: folds 
Uncalled bet ($0.11) returned to doktorek#1
doktorek#1 collected $0.22 from pot
doktorek#1: doesn't show hand 
*** SUMMARY ***
Total pot $0.23 | Rake $0.01 
Board [8c 5d Jh]
Seat 1: Elrus90 (button) folded before Flop (didn't bet)
Seat 2: agrielaios (small blind) folded before Flop
Seat 5: Negro-Lavie (big blind) folded before Flop
Seat 6: MMinnot68 folded before Flop (didn't bet)
Seat 7: Dorex2007 folded on the Flop
Seat 8: RowzeePowzee folded before Flop (didn't bet)
Seat 9: doktorek#1 collected ($0.22)



PokerStars Hand #227201183727:  Hold'em No Limit ($0.01/$0.02 USD) - 2021/05/30 14:47:52 PT [2021/05/30 17:47:52 ET]
Table 'Sarema IV' 9-max Seat #2 is the button
Seat 1: Elrus90 ($0.92 in chips) 
Seat 2: agrielaios ($1.97 in chips) 
Seat 5: Negro-Lavie ($0.92 in chips) 
Seat 6: MMinnot68 ($3.89 in chips) 
Seat 7: Dorex2007 ($2.94 in chips) 
Seat 8: RowzeePowzee ($2.27 in chips) 
Seat 9: doktorek#1 ($1.53 in chips) 
Negro-Lavie: posts small blind $0.01
MMinnot68: posts big blind $0.02
*** HOLE CARDS ***
Dealt to Dorex2007 [Jh Ah]
Dorex2007: raises $0.02 to $0.04
RowzeePowzee: folds 
doktorek#1: calls $0.04
Elrus90: folds 
agrielaios: folds 
Negro-Lavie: folds 
MMinnot68: raises $0.04 to $0.08
Dorex2007: calls $0.04
doktorek#1: calls $0.04
*** FLOP *** [4h 3d Qd]
Kinamuiu leaves the table
MMinnot68: bets $0.12
Dorex2007: folds 
doktorek#1: calls $0.12
*** TURN *** [4h 3d Qd] [2h]
Nieminen2 joins the table at seat #3 
MMinnot68: checks 
doktorek#1: bets $0.24
MMinnot68: calls $0.24
*** RIVER *** [4h 3d Qd 2h] [Qh]
MMinnot68: checks 
doktorek#1: bets $0.50
MMinnot68: folds 
Uncalled bet ($0.50) returned to doktorek#1
doktorek#1 collected $0.94 from pot
doktorek#1: doesn't show hand 
*** SUMMARY ***
Total pot $0.97 | Rake $0.03 
Board [4h 3d Qd 2h Qh]
Seat 1: Elrus90 folded before Flop (didn't bet)
Seat 2: agrielaios (button) folded before Flop (didn't bet)
Seat 5: Negro-Lavie (small blind) folded before Flop
Seat 6: MMinnot68 (big blind) folded on the River
Seat 7: Dorex2007 folded on the Flop
Seat 8: RowzeePowzee folded before Flop (didn't bet)
Seat 9: doktorek#1 collected ($0.94)



PokerStars Hand #227201218427:  Hold'em No Limit ($0.01/$0.02 USD) - 2021/05/30 14:49:02 PT [2021/05/30 17:49:02 ET]
Table 'Sarema IV' 9-max Seat #5 is the button
Seat 1: Elrus90 ($0.92 in chips) 
Seat 2: agrielaios ($1.97 in chips) 
Seat 5: Negro-Lavie ($0.91 in chips) 
Seat 6: MMinnot68 ($3.45 in chips) 
Seat 7: Dorex2007 ($2.86 in chips) 
Seat 8: RowzeePowzee ($2.27 in chips) 
Seat 9: doktorek#1 ($2.03 in chips) 
MMinnot68: posts small blind $0.01
Dorex2007: posts big blind $0.02
Nieminen2: sits out 
Ptogreenb: sits out 
*** HOLE CARDS ***
Dealt to Dorex2007 [Td 2s]
RowzeePowzee: folds 
doktorek#1: folds 
Elrus90: folds 
agrielaios: folds 
Negro-Lavie: folds 
MMinnot68: folds 
Uncalled bet ($0.01) returned to Dorex2007
Dorex2007 collected $0.02 from pot
Dorex2007: doesn't show hand 
*** SUMMARY ***
Total pot $0.02 | Rake $0 
Seat 1: Elrus90 folded before Flop (didn't bet)
Seat 2: agrielaios folded before Flop (didn't bet)
Seat 5: Negro-Lavie (button) folded before Flop (didn't bet)
Seat 6: MMinnot68 (small blind) folded before Flop
Seat 7: Dorex2007 (big blind) collected ($0.02)
Seat 8: RowzeePowzee folded before Flop (didn't bet)
Seat 9: doktorek#1 folded before Flop (didn't bet)



PokerStars Hand #227201223479:  Hold'em No Limit ($0.01/$0.02 USD) - 2021/05/30 14:49:12 PT [2021/05/30 17:49:12 ET]
Table 'Sarema IV' 9-max Seat #6 is the button
Seat 1: Elrus90 ($0.92 in chips) 
Seat 2: agrielaios ($1.97 in chips) 
Seat 5: Negro-Lavie ($0.91 in chips) 
Seat 6: MMinnot68 ($3.44 in chips) 
Seat 7: Dorex2007 ($2.87 in chips) 
Seat 8: RowzeePowzee ($2.27 in chips) 
Seat 9: doktorek#1 ($2.03 in chips) 
Dorex2007: posts small blind $0.01
RowzeePowzee: posts big blind $0.02
Nieminen2: sits out 
Ptogreenb: sits out 
*** HOLE CARDS ***
Dealt to Dorex2007 [Jc Jd]
doktorek#1: calls $0.02
Elrus90: folds 
agrielaios: folds 
Negro-Lavie: folds 
Negro-Lavie leaves the table
MMinnot68: raises $0.04 to $0.06
Dorex2007: calls $0.05
RowzeePowzee: folds 
doktorek#1: calls $0.04
*** FLOP *** [9h 4h Qs]
Dorex2007: checks 
kano1313 joins the table at seat #5 
doktorek#1: checks 
MMinnot68: bets $0.10
Dorex2007: calls $0.10
doktorek#1: folds 
*** TURN *** [9h 4h Qs] [5h]
Dorex2007: bets $0.39
MMinnot68: calls $0.39
*** RIVER *** [9h 4h Qs 5h] [Kc]
Dorex2007: bets $1.14
MMinnot68: folds 
Uncalled bet ($1.14) returned to Dorex2007
Dorex2007 collected $1.14 from pot
Dorex2007: doesn't show hand 
*** SUMMARY ***
Total pot $1.18 | Rake $0.04 
Board [9h 4h Qs 5h Kc]
Seat 1: Elrus90 folded before Flop (didn't bet)
Seat 2: agrielaios folded before Flop (didn't bet)
Seat 5: Negro-Lavie folded before Flop (didn't bet)
Seat 6: MMinnot68 (button) folded on the River
Seat 7: Dorex2007 (small blind) collected ($1.14)
Seat 8: RowzeePowzee (big blind) folded before Flop
Seat 9: doktorek#1 folded on the Flop



PokerStars Hand #227201255808:  Hold'em No Limit ($0.01/$0.02 USD) - 2021/05/30 14:50:18 PT [2021/05/30 17:50:18 ET]
Table 'Sarema IV' 9-max Seat #7 is the button
Seat 1: Elrus90 ($0.92 in chips) 
Seat 2: agrielaios ($1.97 in chips) 
Seat 5: kano1313 ($2 in chips) 
Seat 6: MMinnot68 ($2.89 in chips) 
Seat 7: Dorex2007 ($3.46 in chips) 
Seat 8: RowzeePowzee ($2.25 in chips) 
Seat 9: doktorek#1 ($1.97 in chips) 
RowzeePowzee: posts small blind $0.01
doktorek#1: posts big blind $0.02
Nieminen2: sits out 
Ptogreenb: sits out 
kano1313: posts big blind $0.02
*** HOLE CARDS ***
Dealt to Dorex2007 [Jh Js]
Elrus90: folds 
agrielaios: raises $0.02 to $0.04
kano1313: folds 
MMinnot68: calls $0.04
Dorex2007: calls $0.04
RowzeePowzee: folds 
doktorek#1: calls $0.02
*** FLOP *** [6s Ac 9s]
doktorek#1: checks 
agrielaios: checks 
MMinnot68: bets $0.09
Dorex2007: folds 
doktorek#1: raises $0.13 to $0.22
agrielaios: folds 
MMinnot68: calls $0.13
*** TURN *** [6s Ac 9s] [8h]
doktorek#1: bets $0.38
MMinnot68: calls $0.38
*** RIVER *** [6s Ac 9s 8h] [7c]
doktorek#1: checks 
MMinnot68: checks 
*** SHOW DOWN ***
doktorek#1: shows [Ad 6h] (two pair, Aces and Sixes)
MMinnot68: shows [Ah 9d] (two pair, Aces and Nines)
MMinnot68 collected $1.34 from pot
*** SUMMARY ***
Total pot $1.39 | Rake $0.05 
Board [6s Ac 9s 8h 7c]
Seat 1: Elrus90 folded before Flop (didn't bet)
Seat 2: agrielaios folded on the Flop
Seat 5: kano1313 folded before Flop (didn't bet)
Seat 6: MMinnot68 showed [Ah 9d] and won ($1.34) with two pair, Aces and Nines
Seat 7: Dorex2007 (button) folded on the Flop
Seat 8: RowzeePowzee (small blind) folded before Flop
Seat 9: doktorek#1 (big blind) showed [Ad 6h] and lost with two pair, Aces and Sixes



PokerStars Hand #227201299223:  Hold'em No Limit ($0.01/$0.02 USD) - 2021/05/30 14:51:47 PT [2021/05/30 17:51:47 ET]
Table 'Sarema IV' 9-max Seat #8 is the button
Seat 1: Elrus90 ($0.92 in chips) 
Seat 2: agrielaios ($1.93 in chips) 
Seat 5: kano1313 ($1.98 in chips) 
Seat 6: MMinnot68 ($3.59 in chips) 
Seat 7: Dorex2007 ($3.42 in chips) 
Seat 8: RowzeePowzee ($2.24 in chips) 
Seat 9: doktorek#1 ($1.33 in chips) 
doktorek#1: posts small blind $0.01
Elrus90: posts big blind $0.02
Nieminen2: sits out 
Ptogreenb: sits out 
*** HOLE CARDS ***
Dealt to Dorex2007 [2c Ac]
agrielaios: folds 
kano1313: folds 
MMinnot68: folds 
Dorex2007: raises $0.02 to $0.04
RowzeePowzee: folds 
doktorek#1: calls $0.03
Elrus90: folds 
*** FLOP *** [9s 7c 7s]
doktorek#1: checks 
Dorex2007: checks 
*** TURN *** [9s 7c 7s] [Ad]
doktorek#1: bets $0.05
Dorex2007: calls $0.05
*** RIVER *** [9s 7c 7s Ad] [Qh]
doktorek#1: bets $0.42
Dorex2007: calls $0.42
*** SHOW DOWN ***
doktorek#1: shows [7d 8c] (three of a kind, Sevens)
Dorex2007: mucks hand 
doktorek#1 collected $1 from pot
*** SUMMARY ***
Total pot $1.04 | Rake $0.04 
Board [9s 7c 7s Ad Qh]
Seat 1: Elrus90 (big blind) folded before Flop
Seat 2: agrielaios folded before Flop (didn't bet)
Seat 5: kano1313 folded before Flop (didn't bet)
Seat 6: MMinnot68 folded before Flop (didn't bet)
Seat 7: Dorex2007 mucked [2c Ac]
Seat 8: RowzeePowzee (button) folded before Flop (didn't bet)
Seat 9: doktorek#1 (small blind) showed [7d 8c] and won ($1) with three of a kind, Sevens



PokerStars Hand #227201322552:  Hold'em No Limit ($0.01/$0.02 USD) - 2021/05/30 14:52:35 PT [2021/05/30 17:52:35 ET]
Table 'Sarema IV' 9-max Seat #9 is the button
Seat 1: Elrus90 ($0.90 in chips) 
Seat 2: agrielaios ($1.93 in chips) 
Seat 5: kano1313 ($1.98 in chips) 
Seat 6: MMinnot68 ($3.59 in chips) 
Seat 7: Dorex2007 ($2.91 in chips) 
Seat 8: RowzeePowzee ($2.24 in chips) 
Seat 9: doktorek#1 ($1.82 in chips) 
Elrus90: posts small blind $0.01
agrielaios: posts big blind $0.02
Nieminen2: sits out 
Ptogreenb: sits out 
*** HOLE CARDS ***
Dealt to Dorex2007 [Kc 7h]
kano1313: raises $0.04 to $0.06
MMinnot68: calls $0.06
Dorex2007: folds 
RowzeePowzee: folds 
doktorek#1: folds 
Elrus90: folds 
agrielaios: folds 
*** FLOP *** [Ad 3s 7c]
kano1313: bets $0.08
MMinnot68: folds 
Uncalled bet ($0.08) returned to kano1313
kano1313 collected $0.14 from pot
*** SUMMARY ***
Total pot $0.15 | Rake $0.01 
Board [Ad 3s 7c]
Seat 1: Elrus90 (small blind) folded before Flop
Seat 2: agrielaios (big blind) folded before Flop
Seat 5: kano1313 collected ($0.14)
Seat 6: MMinnot68 folded on the Flop
Seat 7: Dorex2007 folded before Flop (didn't bet)
Seat 8: RowzeePowzee folded before Flop (didn't bet)
Seat 9: doktorek#1 (button) folded before Flop (didn't bet)



PokerStars Hand #227201343570:  Hold'em No Limit ($0.01/$0.02 USD) - 2021/05/30 14:53:19 PT [2021/05/30 17:53:19 ET]
Table 'Sarema IV' 9-max Seat #1 is the button
Seat 1: Elrus90 ($0.89 in chips) 
Seat 2: agrielaios ($1.91 in chips) 
Seat 3: Nieminen2 ($2 in chips) 
Seat 5: kano1313 ($2.06 in chips) 
Seat 6: MMinnot68 ($3.53 in chips) 
Seat 7: Dorex2007 ($2.91 in chips) 
Seat 8: RowzeePowzee ($2.24 in chips) 
Seat 9: doktorek#1 ($1.82 in chips) 
agrielaios: posts small blind $0.01
Nieminen2: posts big blind $0.02
Ptogreenb: sits out 
*** HOLE CARDS ***
Dealt to Dorex2007 [Jh 9d]
kano1313: folds 
MMinnot68: raises $0.04 to $0.06
Dorex2007: folds 
RowzeePowzee: folds 
doktorek#1: calls $0.06
Elrus90: folds 
agrielaios: raises $0.04 to $0.10
Nieminen2: folds 
MMinnot68: calls $0.04
doktorek#1: calls $0.04
*** FLOP *** [2d Ad 9s]
agrielaios: checks 
MMinnot68: checks 
doktorek#1: checks 
*** TURN *** [2d Ad 9s] [Ts]
agrielaios: bets $0.62
MMinnot68: folds 
doktorek#1: folds 
Uncalled bet ($0.62) returned to agrielaios
agrielaios collected $0.31 from pot
agrielaios: doesn't show hand 
*** SUMMARY ***
Total pot $0.32 | Rake $0.01 
Board [2d Ad 9s Ts]
Seat 1: Elrus90 (button) folded before Flop (didn't bet)
Seat 2: agrielaios (small blind) collected ($0.31)
Seat 3: Nieminen2 (big blind) folded before Flop
Seat 5: kano1313 folded before Flop (didn't bet)
Seat 6: MMinnot68 folded on the Turn
Seat 7: Dorex2007 folded before Flop (didn't bet)
Seat 8: RowzeePowzee folded before Flop (didn't bet)
Seat 9: doktorek#1 folded on the Turn



PokerStars Hand #227201387297:  Hold'em No Limit ($0.01/$0.02 USD) - 2021/05/30 14:54:49 PT [2021/05/30 17:54:49 ET]
Table 'Sarema IV' 9-max Seat #2 is the button
Seat 1: Elrus90 ($0.89 in chips) 
Seat 2: agrielaios ($2.12 in chips) 
Seat 3: Nieminen2 ($2 in chips) 
Seat 4: Ptogreenb ($2 in chips) 
Seat 5: kano1313 ($2.06 in chips) 
Seat 6: MMinnot68 ($3.43 in chips) 
Seat 7: Dorex2007 ($2.91 in chips) 
Seat 8: RowzeePowzee ($2.24 in chips) 
Seat 9: doktorek#1 ($1.72 in chips) 
Nieminen2: posts small blind $0.01
Ptogreenb: posts big blind $0.02
*** HOLE CARDS ***
Dealt to Dorex2007 [5c Jc]
kano1313: calls $0.02
MMinnot68: folds 
Dorex2007: folds 
RowzeePowzee: folds 
doktorek#1: folds 
Elrus90: folds 
agrielaios: folds 
Nieminen2: folds 
Ptogreenb: checks 
*** FLOP *** [7d Ah 6h]
Ptogreenb: checks 
kano1313: checks 
*** TURN *** [7d Ah 6h] [6d]
Ptogreenb: checks 
kano1313: checks 
*** RIVER *** [7d Ah 6h 6d] [8h]
Ptogreenb: checks 
kano1313: bets $0.20
Ptogreenb: folds 
Uncalled bet ($0.20) returned to kano1313
kano1313 collected $0.05 from pot
*** SUMMARY ***
Total pot $0.05 | Rake $0 
Board [7d Ah 6h 6d 8h]
Seat 1: Elrus90 folded before Flop (didn't bet)
Seat 2: agrielaios (button) folded before Flop (didn't bet)
Seat 3: Nieminen2 (small blind) folded before Flop
Seat 4: Ptogreenb (big blind) folded on the River
Seat 5: kano1313 collected ($0.05)
Seat 6: MMinnot68 folded before Flop (didn't bet)
Seat 7: Dorex2007 folded before Flop (didn't bet)
Seat 8: RowzeePowzee folded before Flop (didn't bet)
Seat 9: doktorek#1 folded before Flop (didn't bet)



PokerStars Hand #227201405193:  Hold'em No Limit ($0.01/$0.02 USD) - 2021/05/30 14:55:37 PT [2021/05/30 17:55:37 ET]
Table 'Sarema IV' 9-max Seat #3 is the button
Seat 1: Elrus90 ($0.89 in chips) 
Seat 2: agrielaios ($2.12 in chips) 
Seat 3: Nieminen2 ($2 in chips) 
Seat 4: Ptogreenb ($1.98 in chips) 
Seat 5: kano1313 ($2.09 in chips) 
Seat 6: MMinnot68 ($3.43 in chips) 
Seat 7: Dorex2007 ($2.91 in chips) 
Seat 8: RowzeePowzee ($2.24 in chips) 
Seat 9: doktorek#1 ($1.72 in chips) 
Ptogreenb: posts small blind $0.01
kano1313: posts big blind $0.02
*** HOLE CARDS ***
Dealt to Dorex2007 [3d Qh]
MMinnot68: folds 
Dorex2007: calls $0.02
RowzeePowzee: folds 
MMinnot68 leaves the table
doktorek#1: folds 
Elrus90: raises $0.04 to $0.06
agrielaios: folds 
Nieminen2 has timed out
Nieminen2: folds 
Ptogreenb: folds 
kano1313: calls $0.04
Dorex2007: folds 
*** FLOP *** [8d 5s Ad]
kano1313: checks 
Elrus90: bets $0.07
kano1313: folds 
Uncalled bet ($0.07) returned to Elrus90
Elrus90 collected $0.14 from pot
Elrus90: doesn't show hand 
*** SUMMARY ***
Total pot $0.15 | Rake $0.01 
Board [8d 5s Ad]
Seat 1: Elrus90 collected ($0.14)
Seat 2: agrielaios folded before Flop (didn't bet)
Seat 3: Nieminen2 (button) folded before Flop (didn't bet)
Seat 4: Ptogreenb (small blind) folded before Flop
Seat 5: kano1313 (big blind) folded on the Flop
Seat 6: MMinnot68 folded before Flop (didn't bet)
Seat 7: Dorex2007 folded before Flop
Seat 8: RowzeePowzee folded before Flop (didn't bet)
Seat 9: doktorek#1 folded before Flop (didn't bet)



PokerStars Hand #227201425680:  Hold'em No Limit ($0.01/$0.02 USD) - 2021/05/30 14:56:36 PT [2021/05/30 17:56:36 ET]
Table 'Sarema IV' 9-max Seat #4 is the button
Seat 1: Elrus90 ($0.97 in chips) 
Seat 2: agrielaios ($2.12 in chips) 
Seat 3: Nieminen2 ($2 in chips) 
Seat 4: Ptogreenb ($1.97 in chips) 
Seat 5: kano1313 ($2.03 in chips) 
Seat 7: Dorex2007 ($2.89 in chips) 
Seat 8: RowzeePowzee ($2.24 in chips) 
Seat 9: doktorek#1 ($1.72 in chips) 
kano1313: posts small blind $0.01
Dorex2007: posts big blind $0.02
*** HOLE CARDS ***
Dealt to Dorex2007 [Qd 6h]
RowzeePowzee: folds 
doktorek#1: folds 
Elrus90: folds 
agrielaios: folds 
Nieminen2: raises $0.03 to $0.05
Ptogreenb: folds 
kano1313: folds 
Dorex2007: folds 
Uncalled bet ($0.03) returned to Nieminen2
Nieminen2 collected $0.05 from pot
Nieminen2: doesn't show hand 
*** SUMMARY ***
Total pot $0.05 | Rake $0 
Seat 1: Elrus90 folded before Flop (didn't bet)
Seat 2: agrielaios folded before Flop (didn't bet)
Seat 3: Nieminen2 collected ($0.05)
Seat 4: Ptogreenb (button) folded before Flop (didn't bet)
Seat 5: kano1313 (small blind) folded before Flop
Seat 7: Dorex2007 (big blind) folded before Flop
Seat 8: RowzeePowzee folded before Flop (didn't bet)
Seat 9: doktorek#1 folded before Flop (didn't bet)



PokerStars Hand #227201432653:  Hold'em No Limit ($0.01/$0.02 USD) - 2021/05/30 14:56:56 PT [2021/05/30 17:56:56 ET]
Table 'Sarema IV' 9-max Seat #5 is the button
Seat 1: Elrus90 ($0.97 in chips) 
Seat 2: agrielaios ($2.12 in chips) 
Seat 3: Nieminen2 ($2.03 in chips) 
Seat 4: Ptogreenb ($1.97 in chips) 
Seat 5: kano1313 ($2.02 in chips) 
Seat 7: Dorex2007 ($2.87 in chips) 
Seat 8: RowzeePowzee ($2.24 in chips) 
Seat 9: doktorek#1 ($1.72 in chips) 
Dorex2007: posts small blind $0.01
RowzeePowzee: posts big blind $0.02
*** HOLE CARDS ***
Dealt to Dorex2007 [Kh 3s]
doktorek#1: raises $0.04 to $0.06
Elrus90: folds 
agrielaios: folds 
wally1954 joins the table at seat #6 
Nieminen2: folds 
Ptogreenb: folds 
kano1313: folds 
Dorex2007: folds 
RowzeePowzee: folds 
Uncalled bet ($0.04) returned to doktorek#1
doktorek#1 collected $0.05 from pot
doktorek#1: doesn't show hand 
*** SUMMARY ***
Total pot $0.05 | Rake $0 
Seat 1: Elrus90 folded before Flop (didn't bet)
Seat 2: agrielaios folded before Flop (didn't bet)
Seat 3: Nieminen2 folded before Flop (didn't bet)
Seat 4: Ptogreenb folded before Flop (didn't bet)
Seat 5: kano1313 (button) folded before Flop (didn't bet)
Seat 7: Dorex2007 (small blind) folded before Flop
Seat 8: RowzeePowzee (big blind) folded before Flop
Seat 9: doktorek#1 collected ($0.05)



PokerStars Hand #227201438539:  Hold'em No Limit ($0.01/$0.02 USD) - 2021/05/30 14:57:14 PT [2021/05/30 17:57:14 ET]
Table 'Sarema IV' 9-max Seat #7 is the button
Seat 1: Elrus90 ($0.97 in chips) 
Seat 2: agrielaios ($2.12 in chips) 
Seat 3: Nieminen2 ($2.03 in chips) 
Seat 4: Ptogreenb ($1.97 in chips) 
Seat 5: kano1313 ($2.02 in chips) 
Seat 6: wally1954 ($1.60 in chips) 
Seat 7: Dorex2007 ($2.86 in chips) 
Seat 8: RowzeePowzee ($2.22 in chips) 
Seat 9: doktorek#1 ($1.75 in chips) 
RowzeePowzee: posts small blind $0.01
doktorek#1: posts big blind $0.02
wally1954: posts big blind $0.02
*** HOLE CARDS ***
Dealt to Dorex2007 [5h 3s]
Elrus90: folds 
agrielaios: folds 
Nieminen2: folds 
Ptogreenb: raises $0.06 to $0.08
kano1313: calls $0.08
wally1954: folds 
Dorex2007: folds 
RowzeePowzee: folds 
doktorek#1: calls $0.06
*** FLOP *** [Qh Js Kc]
doktorek#1: checks 
Ptogreenb: bets $0.12
kano1313: folds 
doktorek#1: raises $0.18 to $0.30
Ptogreenb: folds 
Uncalled bet ($0.18) returned to doktorek#1
doktorek#1 collected $0.49 from pot
doktorek#1: doesn't show hand 
*** SUMMARY ***
Total pot $0.51 | Rake $0.02 
Board [Qh Js Kc]
Seat 1: Elrus90 folded before Flop (didn't bet)
Seat 2: agrielaios folded before Flop (didn't bet)
Seat 3: Nieminen2 folded before Flop (didn't bet)
Seat 4: Ptogreenb folded on the Flop
Seat 5: kano1313 folded on the Flop
Seat 6: wally1954 folded before Flop (didn't bet)
Seat 7: Dorex2007 (button) folded before Flop (didn't bet)
Seat 8: RowzeePowzee (small blind) folded before Flop
Seat 9: doktorek#1 (big blind) collected ($0.49)



PokerStars Hand #227201454927:  Hold'em No Limit ($0.01/$0.02 USD) - 2021/05/30 14:57:56 PT [2021/05/30 17:57:56 ET]
Table 'Sarema IV' 9-max Seat #8 is the button
Seat 1: Elrus90 ($0.97 in chips) 
Seat 2: agrielaios ($2.12 in chips) 
Seat 3: Nieminen2 ($2.03 in chips) 
Seat 4: Ptogreenb ($1.77 in chips) 
Seat 5: kano1313 ($1.94 in chips) 
Seat 6: wally1954 ($1.58 in chips) 
Seat 7: Dorex2007 ($2.86 in chips) 
Seat 8: RowzeePowzee ($2.21 in chips) 
Seat 9: doktorek#1 ($2.04 in chips) 
doktorek#1: posts small blind $0.01
Elrus90: posts big blind $0.02
*** HOLE CARDS ***
Dealt to Dorex2007 [Ts 5d]
agrielaios: folds 
Nieminen2: folds 
Ptogreenb: folds 
kano1313 has timed out
kano1313: folds 
wally1954: calls $0.02
Dorex2007: folds 
RowzeePowzee: folds 
doktorek#1: raises $0.04 to $0.06
Elrus90: folds 
wally1954: calls $0.04
*** FLOP *** [5s Td 9d]
doktorek#1: bets $0.08
wally1954: folds 
Uncalled bet ($0.08) returned to doktorek#1
doktorek#1 collected $0.14 from pot
doktorek#1: doesn't show hand 
*** SUMMARY ***
Total pot $0.14 | Rake $0 
Board [5s Td 9d]
Seat 1: Elrus90 (big blind) folded before Flop
Seat 2: agrielaios folded before Flop (didn't bet)
Seat 3: Nieminen2 folded before Flop (didn't bet)
Seat 4: Ptogreenb folded before Flop (didn't bet)
Seat 5: kano1313 folded before Flop (didn't bet)
Seat 6: wally1954 folded on the Flop
Seat 7: Dorex2007 folded before Flop (didn't bet)
Seat 8: RowzeePowzee (button) folded before Flop (didn't bet)
Seat 9: doktorek#1 (small blind) collected ($0.14)



PokerStars Hand #227201472703:  Hold'em No Limit ($0.01/$0.02 USD) - 2021/05/30 14:58:50 PT [2021/05/30 17:58:50 ET]
Table 'Sarema IV' 9-max Seat #9 is the button
Seat 1: Elrus90 ($0.95 in chips) 
Seat 2: agrielaios ($2.12 in chips) 
Seat 3: Nieminen2 ($2.03 in chips) 
Seat 4: Ptogreenb ($1.77 in chips) 
Seat 5: kano1313 ($1.94 in chips) 
Seat 6: wally1954 ($1.52 in chips) 
Seat 7: Dorex2007 ($2.86 in chips) 
Seat 8: RowzeePowzee ($2.21 in chips) 
Seat 9: doktorek#1 ($2.12 in chips) 
Elrus90: posts small blind $0.01
agrielaios: posts big blind $0.02
*** HOLE CARDS ***
Dealt to Dorex2007 [4s 3s]
Nieminen2: folds 
Ptogreenb: folds 
kano1313: folds 
wally1954: folds 
Dorex2007: folds 
RowzeePowzee: folds 
doktorek#1: folds 
Elrus90: folds 
Uncalled bet ($0.01) returned to agrielaios
agrielaios collected $0.02 from pot
agrielaios: doesn't show hand 
*** SUMMARY ***
Total pot $0.02 | Rake $0 
Seat 1: Elrus90 (small blind) folded before Flop
Seat 2: agrielaios (big blind) collected ($0.02)
Seat 3: Nieminen2 folded before Flop (didn't bet)
Seat 4: Ptogreenb folded before Flop (didn't bet)
Seat 5: kano1313 folded before Flop (didn't bet)
Seat 6: wally1954 folded before Flop (didn't bet)
Seat 7: Dorex2007 folded before Flop (didn't bet)
Seat 8: RowzeePowzee folded before Flop (didn't bet)
Seat 9: doktorek#1 (button) folded before Flop (didn't bet)



PokerStars Hand #227201478719:  Hold'em No Limit ($0.01/$0.02 USD) - 2021/05/30 14:59:08 PT [2021/05/30 17:59:08 ET]
Table 'Sarema IV' 9-max Seat #1 is the button
Seat 1: Elrus90 ($0.94 in chips) 
Seat 2: agrielaios ($2.13 in chips) 
Seat 3: Nieminen2 ($2.03 in chips) 
Seat 4: Ptogreenb ($1.77 in chips) 
Seat 5: kano1313 ($1.94 in chips) 
Seat 6: wally1954 ($1.52 in chips) 
Seat 7: Dorex2007 ($2.86 in chips) 
Seat 8: RowzeePowzee ($2.21 in chips) 
Seat 9: doktorek#1 ($2.12 in chips) 
agrielaios: posts small blind $0.01
Nieminen2: posts big blind $0.02
*** HOLE CARDS ***
Dealt to Dorex2007 [Kd 7d]
Ptogreenb: folds 
kano1313: folds 
wally1954: folds 
Dorex2007: folds 
RowzeePowzee: folds 
doktorek#1: raises $0.02 to $0.04
Elrus90: folds 
agrielaios: folds 
Nieminen2: calls $0.02
*** FLOP *** [Th 3d 6s]
Nieminen2: checks 
doktorek#1: bets $0.06
Nieminen2: folds 
Uncalled bet ($0.06) returned to doktorek#1
doktorek#1 collected $0.09 from pot
doktorek#1: doesn't show hand 
Nieminen2 leaves the table
*** SUMMARY ***
Total pot $0.09 | Rake $0 
Board [Th 3d 6s]
Seat 1: Elrus90 (button) folded before Flop (didn't bet)
Seat 2: agrielaios (small blind) folded before Flop
Seat 3: Nieminen2 (big blind) folded on the Flop
Seat 4: Ptogreenb folded before Flop (didn't bet)
Seat 5: kano1313 folded before Flop (didn't bet)
Seat 6: wally1954 folded before Flop (didn't bet)
Seat 7: Dorex2007 folded before Flop (didn't bet)
Seat 8: RowzeePowzee folded before Flop (didn't bet)
Seat 9: doktorek#1 collected ($0.09)



PokerStars Hand #227201502761:  Hold'em No Limit ($0.01/$0.02 USD) - 2021/05/30 15:00:05 PT [2021/05/30 18:00:05 ET]
Table 'Sarema IV' 9-max Seat #4 is the button
Seat 1: Elrus90 ($0.94 in chips) 
Seat 4: Ptogreenb ($1.77 in chips) 
Seat 5: kano1313 ($1.94 in chips) 
Seat 6: wally1954 ($1.52 in chips) 
Seat 7: Dorex2007 ($2.86 in chips) 
Seat 8: RowzeePowzee ($2.21 in chips) 
Seat 9: doktorek#1 ($2.17 in chips) 
kano1313: posts small blind $0.01
wally1954: posts big blind $0.02
*** HOLE CARDS ***
Dealt to Dorex2007 [3s 8d]
Dorex2007: folds 
RowzeePowzee: folds 
doktorek#1: calls $0.02
Elrus90: raises $0.02 to $0.04
Andresinho46 joins the table at seat #3 
Ptogreenb: calls $0.04
kano1313: folds 
wally1954: folds 
doktorek#1: calls $0.02
*** FLOP *** [4h 9d Jd]
doktorek#1: checks 
Elrus90: checks 
Ptogreenb: checks 
*** TURN *** [4h 9d Jd] [Jc]
doktorek#1: checks 
Elrus90: bets $0.06
Ptogreenb: folds 
doktorek#1: folds 
Uncalled bet ($0.06) returned to Elrus90
Elrus90 collected $0.14 from pot
Elrus90: doesn't show hand 
*** SUMMARY ***
Total pot $0.15 | Rake $0.01 
Board [4h 9d Jd Jc]
Seat 1: Elrus90 collected ($0.14)
Seat 4: Ptogreenb (button) folded on the Turn
Seat 5: kano1313 (small blind) folded before Flop
Seat 6: wally1954 (big blind) folded before Flop
Seat 7: Dorex2007 folded before Flop (didn't bet)
Seat 8: RowzeePowzee folded before Flop (didn't bet)
Seat 9: doktorek#1 folded on the Turn



PokerStars Hand #227201519567:  Hold'em No Limit ($0.01/$0.02 USD) - 2021/05/30 15:00:52 PT [2021/05/30 18:00:52 ET]
Table 'Sarema IV' 9-max Seat #5 is the button
Seat 1: Elrus90 ($1.04 in chips) 
Seat 4: Ptogreenb ($1.73 in chips) 
Seat 5: kano1313 ($1.93 in chips) 
Seat 6: wally1954 ($1.50 in chips) 
Seat 7: Dorex2007 ($2.86 in chips) 
Seat 8: RowzeePowzee ($2.21 in chips) 
Seat 9: doktorek#1 ($2.13 in chips) 
wally1954: posts small blind $0.01
Dorex2007: posts big blind $0.02
Andresinho46: sits out 
*** HOLE CARDS ***
Dealt to Dorex2007 [Ah Kh]
RowzeePowzee: folds 
doktorek#1: raises $0.04 to $0.06
Elrus90: folds 
Ptogreenb: folds 
kano1313: folds 
wally1954: folds 
Dorex2007: raises $0.06 to $0.12
doktorek#1: calls $0.06
*** FLOP *** [7h Kd Ks]
Dorex2007: checks 
doktorek#1: checks 
*** TURN *** [7h Kd Ks] [Tc]
Dorex2007: bets $0.08
doktorek#1: calls $0.08
*** RIVER *** [7h Kd Ks Tc] [8c]
Dorex2007: checks 
doktorek#1: bets $0.40
Dorex2007: raises $2.26 to $2.66 and is all-in
doktorek#1: calls $1.53 and is all-in
Uncalled bet ($0.73) returned to Dorex2007
*** SHOW DOWN ***
Dorex2007: shows [Ah Kh] (three of a kind, Kings)
doktorek#1: shows [Kc Qh] (three of a kind, Kings - lower kicker)
Dorex2007 collected $4.12 from pot
*** SUMMARY ***
Total pot $4.27 | Rake $0.15 
Board [7h Kd Ks Tc 8c]
Seat 1: Elrus90 folded before Flop (didn't bet)
Seat 4: Ptogreenb folded before Flop (didn't bet)
Seat 5: kano1313 (button) folded before Flop (didn't bet)
Seat 6: wally1954 (small blind) folded before Flop
Seat 7: Dorex2007 (big blind) showed [Ah Kh] and won ($4.12) with three of a kind, Kings
Seat 8: RowzeePowzee folded before Flop (didn't bet)
Seat 9: doktorek#1 showed [Kc Qh] and lost with three of a kind, Kings



PokerStars Hand #227201551045:  Hold'em No Limit ($0.01/$0.02 USD) - 2021/05/30 15:02:07 PT [2021/05/30 18:02:07 ET]
Table 'Sarema IV' 9-max Seat #6 is the button
Seat 1: Elrus90 ($1.04 in chips) 
Seat 2: agrielaios ($2.12 in chips) 
Seat 4: Ptogreenb ($1.73 in chips) 
Seat 5: kano1313 ($1.93 in chips) 
Seat 6: wally1954 ($1.49 in chips) 
Seat 7: Dorex2007 ($4.85 in chips) 
Seat 8: RowzeePowzee ($2.21 in chips) 
Dorex2007: posts small blind $0.01
RowzeePowzee: posts big blind $0.02
Andresinho46: sits out 
*** HOLE CARDS ***
Dealt to Dorex2007 [Td 2h]
Elrus90: folds 
agrielaios: folds 
Ptogreenb: folds 
kano1313: folds 
wally1954: folds 
Dorex2007: folds 
Uncalled bet ($0.01) returned to RowzeePowzee
RowzeePowzee collected $0.02 from pot
RowzeePowzee: doesn't show hand 
*** SUMMARY ***
Total pot $0.02 | Rake $0 
Seat 1: Elrus90 folded before Flop (didn't bet)
Seat 2: agrielaios folded before Flop (didn't bet)
Seat 4: Ptogreenb folded before Flop (didn't bet)
Seat 5: kano1313 folded before Flop (didn't bet)
Seat 6: wally1954 (button) folded before Flop (didn't bet)
Seat 7: Dorex2007 (small blind) folded before Flop
Seat 8: RowzeePowzee (big blind) collected ($0.02)



PokerStars Hand #227201568561:  Hold'em No Limit ($0.01/$0.02 USD) - 2021/05/30 15:02:26 PT [2021/05/30 18:02:26 ET]
Table 'Sarema IV' 9-max Seat #7 is the button
Seat 1: Elrus90 ($1.04 in chips) 
Seat 2: agrielaios ($2.12 in chips) 
Seat 4: Ptogreenb ($1.73 in chips) 
Seat 5: kano1313 ($1.93 in chips) 
Seat 6: wally1954 ($1.49 in chips) 
Seat 7: Dorex2007 ($4.84 in chips) 
Seat 8: RowzeePowzee ($2.22 in chips) 
RowzeePowzee: posts small blind $0.01
Elrus90: posts big blind $0.02
Andresinho46: sits out 
*** HOLE CARDS ***
Dealt to Dorex2007 [9c 9d]
agrielaios: raises $0.02 to $0.04
Ptogreenb: folds 
kano1313: folds 
wally1954: folds 
Dorex2007: calls $0.04
RowzeePowzee: folds 
Elrus90: calls $0.02
*** FLOP *** [7c 9s 5s]
Elrus90: checks 
agrielaios: checks 
Dorex2007: bets $0.04
Elrus90: calls $0.04
agrielaios: folds 
*** TURN *** [7c 9s 5s] [Jd]
Elrus90: checks 
Dorex2007: bets $0.13
Elrus90: calls $0.13
*** RIVER *** [7c 9s 5s Jd] [8h]
Elrus90: checks 
Dorex2007: checks 
*** SHOW DOWN ***
Elrus90: shows [7s Ah] (a pair of Sevens)
Dorex2007: shows [9c 9d] (three of a kind, Nines)
Dorex2007 collected $0.45 from pot
*** SUMMARY ***
Total pot $0.47 | Rake $0.02 
Board [7c 9s 5s Jd 8h]
Seat 1: Elrus90 (big blind) showed [7s Ah] and lost with a pair of Sevens
Seat 2: agrielaios folded on the Flop
Seat 4: Ptogreenb folded before Flop (didn't bet)
Seat 5: kano1313 folded before Flop (didn't bet)
Seat 6: wally1954 folded before Flop (didn't bet)
Seat 7: Dorex2007 (button) showed [9c 9d] and won ($0.45) with three of a kind, Nines
Seat 8: RowzeePowzee (small blind) folded before Flop



PokerStars Hand #227201590388:  Hold'em No Limit ($0.01/$0.02 USD) - 2021/05/30 15:03:14 PT [2021/05/30 18:03:14 ET]
Table 'Sarema IV' 9-max Seat #8 is the button
Seat 1: Elrus90 ($0.83 in chips) 
Seat 2: agrielaios ($2.08 in chips) 
Seat 4: Ptogreenb ($1.73 in chips) 
Seat 5: kano1313 ($1.93 in chips) 
Seat 6: wally1954 ($1.49 in chips) 
Seat 7: Dorex2007 ($5.08 in chips) 
Seat 8: RowzeePowzee ($2.21 in chips) 
Elrus90: posts small blind $0.01
agrielaios: posts big blind $0.02
Andresinho46: sits out 
*** HOLE CARDS ***
Dealt to Dorex2007 [Ks Kh]
Ptogreenb: folds 
kano1313: raises $0.04 to $0.06
wally1954: folds 
Dorex2007: calls $0.06
RowzeePowzee: folds 
Elrus90: folds 
agrielaios: folds 
*** FLOP *** [4s 2c Js]
kano1313: bets $0.08
Dorex2007: raises $0.08 to $0.16
kano1313: folds 
Uncalled bet ($0.08) returned to Dorex2007
Dorex2007 collected $0.30 from pot
Dorex2007: doesn't show hand 
*** SUMMARY ***
Total pot $0.31 | Rake $0.01 
Board [4s 2c Js]
Seat 1: Elrus90 (small blind) folded before Flop
Seat 2: agrielaios (big blind) folded before Flop
Seat 4: Ptogreenb folded before Flop (didn't bet)
Seat 5: kano1313 folded on the Flop
Seat 6: wally1954 folded before Flop (didn't bet)
Seat 7: Dorex2007 collected ($0.30)
Seat 8: RowzeePowzee (button) folded before Flop (didn't bet)



PokerStars Hand #227201605684:  Hold'em No Limit ($0.01/$0.02 USD) - 2021/05/30 15:03:47 PT [2021/05/30 18:03:47 ET]
Table 'Sarema IV' 9-max Seat #1 is the button
Seat 1: Elrus90 ($0.82 in chips) 
Seat 2: agrielaios ($2.06 in chips) 
Seat 3: Andresinho46 ($2 in chips) 
Seat 4: Ptogreenb ($1.73 in chips) 
Seat 5: kano1313 ($1.79 in chips) 
Seat 6: wally1954 ($1.49 in chips) 
Seat 7: Dorex2007 ($5.24 in chips) 
Seat 8: RowzeePowzee ($2.21 in chips) 
agrielaios: posts small blind $0.01
Andresinho46: posts big blind $0.02
*** HOLE CARDS ***
Dealt to Dorex2007 [4h Kc]
Ptogreenb: folds 
kano1313: folds 
wally1954: folds 
Dorex2007: folds 
RowzeePowzee: folds 
Elrus90: folds 
agrielaios: folds 
Uncalled bet ($0.01) returned to Andresinho46
Andresinho46 collected $0.02 from pot
Andresinho46: doesn't show hand 
*** SUMMARY ***
Total pot $0.02 | Rake $0 
Seat 1: Elrus90 (button) folded before Flop (didn't bet)
Seat 2: agrielaios (small blind) folded before Flop
Seat 3: Andresinho46 (big blind) collected ($0.02)
Seat 4: Ptogreenb folded before Flop (didn't bet)
Seat 5: kano1313 folded before Flop (didn't bet)
Seat 6: wally1954 folded before Flop (didn't bet)
Seat 7: Dorex2007 folded before Flop (didn't bet)
Seat 8: RowzeePowzee folded before Flop (didn't bet)



PokerStars Hand #227201614517:  Hold'em No Limit ($0.01/$0.02 USD) - 2021/05/30 15:04:06 PT [2021/05/30 18:04:06 ET]
Table 'Sarema IV' 9-max Seat #2 is the button
Seat 1: Elrus90 ($0.82 in chips) 
Seat 2: agrielaios ($2.05 in chips) 
Seat 3: Andresinho46 ($2.01 in chips) 
Seat 4: Ptogreenb ($1.73 in chips) 
Seat 5: kano1313 ($1.79 in chips) 
Seat 6: wally1954 ($1.49 in chips) 
Seat 7: Dorex2007 ($5.24 in chips) 
Seat 8: RowzeePowzee ($2.21 in chips) 
Andresinho46: posts small blind $0.01
Ptogreenb: posts big blind $0.02
*** HOLE CARDS ***
Dealt to Dorex2007 [5s Kd]
kano1313: raises $0.04 to $0.06
wally1954: folds 
Dorex2007: folds 
RowzeePowzee: folds 
Elrus90: folds 
agrielaios: folds 
Andresinho46: folds 
Ptogreenb: folds 
Uncalled bet ($0.04) returned to kano1313
kano1313 collected $0.05 from pot
*** SUMMARY ***
Total pot $0.05 | Rake $0 
Seat 1: Elrus90 folded before Flop (didn't bet)
Seat 2: agrielaios (button) folded before Flop (didn't bet)
Seat 3: Andresinho46 (small blind) folded before Flop
Seat 4: Ptogreenb (big blind) folded before Flop
Seat 5: kano1313 collected ($0.05)
Seat 6: wally1954 folded before Flop (didn't bet)
Seat 7: Dorex2007 folded before Flop (didn't bet)
Seat 8: RowzeePowzee folded before Flop (didn't bet)



PokerStars Hand #227201629619:  Hold'em No Limit ($0.01/$0.02 USD) - 2021/05/30 15:04:38 PT [2021/05/30 18:04:38 ET]
Table 'Sarema IV' 9-max Seat #3 is the button
Seat 1: Elrus90 ($0.82 in chips) 
Seat 2: agrielaios ($2.05 in chips) 
Seat 3: Andresinho46 ($2 in chips) 
Seat 4: Ptogreenb ($1.71 in chips) 
Seat 5: kano1313 ($1.82 in chips) 
Seat 6: wally1954 ($1.49 in chips) 
Seat 7: Dorex2007 ($5.24 in chips) 
Seat 8: RowzeePowzee ($2.21 in chips) 
Ptogreenb: posts small blind $0.01
kano1313: posts big blind $0.02
*** HOLE CARDS ***
Dealt to Dorex2007 [6h 3s]
wally1954: folds 
Dorex2007: folds 
RowzeePowzee: folds 
Elrus90: folds 
agrielaios has timed out
agrielaios: folds 
Andresinho46: folds 
Ptogreenb: folds 
Uncalled bet ($0.01) returned to kano1313
kano1313 collected $0.02 from pot
*** SUMMARY ***
Total pot $0.02 | Rake $0 
Seat 1: Elrus90 folded before Flop (didn't bet)
Seat 2: agrielaios folded before Flop (didn't bet)
Seat 3: Andresinho46 (button) folded before Flop (didn't bet)
Seat 4: Ptogreenb (small blind) folded before Flop
Seat 5: kano1313 (big blind) collected ($0.02)
Seat 6: wally1954 folded before Flop (didn't bet)
Seat 7: Dorex2007 folded before Flop (didn't bet)
Seat 8: RowzeePowzee folded before Flop (didn't bet)



PokerStars Hand #227201643709:  Hold'em No Limit ($0.01/$0.02 USD) - 2021/05/30 15:05:09 PT [2021/05/30 18:05:09 ET]
Table 'Sarema IV' 9-max Seat #4 is the button
Seat 1: Elrus90 ($0.82 in chips) 
Seat 2: agrielaios ($2.05 in chips) 
Seat 3: Andresinho46 ($2 in chips) 
Seat 4: Ptogreenb ($1.70 in chips) 
Seat 5: kano1313 ($1.83 in chips) 
Seat 6: wally1954 ($1.49 in chips) 
Seat 7: Dorex2007 ($5.24 in chips) 
Seat 8: RowzeePowzee ($2.21 in chips) 
kano1313: posts small blind $0.01
wally1954: posts big blind $0.02
*** HOLE CARDS ***
Dealt to Dorex2007 [8s 8c]
Dorex2007: calls $0.02
RowzeePowzee: folds 
Elrus90: raises $0.07 to $0.09
agrielaios: folds 
Andresinho46: folds 
Ptogreenb: folds 
kano1313: folds 
wally1954: folds 
Dorex2007: folds 
Uncalled bet ($0.07) returned to Elrus90
Elrus90 collected $0.07 from pot
Elrus90: doesn't show hand 
*** SUMMARY ***
Total pot $0.07 | Rake $0 
Seat 1: Elrus90 collected ($0.07)
Seat 2: agrielaios folded before Flop (didn't bet)
Seat 3: Andresinho46 folded before Flop (didn't bet)
Seat 4: Ptogreenb (button) folded before Flop (didn't bet)
Seat 5: kano1313 (small blind) folded before Flop
Seat 6: wally1954 (big blind) folded before Flop
Seat 7: Dorex2007 folded before Flop
Seat 8: RowzeePowzee folded before Flop (didn't bet)



PokerStars Hand #227201658081:  Hold'em No Limit ($0.01/$0.02 USD) - 2021/05/30 15:05:40 PT [2021/05/30 18:05:40 ET]
Table 'Sarema IV' 9-max Seat #5 is the button
Seat 1: Elrus90 ($0.87 in chips) 
Seat 2: agrielaios ($2.05 in chips) 
Seat 3: Andresinho46 ($2 in chips) 
Seat 4: Ptogreenb ($1.70 in chips) 
Seat 5: kano1313 ($1.92 in chips) 
Seat 6: wally1954 ($1.47 in chips) 
Seat 7: Dorex2007 ($5.22 in chips) 
Seat 8: RowzeePowzee ($2.21 in chips) 
wally1954: posts small blind $0.01
Dorex2007: posts big blind $0.02
*** HOLE CARDS ***
Dealt to Dorex2007 [Th 9c]
RowzeePowzee: folds 
Elrus90: folds 
agrielaios: folds 
Andresinho46: folds 
Ptogreenb: folds 
kano1313: folds 
wally1954: calls $0.01
Dorex2007: checks 
*** FLOP *** [9d 8c 8h]
wally1954: checks 
Dorex2007: bets $0.03
wally1954: calls $0.03
*** TURN *** [9d 8c 8h] [Ah]
wally1954: checks 
Dorex2007: checks 
*** RIVER *** [9d 8c 8h Ah] [3c]
wally1954: checks 
Dorex2007: checks 
*** SHOW DOWN ***
wally1954: shows [8s 7d] (three of a kind, Eights)
Dorex2007: mucks hand 
wally1954 collected $0.10 from pot
*** SUMMARY ***
Total pot $0.10 | Rake $0 
Board [9d 8c 8h Ah 3c]
Seat 1: Elrus90 folded before Flop (didn't bet)
Seat 2: agrielaios folded before Flop (didn't bet)
Seat 3: Andresinho46 folded before Flop (didn't bet)
Seat 4: Ptogreenb folded before Flop (didn't bet)
Seat 5: kano1313 (button) folded before Flop (didn't bet)
Seat 6: wally1954 (small blind) showed [8s 7d] and won ($0.10) with three of a kind, Eights
Seat 7: Dorex2007 (big blind) mucked [Th 9c]
Seat 8: RowzeePowzee folded before Flop (didn't bet)



PokerStars Hand #227201682842:  Hold'em No Limit ($0.01/$0.02 USD) - 2021/05/30 15:06:34 PT [2021/05/30 18:06:34 ET]
Table 'Sarema IV' 9-max Seat #6 is the button
Seat 1: Elrus90 ($0.87 in chips) 
Seat 2: agrielaios ($2.05 in chips) 
Seat 3: Andresinho46 ($2 in chips) 
Seat 4: Ptogreenb ($1.70 in chips) 
Seat 5: kano1313 ($1.92 in chips) 
Seat 6: wally1954 ($1.52 in chips) 
Seat 7: Dorex2007 ($5.17 in chips) 
Seat 8: RowzeePowzee ($2.21 in chips) 
Dorex2007: posts small blind $0.01
RowzeePowzee: posts big blind $0.02
*** HOLE CARDS ***
Dealt to Dorex2007 [3d 7h]
Elrus90: folds 
agrielaios: folds 
Andresinho46: folds 
Ptogreenb: folds 
kano1313: folds 
wally1954: calls $0.02
Dorex2007: folds 
doktorek#1 leaves the table
RowzeePowzee: checks 
*** FLOP *** [3h Ad Ah]
RowzeePowzee: checks 
wally1954: bets $0.02
RowzeePowzee: folds 
Uncalled bet ($0.02) returned to wally1954
wally1954 collected $0.05 from pot
wally1954: doesn't show hand 
*** SUMMARY ***
Total pot $0.05 | Rake $0 
Board [3h Ad Ah]
Seat 1: Elrus90 folded before Flop (didn't bet)
Seat 2: agrielaios folded before Flop (didn't bet)
Seat 3: Andresinho46 folded before Flop (didn't bet)
Seat 4: Ptogreenb folded before Flop (didn't bet)
Seat 5: kano1313 folded before Flop (didn't bet)
Seat 6: wally1954 (button) collected ($0.05)
Seat 7: Dorex2007 (small blind) folded before Flop
Seat 8: RowzeePowzee (big blind) folded on the Flop



PokerStars Hand #227201696509:  Hold'em No Limit ($0.01/$0.02 USD) - 2021/05/30 15:07:03 PT [2021/05/30 18:07:03 ET]
Table 'Sarema IV' 9-max Seat #7 is the button
Seat 1: Elrus90 ($0.87 in chips) 
Seat 2: agrielaios ($2.05 in chips) 
Seat 3: Andresinho46 ($2 in chips) 
Seat 4: Ptogreenb ($1.70 in chips) 
Seat 5: kano1313 ($1.92 in chips) 
Seat 6: wally1954 ($1.55 in chips) 
Seat 7: Dorex2007 ($5.16 in chips) 
Seat 8: RowzeePowzee ($2.19 in chips) 
RowzeePowzee: posts small blind $0.01
Elrus90: posts big blind $0.02
*** HOLE CARDS ***
Dealt to Dorex2007 [Kd Kh]
agrielaios: folds 
Andresinho46: folds 
Ptogreenb: folds 
kano1313: raises $0.04 to $0.06
wally1954: folds 
Dorex2007: raises $0.04 to $0.10
RowzeePowzee: folds 
Elrus90: folds 
kano1313: calls $0.04
*** FLOP *** [Qd As Qs]
kano1313: checks 
Dorex2007: checks 
*** TURN *** [Qd As Qs] [2c]
kano1313: checks 
Dorex2007: checks 
*** RIVER *** [Qd As Qs 2c] [4s]
kano1313: checks 
Dorex2007: checks 
*** SHOW DOWN ***
kano1313: shows [Td Kc] (a pair of Queens)
Dorex2007: shows [Kd Kh] (two pair, Kings and Queens)
Dorex2007 collected $0.22 from pot
*** SUMMARY ***
Total pot $0.23 | Rake $0.01 
Board [Qd As Qs 2c 4s]
Seat 1: Elrus90 (big blind) folded before Flop
Seat 2: agrielaios folded before Flop (didn't bet)
Seat 3: Andresinho46 folded before Flop (didn't bet)
Seat 4: Ptogreenb folded before Flop (didn't bet)
Seat 5: kano1313 showed [Td Kc] and lost with a pair of Queens
Seat 6: wally1954 folded before Flop (didn't bet)
Seat 7: Dorex2007 (button) showed [Kd Kh] and won ($0.22) with two pair, Kings and Queens
Seat 8: RowzeePowzee (small blind) folded before Flop



PokerStars Hand #227201714844:  Hold'em No Limit ($0.01/$0.02 USD) - 2021/05/30 15:07:37 PT [2021/05/30 18:07:37 ET]
Table 'Sarema IV' 9-max Seat #8 is the button
Seat 1: Elrus90 ($0.85 in chips) 
Seat 2: agrielaios ($2.05 in chips) 
Seat 3: Andresinho46 ($2 in chips) 
Seat 4: Ptogreenb ($1.70 in chips) 
Seat 5: kano1313 ($1.82 in chips) 
Seat 6: wally1954 ($1.55 in chips) 
Seat 7: Dorex2007 ($5.28 in chips) 
Seat 8: RowzeePowzee ($2.18 in chips) 
Elrus90: posts small blind $0.01
agrielaios: posts big blind $0.02
*** HOLE CARDS ***
Dealt to Dorex2007 [Js 5c]
Andresinho46: folds 
Ptogreenb: folds 
kano1313: folds 
wally1954: calls $0.02
Dorex2007: folds 
RowzeePowzee: folds 
Elrus90: folds 
agrielaios: checks 
*** FLOP *** [Jh 6c Qc]
COOLCATS007 joins the table at seat #9 
agrielaios: checks 
wally1954: bets $0.02
agrielaios: folds 
Uncalled bet ($0.02) returned to wally1954
wally1954 collected $0.05 from pot
wally1954: doesn't show hand 
*** SUMMARY ***
Total pot $0.05 | Rake $0 
Board [Jh 6c Qc]
Seat 1: Elrus90 (small blind) folded before Flop
Seat 2: agrielaios (big blind) folded on the Flop
Seat 3: Andresinho46 folded before Flop (didn't bet)
Seat 4: Ptogreenb folded before Flop (didn't bet)
Seat 5: kano1313 folded before Flop (didn't bet)
Seat 6: wally1954 collected ($0.05)
Seat 7: Dorex2007 folded before Flop (didn't bet)
Seat 8: RowzeePowzee (button) folded before Flop (didn't bet)



PokerStars Hand #227201736752:  Hold'em No Limit ($0.01/$0.02 USD) - 2021/05/30 15:08:10 PT [2021/05/30 18:08:10 ET]
Table 'Sarema IV' 9-max Seat #1 is the button
Seat 1: Elrus90 ($0.84 in chips) 
Seat 2: agrielaios ($2.03 in chips) 
Seat 3: Andresinho46 ($2 in chips) 
Seat 4: Ptogreenb ($1.70 in chips) 
Seat 5: kano1313 ($1.82 in chips) 
Seat 6: wally1954 ($1.58 in chips) 
Seat 7: Dorex2007 ($5.28 in chips) 
Seat 8: RowzeePowzee ($2.18 in chips) 
Seat 9: COOLCATS007 ($1.60 in chips) 
agrielaios: posts small blind $0.01
Andresinho46: posts big blind $0.02
COOLCATS007: posts big blind $0.02
*** HOLE CARDS ***
Dealt to Dorex2007 [Kd Td]
Ptogreenb: folds 
kano1313: folds 
wally1954: folds 
Dorex2007: calls $0.02
RowzeePowzee: folds 
COOLCATS007: checks 
Elrus90: folds 
agrielaios: folds 
Andresinho46: checks 
*** FLOP *** [Kh Kc 5c]
Andresinho46: checks 
Dorex2007: checks 
COOLCATS007: checks 
*** TURN *** [Kh Kc 5c] [3c]
Andresinho46: checks 
Dorex2007: checks 
COOLCATS007: checks 
*** RIVER *** [Kh Kc 5c 3c] [7h]
Andresinho46: checks 
Dorex2007: checks 
COOLCATS007: checks 
*** SHOW DOWN ***
Andresinho46: shows [8c 3d] (two pair, Kings and Threes)
Dorex2007: shows [Kd Td] (three of a kind, Kings)
COOLCATS007: mucks hand 
Dorex2007 collected $0.07 from pot
*** SUMMARY ***
Total pot $0.07 | Rake $0 
Board [Kh Kc 5c 3c 7h]
Seat 1: Elrus90 (button) folded before Flop (didn't bet)
Seat 2: agrielaios (small blind) folded before Flop
Seat 3: Andresinho46 (big blind) showed [8c 3d] and lost with two pair, Kings and Threes
Seat 4: Ptogreenb folded before Flop (didn't bet)
Seat 5: kano1313 folded before Flop (didn't bet)
Seat 6: wally1954 folded before Flop (didn't bet)
Seat 7: Dorex2007 showed [Kd Td] and won ($0.07) with three of a kind, Kings
Seat 8: RowzeePowzee folded before Flop (didn't bet)
Seat 9: COOLCATS007 mucked [Jc 8d]



PokerStars Hand #227201758228:  Hold'em No Limit ($0.01/$0.02 USD) - 2021/05/30 15:08:55 PT [2021/05/30 18:08:55 ET]
Table 'Sarema IV' 9-max Seat #2 is the button
Seat 1: Elrus90 ($0.84 in chips) 
Seat 2: agrielaios ($2.02 in chips) 
Seat 3: Andresinho46 ($2 in chips) 
Seat 4: Ptogreenb ($1.70 in chips) 
Seat 5: kano1313 ($1.82 in chips) 
Seat 6: wally1954 ($1.58 in chips) 
Seat 7: Dorex2007 ($5.33 in chips) 
Seat 8: RowzeePowzee ($2.18 in chips) 
Seat 9: COOLCATS007 ($1.58 in chips) 
Andresinho46: posts small blind $0.01
Ptogreenb: posts big blind $0.02
*** HOLE CARDS ***
Dealt to Dorex2007 [5h 4s]
kano1313: folds 
wally1954: calls $0.02
Dorex2007: folds 
RowzeePowzee: folds 
COOLCATS007: calls $0.02
Elrus90: folds 
agrielaios has timed out
agrielaios: folds 
Andresinho46: folds 
Ptogreenb: raises $0.10 to $0.12
wally1954: folds 
COOLCATS007: folds 
Uncalled bet ($0.10) returned to Ptogreenb
Ptogreenb collected $0.07 from pot
Ptogreenb: doesn't show hand 
*** SUMMARY ***
Total pot $0.07 | Rake $0 
Seat 1: Elrus90 folded before Flop (didn't bet)
Seat 2: agrielaios (button) folded before Flop (didn't bet)
Seat 3: Andresinho46 (small blind) folded before Flop
Seat 4: Ptogreenb (big blind) collected ($0.07)
Seat 5: kano1313 folded before Flop (didn't bet)
Seat 6: wally1954 folded before Flop
Seat 7: Dorex2007 folded before Flop (didn't bet)
Seat 8: RowzeePowzee folded before Flop (didn't bet)
Seat 9: COOLCATS007 folded before Flop



PokerStars Hand #227201776561:  Hold'em No Limit ($0.01/$0.02 USD) - 2021/05/30 15:09:35 PT [2021/05/30 18:09:35 ET]
Table 'Sarema IV' 9-max Seat #3 is the button
Seat 1: Elrus90 ($0.84 in chips) 
Seat 3: Andresinho46 ($2 in chips) 
Seat 4: Ptogreenb ($1.75 in chips) 
Seat 5: kano1313 ($1.82 in chips) 
Seat 6: wally1954 ($1.56 in chips) 
Seat 7: Dorex2007 ($5.33 in chips) 
Seat 8: RowzeePowzee ($2.18 in chips) 
Seat 9: COOLCATS007 ($1.56 in chips) 
Ptogreenb: posts small blind $0.01
kano1313: posts big blind $0.02
*** HOLE CARDS ***
Dealt to Dorex2007 [6h 5s]
wally1954: folds 
Dorex2007: folds 
RowzeePowzee: folds 
COOLCATS007: folds 
Elrus90: raises $0.02 to $0.04
Andresinho46: folds 
Ptogreenb: folds 
kano1313: folds 
Uncalled bet ($0.02) returned to Elrus90
Elrus90 collected $0.05 from pot
Elrus90: doesn't show hand 
*** SUMMARY ***
Total pot $0.05 | Rake $0 
Seat 1: Elrus90 collected ($0.05)
Seat 3: Andresinho46 (button) folded before Flop (didn't bet)
Seat 4: Ptogreenb (small blind) folded before Flop
Seat 5: kano1313 (big blind) folded before Flop
Seat 6: wally1954 folded before Flop (didn't bet)
Seat 7: Dorex2007 folded before Flop (didn't bet)
Seat 8: RowzeePowzee folded before Flop (didn't bet)
Seat 9: COOLCATS007 folded before Flop (didn't bet)



PokerStars Hand #227201785995:  Hold'em No Limit ($0.01/$0.02 USD) - 2021/05/30 15:09:55 PT [2021/05/30 18:09:55 ET]
Table 'Sarema IV' 9-max Seat #4 is the button
Seat 1: Elrus90 ($0.87 in chips) 
Seat 2: agrielaios ($2.02 in chips) 
Seat 3: Andresinho46 ($2 in chips) 
Seat 4: Ptogreenb ($1.74 in chips) 
Seat 5: kano1313 ($1.80 in chips) 
Seat 6: wally1954 ($1.56 in chips) 
Seat 7: Dorex2007 ($5.33 in chips) 
Seat 8: RowzeePowzee ($2.18 in chips) 
Seat 9: COOLCATS007 ($1.56 in chips) 
kano1313: posts small blind $0.01
wally1954: posts big blind $0.02
*** HOLE CARDS ***
Dealt to Dorex2007 [8s Ks]
Dorex2007: folds 
RowzeePowzee: folds 
COOLCATS007: folds 
Elrus90: raises $0.02 to $0.04
agrielaios: folds 
Andresinho46: folds 
Ptogreenb: folds 
kano1313: folds 
wally1954: folds 
Uncalled bet ($0.02) returned to Elrus90
Elrus90 collected $0.05 from pot
Elrus90: doesn't show hand 
*** SUMMARY ***
Total pot $0.05 | Rake $0 
Seat 1: Elrus90 collected ($0.05)
Seat 2: agrielaios folded before Flop (didn't bet)
Seat 3: Andresinho46 folded before Flop (didn't bet)
Seat 4: Ptogreenb (button) folded before Flop (didn't bet)
Seat 5: kano1313 (small blind) folded before Flop
Seat 6: wally1954 (big blind) folded before Flop
Seat 7: Dorex2007 folded before Flop (didn't bet)
Seat 8: RowzeePowzee folded before Flop (didn't bet)
Seat 9: COOLCATS007 folded before Flop (didn't bet)



PokerStars Hand #227201794951:  Hold'em No Limit ($0.01/$0.02 USD) - 2021/05/30 15:10:14 PT [2021/05/30 18:10:14 ET]
Table 'Sarema IV' 9-max Seat #5 is the button
Seat 1: Elrus90 ($0.90 in chips) 
Seat 2: agrielaios ($2.02 in chips) 
Seat 3: Andresinho46 ($2 in chips) 
Seat 4: Ptogreenb ($1.74 in chips) 
Seat 5: kano1313 ($1.84 in chips) 
Seat 6: wally1954 ($1.54 in chips) 
Seat 7: Dorex2007 ($5.33 in chips) 
Seat 8: RowzeePowzee ($2.18 in chips) 
Seat 9: COOLCATS007 ($1.56 in chips) 
wally1954: posts small blind $0.01
Dorex2007: posts big blind $0.02
*** HOLE CARDS ***
Dealt to Dorex2007 [As 4c]
RowzeePowzee: folds 
COOLCATS007: folds 
Elrus90: folds 
agrielaios: folds 
Andresinho46: folds 
Ptogreenb: folds 
kano1313: folds 
wally1954: calls $0.01
Dorex2007: checks 
*** FLOP *** [Qd 7s Tc]
wally1954: checks 
Dorex2007: checks 
*** TURN *** [Qd 7s Tc] [8c]
wally1954: checks 
Dorex2007: bets $0.02
wally1954: calls $0.02
*** RIVER *** [Qd 7s Tc 8c] [6s]
wally1954: checks 
Dorex2007: bets $0.02
wally1954: raises $0.06 to $0.08
Dorex2007: folds 
Uncalled bet ($0.06) returned to wally1954
wally1954 collected $0.12 from pot
wally1954: doesn't show hand 
*** SUMMARY ***
Total pot $0.12 | Rake $0 
Board [Qd 7s Tc 8c 6s]
Seat 1: Elrus90 folded before Flop (didn't bet)
Seat 2: agrielaios folded before Flop (didn't bet)
Seat 3: Andresinho46 folded before Flop (didn't bet)
Seat 4: Ptogreenb folded before Flop (didn't bet)
Seat 5: kano1313 (button) folded before Flop (didn't bet)
Seat 6: wally1954 (small blind) collected ($0.12)
Seat 7: Dorex2007 (big blind) folded on the River
Seat 8: RowzeePowzee folded before Flop (didn't bet)
Seat 9: COOLCATS007 folded before Flop (didn't bet)



PokerStars Hand #227201816753:  Hold'em No Limit ($0.01/$0.02 USD) - 2021/05/30 15:11:01 PT [2021/05/30 18:11:01 ET]
Table 'Sarema IV' 9-max Seat #6 is the button
Seat 1: Elrus90 ($0.90 in chips) 
Seat 2: agrielaios ($2.02 in chips) 
Seat 3: Andresinho46 ($2 in chips) 
Seat 4: Ptogreenb ($1.74 in chips) 
Seat 5: kano1313 ($1.84 in chips) 
Seat 6: wally1954 ($1.60 in chips) 
Seat 7: Dorex2007 ($5.27 in chips) 
Seat 8: RowzeePowzee ($2.18 in chips) 
Seat 9: COOLCATS007 ($1.56 in chips) 
Dorex2007: posts small blind $0.01
RowzeePowzee: posts big blind $0.02
*** HOLE CARDS ***
Dealt to Dorex2007 [5c Qd]
COOLCATS007: calls $0.02
Elrus90: folds 
agrielaios has timed out
agrielaios: folds 
Andresinho46: folds 
Ptogreenb: folds 
kano1313: folds 
wally1954: folds 
Dorex2007: folds 
RowzeePowzee: checks 
*** FLOP *** [As 3h 3s]
RowzeePowzee: checks 
COOLCATS007: checks 
*** TURN *** [As 3h 3s] [8d]
RowzeePowzee: bets $0.03
COOLCATS007: folds 
Uncalled bet ($0.03) returned to RowzeePowzee
RowzeePowzee collected $0.05 from pot
RowzeePowzee: doesn't show hand 
*** SUMMARY ***
Total pot $0.05 | Rake $0 
Board [As 3h 3s 8d]
Seat 1: Elrus90 folded before Flop (didn't bet)
Seat 2: agrielaios folded before Flop (didn't bet)
Seat 3: Andresinho46 folded before Flop (didn't bet)
Seat 4: Ptogreenb folded before Flop (didn't bet)
Seat 5: kano1313 folded before Flop (didn't bet)
Seat 6: wally1954 (button) folded before Flop (didn't bet)
Seat 7: Dorex2007 (small blind) folded before Flop
Seat 8: RowzeePowzee (big blind) collected ($0.05)
Seat 9: COOLCATS007 folded on the Turn



PokerStars Hand #227201832447:  Hold'em No Limit ($0.01/$0.02 USD) - 2021/05/30 15:11:36 PT [2021/05/30 18:11:36 ET]
Table 'Sarema IV' 9-max Seat #7 is the button
Seat 1: Elrus90 ($0.90 in chips) 
Seat 3: Andresinho46 ($2 in chips) 
Seat 4: Ptogreenb ($1.74 in chips) 
Seat 5: kano1313 ($1.84 in chips) 
Seat 6: wally1954 ($1.60 in chips) 
Seat 7: Dorex2007 ($5.26 in chips) 
Seat 8: RowzeePowzee ($2.21 in chips) 
Seat 9: COOLCATS007 ($1.54 in chips) 
RowzeePowzee: posts small blind $0.01
COOLCATS007: posts big blind $0.02
*** HOLE CARDS ***
Dealt to Dorex2007 [Th Kh]
Elrus90: folds 
Andresinho46: folds 
Ptogreenb: folds 
kano1313: raises $0.04 to $0.06
wally1954: folds 
Dorex2007: calls $0.06
RowzeePowzee: folds 
COOLCATS007: calls $0.04
*** FLOP *** [Ad 3d Tc]
COOLCATS007: bets $0.02
kano1313: raises $0.06 to $0.08
Dorex2007: folds 
COOLCATS007: calls $0.06
*** TURN *** [Ad 3d Tc] [Kd]
COOLCATS007: checks 
kano1313: checks 
*** RIVER *** [Ad 3d Tc Kd] [5s]
COOLCATS007: checks 
kano1313: checks 
*** SHOW DOWN ***
COOLCATS007: shows [Js Kc] (a pair of Kings)
kano1313: shows [Jh As] (a pair of Aces)
kano1313 collected $0.34 from pot
*** SUMMARY ***
Total pot $0.35 | Rake $0.01 
Board [Ad 3d Tc Kd 5s]
Seat 1: Elrus90 folded before Flop (didn't bet)
Seat 3: Andresinho46 folded before Flop (didn't bet)
Seat 4: Ptogreenb folded before Flop (didn't bet)
Seat 5: kano1313 showed [Jh As] and won ($0.34) with a pair of Aces
Seat 6: wally1954 folded before Flop (didn't bet)
Seat 7: Dorex2007 (button) folded on the Flop
Seat 8: RowzeePowzee (small blind) folded before Flop
Seat 9: COOLCATS007 (big blind) showed [Js Kc] and lost with a pair of Kings



PokerStars Hand #227201854554:  Hold'em No Limit ($0.01/$0.02 USD) - 2021/05/30 15:12:24 PT [2021/05/30 18:12:24 ET]
Table 'Sarema IV' 9-max Seat #8 is the button
Seat 1: Elrus90 ($0.90 in chips) 
Seat 2: agrielaios ($2.02 in chips) 
Seat 3: Andresinho46 ($2 in chips) 
Seat 4: Ptogreenb ($1.74 in chips) 
Seat 5: kano1313 ($2.04 in chips) 
Seat 6: wally1954 ($1.60 in chips) 
Seat 7: Dorex2007 ($5.20 in chips) 
Seat 8: RowzeePowzee ($2.20 in chips) 
Seat 9: COOLCATS007 ($1.40 in chips) 
COOLCATS007: posts small blind $0.01
Elrus90: posts big blind $0.02
*** HOLE CARDS ***
Dealt to Dorex2007 [Kd Ts]
agrielaios: folds 
Andresinho46: folds 
Ptogreenb: folds 
kano1313: folds 
wally1954: calls $0.02
Dorex2007: calls $0.02
RowzeePowzee: folds 
COOLCATS007: calls $0.01
Elrus90: checks 
*** FLOP *** [3s 5c 3h]
COOLCATS007: checks 
Elrus90: checks 
wally1954: checks 
Dorex2007: checks 
*** TURN *** [3s 5c 3h] [5h]
COOLCATS007: checks 
Elrus90: bets $0.04
wally1954: calls $0.04
Dorex2007: folds 
COOLCATS007: folds 
*** RIVER *** [3s 5c 3h 5h] [Qc]
Elrus90: bets $0.15
wally1954: raises $1.39 to $1.54 and is all-in
Elrus90: calls $0.69 and is all-in
Uncalled bet ($0.70) returned to wally1954
*** SHOW DOWN ***
wally1954: shows [3c 3d] (four of a kind, Threes)
Elrus90: shows [4c 5s] (a full house, Fives full of Threes)
wally1954 collected $1.78 from pot
*** SUMMARY ***
Total pot $1.84 | Rake $0.06 
Board [3s 5c 3h 5h Qc]
Seat 1: Elrus90 (big blind) showed [4c 5s] and lost with a full house, Fives full of Threes
Seat 2: agrielaios folded before Flop (didn't bet)
Seat 3: Andresinho46 folded before Flop (didn't bet)
Seat 4: Ptogreenb folded before Flop (didn't bet)
Seat 5: kano1313 folded before Flop (didn't bet)
Seat 6: wally1954 showed [3c 3d] and won ($1.78) with four of a kind, Threes
Seat 7: Dorex2007 folded on the Turn
Seat 8: RowzeePowzee (button) folded before Flop (didn't bet)
Seat 9: COOLCATS007 (small blind) folded on the Turn



PokerStars Hand #227201884168:  Hold'em No Limit ($0.01/$0.02 USD) - 2021/05/30 15:13:28 PT [2021/05/30 18:13:28 ET]
Table 'Sarema IV' 9-max Seat #9 is the button
Seat 2: agrielaios ($2.02 in chips) 
Seat 3: Andresinho46 ($2 in chips) 
Seat 4: Ptogreenb ($1.74 in chips) 
Seat 5: kano1313 ($2.04 in chips) 
Seat 6: wally1954 ($2.48 in chips) 
Seat 7: Dorex2007 ($5.18 in chips) 
Seat 8: RowzeePowzee ($2.20 in chips) 
Seat 9: COOLCATS007 ($1.38 in chips) 
agrielaios: posts small blind $0.01
Andresinho46: posts big blind $0.02
*** HOLE CARDS ***
Dealt to Dorex2007 [7c Tc]
Ptogreenb: folds 
kano1313: folds 
wally1954: folds 
Dorex2007: folds 
RowzeePowzee: folds 
COOLCATS007: folds 
agrielaios: raises $0.02 to $0.04
Andresinho46: folds 
Uncalled bet ($0.02) returned to agrielaios
agrielaios collected $0.04 from pot
agrielaios: doesn't show hand 
*** SUMMARY ***
Total pot $0.04 | Rake $0 
Seat 2: agrielaios (small blind) collected ($0.04)
Seat 3: Andresinho46 (big blind) folded before Flop
Seat 4: Ptogreenb folded before Flop (didn't bet)
Seat 5: kano1313 folded before Flop (didn't bet)
Seat 6: wally1954 folded before Flop (didn't bet)
Seat 7: Dorex2007 folded before Flop (didn't bet)
Seat 8: RowzeePowzee folded before Flop (didn't bet)
Seat 9: COOLCATS007 (button) folded before Flop (didn't bet)



PokerStars Hand #227201889803:  Hold'em No Limit ($0.01/$0.02 USD) - 2021/05/30 15:13:40 PT [2021/05/30 18:13:40 ET]
Table 'Sarema IV' 9-max Seat #2 is the button
Seat 1: Elrus90 ($1 in chips) 
Seat 2: agrielaios ($2.04 in chips) 
Seat 3: Andresinho46 ($2 in chips) 
Seat 4: Ptogreenb ($1.74 in chips) 
Seat 5: kano1313 ($2.04 in chips) 
Seat 6: wally1954 ($2.48 in chips) 
Seat 7: Dorex2007 ($5.18 in chips) 
Seat 8: RowzeePowzee ($2.20 in chips) 
Seat 9: COOLCATS007 ($1.38 in chips) 
Andresinho46: posts small blind $0.01
Ptogreenb: posts big blind $0.02
Elrus90: posts small blind $0.01
*** HOLE CARDS ***
Dealt to Dorex2007 [Ac 3s]
kano1313: folds 
wally1954: folds 
Dorex2007: folds 
RowzeePowzee: folds 
COOLCATS007: folds 
Elrus90: raises $0.04 to $0.06
agrielaios: folds 
Andresinho46: folds 
Ptogreenb: folds 
Uncalled bet ($0.04) returned to Elrus90
Elrus90 collected $0.06 from pot
Elrus90: doesn't show hand 
*** SUMMARY ***
Total pot $0.06 | Rake $0 
Seat 1: Elrus90 collected ($0.06)
Seat 2: agrielaios (button) folded before Flop (didn't bet)
Seat 3: Andresinho46 (small blind) folded before Flop
Seat 4: Ptogreenb (big blind) folded before Flop
Seat 5: kano1313 folded before Flop (didn't bet)
Seat 6: wally1954 folded before Flop (didn't bet)
Seat 7: Dorex2007 folded before Flop (didn't bet)
Seat 8: RowzeePowzee folded before Flop (didn't bet)
Seat 9: COOLCATS007 folded before Flop (didn't bet)



PokerStars Hand #227201902500:  Hold'em No Limit ($0.01/$0.02 USD) - 2021/05/30 15:14:08 PT [2021/05/30 18:14:08 ET]
Table 'Sarema IV' 9-max Seat #3 is the button
Seat 1: Elrus90 ($1.03 in chips) 
Seat 2: agrielaios ($2.04 in chips) 
Seat 3: Andresinho46 ($2 in chips) 
Seat 4: Ptogreenb ($1.72 in chips) 
Seat 5: kano1313 ($2.04 in chips) 
Seat 6: wally1954 ($2.48 in chips) 
Seat 7: Dorex2007 ($5.18 in chips) 
Seat 8: RowzeePowzee ($2.20 in chips) 
Seat 9: COOLCATS007 ($1.38 in chips) 
Ptogreenb: posts small blind $0.01
kano1313: posts big blind $0.02
*** HOLE CARDS ***
Dealt to Dorex2007 [Th 3c]
wally1954: calls $0.02
Dorex2007: folds 
RowzeePowzee: folds 
COOLCATS007: calls $0.02
Elrus90: folds 
agrielaios: folds 
Andresinho46: folds 
Ptogreenb: raises $0.06 to $0.08
kano1313: folds 
wally1954: folds 
COOLCATS007: folds 
Uncalled bet ($0.06) returned to Ptogreenb
Ptogreenb collected $0.08 from pot
Ptogreenb: doesn't show hand 
*** SUMMARY ***
Total pot $0.08 | Rake $0 
Seat 1: Elrus90 folded before Flop (didn't bet)
Seat 2: agrielaios folded before Flop (didn't bet)
Seat 3: Andresinho46 (button) folded before Flop (didn't bet)
Seat 4: Ptogreenb (small blind) collected ($0.08)
Seat 5: kano1313 (big blind) folded before Flop
Seat 6: wally1954 folded before Flop
Seat 7: Dorex2007 folded before Flop (didn't bet)
Seat 8: RowzeePowzee folded before Flop (didn't bet)
Seat 9: COOLCATS007 folded before Flop



PokerStars Hand #227201925752:  Hold'em No Limit ($0.01/$0.02 USD) - 2021/05/30 15:14:47 PT [2021/05/30 18:14:47 ET]
Table 'Sarema IV' 9-max Seat #4 is the button
Seat 1: Elrus90 ($1.03 in chips) 
Seat 2: agrielaios ($2.04 in chips) 
Seat 3: Andresinho46 ($2 in chips) 
Seat 4: Ptogreenb ($1.78 in chips) 
Seat 5: kano1313 ($2.02 in chips) 
Seat 6: wally1954 ($2.46 in chips) 
Seat 7: Dorex2007 ($5.18 in chips) 
Seat 8: RowzeePowzee ($2.20 in chips) 
Seat 9: COOLCATS007 ($1.36 in chips) 
kano1313: posts small blind $0.01
wally1954: posts big blind $0.02
*** HOLE CARDS ***
Dealt to Dorex2007 [3c 2s]
Dorex2007: folds 
RowzeePowzee: folds 
COOLCATS007: calls $0.02
Elrus90: folds 
agrielaios: folds 
Andresinho46: folds 
Ptogreenb: folds 
kano1313: calls $0.01
wally1954: checks 
*** FLOP *** [5h Kd 9s]
kano1313: checks 
wally1954: checks 
COOLCATS007: bets $0.06
kano1313: calls $0.06
wally1954: folds 
*** TURN *** [5h Kd 9s] [Ac]
kano1313: checks 
COOLCATS007: checks 
*** RIVER *** [5h Kd 9s Ac] [Tc]
kano1313: checks 
COOLCATS007: checks 
*** SHOW DOWN ***
kano1313: shows [9h 8d] (a pair of Nines)
COOLCATS007: shows [2c Kc] (a pair of Kings)
COOLCATS007 collected $0.17 from pot
*** SUMMARY ***
Total pot $0.18 | Rake $0.01 
Board [5h Kd 9s Ac Tc]
Seat 1: Elrus90 folded before Flop (didn't bet)
Seat 2: agrielaios folded before Flop (didn't bet)
Seat 3: Andresinho46 folded before Flop (didn't bet)
Seat 4: Ptogreenb (button) folded before Flop (didn't bet)
Seat 5: kano1313 (small blind) showed [9h 8d] and lost with a pair of Nines
Seat 6: wally1954 (big blind) folded on the Flop
Seat 7: Dorex2007 folded before Flop (didn't bet)
Seat 8: RowzeePowzee folded before Flop (didn't bet)
Seat 9: COOLCATS007 showed [2c Kc] and won ($0.17) with a pair of Kings



PokerStars Hand #227201947608:  Hold'em No Limit ($0.01/$0.02 USD) - 2021/05/30 15:15:35 PT [2021/05/30 18:15:35 ET]
Table 'Sarema IV' 9-max Seat #5 is the button
Seat 1: Elrus90 ($1.03 in chips) 
Seat 2: agrielaios ($2.04 in chips) 
Seat 3: Andresinho46 ($2 in chips) 
Seat 4: Ptogreenb ($1.78 in chips) 
Seat 5: kano1313 ($1.94 in chips) 
Seat 6: wally1954 ($2.44 in chips) 
Seat 7: Dorex2007 ($5.18 in chips) 
Seat 8: RowzeePowzee ($2.20 in chips) 
Seat 9: COOLCATS007 ($1.45 in chips) 
wally1954: posts small blind $0.01
Dorex2007: posts big blind $0.02
*** HOLE CARDS ***
Dealt to Dorex2007 [9s Kd]
RowzeePowzee: folds 
COOLCATS007: folds 
Elrus90: folds 
agrielaios: folds 
Andresinho46: folds 
Ptogreenb: folds 
kano1313: folds 
wally1954: calls $0.01
Dorex2007: checks 
*** FLOP *** [Ah 6s Tc]
wally1954: checks 
Dorex2007: checks 
*** TURN *** [Ah 6s Tc] [3d]
wally1954: bets $0.04
Dorex2007: folds 
Uncalled bet ($0.04) returned to wally1954
wally1954 collected $0.04 from pot
wally1954: doesn't show hand 
*** SUMMARY ***
Total pot $0.04 | Rake $0 
Board [Ah 6s Tc 3d]
Seat 1: Elrus90 folded before Flop (didn't bet)
Seat 2: agrielaios folded before Flop (didn't bet)
Seat 3: Andresinho46 folded before Flop (didn't bet)
Seat 4: Ptogreenb folded before Flop (didn't bet)
Seat 5: kano1313 (button) folded before Flop (didn't bet)
Seat 6: wally1954 (small blind) collected ($0.04)
Seat 7: Dorex2007 (big blind) folded on the Turn
Seat 8: RowzeePowzee folded before Flop (didn't bet)
Seat 9: COOLCATS007 folded before Flop (didn't bet)



PokerStars Hand #227201969628:  Hold'em No Limit ($0.01/$0.02 USD) - 2021/05/30 15:16:24 PT [2021/05/30 18:16:24 ET]
Table 'Sarema IV' 9-max Seat #6 is the button
Seat 1: Elrus90 ($1.03 in chips) 
Seat 2: agrielaios ($2.04 in chips) 
Seat 3: Andresinho46 ($2 in chips) 
Seat 4: Ptogreenb ($1.78 in chips) 
Seat 5: kano1313 ($1.94 in chips) 
Seat 6: wally1954 ($2.46 in chips) 
Seat 7: Dorex2007 ($5.16 in chips) 
Seat 8: RowzeePowzee ($2.20 in chips) 
Seat 9: COOLCATS007 ($1.45 in chips) 
Dorex2007: posts small blind $0.01
RowzeePowzee: posts big blind $0.02
*** HOLE CARDS ***
Dealt to Dorex2007 [Ts Kh]
COOLCATS007: calls $0.02
Elrus90: raises $0.04 to $0.06
agrielaios: folds 
Andresinho46: folds 
Ptogreenb: folds 
kano1313: folds 
wally1954: folds 
Dorex2007: folds 
RowzeePowzee: folds 
COOLCATS007: calls $0.04
*** FLOP *** [2s 4s Kc]
COOLCATS007: checks 
Elrus90: bets $0.07
COOLCATS007: folds 
Uncalled bet ($0.07) returned to Elrus90
Elrus90 collected $0.14 from pot
Elrus90: doesn't show hand 
*** SUMMARY ***
Total pot $0.15 | Rake $0.01 
Board [2s 4s Kc]
Seat 1: Elrus90 collected ($0.14)
Seat 2: agrielaios folded before Flop (didn't bet)
Seat 3: Andresinho46 folded before Flop (didn't bet)
Seat 4: Ptogreenb folded before Flop (didn't bet)
Seat 5: kano1313 folded before Flop (didn't bet)
Seat 6: wally1954 (button) folded before Flop (didn't bet)
Seat 7: Dorex2007 (small blind) folded before Flop
Seat 8: RowzeePowzee (big blind) folded before Flop
Seat 9: COOLCATS007 folded on the Flop



PokerStars Hand #227201991059:  Hold'em No Limit ($0.01/$0.02 USD) - 2021/05/30 15:17:11 PT [2021/05/30 18:17:11 ET]
Table 'Sarema IV' 9-max Seat #7 is the button
Seat 1: Elrus90 ($1.11 in chips) 
Seat 2: agrielaios ($2.04 in chips) 
Seat 3: Andresinho46 ($2 in chips) 
Seat 4: Ptogreenb ($1.78 in chips) 
Seat 5: kano1313 ($1.94 in chips) 
Seat 6: wally1954 ($2.46 in chips) 
Seat 7: Dorex2007 ($5.15 in chips) 
Seat 8: RowzeePowzee ($2.18 in chips) 
Seat 9: COOLCATS007 ($1.39 in chips) 
RowzeePowzee: posts small blind $0.01
COOLCATS007: posts big blind $0.02
*** HOLE CARDS ***
Dealt to Dorex2007 [8c 3s]
Elrus90: folds 
agrielaios: raises $0.08 to $0.10
Andresinho46: folds 
Ptogreenb: folds 
kano1313: folds 
wally1954: folds 
Dorex2007: folds 
RowzeePowzee: folds 
COOLCATS007: calls $0.08
*** FLOP *** [As 2h 9s]
COOLCATS007: checks 
agrielaios: checks 
*** TURN *** [As 2h 9s] [Ad]
COOLCATS007: bets $0.10
agrielaios: folds 
Uncalled bet ($0.10) returned to COOLCATS007
COOLCATS007 collected $0.20 from pot
COOLCATS007: doesn't show hand 
*** SUMMARY ***
Total pot $0.21 | Rake $0.01 
Board [As 2h 9s Ad]
Seat 1: Elrus90 folded before Flop (didn't bet)
Seat 2: agrielaios folded on the Turn
Seat 3: Andresinho46 folded before Flop (didn't bet)
Seat 4: Ptogreenb folded before Flop (didn't bet)
Seat 5: kano1313 folded before Flop (didn't bet)
Seat 6: wally1954 folded before Flop (didn't bet)
Seat 7: Dorex2007 (button) folded before Flop (didn't bet)
Seat 8: RowzeePowzee (small blind) folded before Flop
Seat 9: COOLCATS007 (big blind) collected ($0.20)



PokerStars Hand #227202008149:  Hold'em No Limit ($0.01/$0.02 USD) - 2021/05/30 15:17:49 PT [2021/05/30 18:17:49 ET]
Table 'Sarema IV' 9-max Seat #8 is the button
Seat 1: Elrus90 ($1.11 in chips) 
Seat 2: agrielaios ($1.94 in chips) 
Seat 3: Andresinho46 ($2 in chips) 
Seat 4: Ptogreenb ($1.78 in chips) 
Seat 5: kano1313 ($1.94 in chips) 
Seat 6: wally1954 ($2.46 in chips) 
Seat 7: Dorex2007 ($5.15 in chips) 
Seat 8: RowzeePowzee ($2.17 in chips) 
Seat 9: COOLCATS007 ($1.49 in chips) 
COOLCATS007: posts small blind $0.01
Elrus90: posts big blind $0.02
*** HOLE CARDS ***
Dealt to Dorex2007 [8h Qc]
agrielaios: folds 
Andresinho46: raises $0.04 to $0.06
Ptogreenb: folds 
kano1313: folds 
wally1954: folds 
Dorex2007: folds 
RowzeePowzee: folds 
COOLCATS007: calls $0.05
Elrus90: folds 
*** FLOP *** [5h 3c Jd]
COOLCATS007: checks 
Andresinho46: bets $0.07
COOLCATS007: folds 
Uncalled bet ($0.07) returned to Andresinho46
Andresinho46 collected $0.14 from pot
Andresinho46: doesn't show hand 
*** SUMMARY ***
Total pot $0.14 | Rake $0 
Board [5h 3c Jd]
Seat 1: Elrus90 (big blind) folded before Flop
Seat 2: agrielaios folded before Flop (didn't bet)
Seat 3: Andresinho46 collected ($0.14)
Seat 4: Ptogreenb folded before Flop (didn't bet)
Seat 5: kano1313 folded before Flop (didn't bet)
Seat 6: wally1954 folded before Flop (didn't bet)
Seat 7: Dorex2007 folded before Flop (didn't bet)
Seat 8: RowzeePowzee (button) folded before Flop (didn't bet)
Seat 9: COOLCATS007 (small blind) folded on the Flop



PokerStars Hand #227202022331:  Hold'em No Limit ($0.01/$0.02 USD) - 2021/05/30 15:18:19 PT [2021/05/30 18:18:19 ET]
Table 'Sarema IV' 9-max Seat #9 is the button
Seat 1: Elrus90 ($1.09 in chips) 
Seat 2: agrielaios ($1.94 in chips) 
Seat 3: Andresinho46 ($2.08 in chips) 
Seat 4: Ptogreenb ($1.78 in chips) 
Seat 5: kano1313 ($1.94 in chips) 
Seat 6: wally1954 ($2.46 in chips) 
Seat 7: Dorex2007 ($5.15 in chips) 
Seat 8: RowzeePowzee ($2.17 in chips) 
Seat 9: COOLCATS007 ($1.43 in chips) 
Elrus90: posts small blind $0.01
agrielaios: posts big blind $0.02
*** HOLE CARDS ***
Dealt to Dorex2007 [7h 8c]
Andresinho46: folds 
Ptogreenb: folds 
kano1313: folds 
wally1954: folds 
Dorex2007: folds 
RowzeePowzee: folds 
COOLCATS007: folds 
Elrus90: folds 
Uncalled bet ($0.01) returned to agrielaios
agrielaios collected $0.02 from pot
agrielaios: doesn't show hand 
*** SUMMARY ***
Total pot $0.02 | Rake $0 
Seat 1: Elrus90 (small blind) folded before Flop
Seat 2: agrielaios (big blind) collected ($0.02)
Seat 3: Andresinho46 folded before Flop (didn't bet)
Seat 4: Ptogreenb folded before Flop (didn't bet)
Seat 5: kano1313 folded before Flop (didn't bet)
Seat 6: wally1954 folded before Flop (didn't bet)
Seat 7: Dorex2007 folded before Flop (didn't bet)
Seat 8: RowzeePowzee folded before Flop (didn't bet)
Seat 9: COOLCATS007 (button) folded before Flop (didn't bet)



PokerStars Hand #227202030280:  Hold'em No Limit ($0.01/$0.02 USD) - 2021/05/30 15:18:37 PT [2021/05/30 18:18:37 ET]
Table 'Sarema IV' 9-max Seat #1 is the button
Seat 1: Elrus90 ($1.08 in chips) 
Seat 2: agrielaios ($1.95 in chips) 
Seat 3: Andresinho46 ($2.08 in chips) 
Seat 4: Ptogreenb ($1.78 in chips) 
Seat 5: kano1313 ($1.94 in chips) 
Seat 6: wally1954 ($2.46 in chips) 
Seat 7: Dorex2007 ($5.15 in chips) 
Seat 8: RowzeePowzee ($2.17 in chips) 
Seat 9: COOLCATS007 ($1.43 in chips) 
agrielaios: posts small blind $0.01
Andresinho46: posts big blind $0.02
*** HOLE CARDS ***
Dealt to Dorex2007 [Jc As]
Ptogreenb: folds 
kano1313: folds 
wally1954: folds 
Dorex2007: raises $0.04 to $0.06
RowzeePowzee: folds 
COOLCATS007: folds 
Elrus90: calls $0.06
agrielaios: calls $0.05
Andresinho46: folds 
*** FLOP *** [8c 2s Ah]
agrielaios: checks 
Dorex2007: checks 
Elrus90: checks 
*** TURN *** [8c 2s Ah] [6d]
agrielaios: checks 
Dorex2007: bets $0.10
Elrus90: folds 
agrielaios: folds 
Uncalled bet ($0.10) returned to Dorex2007
Dorex2007 collected $0.19 from pot
Dorex2007: doesn't show hand 
*** SUMMARY ***
Total pot $0.20 | Rake $0.01 
Board [8c 2s Ah 6d]
Seat 1: Elrus90 (button) folded on the Turn
Seat 2: agrielaios (small blind) folded on the Turn
Seat 3: Andresinho46 (big blind) folded before Flop
Seat 4: Ptogreenb folded before Flop (didn't bet)
Seat 5: kano1313 folded before Flop (didn't bet)
Seat 6: wally1954 folded before Flop (didn't bet)
Seat 7: Dorex2007 collected ($0.19)
Seat 8: RowzeePowzee folded before Flop (didn't bet)
Seat 9: COOLCATS007 folded before Flop (didn't bet)



PokerStars Hand #227202063911:  Hold'em No Limit ($0.01/$0.02 USD) - 2021/05/30 15:19:30 PT [2021/05/30 18:19:30 ET]
Table 'Sarema IV' 9-max Seat #2 is the button
Seat 1: Elrus90 ($1.02 in chips) 
Seat 2: agrielaios ($1.89 in chips) 
Seat 3: Andresinho46 ($2.06 in chips) 
Seat 4: Ptogreenb ($1.78 in chips) 
Seat 5: kano1313 ($1.94 in chips) 
Seat 7: Dorex2007 ($5.28 in chips) 
Seat 8: RowzeePowzee ($2.17 in chips) 
Seat 9: COOLCATS007 ($1.43 in chips) 
Andresinho46: posts small blind $0.01
Ptogreenb: posts big blind $0.02
*** HOLE CARDS ***
Dealt to Dorex2007 [6d Qs]
kano1313: folds 
Dorex2007: folds 
RowzeePowzee: folds 
COOLCATS007: calls $0.02
Elrus90: folds 
agrielaios: folds 
Andresinho46: raises $0.06 to $0.08
Ptogreenb: folds 
COOLCATS007: folds 
Uncalled bet ($0.06) returned to Andresinho46
Andresinho46 collected $0.06 from pot
Andresinho46: doesn't show hand 
*** SUMMARY ***
Total pot $0.06 | Rake $0 
Seat 1: Elrus90 folded before Flop (didn't bet)
Seat 2: agrielaios (button) folded before Flop (didn't bet)
Seat 3: Andresinho46 (small blind) collected ($0.06)
Seat 4: Ptogreenb (big blind) folded before Flop
Seat 5: kano1313 folded before Flop (didn't bet)
Seat 7: Dorex2007 folded before Flop (didn't bet)
Seat 8: RowzeePowzee folded before Flop (didn't bet)
Seat 9: COOLCATS007 folded before Flop



PokerStars Hand #227202072972:  Hold'em No Limit ($0.01/$0.02 USD) - 2021/05/30 15:19:50 PT [2021/05/30 18:19:50 ET]
Table 'Sarema IV' 9-max Seat #3 is the button
Seat 1: Elrus90 ($1.02 in chips) 
Seat 2: agrielaios ($1.89 in chips) 
Seat 3: Andresinho46 ($2.10 in chips) 
Seat 4: Ptogreenb ($1.76 in chips) 
Seat 5: kano1313 ($1.94 in chips) 
Seat 7: Dorex2007 ($5.28 in chips) 
Seat 8: RowzeePowzee ($2.17 in chips) 
Seat 9: COOLCATS007 ($1.41 in chips) 
Ptogreenb: posts small blind $0.01
kano1313: posts big blind $0.02
*** HOLE CARDS ***
Dealt to Dorex2007 [Th 3d]
Dorex2007: folds 
RowzeePowzee: folds 
COOLCATS007: calls $0.02
Elrus90: raises $0.04 to $0.06
agrielaios: folds 
Andresinho46: calls $0.06
Ptogreenb: folds 
kano1313: folds 
COOLCATS007: calls $0.04
*** FLOP *** [8s 9s Kc]
COOLCATS007: checks 
Elrus90: checks 
Andresinho46: checks 
*** TURN *** [8s 9s Kc] [3s]
COOLCATS007: checks 
Elrus90: bets $0.08
Andresinho46: folds 
COOLCATS007: folds 
Uncalled bet ($0.08) returned to Elrus90
Elrus90 collected $0.20 from pot
Elrus90: doesn't show hand 
*** SUMMARY ***
Total pot $0.21 | Rake $0.01 
Board [8s 9s Kc 3s]
Seat 1: Elrus90 collected ($0.20)
Seat 2: agrielaios folded before Flop (didn't bet)
Seat 3: Andresinho46 (button) folded on the Turn
Seat 4: Ptogreenb (small blind) folded before Flop
Seat 5: kano1313 (big blind) folded before Flop
Seat 7: Dorex2007 folded before Flop (didn't bet)
Seat 8: RowzeePowzee folded before Flop (didn't bet)
Seat 9: COOLCATS007 folded on the Turn



PokerStars Hand #227202094712:  Hold'em No Limit ($0.01/$0.02 USD) - 2021/05/30 15:20:39 PT [2021/05/30 18:20:39 ET]
Table 'Sarema IV' 9-max Seat #4 is the button
Seat 1: Elrus90 ($1.16 in chips) 
Seat 2: agrielaios ($1.89 in chips) 
Seat 3: Andresinho46 ($2.04 in chips) 
Seat 4: Ptogreenb ($1.75 in chips) 
Seat 5: kano1313 ($1.92 in chips) 
Seat 7: Dorex2007 ($5.28 in chips) 
Seat 8: RowzeePowzee ($2.17 in chips) 
Seat 9: COOLCATS007 ($1.35 in chips) 
kano1313: posts small blind $0.01
Dorex2007: posts big blind $0.02
*** HOLE CARDS ***
Dealt to Dorex2007 [7h Jc]
RowzeePowzee: folds 
COOLCATS007: calls $0.02
Elrus90: folds 
agrielaios: folds 
Andresinho46: folds 
Ptogreenb: calls $0.02
kano1313: folds 
Dorex2007: checks 
*** FLOP *** [3d Kd 4h]
Dorex2007: checks 
COOLCATS007: checks 
Ptogreenb: checks 
*** TURN *** [3d Kd 4h] [6c]
Dorex2007: checks 
COOLCATS007: checks 
Ptogreenb: checks 
*** RIVER *** [3d Kd 4h 6c] [Jh]
Dorex2007: checks 
COOLCATS007: bets $0.02
Ptogreenb: folds 
Dorex2007: calls $0.02
*** SHOW DOWN ***
COOLCATS007: shows [Qd Jd] (a pair of Jacks)
Dorex2007: mucks hand 
COOLCATS007 collected $0.11 from pot
*** SUMMARY ***
Total pot $0.11 | Rake $0 
Board [3d Kd 4h 6c Jh]
Seat 1: Elrus90 folded before Flop (didn't bet)
Seat 2: agrielaios folded before Flop (didn't bet)
Seat 3: Andresinho46 folded before Flop (didn't bet)
Seat 4: Ptogreenb (button) folded on the River
Seat 5: kano1313 (small blind) folded before Flop
Seat 7: Dorex2007 (big blind) mucked [7h Jc]
Seat 8: RowzeePowzee folded before Flop (didn't bet)
Seat 9: COOLCATS007 showed [Qd Jd] and won ($0.11) with a pair of Jacks



PokerStars Hand #227206447545:  Hold'em No Limit ($0.01/$0.02 USD) - 2021/05/30 19:10:07 PT [2021/05/30 22:10:07 ET]
Table 'Sarema IV' 9-max Seat #9 is the button
Seat 1: Elrus90 ($3.95 in chips) 
Seat 2: Dorex2007 ($2 in chips) 
Seat 3: alphajuliet99 ($2.01 in chips) 
Seat 4: petronius111 ($0.63 in chips) 
Seat 5: josealfredonino ($0.44 in chips) 
Seat 6: 19Volodya90 ($1.61 in chips) 
Seat 7: zive_Belarus ($4.83 in chips) 
Seat 8: Blufferin142 ($1.93 in chips) 
Seat 9: ferni23 ($0.80 in chips) 
Elrus90: posts small blind $0.01
Dorex2007: posts big blind $0.02
*** HOLE CARDS ***
Dealt to Dorex2007 [Qc 9c]
alphajuliet99: folds 
petronius111: folds 
josealfredonino: calls $0.02
19Volodya90: folds 
zive_Belarus: folds 
Blufferin142: calls $0.02
ferni23: calls $0.02
Elrus90: calls $0.01
Dorex2007: checks 
*** FLOP *** [4s 2h Qd]
Elrus90: checks 
Dorex2007: checks 
josealfredonino: checks 
Blufferin142: checks 
ferni23: checks 
*** TURN *** [4s 2h Qd] [8h]
Elrus90: checks 
Dorex2007: bets $0.10
josealfredonino: folds 
Blufferin142: folds 
ferni23: folds 
Elrus90: folds 
Uncalled bet ($0.10) returned to Dorex2007
Dorex2007 collected $0.10 from pot
Dorex2007: doesn't show hand 
*** SUMMARY ***
Total pot $0.10 | Rake $0 
Board [4s 2h Qd 8h]
Seat 1: Elrus90 (small blind) folded on the Turn
Seat 2: Dorex2007 (big blind) collected ($0.10)
Seat 3: alphajuliet99 folded before Flop (didn't bet)
Seat 4: petronius111 folded before Flop (didn't bet)
Seat 5: josealfredonino folded on the Turn
Seat 6: 19Volodya90 folded before Flop (didn't bet)
Seat 7: zive_Belarus folded before Flop (didn't bet)
Seat 8: Blufferin142 folded on the Turn
Seat 9: ferni23 (button) folded on the Turn



PokerStars Hand #227206459050:  Hold'em No Limit ($0.01/$0.02 USD) - 2021/05/30 19:10:59 PT [2021/05/30 22:10:59 ET]
Table 'Sarema IV' 9-max Seat #1 is the button
Seat 1: Elrus90 ($3.93 in chips) 
Seat 2: Dorex2007 ($2.08 in chips) 
Seat 3: alphajuliet99 ($2.01 in chips) 
Seat 4: petronius111 ($0.63 in chips) 
Seat 5: josealfredonino ($0.42 in chips) 
Seat 6: 19Volodya90 ($1.61 in chips) 
Seat 7: zive_Belarus ($4.83 in chips) 
Seat 8: Blufferin142 ($1.91 in chips) 
Seat 9: ferni23 ($0.78 in chips) 
Dorex2007: posts small blind $0.01
alphajuliet99: posts big blind $0.02
*** HOLE CARDS ***
Dealt to Dorex2007 [Qc 3h]
petronius111: calls $0.02
josealfredonino: folds 
19Volodya90: folds 
zive_Belarus: folds 
Blufferin142: folds 
ferni23: folds 
Elrus90: folds 
Dorex2007: folds 
alphajuliet99: raises $0.02 to $0.04
petronius111: calls $0.02
*** FLOP *** [Js Qs Kc]
alphajuliet99: bets $0.09
petronius111: raises $0.20 to $0.29
alphajuliet99: calls $0.20
*** TURN *** [Js Qs Kc] [Ah]
alphajuliet99: bets $0.02
petronius111: raises $0.28 to $0.30 and is all-in
alphajuliet99: calls $0.28
*** RIVER *** [Js Qs Kc Ah] [6s]
alphajuliet99 said, "gg"
*** SHOW DOWN ***
alphajuliet99: shows [9d Jh] (a pair of Jacks)
petronius111: shows [9h Tc] (a straight, Ten to Ace)
petronius111 cashed out the hand for $1.17 | Cash Out Fee $0.01
*** SUMMARY ***
Total pot $1.27 | Rake $0.04 
Board [Js Qs Kc Ah 6s]
Seat 1: Elrus90 (button) folded before Flop (didn't bet)
Seat 2: Dorex2007 (small blind) folded before Flop
Seat 3: alphajuliet99 (big blind) showed [9d Jh] and lost with a pair of Jacks
Seat 4: petronius111 showed [9h Tc] and won ($1.23) with a straight, Ten to Ace (pot not awarded as player cashed out)
Seat 5: josealfredonino folded before Flop (didn't bet)
Seat 6: 19Volodya90 folded before Flop (didn't bet)
Seat 7: zive_Belarus folded before Flop (didn't bet)
Seat 8: Blufferin142 folded before Flop (didn't bet)
Seat 9: ferni23 folded before Flop (didn't bet)



PokerStars Hand #227206477315:  Hold'em No Limit ($0.01/$0.02 USD) - 2021/05/30 19:12:18 PT [2021/05/30 22:12:18 ET]
Table 'Sarema IV' 9-max Seat #2 is the button
Seat 1: Elrus90 ($3.93 in chips) 
Seat 2: Dorex2007 ($2.07 in chips) 
Seat 3: alphajuliet99 ($1.38 in chips) 
Seat 4: petronius111 ($1.17 in chips) 
Seat 5: josealfredonino ($0.42 in chips) 
Seat 6: 19Volodya90 ($1.61 in chips) 
Seat 7: zive_Belarus ($4.83 in chips) 
Seat 8: Blufferin142 ($1.91 in chips) 
Seat 9: ferni23 ($0.78 in chips) 
alphajuliet99: posts small blind $0.01
petronius111: posts big blind $0.02
*** HOLE CARDS ***
Dealt to Dorex2007 [8h 7h]
alphajuliet99 said, "gg"
josealfredonino: folds 
19Volodya90: calls $0.02
zive_Belarus: folds 
Blufferin142: folds 
ferni23: folds 
Elrus90: folds 
Dorex2007: calls $0.02
alphajuliet99: calls $0.01
petronius111: checks 
*** FLOP *** [As 4h Jc]
alphajuliet99: bets $0.14
petronius111: folds 
19Volodya90: folds 
Dorex2007: folds 
Uncalled bet ($0.14) returned to alphajuliet99
alphajuliet99 collected $0.08 from pot
alphajuliet99: doesn't show hand 
*** SUMMARY ***
Total pot $0.08 | Rake $0 
Board [As 4h Jc]
Seat 1: Elrus90 folded before Flop (didn't bet)
Seat 2: Dorex2007 (button) folded on the Flop
Seat 3: alphajuliet99 (small blind) collected ($0.08)
Seat 4: petronius111 (big blind) folded on the Flop
Seat 5: josealfredonino folded before Flop (didn't bet)
Seat 6: 19Volodya90 folded on the Flop
Seat 7: zive_Belarus folded before Flop (didn't bet)
Seat 8: Blufferin142 folded before Flop (didn't bet)
Seat 9: ferni23 folded before Flop (didn't bet)



PokerStars Hand #227206489881:  Hold'em No Limit ($0.01/$0.02 USD) - 2021/05/30 19:13:15 PT [2021/05/30 22:13:15 ET]
Table 'Sarema IV' 9-max Seat #3 is the button
Seat 1: Elrus90 ($3.93 in chips) 
Seat 2: Dorex2007 ($2.05 in chips) 
Seat 3: alphajuliet99 ($1.44 in chips) 
Seat 4: petronius111 ($1.15 in chips) 
Seat 5: josealfredonino ($0.42 in chips) 
Seat 6: 19Volodya90 ($1.59 in chips) 
Seat 7: zive_Belarus ($4.83 in chips) 
Seat 8: Blufferin142 ($1.91 in chips) 
Seat 9: ferni23 ($0.78 in chips) 
petronius111: posts small blind $0.01
josealfredonino: posts big blind $0.02
*** HOLE CARDS ***
Dealt to Dorex2007 [Ts 9s]
19Volodya90: folds 
zive_Belarus: folds 
Blufferin142: calls $0.02
ferni23: folds 
Elrus90: raises $0.04 to $0.06
Dorex2007: folds 
alphajuliet99: folds 
petronius111: folds 
josealfredonino: folds 
Blufferin142: calls $0.04
*** FLOP *** [8c 7s 6s]
alphajuliet99 leaves the table
Blufferin142: checks 
Elrus90: bets $0.06
Blufferin142: calls $0.06
*** TURN *** [8c 7s 6s] [5h]
Blufferin142: checks 
Elrus90: checks 
*** RIVER *** [8c 7s 6s 5h] [Jc]
Blufferin142: checks 
Elrus90: checks 
*** SHOW DOWN ***
Blufferin142: shows [8h 8s] (three of a kind, Eights)
Elrus90: mucks hand 
Blufferin142 collected $0.26 from pot
*** SUMMARY ***
Total pot $0.27 | Rake $0.01 
Board [8c 7s 6s 5h Jc]
Seat 1: Elrus90 mucked [Kh Qh]
Seat 2: Dorex2007 folded before Flop (didn't bet)
Seat 3: alphajuliet99 (button) folded before Flop (didn't bet)
Seat 4: petronius111 (small blind) folded before Flop
Seat 5: josealfredonino (big blind) folded before Flop
Seat 6: 19Volodya90 folded before Flop (didn't bet)
Seat 7: zive_Belarus folded before Flop (didn't bet)
Seat 8: Blufferin142 showed [8h 8s] and won ($0.26) with three of a kind, Eights
Seat 9: ferni23 folded before Flop (didn't bet)



PokerStars Hand #227206499979:  Hold'em No Limit ($0.01/$0.02 USD) - 2021/05/30 19:14:00 PT [2021/05/30 22:14:00 ET]
Table 'Sarema IV' 9-max Seat #4 is the button
Seat 1: Elrus90 ($3.81 in chips) 
Seat 2: Dorex2007 ($2.05 in chips) 
Seat 4: petronius111 ($1.14 in chips) 
Seat 5: josealfredonino ($0.40 in chips) 
Seat 6: 19Volodya90 ($1.59 in chips) 
Seat 7: zive_Belarus ($4.83 in chips) 
Seat 8: Blufferin142 ($2.05 in chips) 
Seat 9: ferni23 ($0.78 in chips) 
josealfredonino: posts small blind $0.01
19Volodya90: posts big blind $0.02
*** HOLE CARDS ***
Dealt to Dorex2007 [9d Kh]
zive_Belarus: folds 
Blufferin142: folds 
ferni23: folds 
Elrus90: raises $0.04 to $0.06
Dorex2007: folds 
petronius111: folds 
josealfredonino: folds 
19Volodya90: calls $0.04
*** FLOP *** [Js 2d 8d]
19Volodya90: checks 
Elrus90: checks 
*** TURN *** [Js 2d 8d] [Qh]
WilGul84 joins the table at seat #3 
19Volodya90: bets $0.02
Elrus90: calls $0.02
*** RIVER *** [Js 2d 8d Qh] [9s]
19Volodya90: bets $1.51 and is all-in
Elrus90: folds 
Uncalled bet ($1.51) returned to 19Volodya90
19Volodya90 collected $0.16 from pot
19Volodya90: doesn't show hand 
*** SUMMARY ***
Total pot $0.17 | Rake $0.01 
Board [Js 2d 8d Qh 9s]
Seat 1: Elrus90 folded on the River
Seat 2: Dorex2007 folded before Flop (didn't bet)
Seat 4: petronius111 (button) folded before Flop (didn't bet)
Seat 5: josealfredonino (small blind) folded before Flop
Seat 6: 19Volodya90 (big blind) collected ($0.16)
Seat 7: zive_Belarus folded before Flop (didn't bet)
Seat 8: Blufferin142 folded before Flop (didn't bet)
Seat 9: ferni23 folded before Flop (didn't bet)



PokerStars Hand #227206510178:  Hold'em No Limit ($0.01/$0.02 USD) - 2021/05/30 19:14:47 PT [2021/05/30 22:14:47 ET]
Table 'Sarema IV' 9-max Seat #5 is the button
Seat 1: Elrus90 ($3.73 in chips) 
Seat 2: Dorex2007 ($2.05 in chips) 
Seat 3: WilGul84 ($1.28 in chips) 
Seat 4: petronius111 ($1.14 in chips) 
Seat 5: josealfredonino ($0.39 in chips) 
Seat 6: 19Volodya90 ($1.67 in chips) 
Seat 7: zive_Belarus ($4.83 in chips) 
Seat 8: Blufferin142 ($2.05 in chips) 
Seat 9: ferni23 ($0.78 in chips) 
19Volodya90: posts small blind $0.01
zive_Belarus: posts big blind $0.02
WilGul84: posts big blind $0.02
*** HOLE CARDS ***
Dealt to Dorex2007 [2c 7s]
Blufferin142: calls $0.02
ferni23: folds 
Elrus90: folds 
Dorex2007: folds 
WilGul84: checks 
petronius111: folds 
josealfredonino: raises $0.02 to $0.04
19Volodya90: calls $0.03
zive_Belarus: folds 
Blufferin142: calls $0.02
WilGul84: calls $0.02
*** FLOP *** [6d 2d Td]
19Volodya90: checks 
Blufferin142: checks 
WilGul84: checks 
josealfredonino: bets $0.09
19Volodya90: folds 
Blufferin142: folds 
WilGul84: calls $0.09
*** TURN *** [6d 2d Td] [Qs]
WilGul84: bets $0.49
josealfredonino: folds 
Uncalled bet ($0.49) returned to WilGul84
WilGul84 collected $0.35 from pot
WilGul84: doesn't show hand 
*** SUMMARY ***
Total pot $0.36 | Rake $0.01 
Board [6d 2d Td Qs]
Seat 1: Elrus90 folded before Flop (didn't bet)
Seat 2: Dorex2007 folded before Flop (didn't bet)
Seat 3: WilGul84 collected ($0.35)
Seat 4: petronius111 folded before Flop (didn't bet)
Seat 5: josealfredonino (button) folded on the Turn
Seat 6: 19Volodya90 (small blind) folded on the Flop
Seat 7: zive_Belarus (big blind) folded before Flop
Seat 8: Blufferin142 folded on the Flop
Seat 9: ferni23 folded before Flop (didn't bet)



PokerStars Hand #227206534735:  Hold'em No Limit ($0.01/$0.02 USD) - 2021/05/30 19:16:06 PT [2021/05/30 22:16:06 ET]
Table 'Sarema IV' 9-max Seat #6 is the button
Seat 1: Elrus90 ($3.73 in chips) 
Seat 2: Dorex2007 ($2.05 in chips) 
Seat 3: WilGul84 ($1.50 in chips) 
Seat 4: petronius111 ($1.14 in chips) 
Seat 5: josealfredonino ($0.26 in chips) 
Seat 6: 19Volodya90 ($1.63 in chips) 
Seat 7: zive_Belarus ($4.81 in chips) 
Seat 8: Blufferin142 ($2.01 in chips) 
Seat 9: ferni23 ($0.78 in chips) 
zive_Belarus: posts small blind $0.01
Blufferin142: posts big blind $0.02
*** HOLE CARDS ***
Dealt to Dorex2007 [Kd 8c]
ferni23: folds 
Elrus90: folds 
Dorex2007: folds 
WilGul84: calls $0.02
petronius111: raises $0.02 to $0.04
josealfredonino: folds 
19Volodya90: folds 
zive_Belarus: folds 
Blufferin142: calls $0.02
WilGul84: calls $0.02
*** FLOP *** [Th Ah 4d]
Blufferin142: checks 
WilGul84: checks 
petronius111: bets $0.05
Blufferin142: folds 
WilGul84: calls $0.05
*** TURN *** [Th Ah 4d] [Qs]
WilGul84: bets $0.02
petronius111: calls $0.02
*** RIVER *** [Th Ah 4d Qs] [Jd]
WilGul84: bets $0.42
petronius111: folds 
Uncalled bet ($0.42) returned to WilGul84
WilGul84 collected $0.26 from pot
WilGul84: doesn't show hand 
*** SUMMARY ***
Total pot $0.27 | Rake $0.01 
Board [Th Ah 4d Qs Jd]
Seat 1: Elrus90 folded before Flop (didn't bet)
Seat 2: Dorex2007 folded before Flop (didn't bet)
Seat 3: WilGul84 collected ($0.26)
Seat 4: petronius111 folded on the River
Seat 5: josealfredonino folded before Flop (didn't bet)
Seat 6: 19Volodya90 (button) folded before Flop (didn't bet)
Seat 7: zive_Belarus (small blind) folded before Flop
Seat 8: Blufferin142 (big blind) folded on the Flop
Seat 9: ferni23 folded before Flop (didn't bet)



PokerStars Hand #227206549267:  Hold'em No Limit ($0.01/$0.02 USD) - 2021/05/30 19:17:12 PT [2021/05/30 22:17:12 ET]
Table 'Sarema IV' 9-max Seat #7 is the button
Seat 1: Elrus90 ($3.73 in chips) 
Seat 2: Dorex2007 ($2.05 in chips) 
Seat 3: WilGul84 ($1.65 in chips) 
Seat 4: petronius111 ($1.03 in chips) 
Seat 5: josealfredonino ($0.26 in chips) 
Seat 6: 19Volodya90 ($1.63 in chips) 
Seat 7: zive_Belarus ($4.80 in chips) 
Seat 8: Blufferin142 ($1.97 in chips) 
Seat 9: ferni23 ($0.78 in chips) 
Blufferin142: posts small blind $0.01
ferni23: posts big blind $0.02
*** HOLE CARDS ***
Dealt to Dorex2007 [Kh 6h]
Elrus90: folds 
Dorex2007: folds 
WilGul84: folds 
WilGul84 leaves the table
petronius111: calls $0.02
josealfredonino: folds 
19Volodya90: folds 
19Volodya90 leaves the table
zive_Belarus: raises $0.07 to $0.09
Blufferin142: folds 
ferni23: calls $0.07
petronius111: folds 
*** FLOP *** [8h Th As]
petronius111 leaves the table
ferni23: checks 
zive_Belarus: bets $0.13
ferni23: folds 
Uncalled bet ($0.13) returned to zive_Belarus
zive_Belarus collected $0.20 from pot
zive_Belarus: doesn't show hand 
*** SUMMARY ***
Total pot $0.21 | Rake $0.01 
Board [8h Th As]
Seat 1: Elrus90 folded before Flop (didn't bet)
Seat 2: Dorex2007 folded before Flop (didn't bet)
Seat 3: WilGul84 folded before Flop (didn't bet)
Seat 4: petronius111 folded before Flop
Seat 5: josealfredonino folded before Flop (didn't bet)
Seat 6: 19Volodya90 folded before Flop (didn't bet)
Seat 7: zive_Belarus (button) collected ($0.20)
Seat 8: Blufferin142 (small blind) folded before Flop
Seat 9: ferni23 (big blind) folded on the Flop



PokerStars Hand #227206558174:  Hold'em No Limit ($0.01/$0.02 USD) - 2021/05/30 19:17:54 PT [2021/05/30 22:17:54 ET]
Table 'Sarema IV' 9-max Seat #8 is the button
Seat 1: Elrus90 ($3.73 in chips) 
Seat 2: Dorex2007 ($2.05 in chips) 
Seat 5: josealfredonino ($0.26 in chips) 
Seat 7: zive_Belarus ($4.91 in chips) 
Seat 8: Blufferin142 ($1.96 in chips) 
Seat 9: ferni23 ($0.69 in chips) 
ferni23: posts small blind $0.01
Elrus90: posts big blind $0.02
*** HOLE CARDS ***
Dealt to Dorex2007 [2d 8h]
Dorex2007: folds 
josealfredonino: folds 
zive_Belarus: folds 
Blufferin142: folds 
ferni23: raises $0.02 to $0.04
Elrus90: folds 
Uncalled bet ($0.02) returned to ferni23
ferni23 collected $0.04 from pot
ferni23: doesn't show hand 
*** SUMMARY ***
Total pot $0.04 | Rake $0 
Seat 1: Elrus90 (big blind) folded before Flop
Seat 2: Dorex2007 folded before Flop (didn't bet)
Seat 5: josealfredonino folded before Flop (didn't bet)
Seat 7: zive_Belarus folded before Flop (didn't bet)
Seat 8: Blufferin142 (button) folded before Flop (didn't bet)
Seat 9: ferni23 (small blind) collected ($0.04)



PokerStars Hand #227206561605:  Hold'em No Limit ($0.01/$0.02 USD) - 2021/05/30 19:18:09 PT [2021/05/30 22:18:09 ET]
Table 'Sarema IV' 9-max Seat #9 is the button
Seat 1: Elrus90 ($3.71 in chips) 
Seat 2: Dorex2007 ($2.05 in chips) 
Seat 5: josealfredonino ($0.26 in chips) 
Seat 7: zive_Belarus ($4.91 in chips) 
Seat 8: Blufferin142 ($1.96 in chips) 
Seat 9: ferni23 ($0.71 in chips) 
Elrus90: posts small blind $0.01
Dorex2007: posts big blind $0.02
*** HOLE CARDS ***
Dealt to Dorex2007 [5h Jc]
josealfredonino: raises $0.04 to $0.06
zive_Belarus: folds 
Blufferin142: folds 
ferni23: folds 
Elrus90: folds 
Dorex2007: folds 
Uncalled bet ($0.04) returned to josealfredonino
josealfredonino collected $0.05 from pot
josealfredonino: doesn't show hand 
*** SUMMARY ***
Total pot $0.05 | Rake $0 
Seat 1: Elrus90 (small blind) folded before Flop
Seat 2: Dorex2007 (big blind) folded before Flop
Seat 5: josealfredonino collected ($0.05)
Seat 7: zive_Belarus folded before Flop (didn't bet)
Seat 8: Blufferin142 folded before Flop (didn't bet)
Seat 9: ferni23 (button) folded before Flop (didn't bet)



PokerStars Hand #227206566893:  Hold'em No Limit ($0.01/$0.02 USD) - 2021/05/30 19:18:34 PT [2021/05/30 22:18:34 ET]
Table 'Sarema IV' 9-max Seat #1 is the button
Seat 1: Elrus90 ($3.70 in chips) 
Seat 2: Dorex2007 ($2.03 in chips) 
Seat 5: josealfredonino ($0.29 in chips) 
Seat 7: zive_Belarus ($4.91 in chips) 
Seat 8: Blufferin142 ($1.96 in chips) 
Seat 9: ferni23 ($0.71 in chips) 
Dorex2007: posts small blind $0.01
josealfredonino: posts big blind $0.02
*** HOLE CARDS ***
Dealt to Dorex2007 [2h Th]
zive_Belarus: folds 
Blufferin142: calls $0.02
ferni23: raises $0.02 to $0.04
Elrus90: folds 
Dorex2007: folds 
josealfredonino: folds 
Blufferin142: calls $0.02
*** FLOP *** [Td 2d Ac]
Blufferin142: checks 
ferni23: bets $0.06
Blufferin142: folds 
Uncalled bet ($0.06) returned to ferni23
ferni23 collected $0.11 from pot
ferni23: doesn't show hand 
*** SUMMARY ***
Total pot $0.11 | Rake $0 
Board [Td 2d Ac]
Seat 1: Elrus90 (button) folded before Flop (didn't bet)
Seat 2: Dorex2007 (small blind) folded before Flop
Seat 5: josealfredonino (big blind) folded before Flop
Seat 7: zive_Belarus folded before Flop (didn't bet)
Seat 8: Blufferin142 folded on the Flop
Seat 9: ferni23 collected ($0.11)



PokerStars Hand #227206571412:  Hold'em No Limit ($0.01/$0.02 USD) - 2021/05/30 19:18:55 PT [2021/05/30 22:18:55 ET]
Table 'Sarema IV' 9-max Seat #2 is the button
Seat 1: Elrus90 ($3.70 in chips) 
Seat 2: Dorex2007 ($2.02 in chips) 
Seat 5: josealfredonino ($0.27 in chips) 
Seat 7: zive_Belarus ($4.91 in chips) 
Seat 8: Blufferin142 ($1.92 in chips) 
Seat 9: ferni23 ($0.78 in chips) 
josealfredonino: posts small blind $0.01
zive_Belarus: posts big blind $0.02
*** HOLE CARDS ***
Dealt to Dorex2007 [8h 6c]
Blufferin142: folds 
ferni23: folds 
Elrus90: folds 
Dorex2007: folds 
josealfredonino: calls $0.01
zive_Belarus: checks 
*** FLOP *** [7h 6s 8d]
josealfredonino: checks 
zive_Belarus: bets $0.04
josealfredonino: calls $0.04
*** TURN *** [7h 6s 8d] [4c]
josealfredonino: checks 
zive_Belarus: checks 
*** RIVER *** [7h 6s 8d 4c] [Ac]
josealfredonino: checks 
zive_Belarus: checks 
*** SHOW DOWN ***
josealfredonino: shows [Tc Jh] (high card Ace)
zive_Belarus: mucks hand 
josealfredonino collected $0.12 from pot
*** SUMMARY ***
Total pot $0.12 | Rake $0 
Board [7h 6s 8d 4c Ac]
Seat 1: Elrus90 folded before Flop (didn't bet)
Seat 2: Dorex2007 (button) folded before Flop (didn't bet)
Seat 5: josealfredonino (small blind) showed [Tc Jh] and won ($0.12) with high card Ace
Seat 7: zive_Belarus (big blind) mucked [9c Jc]
Seat 8: Blufferin142 folded before Flop (didn't bet)
Seat 9: ferni23 folded before Flop (didn't bet)



PokerStars Hand #227206578545:  Hold'em No Limit ($0.01/$0.02 USD) - 2021/05/30 19:19:29 PT [2021/05/30 22:19:29 ET]
Table 'Sarema IV' 9-max Seat #5 is the button
Seat 1: Elrus90 ($3.70 in chips) 
Seat 2: Dorex2007 ($2.02 in chips) 
Seat 5: josealfredonino ($0.33 in chips) 
Seat 7: zive_Belarus ($4.85 in chips) 
Seat 8: Blufferin142 ($1.92 in chips) 
Seat 9: ferni23 ($0.78 in chips) 
zive_Belarus: posts small blind $0.01
Blufferin142: posts big blind $0.02
*** HOLE CARDS ***
Dealt to Dorex2007 [4h Kh]
ferni23: folds 
Elrus90: folds 
Dorex2007: folds 
josealfredonino: folds 
zive_Belarus: raises $0.02 to $0.04
Blufferin142: folds 
Uncalled bet ($0.02) returned to zive_Belarus
zive_Belarus collected $0.04 from pot
zive_Belarus: doesn't show hand 
*** SUMMARY ***
Total pot $0.04 | Rake $0 
Seat 1: Elrus90 folded before Flop (didn't bet)
Seat 2: Dorex2007 folded before Flop (didn't bet)
Seat 5: josealfredonino (button) folded before Flop (didn't bet)
Seat 7: zive_Belarus (small blind) collected ($0.04)
Seat 8: Blufferin142 (big blind) folded before Flop
Seat 9: ferni23 folded before Flop (didn't bet)



PokerStars Hand #227206581379:  Hold'em No Limit ($0.01/$0.02 USD) - 2021/05/30 19:19:42 PT [2021/05/30 22:19:42 ET]
Table 'Sarema IV' 9-max Seat #7 is the button
Seat 1: Elrus90 ($3.70 in chips) 
Seat 2: Dorex2007 ($2.02 in chips) 
Seat 5: josealfredonino ($0.33 in chips) 
Seat 7: zive_Belarus ($4.87 in chips) 
Seat 8: Blufferin142 ($1.90 in chips) 
Seat 9: ferni23 ($0.78 in chips) 
Blufferin142: posts small blind $0.01
ferni23: posts big blind $0.02
*** HOLE CARDS ***
Dealt to Dorex2007 [2c 8c]
Elrus90: folds 
Dorex2007: folds 
josealfredonino: folds 
zive_Belarus: raises $0.03 to $0.05
Blufferin142: folds 
ferni23: folds 
Uncalled bet ($0.03) returned to zive_Belarus
zive_Belarus collected $0.05 from pot
zive_Belarus: doesn't show hand 
*** SUMMARY ***
Total pot $0.05 | Rake $0 
Seat 1: Elrus90 folded before Flop (didn't bet)
Seat 2: Dorex2007 folded before Flop (didn't bet)
Seat 5: josealfredonino folded before Flop (didn't bet)
Seat 7: zive_Belarus (button) collected ($0.05)
Seat 8: Blufferin142 (small blind) folded before Flop
Seat 9: ferni23 (big blind) folded before Flop



PokerStars Hand #227206586758:  Hold'em No Limit ($0.01/$0.02 USD) - 2021/05/30 19:20:08 PT [2021/05/30 22:20:08 ET]
Table 'Sarema IV' 9-max Seat #8 is the button
Seat 1: Elrus90 ($3.70 in chips) 
Seat 2: Dorex2007 ($2.02 in chips) 
Seat 5: josealfredonino ($0.33 in chips) 
Seat 7: zive_Belarus ($4.90 in chips) 
Seat 8: Blufferin142 ($1.89 in chips) 
Seat 9: ferni23 ($0.76 in chips) 
ferni23: posts small blind $0.01
Elrus90: posts big blind $0.02
*** HOLE CARDS ***
Dealt to Dorex2007 [6s 3s]
Dorex2007: folds 
josealfredonino: raises $0.04 to $0.06
zive_Belarus: raises $0.12 to $0.18
Blufferin142: folds 
ferni23: folds 
Elrus90: folds 
josealfredonino: raises $0.15 to $0.33 and is all-in
zive_Belarus: calls $0.15
*** FLOP *** [7d 4c 7c]
*** TURN *** [7d 4c 7c] [2h]
*** RIVER *** [7d 4c 7c 2h] [9h]
*** SHOW DOWN ***
josealfredonino: shows [Kd Kc] (two pair, Kings and Sevens)
zive_Belarus: shows [Qd Qh] (two pair, Queens and Sevens)
josealfredonino cashed out the hand for $0.54 | Cash Out Fee $0.01
*** SUMMARY ***
Total pot $0.69 | Rake $0.02 
Board [7d 4c 7c 2h 9h]
Seat 1: Elrus90 (big blind) folded before Flop
Seat 2: Dorex2007 folded before Flop (didn't bet)
Seat 5: josealfredonino showed [Kd Kc] and won ($0.67) with two pair, Kings and Sevens (pot not awarded as player cashed out)
Seat 7: zive_Belarus showed [Qd Qh] and lost with two pair, Queens and Sevens
Seat 8: Blufferin142 (button) folded before Flop (didn't bet)
Seat 9: ferni23 (small blind) folded before Flop



PokerStars Hand #227206596517:  Hold'em No Limit ($0.01/$0.02 USD) - 2021/05/30 19:20:54 PT [2021/05/30 22:20:54 ET]
Table 'Sarema IV' 9-max Seat #9 is the button
Seat 1: Elrus90 ($3.68 in chips) 
Seat 2: Dorex2007 ($2.02 in chips) 
Seat 5: josealfredonino ($0.54 in chips) 
Seat 7: zive_Belarus ($4.57 in chips) 
Seat 8: Blufferin142 ($1.89 in chips) 
Seat 9: ferni23 ($0.75 in chips) 
Elrus90: posts small blind $0.01
Dorex2007: posts big blind $0.02
*** HOLE CARDS ***
Dealt to Dorex2007 [3c 8c]
josealfredonino: calls $0.02
zive_Belarus: folds 
Blufferin142: folds 
ferni23: raises $0.04 to $0.06
Elrus90: folds 
Dorex2007: folds 
josealfredonino: calls $0.04
*** FLOP *** [Kd Jh Td]
josealfredonino: checks 
ferni23: bets $0.14
josealfredonino: folds 
Uncalled bet ($0.14) returned to ferni23
ferni23 collected $0.14 from pot
ferni23: doesn't show hand 
*** SUMMARY ***
Total pot $0.15 | Rake $0.01 
Board [Kd Jh Td]
Seat 1: Elrus90 (small blind) folded before Flop
Seat 2: Dorex2007 (big blind) folded before Flop
Seat 5: josealfredonino folded on the Flop
Seat 7: zive_Belarus folded before Flop (didn't bet)
Seat 8: Blufferin142 folded before Flop (didn't bet)
Seat 9: ferni23 (button) collected ($0.14)



PokerStars Hand #227206603825:  Hold'em No Limit ($0.01/$0.02 USD) - 2021/05/30 19:21:28 PT [2021/05/30 22:21:28 ET]
Table 'Sarema IV' 9-max Seat #1 is the button
Seat 1: Elrus90 ($3.67 in chips) 
Seat 2: Dorex2007 ($2 in chips) 
Seat 5: josealfredonino ($0.48 in chips) 
Seat 7: zive_Belarus ($4.57 in chips) 
Seat 8: Blufferin142 ($1.89 in chips) 
Seat 9: ferni23 ($0.83 in chips) 
Dorex2007: posts small blind $0.01
josealfredonino: posts big blind $0.02
*** HOLE CARDS ***
Dealt to Dorex2007 [5h 8s]
zive_Belarus: folds 
Blufferin142: calls $0.02
ferni23: folds 
Elrus90: folds 
Dorex2007: folds 
josealfredonino: checks 
*** FLOP *** [3d 4s Ks]
josealfredonino: checks 
Blufferin142: checks 
*** TURN *** [3d 4s Ks] [9h]
josealfredonino: checks 
Blufferin142: checks 
*** RIVER *** [3d 4s Ks 9h] [8c]
josealfredonino: checks 
Blufferin142: checks 
*** SHOW DOWN ***
josealfredonino: shows [2h 3c] (a pair of Threes)
Blufferin142: mucks hand 
josealfredonino collected $0.05 from pot
*** SUMMARY ***
Total pot $0.05 | Rake $0 
Board [3d 4s Ks 9h 8c]
Seat 1: Elrus90 (button) folded before Flop (didn't bet)
Seat 2: Dorex2007 (small blind) folded before Flop
Seat 5: josealfredonino (big blind) showed [2h 3c] and won ($0.05) with a pair of Threes
Seat 7: zive_Belarus folded before Flop (didn't bet)
Seat 8: Blufferin142 mucked [Qd 5d]
Seat 9: ferni23 folded before Flop (didn't bet)



PokerStars Hand #227206618150:  Hold'em No Limit ($0.01/$0.02 USD) - 2021/05/30 19:22:10 PT [2021/05/30 22:22:10 ET]
Table 'Sarema IV' 9-max Seat #2 is the button
Seat 1: Elrus90 ($3.67 in chips) 
Seat 2: Dorex2007 ($1.99 in chips) 
Seat 5: josealfredonino ($0.51 in chips) 
Seat 7: zive_Belarus ($4.57 in chips) 
Seat 8: Blufferin142 ($1.87 in chips) 
Seat 9: ferni23 ($0.83 in chips) 
josealfredonino: posts small blind $0.01
zive_Belarus: posts big blind $0.02
*** HOLE CARDS ***
Dealt to Dorex2007 [3c Ad]
Blufferin142: folds 
ferni23: calls $0.02
Elrus90: folds 
Dorex2007: folds 
josealfredonino: folds 
zive_Belarus: checks 
*** FLOP *** [Js Kc 4c]
zive_Belarus: checks 
ferni23: bets $0.04
zive_Belarus: folds 
Uncalled bet ($0.04) returned to ferni23
ferni23 collected $0.05 from pot
ferni23: doesn't show hand 
*** SUMMARY ***
Total pot $0.05 | Rake $0 
Board [Js Kc 4c]
Seat 1: Elrus90 folded before Flop (didn't bet)
Seat 2: Dorex2007 (button) folded before Flop (didn't bet)
Seat 5: josealfredonino (small blind) folded before Flop
Seat 7: zive_Belarus (big blind) folded on the Flop
Seat 8: Blufferin142 folded before Flop (didn't bet)
Seat 9: ferni23 collected ($0.05)



