PokerStars Hand #227415189749:  Hold'em No Limit ($0.01/$0.02 USD) - 2021/06/07 18:21:48 PT [2021/06/07 21:21:48 ET]
Table 'Zachia' 9-max Seat #3 is the button
Seat 1: RazvanBabanu ($2.05 in chips) 
Seat 2: RMullerR ($0.99 in chips) 
Seat 3: MrMoocat ($0.77 in chips) 
Seat 4: exostenz ($0.83 in chips) 
Seat 5: Dorex2007 ($2 in chips) 
Seat 6: ilianaki785 ($1.08 in chips) 
Seat 7: maestro398 ($1.14 in chips) 
exostenz: posts small blind $0.01
Dorex2007: posts big blind $0.02
maestro398: posts big blind $0.02
*** HOLE CARDS ***
Dealt to Dorex2007 [Ts 7c]
AlfonsoH18 joins the table at seat #8 
ilianaki785: folds 
maestro398: checks 
RazvanBabanu: folds 
RMullerR: folds 
MrMoocat: calls $0.02
exostenz: calls $0.01
Dorex2007: checks 
*** FLOP *** [Jc Kd 5c]
exostenz: checks 
Dorex2007: checks 
maestro398: bets $0.26
MrMoocat: folds 
exostenz: folds 
exostenz said, "Weird over eat"
Dorex2007: folds 
Uncalled bet ($0.26) returned to maestro398
maestro398 collected $0.08 from pot
maestro398: doesn't show hand 
*** SUMMARY ***
Total pot $0.08 | Rake $0 
Board [Jc Kd 5c]
Seat 1: RazvanBabanu folded before Flop (didn't bet)
Seat 2: RMullerR folded before Flop (didn't bet)
Seat 3: MrMoocat (button) folded on the Flop
Seat 4: exostenz (small blind) folded on the Flop
Seat 5: Dorex2007 (big blind) folded on the Flop
Seat 6: ilianaki785 folded before Flop (didn't bet)
Seat 7: maestro398 collected ($0.08)



PokerStars Hand #227415208874:  Hold'em No Limit ($0.01/$0.02 USD) - 2021/06/07 18:23:06 PT [2021/06/07 21:23:06 ET]
Table 'Zachia' 9-max Seat #4 is the button
Seat 1: RazvanBabanu ($2.05 in chips) 
Seat 2: RMullerR ($0.99 in chips) 
Seat 3: MrMoocat ($0.75 in chips) 
Seat 4: exostenz ($0.81 in chips) 
Seat 5: Dorex2007 ($1.98 in chips) 
Seat 6: ilianaki785 ($1.08 in chips) 
Seat 7: maestro398 ($1.20 in chips) 
Dorex2007: posts small blind $0.01
ilianaki785: posts big blind $0.02
AlfonsoH18: sits out 
*** HOLE CARDS ***
Dealt to Dorex2007 [Js 6d]
maestro398: folds 
RazvanBabanu: folds 
RMullerR: folds 
MrMoocat: folds 
exostenz: calls $0.02
Dorex2007: folds 
ilianaki785: checks 
*** FLOP *** [5c 6c 2s]
ilianaki785: checks 
exostenz: checks 
*** TURN *** [5c 6c 2s] [5h]
ilianaki785: checks 
exostenz: checks 
*** RIVER *** [5c 6c 2s 5h] [Ad]
ilianaki785: checks 
exostenz: checks 
*** SHOW DOWN ***
ilianaki785: shows [4d 9h] (a pair of Fives)
exostenz: shows [Qs Td] (a pair of Fives - Ace+Queen kicker)
exostenz collected $0.05 from pot
*** SUMMARY ***
Total pot $0.05 | Rake $0 
Board [5c 6c 2s 5h Ad]
Seat 1: RazvanBabanu folded before Flop (didn't bet)
Seat 2: RMullerR folded before Flop (didn't bet)
Seat 3: MrMoocat folded before Flop (didn't bet)
Seat 4: exostenz (button) showed [Qs Td] and won ($0.05) with a pair of Fives
Seat 5: Dorex2007 (small blind) folded before Flop
Seat 6: ilianaki785 (big blind) showed [4d 9h] and lost with a pair of Fives
Seat 7: maestro398 folded before Flop (didn't bet)



PokerStars Hand #227415220214:  Hold'em No Limit ($0.01/$0.02 USD) - 2021/06/07 18:23:53 PT [2021/06/07 21:23:53 ET]
Table 'Zachia' 9-max Seat #5 is the button
Seat 1: RazvanBabanu ($2.05 in chips) 
Seat 2: RMullerR ($0.99 in chips) 
Seat 3: MrMoocat ($0.75 in chips) 
Seat 4: exostenz ($0.84 in chips) 
Seat 5: Dorex2007 ($1.97 in chips) 
Seat 6: ilianaki785 ($1.06 in chips) 
Seat 7: maestro398 ($1.20 in chips) 
ilianaki785: posts small blind $0.01
maestro398: posts big blind $0.02
AlfonsoH18: sits out 
*** HOLE CARDS ***
Dealt to Dorex2007 [8d 2h]
RazvanBabanu: folds 
RMullerR: folds 
MrMoocat: folds 
exostenz: folds 
Dorex2007: folds 
ilianaki785: calls $0.01
maestro398: raises $0.04 to $0.06
ilianaki785: calls $0.04
*** FLOP *** [9c 8h 3s]
ilianaki785: checks 
maestro398: bets $0.13
ilianaki785: folds 
Uncalled bet ($0.13) returned to maestro398
maestro398 collected $0.12 from pot
maestro398: doesn't show hand 
*** SUMMARY ***
Total pot $0.12 | Rake $0 
Board [9c 8h 3s]
Seat 1: RazvanBabanu folded before Flop (didn't bet)
Seat 2: RMullerR folded before Flop (didn't bet)
Seat 3: MrMoocat folded before Flop (didn't bet)
Seat 4: exostenz folded before Flop (didn't bet)
Seat 5: Dorex2007 (button) folded before Flop (didn't bet)
Seat 6: ilianaki785 (small blind) folded on the Flop
Seat 7: maestro398 (big blind) collected ($0.12)



PokerStars Hand #227415227826:  Hold'em No Limit ($0.01/$0.02 USD) - 2021/06/07 18:24:24 PT [2021/06/07 21:24:24 ET]
Table 'Zachia' 9-max Seat #6 is the button
Seat 1: RazvanBabanu ($2.05 in chips) 
Seat 2: RMullerR ($0.99 in chips) 
Seat 3: MrMoocat ($0.75 in chips) 
Seat 4: exostenz ($0.84 in chips) 
Seat 5: Dorex2007 ($1.97 in chips) 
Seat 6: ilianaki785 ($1 in chips) 
Seat 7: maestro398 ($1.26 in chips) 
Seat 8: AlfonsoH18 ($1.60 in chips) 
maestro398: posts small blind $0.01
AlfonsoH18: posts big blind $0.02
*** HOLE CARDS ***
Dealt to Dorex2007 [Td 3h]
RazvanBabanu: folds 
RMullerR: folds 
MrMoocat: calls $0.02
exostenz: folds 
Dorex2007: folds 
ilianaki785: folds 
maestro398: calls $0.01
AlfonsoH18: checks 
*** FLOP *** [Ah 3d 4c]
maestro398: checks 
AlfonsoH18: checks 
MrMoocat: checks 
*** TURN *** [Ah 3d 4c] [Tc]
maestro398: checks 
AlfonsoH18: bets $0.02
MrMoocat: folds 
maestro398: calls $0.02
*** RIVER *** [Ah 3d 4c Tc] [6d]
maestro398: checks 
AlfonsoH18: bets $0.06
maestro398: calls $0.06
*** SHOW DOWN ***
AlfonsoH18: shows [6c Qd] (a pair of Sixes)
maestro398: mucks hand 
AlfonsoH18 collected $0.21 from pot
*** SUMMARY ***
Total pot $0.22 | Rake $0.01 
Board [Ah 3d 4c Tc 6d]
Seat 1: RazvanBabanu folded before Flop (didn't bet)
Seat 2: RMullerR folded before Flop (didn't bet)
Seat 3: MrMoocat folded on the Turn
Seat 4: exostenz folded before Flop (didn't bet)
Seat 5: Dorex2007 folded before Flop (didn't bet)
Seat 6: ilianaki785 (button) folded before Flop (didn't bet)
Seat 7: maestro398 (small blind) mucked [2s 7d]
Seat 8: AlfonsoH18 (big blind) showed [6c Qd] and won ($0.21) with a pair of Sixes



PokerStars Hand #227415247610:  Hold'em No Limit ($0.01/$0.02 USD) - 2021/06/07 18:25:31 PT [2021/06/07 21:25:31 ET]
Table 'Zachia' 9-max Seat #7 is the button
Seat 1: RazvanBabanu ($2.05 in chips) 
Seat 2: RMullerR ($0.99 in chips) 
Seat 3: MrMoocat ($0.73 in chips) 
Seat 4: exostenz ($0.84 in chips) 
Seat 5: Dorex2007 ($1.97 in chips) 
Seat 6: ilianaki785 ($1 in chips) 
Seat 7: maestro398 ($1.16 in chips) 
Seat 8: AlfonsoH18 ($1.71 in chips) 
AlfonsoH18: posts small blind $0.01
RazvanBabanu: posts big blind $0.02
*** HOLE CARDS ***
Dealt to Dorex2007 [2s Qs]
RMullerR: folds 
MrMoocat: calls $0.02
exostenz: folds 
Dorex2007: folds 
ilianaki785: calls $0.02
maestro398: calls $0.02
AlfonsoH18: calls $0.01
RazvanBabanu: checks 
*** FLOP *** [Kh Ts 6h]
exostenz is disconnected 
AlfonsoH18: checks 
RazvanBabanu: checks 
MrMoocat: checks 
ilianaki785: bets $0.05
maestro398: folds 
AlfonsoH18: calls $0.05
RazvanBabanu: folds 
MrMoocat: calls $0.05
*** TURN *** [Kh Ts 6h] [4d]
AlfonsoH18: checks 
MrMoocat: bets $0.12
ilianaki785: calls $0.12
AlfonsoH18: folds 
*** RIVER *** [Kh Ts 6h 4d] [Ah]
MrMoocat: checks 
ilianaki785: checks 
*** SHOW DOWN ***
MrMoocat: shows [Kd Jh] (a pair of Kings)
ilianaki785: mucks hand 
MrMoocat collected $0.47 from pot
*** SUMMARY ***
Total pot $0.49 | Rake $0.02 
Board [Kh Ts 6h 4d Ah]
Seat 1: RazvanBabanu (big blind) folded on the Flop
Seat 2: RMullerR folded before Flop (didn't bet)
Seat 3: MrMoocat showed [Kd Jh] and won ($0.47) with a pair of Kings
Seat 4: exostenz folded before Flop (didn't bet)
Seat 5: Dorex2007 folded before Flop (didn't bet)
Seat 6: ilianaki785 mucked [8h Ks]
Seat 7: maestro398 (button) folded on the Flop
Seat 8: AlfonsoH18 (small blind) folded on the Turn



PokerStars Hand #227415268238:  Hold'em No Limit ($0.01/$0.02 USD) - 2021/06/07 18:26:56 PT [2021/06/07 21:26:56 ET]
Table 'Zachia' 9-max Seat #8 is the button
Seat 1: RazvanBabanu ($2.03 in chips) 
Seat 2: RMullerR ($0.99 in chips) 
Seat 3: MrMoocat ($1.01 in chips) 
Seat 4: exostenz ($0.84 in chips) 
Seat 5: Dorex2007 ($1.97 in chips) 
Seat 6: ilianaki785 ($0.81 in chips) 
Seat 7: maestro398 ($1.14 in chips) 
Seat 8: AlfonsoH18 ($1.64 in chips) 
RazvanBabanu: posts small blind $0.01
RMullerR: posts big blind $0.02
*** HOLE CARDS ***
Dealt to Dorex2007 [7h Kh]
MrMoocat: folds 
exostenz has timed out while disconnected
exostenz: folds 
Dorex2007: folds 
ilianaki785: calls $0.02
maestro398: raises $0.09 to $0.11
AlfonsoH18: calls $0.11
RazvanBabanu: folds 
RMullerR: calls $0.09
ilianaki785: folds 
*** FLOP *** [8h 7s Jd]
RMullerR: checks 
maestro398: bets $0.21
AlfonsoH18: calls $0.21
RMullerR: folds 
*** TURN *** [8h 7s Jd] [Tc]
maestro398: bets $0.02
AlfonsoH18: raises $0.18 to $0.20
maestro398: calls $0.18
*** RIVER *** [8h 7s Jd Tc] [4c]
maestro398: bets $0.62 and is all-in
AlfonsoH18: folds 
Uncalled bet ($0.62) returned to maestro398
maestro398 collected $1.14 from pot
maestro398: doesn't show hand 
*** SUMMARY ***
Total pot $1.18 | Rake $0.04 
Board [8h 7s Jd Tc 4c]
Seat 1: RazvanBabanu (small blind) folded before Flop
Seat 2: RMullerR (big blind) folded on the Flop
Seat 3: MrMoocat folded before Flop (didn't bet)
Seat 4: exostenz folded before Flop (didn't bet)
Seat 5: Dorex2007 folded before Flop (didn't bet)
Seat 6: ilianaki785 folded before Flop
Seat 7: maestro398 collected ($1.14)
Seat 8: AlfonsoH18 (button) folded on the River



PokerStars Hand #227415290820:  Hold'em No Limit ($0.01/$0.02 USD) - 2021/06/07 18:28:05 PT [2021/06/07 21:28:05 ET]
Table 'Zachia' 9-max Seat #1 is the button
Seat 1: RazvanBabanu ($2.02 in chips) 
Seat 2: RMullerR ($0.88 in chips) 
Seat 3: MrMoocat ($1.01 in chips) 
Seat 5: Dorex2007 ($1.97 in chips) 
Seat 6: ilianaki785 ($0.79 in chips) 
Seat 7: maestro398 ($1.76 in chips) 
Seat 8: AlfonsoH18 ($1.12 in chips) 
RMullerR: posts small blind $0.01
MrMoocat: posts big blind $0.02
*** HOLE CARDS ***
Dealt to Dorex2007 [8c 2s]
Dorex2007: folds 
ilianaki785: folds 
maestro398: folds 
AlfonsoH18: calls $0.02
RazvanBabanu: folds 
RMullerR: raises $0.06 to $0.08
MrMoocat: folds 
AlfonsoH18: calls $0.06
*** FLOP *** [3h 5c 7h]
RMullerR: checks 
AlfonsoH18 is disconnected 
AlfonsoH18 has timed out while disconnected
AlfonsoH18: checks 
*** TURN *** [3h 5c 7h] [2c]
RMullerR: bets $0.08
AlfonsoH18 is connected 
AlfonsoH18: folds 
Uncalled bet ($0.08) returned to RMullerR
RMullerR collected $0.17 from pot
RMullerR: doesn't show hand 
*** SUMMARY ***
Total pot $0.18 | Rake $0.01 
Board [3h 5c 7h 2c]
Seat 1: RazvanBabanu (button) folded before Flop (didn't bet)
Seat 2: RMullerR (small blind) collected ($0.17)
Seat 3: MrMoocat (big blind) folded before Flop
Seat 5: Dorex2007 folded before Flop (didn't bet)
Seat 6: ilianaki785 folded before Flop (didn't bet)
Seat 7: maestro398 folded before Flop (didn't bet)
Seat 8: AlfonsoH18 folded on the Turn



PokerStars Hand #227415308065:  Hold'em No Limit ($0.01/$0.02 USD) - 2021/06/07 18:29:15 PT [2021/06/07 21:29:15 ET]
Table 'Zachia' 9-max Seat #2 is the button
Seat 1: RazvanBabanu ($2.02 in chips) 
Seat 2: RMullerR ($0.97 in chips) 
Seat 3: MrMoocat ($0.99 in chips) 
Seat 5: Dorex2007 ($1.97 in chips) 
Seat 6: ilianaki785 ($0.79 in chips) 
Seat 7: maestro398 ($1.76 in chips) 
Seat 8: AlfonsoH18 ($1.04 in chips) 
MrMoocat: posts small blind $0.01
Dorex2007: posts big blind $0.02
HardMickey83: sits out 
*** HOLE CARDS ***
Dealt to Dorex2007 [6s 4c]
ilianaki785: folds 
maestro398: raises $0.49 to $0.51
AlfonsoH18: folds 
RazvanBabanu: folds 
RMullerR: folds 
MrMoocat: folds 
Dorex2007: folds 
Uncalled bet ($0.49) returned to maestro398
maestro398 collected $0.05 from pot
maestro398: doesn't show hand 
*** SUMMARY ***
Total pot $0.05 | Rake $0 
Seat 1: RazvanBabanu folded before Flop (didn't bet)
Seat 2: RMullerR (button) folded before Flop (didn't bet)
Seat 3: MrMoocat (small blind) folded before Flop
Seat 5: Dorex2007 (big blind) folded before Flop
Seat 6: ilianaki785 folded before Flop (didn't bet)
Seat 7: maestro398 collected ($0.05)
Seat 8: AlfonsoH18 folded before Flop (didn't bet)



PokerStars Hand #227415311971:  Hold'em No Limit ($0.01/$0.02 USD) - 2021/06/07 18:29:32 PT [2021/06/07 21:29:32 ET]
Table 'Zachia' 9-max Seat #3 is the button
Seat 1: RazvanBabanu ($2.02 in chips) 
Seat 2: RMullerR ($0.97 in chips) 
Seat 3: MrMoocat ($0.98 in chips) 
Seat 5: Dorex2007 ($1.95 in chips) 
Seat 6: ilianaki785 ($0.79 in chips) 
Seat 7: maestro398 ($1.79 in chips) 
Seat 8: AlfonsoH18 ($1.04 in chips) 
Dorex2007: posts small blind $0.01
ilianaki785: posts big blind $0.02
HardMickey83: sits out 
*** HOLE CARDS ***
Dealt to Dorex2007 [5h 5s]
maestro398: calls $0.02
AlfonsoH18: calls $0.02
RazvanBabanu: calls $0.02
RMullerR: folds 
MrMoocat: calls $0.02
Dorex2007: calls $0.01
ilianaki785: checks 
*** FLOP *** [3h 2s Tc]
Dorex2007: checks 
ilianaki785: checks 
maestro398: bets $0.02
AlfonsoH18: calls $0.02
RazvanBabanu: calls $0.02
MrMoocat: raises $0.06 to $0.08
Dorex2007: folds 
ilianaki785: folds 
maestro398: raises $1.69 to $1.77 and is all-in
AlfonsoH18: folds 
RazvanBabanu: folds 
MrMoocat: calls $0.88 and is all-in
Uncalled bet ($0.81) returned to maestro398
*** TURN *** [3h 2s Tc] [Kc]
*** RIVER *** [3h 2s Tc Kc] [7c]
*** SHOW DOWN ***
maestro398: shows [3c 3s] (three of a kind, Threes)
MrMoocat: shows [Ks Kh] (three of a kind, Kings)
MrMoocat collected $2.01 from pot
*** SUMMARY ***
Total pot $2.08 | Rake $0.07 
Board [3h 2s Tc Kc 7c]
Seat 1: RazvanBabanu folded on the Flop
Seat 2: RMullerR folded before Flop (didn't bet)
Seat 3: MrMoocat (button) showed [Ks Kh] and won ($2.01) with three of a kind, Kings
Seat 5: Dorex2007 (small blind) folded on the Flop
Seat 6: ilianaki785 (big blind) folded on the Flop
Seat 7: maestro398 showed [3c 3s] and lost with three of a kind, Threes
Seat 8: AlfonsoH18 folded on the Flop



PokerStars Hand #227415328719:  Hold'em No Limit ($0.01/$0.02 USD) - 2021/06/07 18:30:40 PT [2021/06/07 21:30:40 ET]
Table 'Zachia' 9-max Seat #5 is the button
Seat 1: RazvanBabanu ($1.98 in chips) 
Seat 2: RMullerR ($0.97 in chips) 
Seat 3: MrMoocat ($2.01 in chips) 
Seat 5: Dorex2007 ($1.93 in chips) 
Seat 6: ilianaki785 ($0.77 in chips) 
Seat 7: maestro398 ($0.81 in chips) 
Seat 8: AlfonsoH18 ($1 in chips) 
ilianaki785: posts small blind $0.01
maestro398: posts big blind $0.02
HardMickey83: sits out 
*** HOLE CARDS ***
Dealt to Dorex2007 [8s Jc]
AlfonsoH18: calls $0.02
RazvanBabanu: folds 
RMullerR: folds 
MrMoocat: calls $0.02
Dorex2007: folds 
ilianaki785: calls $0.01
maestro398: checks 
*** FLOP *** [6h 7s 6c]
ilianaki785: checks 
maestro398: bets $0.03
AlfonsoH18: calls $0.03
MrMoocat: calls $0.03
ilianaki785: folds 
*** TURN *** [6h 7s 6c] [3d]
maestro398: checks 
AlfonsoH18: bets $0.02
MrMoocat: calls $0.02
maestro398: calls $0.02
*** RIVER *** [6h 7s 6c 3d] [Kd]
maestro398: checks 
AlfonsoH18: bets $0.08
MrMoocat: folds 
maestro398: folds 
Uncalled bet ($0.08) returned to AlfonsoH18
AlfonsoH18 collected $0.22 from pot
AlfonsoH18: doesn't show hand 
*** SUMMARY ***
Total pot $0.23 | Rake $0.01 
Board [6h 7s 6c 3d Kd]
Seat 1: RazvanBabanu folded before Flop (didn't bet)
Seat 2: RMullerR folded before Flop (didn't bet)
Seat 3: MrMoocat folded on the River
Seat 5: Dorex2007 (button) folded before Flop (didn't bet)
Seat 6: ilianaki785 (small blind) folded on the Flop
Seat 7: maestro398 (big blind) folded on the River
Seat 8: AlfonsoH18 collected ($0.22)



PokerStars Hand #227415350392:  Hold'em No Limit ($0.01/$0.02 USD) - 2021/06/07 18:31:30 PT [2021/06/07 21:31:30 ET]
Table 'Zachia' 9-max Seat #6 is the button
Seat 1: RazvanBabanu ($1.98 in chips) 
Seat 2: RMullerR ($0.97 in chips) 
Seat 3: MrMoocat ($1.94 in chips) 
Seat 5: Dorex2007 ($1.93 in chips) 
Seat 6: ilianaki785 ($0.75 in chips) 
Seat 7: maestro398 ($0.74 in chips) 
Seat 8: AlfonsoH18 ($1.15 in chips) 
maestro398: posts small blind $0.01
AlfonsoH18: posts big blind $0.02
HardMickey83: sits out 
*** HOLE CARDS ***
Dealt to Dorex2007 [Th 5s]
RazvanBabanu: folds 
RMullerR: folds 
MrMoocat: folds 
Dorex2007: folds 
ilianaki785: calls $0.02
maestro398: raises $0.02 to $0.04
AlfonsoH18: calls $0.02
ilianaki785: calls $0.02
*** FLOP *** [Jc 2s Kh]
maestro398: bets $0.02
AlfonsoH18: raises $0.02 to $0.04
ilianaki785: calls $0.04
maestro398: calls $0.02
*** TURN *** [Jc 2s Kh] [3h]
maestro398: checks 
AlfonsoH18: bets $0.02
ilianaki785: calls $0.02
maestro398: calls $0.02
*** RIVER *** [Jc 2s Kh 3h] [7d]
maestro398: checks 
AlfonsoH18: bets $0.16
ilianaki785: folds 
maestro398: calls $0.16
*** SHOW DOWN ***
AlfonsoH18: shows [2c Jd] (two pair, Jacks and Deuces)
maestro398: mucks hand 
AlfonsoH18 collected $0.60 from pot
*** SUMMARY ***
Total pot $0.62 | Rake $0.02 
Board [Jc 2s Kh 3h 7d]
Seat 1: RazvanBabanu folded before Flop (didn't bet)
Seat 2: RMullerR folded before Flop (didn't bet)
Seat 3: MrMoocat folded before Flop (didn't bet)
Seat 5: Dorex2007 folded before Flop (didn't bet)
Seat 6: ilianaki785 (button) folded on the River
Seat 7: maestro398 (small blind) mucked [Tc Ts]
Seat 8: AlfonsoH18 (big blind) showed [2c Jd] and won ($0.60) with two pair, Jacks and Deuces



PokerStars Hand #227415363650:  Hold'em No Limit ($0.01/$0.02 USD) - 2021/06/07 18:32:24 PT [2021/06/07 21:32:24 ET]
Table 'Zachia' 9-max Seat #7 is the button
Seat 1: RazvanBabanu ($1.98 in chips) 
Seat 2: RMullerR ($0.97 in chips) 
Seat 3: MrMoocat ($1.94 in chips) 
Seat 5: Dorex2007 ($1.93 in chips) 
Seat 6: ilianaki785 ($0.65 in chips) 
Seat 7: maestro398 ($0.48 in chips) 
Seat 8: AlfonsoH18 ($1.49 in chips) 
Seat 9: HardMickey83 ($1.59 in chips) 
AlfonsoH18: posts small blind $0.01
HardMickey83: posts big blind $0.02
*** HOLE CARDS ***
Dealt to Dorex2007 [Ad 2d]
RazvanBabanu: raises $0.02 to $0.04
RMullerR: folds 
MrMoocat: folds 
Dorex2007: folds 
ilianaki785: folds 
maestro398 has timed out
maestro398: folds 
AlfonsoH18: calls $0.03
HardMickey83: calls $0.02
*** FLOP *** [Qs 5c 5d]
maestro398 is disconnected 
AlfonsoH18: checks 
HardMickey83: checks 
RazvanBabanu: bets $0.06
AlfonsoH18: folds 
HardMickey83: folds 
Uncalled bet ($0.06) returned to RazvanBabanu
RazvanBabanu collected $0.12 from pot
RazvanBabanu: doesn't show hand 
*** SUMMARY ***
Total pot $0.12 | Rake $0 
Board [Qs 5c 5d]
Seat 1: RazvanBabanu collected ($0.12)
Seat 2: RMullerR folded before Flop (didn't bet)
Seat 3: MrMoocat folded before Flop (didn't bet)
Seat 5: Dorex2007 folded before Flop (didn't bet)
Seat 6: ilianaki785 folded before Flop (didn't bet)
Seat 7: maestro398 (button) folded before Flop (didn't bet)
Seat 8: AlfonsoH18 (small blind) folded on the Flop
Seat 9: HardMickey83 (big blind) folded on the Flop



PokerStars Hand #227415378146:  Hold'em No Limit ($0.01/$0.02 USD) - 2021/06/07 18:33:24 PT [2021/06/07 21:33:24 ET]
Table 'Zachia' 9-max Seat #8 is the button
Seat 1: RazvanBabanu ($2.06 in chips) 
Seat 2: RMullerR ($0.97 in chips) 
Seat 3: MrMoocat ($1.94 in chips) 
Seat 5: Dorex2007 ($1.93 in chips) 
Seat 6: ilianaki785 ($0.65 in chips) 
Seat 7: maestro398 ($0.48 in chips) 
Seat 8: AlfonsoH18 ($1.45 in chips) 
Seat 9: HardMickey83 ($1.55 in chips) 
HardMickey83: posts small blind $0.01
RazvanBabanu: posts big blind $0.02
*** HOLE CARDS ***
Dealt to Dorex2007 [Kc Ac]
RMullerR: raises $0.04 to $0.06
MrMoocat: folds 
Dorex2007: raises $0.06 to $0.12
ilianaki785: folds 
maestro398 has timed out
maestro398: folds 
AlfonsoH18: folds 
HardMickey83: folds 
RazvanBabanu: folds 
RMullerR: calls $0.06
*** FLOP *** [9c 5c 5s]
RMullerR: checks 
Dorex2007: bets $0.26
RMullerR: raises $0.26 to $0.52
Dorex2007: raises $1.29 to $1.81 and is all-in
RMullerR: calls $0.33 and is all-in
Uncalled bet ($0.96) returned to Dorex2007
*** TURN *** [9c 5c 5s] [3c]
*** RIVER *** [9c 5c 5s 3c] [Jc]
*** SHOW DOWN ***
RMullerR: shows [9d 9h] (a full house, Nines full of Fives)
Dorex2007: shows [Kc Ac] (a flush, Ace high)
RMullerR collected $1.90 from pot
*** SUMMARY ***
Total pot $1.97 | Rake $0.07 
Board [9c 5c 5s 3c Jc]
Seat 1: RazvanBabanu (big blind) folded before Flop
Seat 2: RMullerR showed [9d 9h] and won ($1.90) with a full house, Nines full of Fives
Seat 3: MrMoocat folded before Flop (didn't bet)
Seat 5: Dorex2007 showed [Kc Ac] and lost with a flush, Ace high
Seat 6: ilianaki785 folded before Flop (didn't bet)
Seat 7: maestro398 folded before Flop (didn't bet)
Seat 8: AlfonsoH18 (button) folded before Flop (didn't bet)
Seat 9: HardMickey83 (small blind) folded before Flop



PokerStars Hand #227415391241:  Hold'em No Limit ($0.01/$0.02 USD) - 2021/06/07 18:34:19 PT [2021/06/07 21:34:19 ET]
Table 'Zachia' 9-max Seat #9 is the button
Seat 1: RazvanBabanu ($2.04 in chips) 
Seat 2: RMullerR ($1.90 in chips) 
Seat 3: MrMoocat ($1.94 in chips) 
Seat 5: Dorex2007 ($0.96 in chips) 
Seat 6: ilianaki785 ($0.65 in chips) 
Seat 8: AlfonsoH18 ($1.45 in chips) 
Seat 9: HardMickey83 ($1.54 in chips) 
RazvanBabanu: posts small blind $0.01
RMullerR: posts big blind $0.02
exostenz: sits out 
*** HOLE CARDS ***
Dealt to Dorex2007 [2c 6h]
MrMoocat: folds 
Dorex2007: folds 
ilianaki785: calls $0.02
AlfonsoH18: calls $0.02
HardMickey83: calls $0.02
RazvanBabanu: folds 
RMullerR: checks 
*** FLOP *** [9c 6c 5d]
RMullerR: checks 
ilianaki785: bets $0.05
AlfonsoH18: calls $0.05
HardMickey83: folds 
RMullerR: folds 
*** TURN *** [9c 6c 5d] [4c]
ilianaki785: checks 
AlfonsoH18: bets $0.08
ilianaki785: calls $0.08
*** RIVER *** [9c 6c 5d 4c] [7h]
ilianaki785: checks 
AlfonsoH18: bets $0.32
ilianaki785: folds 
Uncalled bet ($0.32) returned to AlfonsoH18
AlfonsoH18 collected $0.34 from pot
AlfonsoH18: doesn't show hand 
*** SUMMARY ***
Total pot $0.35 | Rake $0.01 
Board [9c 6c 5d 4c 7h]
Seat 1: RazvanBabanu (small blind) folded before Flop
Seat 2: RMullerR (big blind) folded on the Flop
Seat 3: MrMoocat folded before Flop (didn't bet)
Seat 5: Dorex2007 folded before Flop (didn't bet)
Seat 6: ilianaki785 folded on the River
Seat 8: AlfonsoH18 collected ($0.34)
Seat 9: HardMickey83 (button) folded on the Flop



PokerStars Hand #227415407150:  Hold'em No Limit ($0.01/$0.02 USD) - 2021/06/07 18:35:24 PT [2021/06/07 21:35:24 ET]
Table 'Zachia' 9-max Seat #1 is the button
Seat 1: RazvanBabanu ($2.03 in chips) 
Seat 2: RMullerR ($1.88 in chips) 
Seat 3: MrMoocat ($1.94 in chips) 
Seat 5: Dorex2007 ($2 in chips) 
Seat 6: ilianaki785 ($0.50 in chips) 
Seat 8: AlfonsoH18 ($1.64 in chips) 
Seat 9: HardMickey83 ($1.52 in chips) 
RMullerR: posts small blind $0.01
MrMoocat: posts big blind $0.02
exostenz: sits out 
*** HOLE CARDS ***
Dealt to Dorex2007 [Th Qd]
Dorex2007: calls $0.02
ilianaki785: folds 
AlfonsoH18: calls $0.02
HardMickey83: folds 
RazvanBabanu: folds 
RMullerR: folds 
MrMoocat: raises $0.02 to $0.04
Dorex2007: calls $0.02
AlfonsoH18: calls $0.02
*** FLOP *** [Ad 4h 7c]
MrMoocat: checks 
Dorex2007: checks 
AlfonsoH18: bets $0.10
MrMoocat: folds 
Dorex2007: folds 
Uncalled bet ($0.10) returned to AlfonsoH18
AlfonsoH18 collected $0.13 from pot
AlfonsoH18: doesn't show hand 
*** SUMMARY ***
Total pot $0.13 | Rake $0 
Board [Ad 4h 7c]
Seat 1: RazvanBabanu (button) folded before Flop (didn't bet)
Seat 2: RMullerR (small blind) folded before Flop
Seat 3: MrMoocat (big blind) folded on the Flop
Seat 5: Dorex2007 folded on the Flop
Seat 6: ilianaki785 folded before Flop (didn't bet)
Seat 8: AlfonsoH18 collected ($0.13)
Seat 9: HardMickey83 folded before Flop (didn't bet)



PokerStars Hand #227415416444:  Hold'em No Limit ($0.01/$0.02 USD) - 2021/06/07 18:36:01 PT [2021/06/07 21:36:01 ET]
Table 'Zachia' 9-max Seat #2 is the button
Seat 1: RazvanBabanu ($2.03 in chips) 
Seat 2: RMullerR ($1.87 in chips) 
Seat 3: MrMoocat ($1.90 in chips) 
Seat 4: exostenz ($0.84 in chips) 
Seat 5: Dorex2007 ($1.96 in chips) 
Seat 6: ilianaki785 ($0.50 in chips) 
Seat 8: AlfonsoH18 ($1.73 in chips) 
Seat 9: HardMickey83 ($1.52 in chips) 
MrMoocat: posts small blind $0.01
exostenz: posts big blind $0.02
*** HOLE CARDS ***
Dealt to Dorex2007 [Qh 4d]
Dorex2007: folds 
ilianaki785: folds 
AlfonsoH18: calls $0.02
HardMickey83: folds 
RazvanBabanu: calls $0.02
RMullerR: folds 
MrMoocat: calls $0.01
exostenz: checks 
*** FLOP *** [3d 8c 9c]
MrMoocat: checks 
exostenz: checks 
AlfonsoH18: bets $0.08
RazvanBabanu: calls $0.08
MrMoocat: calls $0.08
exostenz: folds 
*** TURN *** [3d 8c 9c] [Kd]
MrMoocat: checks 
AlfonsoH18: bets $0.16
RazvanBabanu: calls $0.16
MrMoocat: calls $0.16
*** RIVER *** [3d 8c 9c Kd] [7s]
MrMoocat: checks 
AlfonsoH18: bets $0.32
RazvanBabanu: folds 
MrMoocat: folds 
Uncalled bet ($0.32) returned to AlfonsoH18
AlfonsoH18 collected $0.77 from pot
AlfonsoH18: doesn't show hand 
*** SUMMARY ***
Total pot $0.80 | Rake $0.03 
Board [3d 8c 9c Kd 7s]
Seat 1: RazvanBabanu folded on the River
Seat 2: RMullerR (button) folded before Flop (didn't bet)
Seat 3: MrMoocat (small blind) folded on the River
Seat 4: exostenz (big blind) folded on the Flop
Seat 5: Dorex2007 folded before Flop (didn't bet)
Seat 6: ilianaki785 folded before Flop (didn't bet)
Seat 8: AlfonsoH18 collected ($0.77)
Seat 9: HardMickey83 folded before Flop (didn't bet)



