PokerStars Hand #237446565586:  Hold'em No Limit ($0.02/$0.05 USD) - 2022/07/18 17:24:47 PT [2022/07/18 20:24:47 ET]
Table 'Phryne III' 9-max Seat #1 is the button
Seat 1: Captaincamby ($10.27 in chips) 
Seat 2: elchef14 ($4.06 in chips) 
Seat 3: NatureVince ($5.36 in chips) 
Seat 4: Almanza63 ($8.59 in chips) 
Seat 5: masonada213 ($4.12 in chips) 
Seat 6: Manuelito180 ($9 in chips) 
Seat 7: kemal_zay4ik ($9.04 in chips) 
Seat 8: freeyoumind ($5 in chips) 
Seat 9: Dorex2007 ($5 in chips) 
elchef14: posts small blind $0.02
NatureVince: posts big blind $0.05
Dorex2007: posts big blind $0.05
*** HOLE CARDS ***
Dealt to Dorex2007 [Kd 2s]
Almanza63: folds 
masonada213: folds 
Manuelito180: raises $0.12 to $0.17
kemal_zay4ik: folds 
freeyoumind: folds 
Dorex2007: folds 
Captaincamby: folds 
elchef14: raises $0.22 to $0.39
NatureVince: folds 
Manuelito180: calls $0.22
*** FLOP *** [7h 3d 2c]
elchef14: bets $0.42
Manuelito180: calls $0.42
*** TURN *** [7h 3d 2c] [6h]
elchef14: bets $0.82
Manuelito180: calls $0.82
*** RIVER *** [7h 3d 2c 6h] [2h]
elchef14: checks 
Manuelito180: checks 
*** SHOW DOWN ***
elchef14: shows [Ks Ah] (a pair of Deuces)
Manuelito180: shows [Jc Js] (two pair, Jacks and Deuces)
Manuelito180 collected $3.22 from pot
*** SUMMARY ***
Total pot $3.36 | Rake $0.14 
Board [7h 3d 2c 6h 2h]
Seat 1: Captaincamby (button) folded before Flop (didn't bet)
Seat 2: elchef14 (small blind) showed [Ks Ah] and lost with a pair of Deuces
Seat 3: NatureVince (big blind) folded before Flop
Seat 4: Almanza63 folded before Flop (didn't bet)
Seat 5: masonada213 folded before Flop (didn't bet)
Seat 6: Manuelito180 showed [Jc Js] and won ($3.22) with two pair, Jacks and Deuces
Seat 7: kemal_zay4ik folded before Flop (didn't bet)
Seat 8: freeyoumind folded before Flop (didn't bet)
Seat 9: Dorex2007 folded before Flop (didn't bet)



PokerStars Hand #237446585248:  Hold'em No Limit ($0.02/$0.05 USD) - 2022/07/18 17:26:12 PT [2022/07/18 20:26:12 ET]
Table 'Phryne III' 9-max Seat #2 is the button
Seat 1: Captaincamby ($10.27 in chips) 
Seat 2: elchef14 ($2.43 in chips) 
Seat 3: NatureVince ($5.31 in chips) 
Seat 4: Almanza63 ($8.59 in chips) 
Seat 5: masonada213 ($4.12 in chips) 
Seat 6: Manuelito180 ($10.59 in chips) 
Seat 7: kemal_zay4ik ($9.04 in chips) 
Seat 8: freeyoumind ($5 in chips) 
Seat 9: Dorex2007 ($5 in chips) 
NatureVince: posts small blind $0.02
Almanza63: posts big blind $0.05
*** HOLE CARDS ***
Dealt to Dorex2007 [Kc Jd]
masonada213: folds 
Manuelito180: folds 
kemal_zay4ik: folds 
freeyoumind: folds 
Dorex2007: raises $0.10 to $0.15
Captaincamby: folds 
elchef14: folds 
NatureVince: folds 
Almanza63: folds 
Uncalled bet ($0.10) returned to Dorex2007
Dorex2007 collected $0.12 from pot
*** SUMMARY ***
Total pot $0.12 | Rake $0 
Seat 1: Captaincamby folded before Flop (didn't bet)
Seat 2: elchef14 (button) folded before Flop (didn't bet)
Seat 3: NatureVince (small blind) folded before Flop
Seat 4: Almanza63 (big blind) folded before Flop
Seat 5: masonada213 folded before Flop (didn't bet)
Seat 6: Manuelito180 folded before Flop (didn't bet)
Seat 7: kemal_zay4ik folded before Flop (didn't bet)
Seat 8: freeyoumind folded before Flop (didn't bet)
Seat 9: Dorex2007 collected ($0.12)



PokerStars Hand #237446591523:  Hold'em No Limit ($0.02/$0.05 USD) - 2022/07/18 17:26:39 PT [2022/07/18 20:26:39 ET]
Table 'Phryne III' 9-max Seat #3 is the button
Seat 1: Captaincamby ($10.27 in chips) 
Seat 2: elchef14 ($2.43 in chips) 
Seat 3: NatureVince ($5.29 in chips) 
Seat 4: Almanza63 ($8.54 in chips) 
Seat 5: masonada213 ($4.12 in chips) 
Seat 6: Manuelito180 ($10.59 in chips) 
Seat 7: kemal_zay4ik ($9.04 in chips) 
Seat 8: freeyoumind ($5 in chips) 
Seat 9: Dorex2007 ($5.07 in chips) 
Almanza63: posts small blind $0.02
masonada213: posts big blind $0.05
*** HOLE CARDS ***
Dealt to Dorex2007 [8h 9c]
Manuelito180: folds 
kemal_zay4ik: raises $0.10 to $0.15
freeyoumind: folds 
Dorex2007: folds 
Captaincamby: folds 
elchef14: folds 
NatureVince: folds 
Almanza63: folds 
masonada213: folds 
Uncalled bet ($0.10) returned to kemal_zay4ik
kemal_zay4ik collected $0.12 from pot
*** SUMMARY ***
Total pot $0.12 | Rake $0 
Seat 1: Captaincamby folded before Flop (didn't bet)
Seat 2: elchef14 folded before Flop (didn't bet)
Seat 3: NatureVince (button) folded before Flop (didn't bet)
Seat 4: Almanza63 (small blind) folded before Flop
Seat 5: masonada213 (big blind) folded before Flop
Seat 6: Manuelito180 folded before Flop (didn't bet)
Seat 7: kemal_zay4ik collected ($0.12)
Seat 8: freeyoumind folded before Flop (didn't bet)
Seat 9: Dorex2007 folded before Flop (didn't bet)



PokerStars Hand #237446598055:  Hold'em No Limit ($0.02/$0.05 USD) - 2022/07/18 17:27:07 PT [2022/07/18 20:27:07 ET]
Table 'Phryne III' 9-max Seat #4 is the button
Seat 1: Captaincamby ($10.27 in chips) 
Seat 2: elchef14 ($2.43 in chips) 
Seat 3: NatureVince ($5.29 in chips) 
Seat 4: Almanza63 ($8.52 in chips) 
Seat 5: masonada213 ($4.07 in chips) 
Seat 6: Manuelito180 ($10.59 in chips) 
Seat 7: kemal_zay4ik ($9.11 in chips) 
Seat 8: freeyoumind ($5 in chips) 
Seat 9: Dorex2007 ($5.07 in chips) 
masonada213: posts small blind $0.02
Manuelito180: posts big blind $0.05
*** HOLE CARDS ***
Dealt to Dorex2007 [Js Td]
kemal_zay4ik: folds 
freeyoumind: folds 
Dorex2007: folds 
Captaincamby: folds 
elchef14: calls $0.05
NatureVince: folds 
Almanza63: calls $0.05
masonada213: folds 
Manuelito180: checks 
*** FLOP *** [3d 8d Jc]
Manuelito180: checks 
elchef14: checks 
Almanza63: checks 
*** TURN *** [3d 8d Jc] [3s]
Manuelito180: checks 
elchef14: checks 
Almanza63: checks 
*** RIVER *** [3d 8d Jc 3s] [4c]
Manuelito180: checks 
elchef14: checks 
Almanza63: checks 
*** SHOW DOWN ***
Manuelito180: shows [9s 2h] (a pair of Threes)
elchef14: shows [As 4d] (two pair, Fours and Threes)
Almanza63: mucks hand 
elchef14 collected $0.16 from pot
*** SUMMARY ***
Total pot $0.17 | Rake $0.01 
Board [3d 8d Jc 3s 4c]
Seat 1: Captaincamby folded before Flop (didn't bet)
Seat 2: elchef14 showed [As 4d] and won ($0.16) with two pair, Fours and Threes
Seat 3: NatureVince folded before Flop (didn't bet)
Seat 4: Almanza63 (button) mucked [Th Kd]
Seat 5: masonada213 (small blind) folded before Flop
Seat 6: Manuelito180 (big blind) showed [9s 2h] and lost with a pair of Threes
Seat 7: kemal_zay4ik folded before Flop (didn't bet)
Seat 8: freeyoumind folded before Flop (didn't bet)
Seat 9: Dorex2007 folded before Flop (didn't bet)



PokerStars Hand #237446610153:  Hold'em No Limit ($0.02/$0.05 USD) - 2022/07/18 17:28:00 PT [2022/07/18 20:28:00 ET]
Table 'Phryne III' 9-max Seat #5 is the button
Seat 1: Captaincamby ($10.27 in chips) 
Seat 2: elchef14 ($2.54 in chips) 
Seat 3: NatureVince ($5.29 in chips) 
Seat 4: Almanza63 ($8.47 in chips) 
Seat 5: masonada213 ($4.05 in chips) 
Seat 6: Manuelito180 ($10.54 in chips) 
Seat 7: kemal_zay4ik ($9.11 in chips) 
Seat 8: freeyoumind ($5 in chips) 
Seat 9: Dorex2007 ($5.07 in chips) 
Manuelito180: posts small blind $0.02
kemal_zay4ik: posts big blind $0.05
*** HOLE CARDS ***
Dealt to Dorex2007 [7c 8d]
freeyoumind: folds 
Dorex2007: folds 
Captaincamby: folds 
elchef14: folds 
NatureVince: folds 
Almanza63: folds 
masonada213: raises $0.10 to $0.15
Manuelito180: calls $0.13
kemal_zay4ik is disconnected 
kemal_zay4ik is connected 
kemal_zay4ik: calls $0.10
*** FLOP *** [4s Th Qd]
Manuelito180: checks 
kemal_zay4ik: checks 
masonada213: checks 
*** TURN *** [4s Th Qd] [5h]
Manuelito180: checks 
kemal_zay4ik: bets $0.25
masonada213: folds 
Manuelito180: folds 
Uncalled bet ($0.25) returned to kemal_zay4ik
kemal_zay4ik collected $0.43 from pot
*** SUMMARY ***
Total pot $0.45 | Rake $0.02 
Board [4s Th Qd 5h]
Seat 1: Captaincamby folded before Flop (didn't bet)
Seat 2: elchef14 folded before Flop (didn't bet)
Seat 3: NatureVince folded before Flop (didn't bet)
Seat 4: Almanza63 folded before Flop (didn't bet)
Seat 5: masonada213 (button) folded on the Turn
Seat 6: Manuelito180 (small blind) folded on the Turn
Seat 7: kemal_zay4ik (big blind) collected ($0.43)
Seat 8: freeyoumind folded before Flop (didn't bet)
Seat 9: Dorex2007 folded before Flop (didn't bet)



PokerStars Hand #237446633545:  Hold'em No Limit ($0.02/$0.05 USD) - 2022/07/18 17:29:42 PT [2022/07/18 20:29:42 ET]
Table 'Phryne III' 9-max Seat #6 is the button
Seat 1: Captaincamby ($10.27 in chips) 
Seat 2: elchef14 ($2.54 in chips) 
Seat 3: NatureVince ($5.29 in chips) 
Seat 4: Almanza63 ($8.47 in chips) 
Seat 5: masonada213 ($3.90 in chips) 
Seat 6: Manuelito180 ($10.39 in chips) 
Seat 7: kemal_zay4ik ($9.39 in chips) 
Seat 8: freeyoumind ($5 in chips) 
Seat 9: Dorex2007 ($5.07 in chips) 
kemal_zay4ik: posts small blind $0.02
freeyoumind: posts big blind $0.05
*** HOLE CARDS ***
Dealt to Dorex2007 [Ac Ks]
Dorex2007: raises $0.20 to $0.25
Captaincamby: folds 
elchef14: folds 
NatureVince: folds 
Almanza63: folds 
masonada213: folds 
Manuelito180: folds 
kemal_zay4ik: folds 
freeyoumind: folds 
Uncalled bet ($0.20) returned to Dorex2007
Dorex2007 collected $0.12 from pot
*** SUMMARY ***
Total pot $0.12 | Rake $0 
Seat 1: Captaincamby folded before Flop (didn't bet)
Seat 2: elchef14 folded before Flop (didn't bet)
Seat 3: NatureVince folded before Flop (didn't bet)
Seat 4: Almanza63 folded before Flop (didn't bet)
Seat 5: masonada213 folded before Flop (didn't bet)
Seat 6: Manuelito180 (button) folded before Flop (didn't bet)
Seat 7: kemal_zay4ik (small blind) folded before Flop
Seat 8: freeyoumind (big blind) folded before Flop
Seat 9: Dorex2007 collected ($0.12)



PokerStars Hand #237446641719:  Hold'em No Limit ($0.02/$0.05 USD) - 2022/07/18 17:30:17 PT [2022/07/18 20:30:17 ET]
Table 'Phryne III' 9-max Seat #7 is the button
Seat 1: Captaincamby ($10.27 in chips) 
Seat 2: elchef14 ($2.54 in chips) 
Seat 3: NatureVince ($5.29 in chips) 
Seat 4: Almanza63 ($8.47 in chips) 
Seat 5: masonada213 ($3.90 in chips) 
Seat 6: Manuelito180 ($10.39 in chips) 
Seat 7: kemal_zay4ik ($9.37 in chips) 
Seat 8: freeyoumind ($5 in chips) 
Seat 9: Dorex2007 ($5.14 in chips) 
freeyoumind: posts small blind $0.02
Dorex2007: posts big blind $0.05
*** HOLE CARDS ***
Dealt to Dorex2007 [2s Tc]
Captaincamby: folds 
elchef14: folds 
NatureVince: raises $0.10 to $0.15
Almanza63: folds 
masonada213: folds 
Manuelito180: folds 
kemal_zay4ik: folds 
freeyoumind: folds 
Dorex2007: folds 
Uncalled bet ($0.10) returned to NatureVince
NatureVince collected $0.12 from pot
*** SUMMARY ***
Total pot $0.12 | Rake $0 
Seat 1: Captaincamby folded before Flop (didn't bet)
Seat 2: elchef14 folded before Flop (didn't bet)
Seat 3: NatureVince collected ($0.12)
Seat 4: Almanza63 folded before Flop (didn't bet)
Seat 5: masonada213 folded before Flop (didn't bet)
Seat 6: Manuelito180 folded before Flop (didn't bet)
Seat 7: kemal_zay4ik (button) folded before Flop (didn't bet)
Seat 8: freeyoumind (small blind) folded before Flop
Seat 9: Dorex2007 (big blind) folded before Flop



PokerStars Hand #237446645474:  Hold'em No Limit ($0.02/$0.05 USD) - 2022/07/18 17:30:34 PT [2022/07/18 20:30:34 ET]
Table 'Phryne III' 9-max Seat #8 is the button
Seat 1: Captaincamby ($10.27 in chips) 
Seat 2: elchef14 ($2.54 in chips) 
Seat 3: NatureVince ($5.36 in chips) 
Seat 4: Almanza63 ($8.47 in chips) 
Seat 5: masonada213 ($3.90 in chips) 
Seat 6: Manuelito180 ($10.39 in chips) 
Seat 7: kemal_zay4ik ($9.37 in chips) 
Seat 8: freeyoumind ($5 in chips) 
Seat 9: Dorex2007 ($5.09 in chips) 
Dorex2007: posts small blind $0.02
Captaincamby: posts big blind $0.05
*** HOLE CARDS ***
Dealt to Dorex2007 [Jh Kd]
elchef14: folds 
NatureVince: folds 
Almanza63: folds 
masonada213: folds 
Manuelito180: folds 
kemal_zay4ik: folds 
freeyoumind: folds 
Dorex2007: raises $0.15 to $0.20
Captaincamby: calls $0.15
*** FLOP *** [4d Ad 3c]
Dorex2007: bets $0.25
Captaincamby: folds 
Uncalled bet ($0.25) returned to Dorex2007
Dorex2007 collected $0.38 from pot
*** SUMMARY ***
Total pot $0.40 | Rake $0.02 
Board [4d Ad 3c]
Seat 1: Captaincamby (big blind) folded on the Flop
Seat 2: elchef14 folded before Flop (didn't bet)
Seat 3: NatureVince folded before Flop (didn't bet)
Seat 4: Almanza63 folded before Flop (didn't bet)
Seat 5: masonada213 folded before Flop (didn't bet)
Seat 6: Manuelito180 folded before Flop (didn't bet)
Seat 7: kemal_zay4ik folded before Flop (didn't bet)
Seat 8: freeyoumind (button) folded before Flop (didn't bet)
Seat 9: Dorex2007 (small blind) collected ($0.38)



PokerStars Hand #237446656660:  Hold'em No Limit ($0.02/$0.05 USD) - 2022/07/18 17:31:22 PT [2022/07/18 20:31:22 ET]
Table 'Phryne III' 9-max Seat #9 is the button
Seat 1: Captaincamby ($10.07 in chips) 
Seat 2: elchef14 ($2.54 in chips) 
Seat 3: NatureVince ($5.36 in chips) 
Seat 4: Almanza63 ($8.47 in chips) 
Seat 5: masonada213 ($3.90 in chips) 
Seat 6: Manuelito180 ($10.39 in chips) 
Seat 7: kemal_zay4ik ($9.37 in chips) 
Seat 8: freeyoumind ($5 in chips) 
Seat 9: Dorex2007 ($5.27 in chips) 
Captaincamby: posts small blind $0.02
elchef14: posts big blind $0.05
*** HOLE CARDS ***
Dealt to Dorex2007 [7h 3d]
NatureVince: folds 
Almanza63: folds 
masonada213 has timed out
masonada213: folds 
Manuelito180: folds 
kemal_zay4ik: folds 
freeyoumind: folds 
Dorex2007: folds 
Captaincamby: folds 
Uncalled bet ($0.03) returned to elchef14
elchef14 collected $0.04 from pot
*** SUMMARY ***
Total pot $0.04 | Rake $0 
Seat 1: Captaincamby (small blind) folded before Flop
Seat 2: elchef14 (big blind) collected ($0.04)
Seat 3: NatureVince folded before Flop (didn't bet)
Seat 4: Almanza63 folded before Flop (didn't bet)
Seat 5: masonada213 folded before Flop (didn't bet)
Seat 6: Manuelito180 folded before Flop (didn't bet)
Seat 7: kemal_zay4ik folded before Flop (didn't bet)
Seat 8: freeyoumind folded before Flop (didn't bet)
Seat 9: Dorex2007 (button) folded before Flop (didn't bet)



PokerStars Hand #237446662419:  Hold'em No Limit ($0.02/$0.05 USD) - 2022/07/18 17:31:48 PT [2022/07/18 20:31:48 ET]
Table 'Phryne III' 9-max Seat #1 is the button
Seat 1: Captaincamby ($10.05 in chips) 
Seat 2: elchef14 ($2.56 in chips) 
Seat 3: NatureVince ($5.36 in chips) 
Seat 4: Almanza63 ($8.47 in chips) 
Seat 5: masonada213 ($3.90 in chips) 
Seat 6: Manuelito180 ($10.39 in chips) 
Seat 7: kemal_zay4ik ($9.37 in chips) 
Seat 8: freeyoumind ($5 in chips) 
Seat 9: Dorex2007 ($5.27 in chips) 
elchef14: posts small blind $0.02
NatureVince: posts big blind $0.05
*** HOLE CARDS ***
Dealt to Dorex2007 [2d Kc]
Almanza63: raises $0.10 to $0.15
masonada213: folds 
Manuelito180: calls $0.15
kemal_zay4ik: folds 
freeyoumind: folds 
Dorex2007: folds 
Captaincamby: folds 
elchef14: calls $0.13
NatureVince: calls $0.10
*** FLOP *** [4d Qc 9c]
elchef14: checks 
NatureVince: checks 
Almanza63: checks 
Manuelito180: bets $0.29
elchef14: folds 
NatureVince: calls $0.29
Almanza63: calls $0.29
*** TURN *** [4d Qc 9c] [Tc]
NatureVince: checks 
Almanza63: checks 
Manuelito180: bets $1
NatureVince: folds 
Almanza63: folds 
Uncalled bet ($1) returned to Manuelito180
Manuelito180 collected $1.41 from pot
*** SUMMARY ***
Total pot $1.47 | Rake $0.06 
Board [4d Qc 9c Tc]
Seat 1: Captaincamby (button) folded before Flop (didn't bet)
Seat 2: elchef14 (small blind) folded on the Flop
Seat 3: NatureVince (big blind) folded on the Turn
Seat 4: Almanza63 folded on the Turn
Seat 5: masonada213 folded before Flop (didn't bet)
Seat 6: Manuelito180 collected ($1.41)
Seat 7: kemal_zay4ik folded before Flop (didn't bet)
Seat 8: freeyoumind folded before Flop (didn't bet)
Seat 9: Dorex2007 folded before Flop (didn't bet)



PokerStars Hand #237446677418:  Hold'em No Limit ($0.02/$0.05 USD) - 2022/07/18 17:32:53 PT [2022/07/18 20:32:53 ET]
Table 'Phryne III' 9-max Seat #2 is the button
Seat 1: Captaincamby ($10.05 in chips) 
Seat 2: elchef14 ($2.41 in chips) 
Seat 3: NatureVince ($5 in chips) 
Seat 4: Almanza63 ($8.03 in chips) 
Seat 5: masonada213 ($3.90 in chips) 
Seat 6: Manuelito180 ($11.36 in chips) 
Seat 7: kemal_zay4ik ($9.37 in chips) 
Seat 8: freeyoumind ($5 in chips) 
Seat 9: Dorex2007 ($5.27 in chips) 
NatureVince: posts small blind $0.02
Almanza63: posts big blind $0.05
*** HOLE CARDS ***
Dealt to Dorex2007 [Ks Kh]
masonada213 has timed out
masonada213: folds 
Manuelito180: folds 
kemal_zay4ik: folds 
freeyoumind: folds 
Dorex2007: raises $0.10 to $0.15
Captaincamby: folds 
elchef14: folds 
NatureVince: raises $0.35 to $0.50
Almanza63: folds 
Dorex2007: raises $0.45 to $0.95
NatureVince: calls $0.45
*** FLOP *** [Jc Ts Kc]
NatureVince: checks 
Dorex2007: bets $1.87
NatureVince: folds 
Uncalled bet ($1.87) returned to Dorex2007
Dorex2007 collected $1.87 from pot
*** SUMMARY ***
Total pot $1.95 | Rake $0.08 
Board [Jc Ts Kc]
Seat 1: Captaincamby folded before Flop (didn't bet)
Seat 2: elchef14 (button) folded before Flop (didn't bet)
Seat 3: NatureVince (small blind) folded on the Flop
Seat 4: Almanza63 (big blind) folded before Flop
Seat 5: masonada213 folded before Flop (didn't bet)
Seat 6: Manuelito180 folded before Flop (didn't bet)
Seat 7: kemal_zay4ik folded before Flop (didn't bet)
Seat 8: freeyoumind folded before Flop (didn't bet)
Seat 9: Dorex2007 collected ($1.87)



PokerStars Hand #237446691480:  Hold'em No Limit ($0.02/$0.05 USD) - 2022/07/18 17:33:49 PT [2022/07/18 20:33:49 ET]
Table 'Phryne III' 9-max Seat #3 is the button
Seat 1: Captaincamby ($10.05 in chips) 
Seat 2: elchef14 ($2.41 in chips) 
Seat 3: NatureVince ($5 in chips) 
Seat 4: Almanza63 ($7.98 in chips) 
Seat 5: masonada213 ($3.90 in chips) 
Seat 6: Manuelito180 ($11.36 in chips) 
Seat 7: kemal_zay4ik ($9.37 in chips) 
Seat 8: freeyoumind ($5 in chips) 
Seat 9: Dorex2007 ($6.19 in chips) 
Almanza63: posts small blind $0.02
masonada213: posts big blind $0.05
*** HOLE CARDS ***
Dealt to Dorex2007 [4d 6c]
Manuelito180: folds 
kemal_zay4ik: raises $0.07 to $0.12
freeyoumind: folds 
Dorex2007: folds 
Captaincamby: folds 
elchef14: calls $0.12
NatureVince: folds 
Almanza63: folds 
masonada213: folds 
*** FLOP *** [4s 7s Jh]
kemal_zay4ik: bets $0.10
elchef14: calls $0.10
*** TURN *** [4s 7s Jh] [7c]
kemal_zay4ik: checks 
elchef14: bets $0.24
kemal_zay4ik: folds 
Uncalled bet ($0.24) returned to elchef14
elchef14 collected $0.49 from pot
*** SUMMARY ***
Total pot $0.51 | Rake $0.02 
Board [4s 7s Jh 7c]
Seat 1: Captaincamby folded before Flop (didn't bet)
Seat 2: elchef14 collected ($0.49)
Seat 3: NatureVince (button) folded before Flop (didn't bet)
Seat 4: Almanza63 (small blind) folded before Flop
Seat 5: masonada213 (big blind) folded before Flop
Seat 6: Manuelito180 folded before Flop (didn't bet)
Seat 7: kemal_zay4ik folded on the Turn
Seat 8: freeyoumind folded before Flop (didn't bet)
Seat 9: Dorex2007 folded before Flop (didn't bet)



PokerStars Hand #237446712792:  Hold'em No Limit ($0.02/$0.05 USD) - 2022/07/18 17:35:06 PT [2022/07/18 20:35:06 ET]
Table 'Phryne III' 9-max Seat #4 is the button
Seat 1: Captaincamby ($10.05 in chips) 
Seat 2: elchef14 ($2.68 in chips) 
Seat 3: NatureVince ($5 in chips) 
Seat 4: Almanza63 ($7.96 in chips) 
Seat 5: masonada213 ($3.85 in chips) 
Seat 6: Manuelito180 ($11.36 in chips) 
Seat 7: kemal_zay4ik ($9.15 in chips) 
Seat 8: freeyoumind ($5 in chips) 
Seat 9: Dorex2007 ($6.19 in chips) 
masonada213: posts small blind $0.02
Manuelito180: posts big blind $0.05
*** HOLE CARDS ***
Dealt to Dorex2007 [Jd 7c]
kemal_zay4ik: folds 
freeyoumind: folds 
Dorex2007: folds 
Captaincamby: folds 
elchef14: folds 
NatureVince: folds 
Almanza63: raises $0.10 to $0.15
masonada213: calls $0.13
Manuelito180: folds 
*** FLOP *** [7h Qd 3d]
masonada213: checks 
Almanza63: bets $0.14
elchef14 leaves the table
masonada213: folds 
Uncalled bet ($0.14) returned to Almanza63
Almanza63 collected $0.34 from pot
*** SUMMARY ***
Total pot $0.35 | Rake $0.01 
Board [7h Qd 3d]
Seat 1: Captaincamby folded before Flop (didn't bet)
Seat 2: elchef14 folded before Flop (didn't bet)
Seat 3: NatureVince folded before Flop (didn't bet)
Seat 4: Almanza63 (button) collected ($0.34)
Seat 5: masonada213 (small blind) folded on the Flop
Seat 6: Manuelito180 (big blind) folded before Flop
Seat 7: kemal_zay4ik folded before Flop (didn't bet)
Seat 8: freeyoumind folded before Flop (didn't bet)
Seat 9: Dorex2007 folded before Flop (didn't bet)



PokerStars Hand #237446727047:  Hold'em No Limit ($0.02/$0.05 USD) - 2022/07/18 17:36:08 PT [2022/07/18 20:36:08 ET]
Table 'Phryne III' 9-max Seat #5 is the button
Seat 1: Captaincamby ($10.05 in chips) 
Seat 3: NatureVince ($5 in chips) 
Seat 4: Almanza63 ($8.15 in chips) 
Seat 5: masonada213 ($3.70 in chips) 
Seat 6: Manuelito180 ($11.31 in chips) 
Seat 7: kemal_zay4ik ($9.15 in chips) 
Seat 8: freeyoumind ($5 in chips) 
Seat 9: Dorex2007 ($6.19 in chips) 
Manuelito180: posts small blind $0.02
kemal_zay4ik: posts big blind $0.05
*** HOLE CARDS ***
Dealt to Dorex2007 [4s 3h]
freeyoumind: folds 
Dorex2007: folds 
Captaincamby: folds 
NatureVince: folds 
Captaincamby leaves the table
Almanza63: folds 
masonada213: raises $0.10 to $0.15
Manuelito180: folds 
kemal_zay4ik: folds 
Uncalled bet ($0.10) returned to masonada213
masonada213 collected $0.12 from pot
*** SUMMARY ***
Total pot $0.12 | Rake $0 
Seat 1: Captaincamby folded before Flop (didn't bet)
Seat 3: NatureVince folded before Flop (didn't bet)
Seat 4: Almanza63 folded before Flop (didn't bet)
Seat 5: masonada213 (button) collected ($0.12)
Seat 6: Manuelito180 (small blind) folded before Flop
Seat 7: kemal_zay4ik (big blind) folded before Flop
Seat 8: freeyoumind folded before Flop (didn't bet)
Seat 9: Dorex2007 folded before Flop (didn't bet)



PokerStars Hand #237446734428:  Hold'em No Limit ($0.02/$0.05 USD) - 2022/07/18 17:36:40 PT [2022/07/18 20:36:40 ET]
Table 'Phryne III' 9-max Seat #6 is the button
Seat 3: NatureVince ($5 in chips) 
Seat 4: Almanza63 ($8.15 in chips) 
Seat 5: masonada213 ($3.77 in chips) 
Seat 6: Manuelito180 ($11.29 in chips) 
Seat 7: kemal_zay4ik ($9.10 in chips) 
Seat 8: freeyoumind ($5 in chips) 
Seat 9: Dorex2007 ($6.19 in chips) 
kemal_zay4ik: posts small blind $0.02
freeyoumind: posts big blind $0.05
*** HOLE CARDS ***
Dealt to Dorex2007 [Qs Ad]
Dorex2007: raises $0.10 to $0.15
NatureVince: folds 
Almanza63: folds 
masonada213: folds 
Manuelito180: folds 
kemal_zay4ik: folds 
freeyoumind: folds 
Uncalled bet ($0.10) returned to Dorex2007
Dorex2007 collected $0.12 from pot
*** SUMMARY ***
Total pot $0.12 | Rake $0 
Seat 3: NatureVince folded before Flop (didn't bet)
Seat 4: Almanza63 folded before Flop (didn't bet)
Seat 5: masonada213 folded before Flop (didn't bet)
Seat 6: Manuelito180 (button) folded before Flop (didn't bet)
Seat 7: kemal_zay4ik (small blind) folded before Flop
Seat 8: freeyoumind (big blind) folded before Flop
Seat 9: Dorex2007 collected ($0.12)



PokerStars Hand #237446740459:  Hold'em No Limit ($0.02/$0.05 USD) - 2022/07/18 17:37:07 PT [2022/07/18 20:37:07 ET]
Table 'Phryne III' 9-max Seat #7 is the button
Seat 3: NatureVince ($5 in chips) 
Seat 4: Almanza63 ($8.15 in chips) 
Seat 5: masonada213 ($3.77 in chips) 
Seat 6: Manuelito180 ($11.29 in chips) 
Seat 7: kemal_zay4ik ($9.08 in chips) 
Seat 8: freeyoumind ($5 in chips) 
Seat 9: Dorex2007 ($6.26 in chips) 
freeyoumind: posts small blind $0.02
Dorex2007: posts big blind $0.05
*** HOLE CARDS ***
Dealt to Dorex2007 [4c 5s]
NatureVince: raises $0.10 to $0.15
Almanza63: folds 
masonada213: folds 
Manuelito180: folds 
kemal_zay4ik: folds 
freeyoumind: folds 
Dorex2007: folds 
Uncalled bet ($0.10) returned to NatureVince
NatureVince collected $0.12 from pot
*** SUMMARY ***
Total pot $0.12 | Rake $0 
Seat 3: NatureVince collected ($0.12)
Seat 4: Almanza63 folded before Flop (didn't bet)
Seat 5: masonada213 folded before Flop (didn't bet)
Seat 6: Manuelito180 folded before Flop (didn't bet)
Seat 7: kemal_zay4ik (button) folded before Flop (didn't bet)
Seat 8: freeyoumind (small blind) folded before Flop
Seat 9: Dorex2007 (big blind) folded before Flop



PokerStars Hand #237446743643:  Hold'em No Limit ($0.02/$0.05 USD) - 2022/07/18 17:37:20 PT [2022/07/18 20:37:20 ET]
Table 'Phryne III' 9-max Seat #8 is the button
Seat 3: NatureVince ($5.07 in chips) 
Seat 4: Almanza63 ($8.15 in chips) 
Seat 5: masonada213 ($3.77 in chips) 
Seat 6: Manuelito180 ($11.29 in chips) 
Seat 7: kemal_zay4ik ($9.08 in chips) 
Seat 8: freeyoumind ($5 in chips) 
Seat 9: Dorex2007 ($6.21 in chips) 
Dorex2007: posts small blind $0.02
NatureVince: posts big blind $0.05
*** HOLE CARDS ***
Dealt to Dorex2007 [Qh 2d]
Almanza63: folds 
masonada213: folds 
Manuelito180: folds 
kemal_zay4ik: folds 
freeyoumind: folds 
Dorex2007: folds 
Uncalled bet ($0.03) returned to NatureVince
NatureVince collected $0.04 from pot
*** SUMMARY ***
Total pot $0.04 | Rake $0 
Seat 3: NatureVince (big blind) collected ($0.04)
Seat 4: Almanza63 folded before Flop (didn't bet)
Seat 5: masonada213 folded before Flop (didn't bet)
Seat 6: Manuelito180 folded before Flop (didn't bet)
Seat 7: kemal_zay4ik folded before Flop (didn't bet)
Seat 8: freeyoumind (button) folded before Flop (didn't bet)
Seat 9: Dorex2007 (small blind) folded before Flop



PokerStars Hand #237446747860:  Hold'em No Limit ($0.02/$0.05 USD) - 2022/07/18 17:37:39 PT [2022/07/18 20:37:39 ET]
Table 'Phryne III' 9-max Seat #9 is the button
Seat 3: NatureVince ($5.09 in chips) 
Seat 4: Almanza63 ($8.15 in chips) 
Seat 5: masonada213 ($3.77 in chips) 
Seat 6: Manuelito180 ($11.29 in chips) 
Seat 7: kemal_zay4ik ($9.08 in chips) 
Seat 8: freeyoumind ($5 in chips) 
Seat 9: Dorex2007 ($6.19 in chips) 
NatureVince: posts small blind $0.02
Almanza63: posts big blind $0.05
*** HOLE CARDS ***
Dealt to Dorex2007 [4s 2c]
masonada213: raises $0.10 to $0.15
Manuelito180: folds 
kemal_zay4ik: folds 
freeyoumind: folds 
Dorex2007: folds 
NatureVince: folds 
Almanza63: folds 
Uncalled bet ($0.10) returned to masonada213
masonada213 collected $0.12 from pot
*** SUMMARY ***
Total pot $0.12 | Rake $0 
Seat 3: NatureVince (small blind) folded before Flop
Seat 4: Almanza63 (big blind) folded before Flop
Seat 5: masonada213 collected ($0.12)
Seat 6: Manuelito180 folded before Flop (didn't bet)
Seat 7: kemal_zay4ik folded before Flop (didn't bet)
Seat 8: freeyoumind folded before Flop (didn't bet)
Seat 9: Dorex2007 (button) folded before Flop (didn't bet)



PokerStars Hand #237446752728:  Hold'em No Limit ($0.02/$0.05 USD) - 2022/07/18 17:38:00 PT [2022/07/18 20:38:00 ET]
Table 'Phryne III' 9-max Seat #3 is the button
Seat 3: NatureVince ($5.07 in chips) 
Seat 4: Almanza63 ($8.10 in chips) 
Seat 5: masonada213 ($3.84 in chips) 
Seat 6: Manuelito180 ($11.29 in chips) 
Seat 7: kemal_zay4ik ($9.08 in chips) 
Seat 8: freeyoumind ($5 in chips) 
Seat 9: Dorex2007 ($6.19 in chips) 
Almanza63: posts small blind $0.02
masonada213: posts big blind $0.05
*** HOLE CARDS ***
Dealt to Dorex2007 [2c 2d]
Manuelito180: folds 
kemal_zay4ik: folds 
freeyoumind: raises $0.07 to $0.12
Dorex2007: folds 
NatureVince: folds 
Almanza63: calls $0.10
masonada213: calls $0.07
*** FLOP *** [8h As Kc]
Almanza63: checks 
masonada213: checks 
freeyoumind: checks 
*** TURN *** [8h As Kc] [Td]
Almanza63: bets $0.25
masonada213: folds 
freeyoumind: folds 
Uncalled bet ($0.25) returned to Almanza63
Almanza63 collected $0.35 from pot
*** SUMMARY ***
Total pot $0.36 | Rake $0.01 
Board [8h As Kc Td]
Seat 3: NatureVince (button) folded before Flop (didn't bet)
Seat 4: Almanza63 (small blind) collected ($0.35)
Seat 5: masonada213 (big blind) folded on the Turn
Seat 6: Manuelito180 folded before Flop (didn't bet)
Seat 7: kemal_zay4ik folded before Flop (didn't bet)
Seat 8: freeyoumind folded on the Turn
Seat 9: Dorex2007 folded before Flop (didn't bet)



PokerStars Hand #237446767528:  Hold'em No Limit ($0.02/$0.05 USD) - 2022/07/18 17:39:05 PT [2022/07/18 20:39:05 ET]
Table 'Phryne III' 9-max Seat #4 is the button
Seat 3: NatureVince ($5.07 in chips) 
Seat 4: Almanza63 ($8.33 in chips) 
Seat 5: masonada213 ($3.72 in chips) 
Seat 6: Manuelito180 ($11.29 in chips) 
Seat 7: kemal_zay4ik ($9.08 in chips) 
Seat 8: freeyoumind ($5 in chips) 
Seat 9: Dorex2007 ($6.19 in chips) 
masonada213: posts small blind $0.02
Manuelito180: posts big blind $0.05
*** HOLE CARDS ***
Dealt to Dorex2007 [Ks 5h]
kemal_zay4ik: raises $0.10 to $0.15
freeyoumind: folds 
Dorex2007: folds 
NatureVince: folds 
Almanza63: folds 
masonada213: folds 
Manuelito180: folds 
Uncalled bet ($0.10) returned to kemal_zay4ik
kemal_zay4ik collected $0.12 from pot
*** SUMMARY ***
Total pot $0.12 | Rake $0 
Seat 3: NatureVince folded before Flop (didn't bet)
Seat 4: Almanza63 (button) folded before Flop (didn't bet)
Seat 5: masonada213 (small blind) folded before Flop
Seat 6: Manuelito180 (big blind) folded before Flop
Seat 7: kemal_zay4ik collected ($0.12)
Seat 8: freeyoumind folded before Flop (didn't bet)
Seat 9: Dorex2007 folded before Flop (didn't bet)



PokerStars Hand #237446776066:  Hold'em No Limit ($0.02/$0.05 USD) - 2022/07/18 17:39:42 PT [2022/07/18 20:39:42 ET]
Table 'Phryne III' 9-max Seat #5 is the button
Seat 3: NatureVince ($5.07 in chips) 
Seat 4: Almanza63 ($8.33 in chips) 
Seat 5: masonada213 ($3.70 in chips) 
Seat 6: Manuelito180 ($11.24 in chips) 
Seat 7: kemal_zay4ik ($9.15 in chips) 
Seat 8: freeyoumind ($5 in chips) 
Seat 9: Dorex2007 ($6.19 in chips) 
Manuelito180: posts small blind $0.02
kemal_zay4ik: posts big blind $0.05
*** HOLE CARDS ***
Dealt to Dorex2007 [3c 7c]
freeyoumind: folds 
Dorex2007: folds 
NatureVince: folds 
Almanza63: folds 
masonada213: raises $0.10 to $0.15
Manuelito180: calls $0.13
Torique42 joins the table at seat #1 
kemal_zay4ik: folds 
*** FLOP *** [5s Js 9s]
Manuelito180: checks 
masonada213: bets $0.22
Manuelito180: folds 
Uncalled bet ($0.22) returned to masonada213
masonada213 collected $0.34 from pot
*** SUMMARY ***
Total pot $0.35 | Rake $0.01 
Board [5s Js 9s]
Seat 3: NatureVince folded before Flop (didn't bet)
Seat 4: Almanza63 folded before Flop (didn't bet)
Seat 5: masonada213 (button) collected ($0.34)
Seat 6: Manuelito180 (small blind) folded on the Flop
Seat 7: kemal_zay4ik (big blind) folded before Flop
Seat 8: freeyoumind folded before Flop (didn't bet)
Seat 9: Dorex2007 folded before Flop (didn't bet)



PokerStars Hand #237446785942:  Hold'em No Limit ($0.02/$0.05 USD) - 2022/07/18 17:40:26 PT [2022/07/18 20:40:26 ET]
Table 'Phryne III' 9-max Seat #6 is the button
Seat 3: NatureVince ($5.07 in chips) 
Seat 4: Almanza63 ($8.33 in chips) 
Seat 5: masonada213 ($3.89 in chips) 
Seat 6: Manuelito180 ($11.09 in chips) 
Seat 7: kemal_zay4ik ($9.10 in chips) 
Seat 8: freeyoumind ($5 in chips) 
Seat 9: Dorex2007 ($6.19 in chips) 
kemal_zay4ik: posts small blind $0.02
freeyoumind: posts big blind $0.05
Torique42: sits out 
*** HOLE CARDS ***
Dealt to Dorex2007 [4s Jc]
Dorex2007 has timed out
Dorex2007: folds 
NatureVince: folds 
Almanza63: folds 
masonada213: folds 
Manuelito180: raises $0.10 to $0.15
kemal_zay4ik: folds 
freeyoumind: calls $0.10
*** FLOP *** [Ad 2s 8d]
freeyoumind: checks 
Manuelito180: checks 
*** TURN *** [Ad 2s 8d] [Tc]
zecrai joins the table at seat #2 
freeyoumind: bets $0.16
Manuelito180: calls $0.16
*** RIVER *** [Ad 2s 8d Tc] [2d]
freeyoumind: bets $0.55
Manuelito180: calls $0.55
*** SHOW DOWN ***
freeyoumind: shows [9d Td] (a flush, Ace high)
Manuelito180: mucks hand 
freeyoumind collected $1.67 from pot
*** SUMMARY ***
Total pot $1.74 | Rake $0.07 
Board [Ad 2s 8d Tc 2d]
Seat 3: NatureVince folded before Flop (didn't bet)
Seat 4: Almanza63 folded before Flop (didn't bet)
Seat 5: masonada213 folded before Flop (didn't bet)
Seat 6: Manuelito180 (button) mucked [Kd Ts]
Seat 7: kemal_zay4ik (small blind) folded before Flop
Seat 8: freeyoumind (big blind) showed [9d Td] and won ($1.67) with a flush, Ace high
Seat 9: Dorex2007 folded before Flop (didn't bet)



PokerStars Hand #237446799906:  Hold'em No Limit ($0.02/$0.05 USD) - 2022/07/18 17:41:21 PT [2022/07/18 20:41:21 ET]
Table 'Phryne III' 9-max Seat #7 is the button
Seat 2: zecrai ($5 in chips) 
Seat 3: NatureVince ($5.07 in chips) 
Seat 4: Almanza63 ($8.33 in chips) 
Seat 5: masonada213 ($3.89 in chips) 
Seat 6: Manuelito180 ($10.23 in chips) 
Seat 7: kemal_zay4ik ($9.08 in chips) 
Seat 8: freeyoumind ($5.81 in chips) 
Seat 9: Dorex2007 ($6.19 in chips) 
freeyoumind: posts small blind $0.02
Dorex2007: posts big blind $0.05
Torique42: sits out 
zecrai: posts big blind $0.05
*** HOLE CARDS ***
Dealt to Dorex2007 [9h Qs]
zecrai: checks 
NatureVince: folds 
Almanza63: raises $0.15 to $0.20
masonada213: folds 
Manuelito180: folds 
kemal_zay4ik: folds 
freeyoumind: folds 
Dorex2007: folds 
zecrai: folds 
Uncalled bet ($0.15) returned to Almanza63
Almanza63 collected $0.17 from pot
*** SUMMARY ***
Total pot $0.17 | Rake $0 
Seat 2: zecrai folded before Flop (didn't bet)
Seat 3: NatureVince folded before Flop (didn't bet)
Seat 4: Almanza63 collected ($0.17)
Seat 5: masonada213 folded before Flop (didn't bet)
Seat 6: Manuelito180 folded before Flop (didn't bet)
Seat 7: kemal_zay4ik (button) folded before Flop (didn't bet)
Seat 8: freeyoumind (small blind) folded before Flop
Seat 9: Dorex2007 (big blind) folded before Flop



PokerStars Hand #237446815907:  Hold'em No Limit ($0.02/$0.05 USD) - 2022/07/18 17:41:58 PT [2022/07/18 20:41:58 ET]
Table 'Phryne III' 9-max Seat #8 is the button
Seat 1: Torique42 ($5 in chips) 
Seat 2: zecrai ($5 in chips) 
Seat 3: NatureVince ($5.07 in chips) 
Seat 4: Almanza63 ($8.45 in chips) 
Seat 5: masonada213 ($3.89 in chips) 
Seat 6: Manuelito180 ($10.23 in chips) 
Seat 7: kemal_zay4ik ($9.08 in chips) 
Seat 8: freeyoumind ($5.79 in chips) 
Seat 9: Dorex2007 ($6.14 in chips) 
Dorex2007: posts small blind $0.02
Torique42: posts big blind $0.05
*** HOLE CARDS ***
Dealt to Dorex2007 [6h 3h]
zecrai: folds 
NatureVince: folds 
Almanza63: raises $0.20 to $0.25
masonada213: folds 
Manuelito180: folds 
kemal_zay4ik: folds 
freeyoumind: folds 
Dorex2007: folds 
Torique42: calls $0.20
*** FLOP *** [7s 7h 5d]
Torique42: checks 
Almanza63: checks 
*** TURN *** [7s 7h 5d] [9h]
Torique42: checks 
Almanza63: bets $0.35
Torique42: raises $0.45 to $0.80
Almanza63: folds 
Uncalled bet ($0.45) returned to Torique42
Torique42 collected $1.17 from pot
*** SUMMARY ***
Total pot $1.22 | Rake $0.05 
Board [7s 7h 5d 9h]
Seat 1: Torique42 (big blind) collected ($1.17)
Seat 2: zecrai folded before Flop (didn't bet)
Seat 3: NatureVince folded before Flop (didn't bet)
Seat 4: Almanza63 folded on the Turn
Seat 5: masonada213 folded before Flop (didn't bet)
Seat 6: Manuelito180 folded before Flop (didn't bet)
Seat 7: kemal_zay4ik folded before Flop (didn't bet)
Seat 8: freeyoumind (button) folded before Flop (didn't bet)
Seat 9: Dorex2007 (small blind) folded before Flop



PokerStars Hand #237446827086:  Hold'em No Limit ($0.02/$0.05 USD) - 2022/07/18 17:42:48 PT [2022/07/18 20:42:48 ET]
Table 'Phryne III' 9-max Seat #9 is the button
Seat 1: Torique42 ($5.57 in chips) 
Seat 2: zecrai ($5 in chips) 
Seat 3: NatureVince ($5.07 in chips) 
Seat 4: Almanza63 ($7.85 in chips) 
Seat 5: masonada213 ($3.89 in chips) 
Seat 6: Manuelito180 ($10.23 in chips) 
Seat 7: kemal_zay4ik ($9.08 in chips) 
Seat 8: freeyoumind ($5.79 in chips) 
Seat 9: Dorex2007 ($6.12 in chips) 
Torique42: posts small blind $0.02
zecrai: posts big blind $0.05
*** HOLE CARDS ***
Dealt to Dorex2007 [7d 7s]
NatureVince: raises $0.10 to $0.15
Almanza63: folds 
masonada213: folds 
Manuelito180: folds 
kemal_zay4ik: folds 
freeyoumind: folds 
Dorex2007: raises $0.30 to $0.45
Torique42: folds 
zecrai: folds 
NatureVince: raises $4.62 to $5.07 and is all-in
Dorex2007: folds 
Uncalled bet ($4.62) returned to NatureVince
NatureVince collected $0.97 from pot
*** SUMMARY ***
Total pot $0.97 | Rake $0 
Seat 1: Torique42 (small blind) folded before Flop
Seat 2: zecrai (big blind) folded before Flop
Seat 3: NatureVince collected ($0.97)
Seat 4: Almanza63 folded before Flop (didn't bet)
Seat 5: masonada213 folded before Flop (didn't bet)
Seat 6: Manuelito180 folded before Flop (didn't bet)
Seat 7: kemal_zay4ik folded before Flop (didn't bet)
Seat 8: freeyoumind folded before Flop (didn't bet)
Seat 9: Dorex2007 (button) folded before Flop



PokerStars Hand #237446841466:  Hold'em No Limit ($0.02/$0.05 USD) - 2022/07/18 17:43:51 PT [2022/07/18 20:43:51 ET]
Table 'Phryne III' 9-max Seat #1 is the button
Seat 1: Torique42 ($5.55 in chips) 
Seat 2: zecrai ($5 in chips) 
Seat 4: Almanza63 ($7.85 in chips) 
Seat 5: masonada213 ($3.89 in chips) 
Seat 6: Manuelito180 ($10.23 in chips) 
Seat 7: kemal_zay4ik ($9.08 in chips) 
Seat 8: freeyoumind ($5.79 in chips) 
Seat 9: Dorex2007 ($5.67 in chips) 
zecrai: posts small blind $0.02
NatureVince: is sitting out 
Almanza63: posts big blind $0.05
*** HOLE CARDS ***
Dealt to Dorex2007 [9s Jd]
masonada213: folds 
Manuelito180: folds 
kemal_zay4ik: folds 
freeyoumind: folds 
Dorex2007: folds 
Torique42: raises $0.12 to $0.17
zecrai: calls $0.15
Almanza63: folds 
*** FLOP *** [2d Ac 5s]
zecrai: checks 
Torique42: bets $0.12
zecrai: calls $0.12
*** TURN *** [2d Ac 5s] [Qd]
zecrai: checks 
Torique42: bets $0.46
zecrai: folds 
Uncalled bet ($0.46) returned to Torique42
Torique42 collected $0.60 from pot
*** SUMMARY ***
Total pot $0.63 | Rake $0.03 
Board [2d Ac 5s Qd]
Seat 1: Torique42 (button) collected ($0.60)
Seat 2: zecrai (small blind) folded on the Turn
Seat 4: Almanza63 (big blind) folded before Flop
Seat 5: masonada213 folded before Flop (didn't bet)
Seat 6: Manuelito180 folded before Flop (didn't bet)
Seat 7: kemal_zay4ik folded before Flop (didn't bet)
Seat 8: freeyoumind folded before Flop (didn't bet)
Seat 9: Dorex2007 folded before Flop (didn't bet)



PokerStars Hand #237446856388:  Hold'em No Limit ($0.02/$0.05 USD) - 2022/07/18 17:44:58 PT [2022/07/18 20:44:58 ET]
Table 'Phryne III' 9-max Seat #2 is the button
Seat 1: Torique42 ($5.86 in chips) 
Seat 2: zecrai ($5 in chips) 
Seat 4: Almanza63 ($7.80 in chips) 
Seat 5: masonada213 ($3.89 in chips) 
Seat 6: Manuelito180 ($10.23 in chips) 
Seat 7: kemal_zay4ik ($9.08 in chips) 
Seat 8: freeyoumind ($5.79 in chips) 
Seat 9: Dorex2007 ($5.67 in chips) 
Almanza63: posts small blind $0.02
masonada213: posts big blind $0.05
*** HOLE CARDS ***
Dealt to Dorex2007 [Qd Qc]
Manuelito180: raises $0.07 to $0.12
kemal_zay4ik: calls $0.12
freeyoumind: folds 
Dorex2007: raises $0.18 to $0.30
Torique42: folds 
zecrai: folds 
Almanza63: folds 
masonada213: folds 
Manuelito180: calls $0.18
kemal_zay4ik: calls $0.18
*** FLOP *** [As 5h 8h]
Manuelito180: checks 
kemal_zay4ik: checks 
Dorex2007: bets $0.30
Manuelito180: raises $0.60 to $0.90
kemal_zay4ik: folds 
Dorex2007: folds 
Uncalled bet ($0.60) returned to Manuelito180
Manuelito180 collected $1.50 from pot
*** SUMMARY ***
Total pot $1.57 | Rake $0.07 
Board [As 5h 8h]
Seat 1: Torique42 folded before Flop (didn't bet)
Seat 2: zecrai (button) folded before Flop (didn't bet)
Seat 4: Almanza63 (small blind) folded before Flop
Seat 5: masonada213 (big blind) folded before Flop
Seat 6: Manuelito180 collected ($1.50)
Seat 7: kemal_zay4ik folded on the Flop
Seat 8: freeyoumind folded before Flop (didn't bet)
Seat 9: Dorex2007 folded on the Flop



PokerStars Hand #237446877925:  Hold'em No Limit ($0.02/$0.05 USD) - 2022/07/18 17:46:14 PT [2022/07/18 20:46:14 ET]
Table 'Phryne III' 9-max Seat #4 is the button
Seat 1: Torique42 ($5.86 in chips) 
Seat 2: zecrai ($5 in chips) 
Seat 4: Almanza63 ($7.78 in chips) 
Seat 5: masonada213 ($3.84 in chips) 
Seat 6: Manuelito180 ($11.13 in chips) 
Seat 7: kemal_zay4ik ($8.78 in chips) 
Seat 8: freeyoumind ($5.79 in chips) 
Seat 9: Dorex2007 ($5.07 in chips) 
masonada213: posts small blind $0.02
Manuelito180: posts big blind $0.05
*** HOLE CARDS ***
Dealt to Dorex2007 [Ac 6h]
kemal_zay4ik: folds 
freeyoumind: folds 
Dorex2007: folds 
Torique42: folds 
zecrai: folds 
Almanza63: folds 
NatureVince leaves the table
masonada213: folds 
Uncalled bet ($0.03) returned to Manuelito180
Manuelito180 collected $0.04 from pot
*** SUMMARY ***
Total pot $0.04 | Rake $0 
Seat 1: Torique42 folded before Flop (didn't bet)
Seat 2: zecrai folded before Flop (didn't bet)
Seat 4: Almanza63 (button) folded before Flop (didn't bet)
Seat 5: masonada213 (small blind) folded before Flop
Seat 6: Manuelito180 (big blind) collected ($0.04)
Seat 7: kemal_zay4ik folded before Flop (didn't bet)
Seat 8: freeyoumind folded before Flop (didn't bet)
Seat 9: Dorex2007 folded before Flop (didn't bet)



PokerStars Hand #237446885044:  Hold'em No Limit ($0.02/$0.05 USD) - 2022/07/18 17:46:46 PT [2022/07/18 20:46:46 ET]
Table 'Phryne III' 9-max Seat #5 is the button
Seat 1: Torique42 ($5.86 in chips) 
Seat 2: zecrai ($5 in chips) 
Seat 4: Almanza63 ($7.78 in chips) 
Seat 5: masonada213 ($3.82 in chips) 
Seat 6: Manuelito180 ($11.15 in chips) 
Seat 7: kemal_zay4ik ($8.78 in chips) 
Seat 8: freeyoumind ($5.79 in chips) 
Seat 9: Dorex2007 ($5.07 in chips) 
Manuelito180: posts small blind $0.02
kemal_zay4ik: posts big blind $0.05
*** HOLE CARDS ***
Dealt to Dorex2007 [Jd 7c]
freeyoumind: folds 
Dorex2007: folds 
freeyoumind leaves the table
Torique42: calls $0.05
zecrai: raises $0.17 to $0.22
Almanza63: folds 
masonada213: folds 
Manuelito180: folds 
kemal_zay4ik: folds 
Torique42: folds 
Uncalled bet ($0.17) returned to zecrai
zecrai collected $0.17 from pot
*** SUMMARY ***
Total pot $0.17 | Rake $0 
Seat 1: Torique42 folded before Flop
Seat 2: zecrai collected ($0.17)
Seat 4: Almanza63 folded before Flop (didn't bet)
Seat 5: masonada213 (button) folded before Flop (didn't bet)
Seat 6: Manuelito180 (small blind) folded before Flop
Seat 7: kemal_zay4ik (big blind) folded before Flop
Seat 8: freeyoumind folded before Flop (didn't bet)
Seat 9: Dorex2007 folded before Flop (didn't bet)



PokerStars Hand #237446893126:  Hold'em No Limit ($0.02/$0.05 USD) - 2022/07/18 17:47:21 PT [2022/07/18 20:47:21 ET]
Table 'Phryne III' 9-max Seat #6 is the button
Seat 1: Torique42 ($5.81 in chips) 
Seat 2: zecrai ($5.12 in chips) 
Seat 4: Almanza63 ($7.78 in chips) 
Seat 5: masonada213 ($3.82 in chips) 
Seat 6: Manuelito180 ($11.13 in chips) 
Seat 7: kemal_zay4ik ($8.73 in chips) 
Seat 9: Dorex2007 ($5.07 in chips) 
kemal_zay4ik: posts small blind $0.02
Dorex2007: posts big blind $0.05
*** HOLE CARDS ***
Dealt to Dorex2007 [As 8c]
Torique42: calls $0.05
zecrai: folds 
Almanza63: folds 
Almanza63 leaves the table
masonada213: folds 
Manuelito180: raises $0.10 to $0.15
kemal_zay4ik: folds 
Dorex2007: folds 
Torique42: calls $0.10
*** FLOP *** [Jh 4d Td]
Torique42: checks 
Manuelito180: checks 
*** TURN *** [Jh 4d Td] [3h]
Torique42: bets $0.25
Manuelito180: calls $0.25
*** RIVER *** [Jh 4d Td 3h] [2c]
Torique42: bets $0.40
Manuelito180: calls $0.40
*** SHOW DOWN ***
Torique42: shows [7c 7h] (a pair of Sevens)
Manuelito180: shows [Ts Ks] (a pair of Tens)
Manuelito180 collected $1.60 from pot
*** SUMMARY ***
Total pot $1.67 | Rake $0.07 
Board [Jh 4d Td 3h 2c]
Seat 1: Torique42 showed [7c 7h] and lost with a pair of Sevens
Seat 2: zecrai folded before Flop (didn't bet)
Seat 4: Almanza63 folded before Flop (didn't bet)
Seat 5: masonada213 folded before Flop (didn't bet)
Seat 6: Manuelito180 (button) showed [Ts Ks] and won ($1.60) with a pair of Tens
Seat 7: kemal_zay4ik (small blind) folded before Flop
Seat 9: Dorex2007 (big blind) folded before Flop



PokerStars Hand #237446904236:  Hold'em No Limit ($0.02/$0.05 USD) - 2022/07/18 17:48:11 PT [2022/07/18 20:48:11 ET]
Table 'Phryne III' 9-max Seat #7 is the button
Seat 1: Torique42 ($5.01 in chips) 
Seat 2: zecrai ($5.12 in chips) 
Seat 5: masonada213 ($3.82 in chips) 
Seat 6: Manuelito180 ($11.93 in chips) 
Seat 7: kemal_zay4ik ($8.71 in chips) 
Seat 9: Dorex2007 ($5.02 in chips) 
Dorex2007: posts small blind $0.02
Torique42: posts big blind $0.05
*** HOLE CARDS ***
Dealt to Dorex2007 [Ks 7c]
zecrai: folds 
masonada213: folds 
Manuelito180: folds 
kemal_zay4ik: folds 
Dorex2007: folds 
Uncalled bet ($0.03) returned to Torique42
Torique42 collected $0.04 from pot
*** SUMMARY ***
Total pot $0.04 | Rake $0 
Seat 1: Torique42 (big blind) collected ($0.04)
Seat 2: zecrai folded before Flop (didn't bet)
Seat 5: masonada213 folded before Flop (didn't bet)
Seat 6: Manuelito180 folded before Flop (didn't bet)
Seat 7: kemal_zay4ik (button) folded before Flop (didn't bet)
Seat 9: Dorex2007 (small blind) folded before Flop



PokerStars Hand #237446906455:  Hold'em No Limit ($0.02/$0.05 USD) - 2022/07/18 17:48:21 PT [2022/07/18 20:48:21 ET]
Table 'Phryne III' 9-max Seat #9 is the button
Seat 1: Torique42 ($5.03 in chips) 
Seat 2: zecrai ($5.12 in chips) 
Seat 5: masonada213 ($3.82 in chips) 
Seat 6: Manuelito180 ($11.93 in chips) 
Seat 7: kemal_zay4ik ($8.71 in chips) 
Seat 9: Dorex2007 ($5 in chips) 
Torique42: posts small blind $0.02
zecrai: posts big blind $0.05
*** HOLE CARDS ***
Dealt to Dorex2007 [3d Qc]
masonada213: raises $0.07 to $0.12
Manuelito180: folds 
kemal_zay4ik: folds 
Dorex2007: folds 
Torique42: calls $0.10
zecrai: folds 
*** FLOP *** [5c Jd 9h]
Torique42: checks 
masonada213: bets $0.18
Torique42: calls $0.18
*** TURN *** [5c Jd 9h] [Ts]
Torique42: checks 
masonada213: checks 
*** RIVER *** [5c Jd 9h Ts] [6h]
Torique42: bets $0.70
masonada213: folds 
Uncalled bet ($0.70) returned to Torique42
Torique42 collected $0.62 from pot
*** SUMMARY ***
Total pot $0.65 | Rake $0.03 
Board [5c Jd 9h Ts 6h]
Seat 1: Torique42 (small blind) collected ($0.62)
Seat 2: zecrai (big blind) folded before Flop
Seat 5: masonada213 folded on the River
Seat 6: Manuelito180 folded before Flop (didn't bet)
Seat 7: kemal_zay4ik folded before Flop (didn't bet)
Seat 9: Dorex2007 (button) folded before Flop (didn't bet)



