PokerStars Hand #227816391975:  Hold'em No Limit ($0.01/$0.02 USD) - 2021/06/24 11:16:36 PT [2021/06/24 14:16:36 ET]
Table 'Caecilia III' 9-max Seat #2 is the button
Seat 1: Dorex2007 ($2 in chips) 
Seat 2: musqui ($1.32 in chips) 
Seat 3: SosaStars1 ($5.16 in chips) 
Seat 4: andreyval777 ($2.47 in chips) 
Seat 5: nesnahh ($2 in chips) 
Seat 6: Jojo78901 ($0.82 in chips) 
Seat 7: Almanza63 ($2.52 in chips) 
Seat 8: 4opl1a ($2.03 in chips) 
Seat 9: Ariokosan83 ($1.89 in chips) 
SosaStars1: posts small blind $0.01
andreyval777: posts big blind $0.02
Dorex2007: posts big blind $0.02
*** HOLE CARDS ***
Dealt to Dorex2007 [3d Jh]
nesnahh: folds 
Jojo78901: folds 
Almanza63: folds 
4opl1a: folds 
Ariokosan83 has timed out
Ariokosan83: folds 
Dorex2007: checks 
musqui: calls $0.02
SosaStars1: folds 
andreyval777: checks 
*** FLOP *** [8d Ad 7h]
andreyval777: checks 
Dorex2007: checks 
musqui: bets $0.02
andreyval777: folds 
Dorex2007: folds 
Uncalled bet ($0.02) returned to musqui
musqui collected $0.07 from pot
musqui: doesn't show hand 
*** SUMMARY ***
Total pot $0.07 | Rake $0 
Board [8d Ad 7h]
Seat 1: Dorex2007 folded on the Flop (didn't bet)
Seat 2: musqui (button) collected ($0.07)
Seat 3: SosaStars1 (small blind) folded before Flop
Seat 4: andreyval777 (big blind) folded on the Flop
Seat 5: nesnahh folded before Flop (didn't bet)
Seat 6: Jojo78901 folded before Flop (didn't bet)
Seat 7: Almanza63 folded before Flop (didn't bet)
Seat 8: 4opl1a folded before Flop (didn't bet)
Seat 9: Ariokosan83 folded before Flop (didn't bet)



PokerStars Hand #227816406736:  Hold'em No Limit ($0.01/$0.02 USD) - 2021/06/24 11:17:12 PT [2021/06/24 14:17:12 ET]
Table 'Caecilia III' 9-max Seat #3 is the button
Seat 1: Dorex2007 ($1.98 in chips) 
Seat 2: musqui ($1.37 in chips) 
Seat 3: SosaStars1 ($5.15 in chips) 
Seat 4: andreyval777 ($2.45 in chips) 
Seat 5: nesnahh ($2 in chips) 
Seat 6: Jojo78901 ($0.82 in chips) 
Seat 7: Almanza63 ($2.52 in chips) 
Seat 8: 4opl1a ($2.03 in chips) 
Seat 9: Ariokosan83 ($1.89 in chips) 
andreyval777: posts small blind $0.01
nesnahh: posts big blind $0.02
*** HOLE CARDS ***
Dealt to Dorex2007 [9s 4c]
Jojo78901: folds 
Almanza63: folds 
4opl1a: folds 
Ariokosan83: folds 
Dorex2007: folds 
musqui: folds 
SosaStars1: folds 
andreyval777: raises $0.02 to $0.04
nesnahh: folds 
Uncalled bet ($0.02) returned to andreyval777
andreyval777 collected $0.04 from pot
andreyval777: doesn't show hand 
*** SUMMARY ***
Total pot $0.04 | Rake $0 
Seat 1: Dorex2007 folded before Flop (didn't bet)
Seat 2: musqui folded before Flop (didn't bet)
Seat 3: SosaStars1 (button) folded before Flop (didn't bet)
Seat 4: andreyval777 (small blind) collected ($0.04)
Seat 5: nesnahh (big blind) folded before Flop
Seat 6: Jojo78901 folded before Flop (didn't bet)
Seat 7: Almanza63 folded before Flop (didn't bet)
Seat 8: 4opl1a folded before Flop (didn't bet)
Seat 9: Ariokosan83 folded before Flop (didn't bet)



PokerStars Hand #227816414940:  Hold'em No Limit ($0.01/$0.02 USD) - 2021/06/24 11:17:32 PT [2021/06/24 14:17:32 ET]
Table 'Caecilia III' 9-max Seat #4 is the button
Seat 1: Dorex2007 ($1.98 in chips) 
Seat 2: musqui ($1.37 in chips) 
Seat 3: SosaStars1 ($5.15 in chips) 
Seat 4: andreyval777 ($2.47 in chips) 
Seat 5: nesnahh ($1.98 in chips) 
Seat 6: Jojo78901 ($0.82 in chips) 
Seat 7: Almanza63 ($2.52 in chips) 
Seat 8: 4opl1a ($2.03 in chips) 
Seat 9: Ariokosan83 ($1.89 in chips) 
nesnahh: posts small blind $0.01
Jojo78901: posts big blind $0.02
*** HOLE CARDS ***
Dealt to Dorex2007 [Ts 4d]
Almanza63: folds 
4opl1a: raises $0.04 to $0.06
Ariokosan83: calls $0.06
Dorex2007: folds 
musqui: calls $0.06
SosaStars1: folds 
andreyval777: folds 
nesnahh: folds 
Jojo78901: folds 
*** FLOP *** [3d 4h Qd]
4opl1a: bets $0.06
Ariokosan83: calls $0.06
musqui: folds 
*** TURN *** [3d 4h Qd] [8c]
4opl1a: checks 
Ariokosan83: bets $0.16
4opl1a: folds 
Uncalled bet ($0.16) returned to Ariokosan83
Ariokosan83 collected $0.32 from pot
Ariokosan83: doesn't show hand 
*** SUMMARY ***
Total pot $0.33 | Rake $0.01 
Board [3d 4h Qd 8c]
Seat 1: Dorex2007 folded before Flop (didn't bet)
Seat 2: musqui folded on the Flop
Seat 3: SosaStars1 folded before Flop (didn't bet)
Seat 4: andreyval777 (button) folded before Flop (didn't bet)
Seat 5: nesnahh (small blind) folded before Flop
Seat 6: Jojo78901 (big blind) folded before Flop
Seat 7: Almanza63 folded before Flop (didn't bet)
Seat 8: 4opl1a folded on the Turn
Seat 9: Ariokosan83 collected ($0.32)



PokerStars Hand #227816428690:  Hold'em No Limit ($0.01/$0.02 USD) - 2021/06/24 11:18:06 PT [2021/06/24 14:18:06 ET]
Table 'Caecilia III' 9-max Seat #5 is the button
Seat 1: Dorex2007 ($1.98 in chips) 
Seat 2: musqui ($1.31 in chips) 
Seat 3: SosaStars1 ($5.15 in chips) 
Seat 4: andreyval777 ($2.47 in chips) 
Seat 5: nesnahh ($1.97 in chips) 
Seat 6: Jojo78901 ($0.80 in chips) 
Seat 7: Almanza63 ($2.52 in chips) 
Seat 8: 4opl1a ($2 in chips) 
Seat 9: Ariokosan83 ($2.09 in chips) 
Jojo78901: posts small blind $0.01
Almanza63: posts big blind $0.02
*** HOLE CARDS ***
Dealt to Dorex2007 [3h Kc]
4opl1a: folds 
Ariokosan83: folds 
Dorex2007: folds 
musqui: raises $0.02 to $0.04
SosaStars1: folds 
andreyval777: calls $0.04
nesnahh: calls $0.04
Jojo78901: calls $0.03
Almanza63: calls $0.02
*** FLOP *** [9h Ks Qc]
Jojo78901: checks 
Almanza63: checks 
musqui: bets $0.04
andreyval777: calls $0.04
nesnahh: folds 
Jojo78901: calls $0.04
Almanza63: folds 
*** TURN *** [9h Ks Qc] [4c]
Jojo78901: checks 
musqui: bets $0.04
andreyval777: folds 
Jojo78901: raises $0.06 to $0.10
musqui: calls $0.06
*** RIVER *** [9h Ks Qc 4c] [8d]
Jojo78901: bets $0.25
musqui: calls $0.25
*** SHOW DOWN ***
Jojo78901: shows [Th Jc] (a straight, Nine to King)
musqui: mucks hand 
Jojo78901 collected $0.98 from pot
*** SUMMARY ***
Total pot $1.02 | Rake $0.04 
Board [9h Ks Qc 4c 8d]
Seat 1: Dorex2007 folded before Flop (didn't bet)
Seat 2: musqui mucked [Kd Js]
Seat 3: SosaStars1 folded before Flop (didn't bet)
Seat 4: andreyval777 folded on the Turn
Seat 5: nesnahh (button) folded on the Flop
Seat 6: Jojo78901 (small blind) showed [Th Jc] and won ($0.98) with a straight, Nine to King
Seat 7: Almanza63 (big blind) folded on the Flop
Seat 8: 4opl1a folded before Flop (didn't bet)
Seat 9: Ariokosan83 folded before Flop (didn't bet)



PokerStars Hand #227816465650:  Hold'em No Limit ($0.01/$0.02 USD) - 2021/06/24 11:19:19 PT [2021/06/24 14:19:19 ET]
Table 'Caecilia III' 9-max Seat #6 is the button
Seat 1: Dorex2007 ($1.98 in chips) 
Seat 2: musqui ($0.88 in chips) 
Seat 3: SosaStars1 ($5.15 in chips) 
Seat 4: andreyval777 ($2.39 in chips) 
Seat 5: nesnahh ($1.93 in chips) 
Seat 6: Jojo78901 ($1.35 in chips) 
Seat 7: Almanza63 ($2.48 in chips) 
Seat 8: 4opl1a ($2 in chips) 
Seat 9: Ariokosan83 ($2.09 in chips) 
Almanza63: posts small blind $0.01
4opl1a: posts big blind $0.02
*** HOLE CARDS ***
Dealt to Dorex2007 [3c Td]
Ariokosan83: folds 
Dorex2007: folds 
musqui: folds 
SosaStars1: folds 
andreyval777: raises $0.02 to $0.04
nesnahh: folds 
Jojo78901: raises $0.04 to $0.08
Almanza63: folds 
4opl1a: folds 
andreyval777: calls $0.04
*** FLOP *** [9c 8d Js]
andreyval777: checks 
Jojo78901: bets $0.09
andreyval777: folds 
Uncalled bet ($0.09) returned to Jojo78901
Jojo78901 collected $0.18 from pot
Jojo78901: doesn't show hand 
*** SUMMARY ***
Total pot $0.19 | Rake $0.01 
Board [9c 8d Js]
Seat 1: Dorex2007 folded before Flop (didn't bet)
Seat 2: musqui folded before Flop (didn't bet)
Seat 3: SosaStars1 folded before Flop (didn't bet)
Seat 4: andreyval777 folded on the Flop
Seat 5: nesnahh folded before Flop (didn't bet)
Seat 6: Jojo78901 (button) collected ($0.18)
Seat 7: Almanza63 (small blind) folded before Flop
Seat 8: 4opl1a (big blind) folded before Flop
Seat 9: Ariokosan83 folded before Flop (didn't bet)



PokerStars Hand #227816479152:  Hold'em No Limit ($0.01/$0.02 USD) - 2021/06/24 11:19:53 PT [2021/06/24 14:19:53 ET]
Table 'Caecilia III' 9-max Seat #7 is the button
Seat 1: Dorex2007 ($1.98 in chips) 
Seat 2: musqui ($0.88 in chips) 
Seat 3: SosaStars1 ($5.15 in chips) 
Seat 4: andreyval777 ($2.31 in chips) 
Seat 5: nesnahh ($1.93 in chips) 
Seat 6: Jojo78901 ($1.45 in chips) 
Seat 7: Almanza63 ($2.47 in chips) 
Seat 8: 4opl1a ($2 in chips) 
Seat 9: Ariokosan83 ($2.09 in chips) 
4opl1a: posts small blind $0.01
Ariokosan83: posts big blind $0.02
*** HOLE CARDS ***
Dealt to Dorex2007 [Ah 9s]
Dorex2007: folds 
musqui: raises $0.02 to $0.04
SosaStars1: folds 
andreyval777: calls $0.04
nesnahh: folds 
Jojo78901: folds 
Almanza63: folds 
4opl1a: folds 
Ariokosan83: calls $0.02
*** FLOP *** [Qd 4s 6d]
Ariokosan83: checks 
musqui: bets $0.04
andreyval777: calls $0.04
Ariokosan83: calls $0.04
*** TURN *** [Qd 4s 6d] [Ts]
Ariokosan83: checks 
musqui: bets $0.04
andreyval777: raises $0.08 to $0.12
Ariokosan83: folds 
musqui: folds 
Uncalled bet ($0.08) returned to andreyval777
andreyval777 collected $0.32 from pot
andreyval777: doesn't show hand 
*** SUMMARY ***
Total pot $0.33 | Rake $0.01 
Board [Qd 4s 6d Ts]
Seat 1: Dorex2007 folded before Flop (didn't bet)
Seat 2: musqui folded on the Turn
Seat 3: SosaStars1 folded before Flop (didn't bet)
Seat 4: andreyval777 collected ($0.32)
Seat 5: nesnahh folded before Flop (didn't bet)
Seat 6: Jojo78901 folded before Flop (didn't bet)
Seat 7: Almanza63 (button) folded before Flop (didn't bet)
Seat 8: 4opl1a (small blind) folded before Flop
Seat 9: Ariokosan83 (big blind) folded on the Turn



PokerStars Hand #227816502494:  Hold'em No Limit ($0.01/$0.02 USD) - 2021/06/24 11:20:50 PT [2021/06/24 14:20:50 ET]
Table 'Caecilia III' 9-max Seat #8 is the button
Seat 1: Dorex2007 ($1.98 in chips) 
Seat 2: musqui ($0.76 in chips) 
Seat 3: SosaStars1 ($5.15 in chips) 
Seat 4: andreyval777 ($2.51 in chips) 
Seat 5: nesnahh ($1.93 in chips) 
Seat 6: Jojo78901 ($1.45 in chips) 
Seat 7: Almanza63 ($2.47 in chips) 
Seat 8: 4opl1a ($2 in chips) 
Seat 9: Ariokosan83 ($2.01 in chips) 
Ariokosan83: posts small blind $0.01
Dorex2007: posts big blind $0.02
*** HOLE CARDS ***
Dealt to Dorex2007 [3c 4d]
musqui: folds 
SosaStars1: folds 
andreyval777: raises $0.02 to $0.04
nesnahh: folds 
Jojo78901: raises $0.02 to $0.06
Almanza63: folds 
4opl1a: folds 
Ariokosan83: folds 
Dorex2007: folds 
andreyval777: calls $0.02
*** FLOP *** [3s As 5c]
andreyval777: bets $0.04
Jojo78901: calls $0.04
*** TURN *** [3s As 5c] [3h]
andreyval777: bets $0.06
Jojo78901: calls $0.06
*** RIVER *** [3s As 5c 3h] [6c]
andreyval777: bets $0.09
Jojo78901: calls $0.09
*** SHOW DOWN ***
andreyval777: shows [8s Js] (a pair of Threes)
Jojo78901: shows [Ks Kh] (two pair, Kings and Threes)
Jojo78901 collected $0.51 from pot
*** SUMMARY ***
Total pot $0.53 | Rake $0.02 
Board [3s As 5c 3h 6c]
Seat 1: Dorex2007 (big blind) folded before Flop
Seat 2: musqui folded before Flop (didn't bet)
Seat 3: SosaStars1 folded before Flop (didn't bet)
Seat 4: andreyval777 showed [8s Js] and lost with a pair of Threes
Seat 5: nesnahh folded before Flop (didn't bet)
Seat 6: Jojo78901 showed [Ks Kh] and won ($0.51) with two pair, Kings and Threes
Seat 7: Almanza63 folded before Flop (didn't bet)
Seat 8: 4opl1a (button) folded before Flop (didn't bet)
Seat 9: Ariokosan83 (small blind) folded before Flop



PokerStars Hand #227816518555:  Hold'em No Limit ($0.01/$0.02 USD) - 2021/06/24 11:21:30 PT [2021/06/24 14:21:30 ET]
Table 'Caecilia III' 9-max Seat #9 is the button
Seat 1: Dorex2007 ($1.96 in chips) 
Seat 2: musqui ($0.76 in chips) 
Seat 3: SosaStars1 ($5.15 in chips) 
Seat 4: andreyval777 ($2.26 in chips) 
Seat 5: nesnahh ($2 in chips) 
Seat 6: Jojo78901 ($1.71 in chips) 
Seat 7: Almanza63 ($2.47 in chips) 
Seat 8: 4opl1a ($2 in chips) 
Seat 9: Ariokosan83 ($2 in chips) 
Dorex2007: posts small blind $0.01
musqui: posts big blind $0.02
*** HOLE CARDS ***
Dealt to Dorex2007 [Js 3d]
SosaStars1: folds 
andreyval777: raises $0.02 to $0.04
nesnahh: folds 
Jojo78901: folds 
Almanza63: calls $0.04
4opl1a: folds 
Ariokosan83: calls $0.04
Dorex2007: folds 
musqui: calls $0.02
*** FLOP *** [Jh 2s 5s]
musqui: checks 
andreyval777: bets $0.08
Almanza63: folds 
Ariokosan83: folds 
musqui: folds 
Uncalled bet ($0.08) returned to andreyval777
andreyval777 collected $0.16 from pot
andreyval777: doesn't show hand 
*** SUMMARY ***
Total pot $0.17 | Rake $0.01 
Board [Jh 2s 5s]
Seat 1: Dorex2007 (small blind) folded before Flop
Seat 2: musqui (big blind) folded on the Flop
Seat 3: SosaStars1 folded before Flop (didn't bet)
Seat 4: andreyval777 collected ($0.16)
Seat 5: nesnahh folded before Flop (didn't bet)
Seat 6: Jojo78901 folded before Flop (didn't bet)
Seat 7: Almanza63 folded on the Flop
Seat 8: 4opl1a folded before Flop (didn't bet)
Seat 9: Ariokosan83 (button) folded on the Flop



PokerStars Hand #227816532756:  Hold'em No Limit ($0.01/$0.02 USD) - 2021/06/24 11:22:05 PT [2021/06/24 14:22:05 ET]
Table 'Caecilia III' 9-max Seat #1 is the button
Seat 1: Dorex2007 ($1.95 in chips) 
Seat 2: musqui ($0.72 in chips) 
Seat 3: SosaStars1 ($5.15 in chips) 
Seat 4: andreyval777 ($2.38 in chips) 
Seat 5: nesnahh ($2 in chips) 
Seat 6: Jojo78901 ($1.71 in chips) 
Seat 7: Almanza63 ($2.43 in chips) 
Seat 8: 4opl1a ($2 in chips) 
Seat 9: Ariokosan83 ($1.96 in chips) 
musqui: posts small blind $0.01
SosaStars1: posts big blind $0.02
*** HOLE CARDS ***
Dealt to Dorex2007 [6s 7d]
andreyval777: folds 
nesnahh: folds 
Jojo78901: raises $0.02 to $0.04
Almanza63: folds 
4opl1a: folds 
Ariokosan83: raises $0.02 to $0.06
Dorex2007: folds 
musqui: calls $0.05
SosaStars1: calls $0.04
Jojo78901: calls $0.02
*** FLOP *** [6d 8s Tc]
musqui: bets $0.02
SosaStars1: folds 
Jojo78901: folds 
Ariokosan83: calls $0.02
*** TURN *** [6d 8s Tc] [9d]
musqui: bets $0.02
Ariokosan83: calls $0.02
*** RIVER *** [6d 8s Tc 9d] [Qs]
musqui: bets $0.02
Ariokosan83: calls $0.02
*** SHOW DOWN ***
musqui: shows [6c Ac] (a pair of Sixes)
Ariokosan83: mucks hand 
musqui collected $0.35 from pot
*** SUMMARY ***
Total pot $0.36 | Rake $0.01 
Board [6d 8s Tc 9d Qs]
Seat 1: Dorex2007 (button) folded before Flop (didn't bet)
Seat 2: musqui (small blind) showed [6c Ac] and won ($0.35) with a pair of Sixes
Seat 3: SosaStars1 (big blind) folded on the Flop
Seat 4: andreyval777 folded before Flop (didn't bet)
Seat 5: nesnahh folded before Flop (didn't bet)
Seat 6: Jojo78901 folded on the Flop
Seat 7: Almanza63 folded before Flop (didn't bet)
Seat 8: 4opl1a folded before Flop (didn't bet)
Seat 9: Ariokosan83 mucked [3d 3s]



PokerStars Hand #227816554060:  Hold'em No Limit ($0.01/$0.02 USD) - 2021/06/24 11:22:57 PT [2021/06/24 14:22:57 ET]
Table 'Caecilia III' 9-max Seat #2 is the button
Seat 1: Dorex2007 ($1.95 in chips) 
Seat 2: musqui ($0.95 in chips) 
Seat 3: SosaStars1 ($5.09 in chips) 
Seat 4: andreyval777 ($2.38 in chips) 
Seat 5: nesnahh ($2 in chips) 
Seat 6: Jojo78901 ($1.65 in chips) 
Seat 7: Almanza63 ($2.43 in chips) 
Seat 8: 4opl1a ($2 in chips) 
Seat 9: Ariokosan83 ($1.84 in chips) 
SosaStars1: posts small blind $0.01
andreyval777: posts big blind $0.02
*** HOLE CARDS ***
Dealt to Dorex2007 [6c 8d]
nesnahh: folds 
Jojo78901: folds 
Almanza63: folds 
4opl1a: folds 
Ariokosan83: folds 
Dorex2007: folds 
musqui: folds 
SosaStars1: raises $0.04 to $0.06
andreyval777: calls $0.04
*** FLOP *** [Js 5h 3d]
SosaStars1: checks 
andreyval777: checks 
*** TURN *** [Js 5h 3d] [5s]
SosaStars1: checks 
andreyval777: bets $0.09
SosaStars1: raises $0.13 to $0.22
andreyval777: calls $0.13
*** RIVER *** [Js 5h 3d 5s] [6s]
SosaStars1: checks 
andreyval777: checks 
*** SHOW DOWN ***
SosaStars1: shows [Ks Qd] (a pair of Fives)
andreyval777: shows [8h 8s] (two pair, Eights and Fives)
andreyval777 collected $0.54 from pot
*** SUMMARY ***
Total pot $0.56 | Rake $0.02 
Board [Js 5h 3d 5s 6s]
Seat 1: Dorex2007 folded before Flop (didn't bet)
Seat 2: musqui (button) folded before Flop (didn't bet)
Seat 3: SosaStars1 (small blind) showed [Ks Qd] and lost with a pair of Fives
Seat 4: andreyval777 (big blind) showed [8h 8s] and won ($0.54) with two pair, Eights and Fives
Seat 5: nesnahh folded before Flop (didn't bet)
Seat 6: Jojo78901 folded before Flop (didn't bet)
Seat 7: Almanza63 folded before Flop (didn't bet)
Seat 8: 4opl1a folded before Flop (didn't bet)
Seat 9: Ariokosan83 folded before Flop (didn't bet)



PokerStars Hand #227816570839:  Hold'em No Limit ($0.01/$0.02 USD) - 2021/06/24 11:23:39 PT [2021/06/24 14:23:39 ET]
Table 'Caecilia III' 9-max Seat #3 is the button
Seat 1: Dorex2007 ($1.95 in chips) 
Seat 2: musqui ($0.95 in chips) 
Seat 3: SosaStars1 ($4.81 in chips) 
Seat 4: andreyval777 ($2.64 in chips) 
Seat 5: nesnahh ($2 in chips) 
Seat 6: Jojo78901 ($1.65 in chips) 
Seat 7: Almanza63 ($2.43 in chips) 
Seat 8: 4opl1a ($2 in chips) 
Seat 9: Ariokosan83 ($1.84 in chips) 
andreyval777: posts small blind $0.01
nesnahh: posts big blind $0.02
*** HOLE CARDS ***
Dealt to Dorex2007 [As 4d]
Jojo78901: folds 
Almanza63: folds 
4opl1a: folds 
Ariokosan83: folds 
Dorex2007: folds 
musqui: raises $0.04 to $0.06
SosaStars1: folds 
andreyval777: calls $0.05
nesnahh: folds 
*** FLOP *** [2h 4s 5h]
andreyval777: bets $0.11
musqui: calls $0.11
*** TURN *** [2h 4s 5h] [5d]
andreyval777: checks 
musqui: bets $0.34
andreyval777: raises $2.13 to $2.47 and is all-in
musqui: calls $0.44 and is all-in
Uncalled bet ($1.69) returned to andreyval777
*** RIVER *** [2h 4s 5h 5d] [4c]
*** SHOW DOWN ***
andreyval777: shows [2c 5c] (a full house, Fives full of Fours)
musqui: shows [Kd Kc] (two pair, Kings and Fives)
andreyval777 collected $1.85 from pot
*** SUMMARY ***
Total pot $1.92 | Rake $0.07 
Board [2h 4s 5h 5d 4c]
Seat 1: Dorex2007 folded before Flop (didn't bet)
Seat 2: musqui showed [Kd Kc] and lost with two pair, Kings and Fives
Seat 3: SosaStars1 (button) folded before Flop (didn't bet)
Seat 4: andreyval777 (small blind) showed [2c 5c] and won ($1.85) with a full house, Fives full of Fours
Seat 5: nesnahh (big blind) folded before Flop
Seat 6: Jojo78901 folded before Flop (didn't bet)
Seat 7: Almanza63 folded before Flop (didn't bet)
Seat 8: 4opl1a folded before Flop (didn't bet)
Seat 9: Ariokosan83 folded before Flop (didn't bet)



PokerStars Hand #227816595157:  Hold'em No Limit ($0.01/$0.02 USD) - 2021/06/24 11:24:38 PT [2021/06/24 14:24:38 ET]
Table 'Caecilia III' 9-max Seat #4 is the button
Seat 1: Dorex2007 ($1.95 in chips) 
Seat 3: SosaStars1 ($4.81 in chips) 
Seat 4: andreyval777 ($3.54 in chips) 
Seat 5: nesnahh ($1.98 in chips) 
Seat 7: Almanza63 ($2.43 in chips) 
Seat 8: 4opl1a ($2 in chips) 
Seat 9: Ariokosan83 ($1.84 in chips) 
nesnahh: posts small blind $0.01
Jojo78901: is sitting out 
Almanza63: posts big blind $0.02
*** HOLE CARDS ***
Dealt to Dorex2007 [3d 6d]
4opl1a: folds 
Ariokosan83: folds 
Almanza63 said, "lol"
Dorex2007: folds 
SosaStars1: folds 
andreyval777: raises $0.02 to $0.04
nesnahh: folds 
Jojo78901 leaves the table
Almanza63: folds 
Uncalled bet ($0.02) returned to andreyval777
andreyval777 collected $0.05 from pot
andreyval777: doesn't show hand 
*** SUMMARY ***
Total pot $0.05 | Rake $0 
Seat 1: Dorex2007 folded before Flop (didn't bet)
Seat 3: SosaStars1 folded before Flop (didn't bet)
Seat 4: andreyval777 (button) collected ($0.05)
Seat 5: nesnahh (small blind) folded before Flop
Seat 7: Almanza63 (big blind) folded before Flop
Seat 8: 4opl1a folded before Flop (didn't bet)
Seat 9: Ariokosan83 folded before Flop (didn't bet)



PokerStars Hand #227816600201:  Hold'em No Limit ($0.01/$0.02 USD) - 2021/06/24 11:24:51 PT [2021/06/24 14:24:51 ET]
Table 'Caecilia III' 9-max Seat #5 is the button
Seat 1: Dorex2007 ($1.95 in chips) 
Seat 3: SosaStars1 ($4.81 in chips) 
Seat 4: andreyval777 ($3.57 in chips) 
Seat 5: nesnahh ($1.97 in chips) 
Seat 7: Almanza63 ($2.41 in chips) 
Seat 8: 4opl1a ($2 in chips) 
Seat 9: Ariokosan83 ($1.84 in chips) 
andreyval777 said, "(fire)"
Almanza63: posts small blind $0.01
musqui leaves the table
4opl1a: posts big blind $0.02
*** HOLE CARDS ***
Dealt to Dorex2007 [Qs 5h]
Ariokosan83: raises $0.04 to $0.06
Dorex2007: folds 
SosaStars1: folds 
andreyval777: folds 
nesnahh: folds 
Almanza63: folds 
4opl1a: folds 
Uncalled bet ($0.04) returned to Ariokosan83
Ariokosan83 collected $0.05 from pot
Ariokosan83: doesn't show hand 
*** SUMMARY ***
Total pot $0.05 | Rake $0 
Seat 1: Dorex2007 folded before Flop (didn't bet)
Seat 3: SosaStars1 folded before Flop (didn't bet)
Seat 4: andreyval777 folded before Flop (didn't bet)
Seat 5: nesnahh (button) folded before Flop (didn't bet)
Seat 7: Almanza63 (small blind) folded before Flop
Seat 8: 4opl1a (big blind) folded before Flop
Seat 9: Ariokosan83 collected ($0.05)



PokerStars Hand #227816610503:  Hold'em No Limit ($0.01/$0.02 USD) - 2021/06/24 11:25:06 PT [2021/06/24 14:25:06 ET]
Table 'Caecilia III' 9-max Seat #7 is the button
Seat 1: Dorex2007 ($1.95 in chips) 
Seat 3: SosaStars1 ($4.81 in chips) 
Seat 4: andreyval777 ($3.57 in chips) 
Seat 5: nesnahh ($1.97 in chips) 
Seat 7: Almanza63 ($2.40 in chips) 
Seat 8: 4opl1a ($2 in chips) 
Seat 9: Ariokosan83 ($1.87 in chips) 
4opl1a: posts small blind $0.01
Ariokosan83: posts big blind $0.02
*** HOLE CARDS ***
Dealt to Dorex2007 [Th 8s]
Dorex2007: folds 
SosaStars1: folds 
andreyval777: folds 
nesnahh: folds 
Almanza63: folds 
4opl1a: folds 
Uncalled bet ($0.01) returned to Ariokosan83
Ariokosan83 collected $0.02 from pot
Ariokosan83: doesn't show hand 
*** SUMMARY ***
Total pot $0.02 | Rake $0 
Seat 1: Dorex2007 folded before Flop (didn't bet)
Seat 3: SosaStars1 folded before Flop (didn't bet)
Seat 4: andreyval777 folded before Flop (didn't bet)
Seat 5: nesnahh folded before Flop (didn't bet)
Seat 7: Almanza63 (button) folded before Flop (didn't bet)
Seat 8: 4opl1a (small blind) folded before Flop
Seat 9: Ariokosan83 (big blind) collected ($0.02)



