PokerStars Hand #226963950597:  Hold'em No Limit ($0.01/$0.02 USD) - 2021/05/22 1:57:09 PT [2021/05/22 4:57:09 ET]
Table 'Astarte II' 9-max Seat #7 is the button
Seat 1: R_Jooy ($2.64 in chips) 
Seat 2: Tavrus32 ($3 in chips) 
Seat 3: Arimateja ($1.38 in chips) 
Seat 4: BoerAas ($2 in chips) 
Seat 5: vasmit ($2.01 in chips) 
Seat 6: ivldark ($0.50 in chips) 
Seat 7: Dago1984 ($2.23 in chips) 
Seat 8: Honda246 ($1.94 in chips) 
Seat 9: Dorex2007 ($2 in chips) 
Honda246: posts small blind $0.01
Dorex2007: posts big blind $0.02
*** HOLE CARDS ***
Dealt to Dorex2007 [2s As]
R_Jooy: folds 
Tavrus32: folds 
Arimateja: folds 
BoerAas: raises $0.03 to $0.05
vasmit: folds 
ivldark: folds 
Dago1984: folds 
Honda246: folds 
Dorex2007: calls $0.03
*** FLOP *** [8c 4s 3h]
Dorex2007: checks 
BoerAas: checks 
*** TURN *** [8c 4s 3h] [Qc]
Dorex2007: bets $0.06
BoerAas: folds 
Uncalled bet ($0.06) returned to Dorex2007
Dorex2007 collected $0.11 from pot
Dorex2007: doesn't show hand 
*** SUMMARY ***
Total pot $0.11 | Rake $0 
Board [8c 4s 3h Qc]
Seat 1: R_Jooy folded before Flop (didn't bet)
Seat 2: Tavrus32 folded before Flop (didn't bet)
Seat 3: Arimateja folded before Flop (didn't bet)
Seat 4: BoerAas folded on the Turn
Seat 5: vasmit folded before Flop (didn't bet)
Seat 6: ivldark folded before Flop (didn't bet)
Seat 7: Dago1984 (button) folded before Flop (didn't bet)
Seat 8: Honda246 (small blind) folded before Flop
Seat 9: Dorex2007 (big blind) collected ($0.11)



PokerStars Hand #226963957855:  Hold'em No Limit ($0.01/$0.02 USD) - 2021/05/22 1:57:51 PT [2021/05/22 4:57:51 ET]
Table 'Astarte II' 9-max Seat #8 is the button
Seat 1: R_Jooy ($2.64 in chips) 
Seat 2: Tavrus32 ($3 in chips) 
Seat 3: Arimateja ($1.38 in chips) 
Seat 4: BoerAas ($1.95 in chips) 
Seat 5: vasmit ($2.01 in chips) 
Seat 6: ivldark ($0.50 in chips) 
Seat 7: Dago1984 ($2.23 in chips) 
Seat 8: Honda246 ($1.93 in chips) 
Seat 9: Dorex2007 ($2.06 in chips) 
Dorex2007: posts small blind $0.01
R_Jooy: posts big blind $0.02
*** HOLE CARDS ***
Dealt to Dorex2007 [4d Ts]
Tavrus32: folds 
Arimateja: folds 
BoerAas: folds 
vasmit: calls $0.02
ivldark: calls $0.02
Dago1984: calls $0.02
Honda246: raises $0.18 to $0.20
Dorex2007: folds 
R_Jooy: folds 
vasmit: folds 
ivldark: folds 
Dago1984: folds 
Uncalled bet ($0.18) returned to Honda246
Honda246 collected $0.11 from pot
Honda246: doesn't show hand 
*** SUMMARY ***
Total pot $0.11 | Rake $0 
Seat 1: R_Jooy (big blind) folded before Flop
Seat 2: Tavrus32 folded before Flop (didn't bet)
Seat 3: Arimateja folded before Flop (didn't bet)
Seat 4: BoerAas folded before Flop (didn't bet)
Seat 5: vasmit folded before Flop
Seat 6: ivldark folded before Flop
Seat 7: Dago1984 folded before Flop
Seat 8: Honda246 (button) collected ($0.11)
Seat 9: Dorex2007 (small blind) folded before Flop



PokerStars Hand #226963962144:  Hold'em No Limit ($0.01/$0.02 USD) - 2021/05/22 1:58:16 PT [2021/05/22 4:58:16 ET]
Table 'Astarte II' 9-max Seat #9 is the button
Seat 1: R_Jooy ($2.62 in chips) 
Seat 2: Tavrus32 ($3 in chips) 
Seat 3: Arimateja ($1.38 in chips) 
Seat 4: BoerAas ($1.95 in chips) 
Seat 5: vasmit ($2 in chips) 
Seat 6: ivldark ($0.48 in chips) 
Seat 7: Dago1984 ($2.21 in chips) 
Seat 8: Honda246 ($2.02 in chips) 
Seat 9: Dorex2007 ($2.05 in chips) 
R_Jooy: posts small blind $0.01
Tavrus32: posts big blind $0.02
*** HOLE CARDS ***
Dealt to Dorex2007 [7d 9c]
Arimateja: folds 
BoerAas: calls $0.02
vasmit: folds 
ivldark: folds 
Dago1984: folds 
Honda246: folds 
Dorex2007: folds 
R_Jooy: folds 
Tavrus32: checks 
*** FLOP *** [Tc 8s Jd]
Tavrus32: checks 
BoerAas: bets $0.03
Tavrus32: folds 
Uncalled bet ($0.03) returned to BoerAas
BoerAas collected $0.05 from pot
*** SUMMARY ***
Total pot $0.05 | Rake $0 
Board [Tc 8s Jd]
Seat 1: R_Jooy (small blind) folded before Flop
Seat 2: Tavrus32 (big blind) folded on the Flop
Seat 3: Arimateja folded before Flop (didn't bet)
Seat 4: BoerAas collected ($0.05)
Seat 5: vasmit folded before Flop (didn't bet)
Seat 6: ivldark folded before Flop (didn't bet)
Seat 7: Dago1984 folded before Flop (didn't bet)
Seat 8: Honda246 folded before Flop (didn't bet)
Seat 9: Dorex2007 (button) folded before Flop (didn't bet)



PokerStars Hand #226963969363:  Hold'em No Limit ($0.01/$0.02 USD) - 2021/05/22 1:58:57 PT [2021/05/22 4:58:57 ET]
Table 'Astarte II' 9-max Seat #1 is the button
Seat 1: R_Jooy ($2.61 in chips) 
Seat 2: Tavrus32 ($2.98 in chips) 
Seat 3: Arimateja ($1.38 in chips) 
Seat 4: BoerAas ($1.98 in chips) 
Seat 5: vasmit ($2 in chips) 
Seat 6: ivldark ($0.48 in chips) 
Seat 7: Dago1984 ($2.21 in chips) 
Seat 8: Honda246 ($2.02 in chips) 
Seat 9: Dorex2007 ($2.05 in chips) 
Tavrus32: posts small blind $0.01
Arimateja: posts big blind $0.02
*** HOLE CARDS ***
Dealt to Dorex2007 [Ac 5d]
BoerAas: calls $0.02
vasmit: folds 
ivldark: folds 
Dago1984: raises $0.02 to $0.04
Honda246: folds 
Dorex2007: folds 
R_Jooy: folds 
Tavrus32: folds 
Arimateja: folds 
BoerAas: calls $0.02
*** FLOP *** [Td 3s Kc]
BoerAas: checks 
Dago1984: bets $0.06
BoerAas: folds 
Uncalled bet ($0.06) returned to Dago1984
Dago1984 collected $0.11 from pot
Dago1984: doesn't show hand 
*** SUMMARY ***
Total pot $0.11 | Rake $0 
Board [Td 3s Kc]
Seat 1: R_Jooy (button) folded before Flop (didn't bet)
Seat 2: Tavrus32 (small blind) folded before Flop
Seat 3: Arimateja (big blind) folded before Flop
Seat 4: BoerAas folded on the Flop
Seat 5: vasmit folded before Flop (didn't bet)
Seat 6: ivldark folded before Flop (didn't bet)
Seat 7: Dago1984 collected ($0.11)
Seat 8: Honda246 folded before Flop (didn't bet)
Seat 9: Dorex2007 folded before Flop (didn't bet)



PokerStars Hand #226963974441:  Hold'em No Limit ($0.01/$0.02 USD) - 2021/05/22 1:59:27 PT [2021/05/22 4:59:27 ET]
Table 'Astarte II' 9-max Seat #2 is the button
Seat 1: R_Jooy ($2.61 in chips) 
Seat 2: Tavrus32 ($2.97 in chips) 
Seat 3: Arimateja ($1.36 in chips) 
Seat 4: BoerAas ($1.94 in chips) 
Seat 5: vasmit ($2 in chips) 
Seat 6: ivldark ($0.48 in chips) 
Seat 7: Dago1984 ($2.28 in chips) 
Seat 8: Honda246 ($2.02 in chips) 
Seat 9: Dorex2007 ($2.05 in chips) 
Arimateja: posts small blind $0.01
BoerAas: posts big blind $0.02
*** HOLE CARDS ***
Dealt to Dorex2007 [Qs 4c]
vasmit: folds 
ivldark: calls $0.02
Dago1984: folds 
Honda246: folds 
Dorex2007: folds 
R_Jooy: folds 
Tavrus32: folds 
Arimateja: folds 
BoerAas: checks 
*** FLOP *** [Kc 5c Th]
BoerAas: checks 
ivldark: checks 
*** TURN *** [Kc 5c Th] [7c]
BoerAas: checks 
ivldark: bets $0.06
BoerAas: folds 
Uncalled bet ($0.06) returned to ivldark
ivldark collected $0.05 from pot
ivldark: doesn't show hand 
*** SUMMARY ***
Total pot $0.05 | Rake $0 
Board [Kc 5c Th 7c]
Seat 1: R_Jooy folded before Flop (didn't bet)
Seat 2: Tavrus32 (button) folded before Flop (didn't bet)
Seat 3: Arimateja (small blind) folded before Flop
Seat 4: BoerAas (big blind) folded on the Turn
Seat 5: vasmit folded before Flop (didn't bet)
Seat 6: ivldark collected ($0.05)
Seat 7: Dago1984 folded before Flop (didn't bet)
Seat 8: Honda246 folded before Flop (didn't bet)
Seat 9: Dorex2007 folded before Flop (didn't bet)



PokerStars Hand #226963981481:  Hold'em No Limit ($0.01/$0.02 USD) - 2021/05/22 2:00:07 PT [2021/05/22 5:00:07 ET]
Table 'Astarte II' 9-max Seat #3 is the button
Seat 1: R_Jooy ($2.61 in chips) 
Seat 2: Tavrus32 ($2.97 in chips) 
Seat 3: Arimateja ($1.35 in chips) 
Seat 4: BoerAas ($1.92 in chips) 
Seat 5: vasmit ($2 in chips) 
Seat 6: ivldark ($0.51 in chips) 
Seat 7: Dago1984 ($2.28 in chips) 
Seat 8: Honda246 ($2.02 in chips) 
Seat 9: Dorex2007 ($2.05 in chips) 
BoerAas: posts small blind $0.01
vasmit: posts big blind $0.02
*** HOLE CARDS ***
Dealt to Dorex2007 [6d 5h]
ivldark: folds 
Dago1984: calls $0.02
Honda246: folds 
Dorex2007: folds 
R_Jooy: calls $0.02
Tavrus32: folds 
Arimateja: calls $0.02
BoerAas: calls $0.01
vasmit: checks 
*** FLOP *** [9c 3h 2c]
BoerAas: checks 
vasmit: checks 
Dago1984: bets $0.06
R_Jooy: folds 
Arimateja: folds 
BoerAas: folds 
vasmit: folds 
Uncalled bet ($0.06) returned to Dago1984
Dago1984 collected $0.10 from pot
Dago1984: doesn't show hand 
*** SUMMARY ***
Total pot $0.10 | Rake $0 
Board [9c 3h 2c]
Seat 1: R_Jooy folded on the Flop
Seat 2: Tavrus32 folded before Flop (didn't bet)
Seat 3: Arimateja (button) folded on the Flop
Seat 4: BoerAas (small blind) folded on the Flop
Seat 5: vasmit (big blind) folded on the Flop
Seat 6: ivldark folded before Flop (didn't bet)
Seat 7: Dago1984 collected ($0.10)
Seat 8: Honda246 folded before Flop (didn't bet)
Seat 9: Dorex2007 folded before Flop (didn't bet)



PokerStars Hand #226963994645:  Hold'em No Limit ($0.01/$0.02 USD) - 2021/05/22 2:01:14 PT [2021/05/22 5:01:14 ET]
Table 'Astarte II' 9-max Seat #4 is the button
Seat 1: R_Jooy ($2.59 in chips) 
Seat 2: Tavrus32 ($2.97 in chips) 
Seat 3: Arimateja ($1.33 in chips) 
Seat 4: BoerAas ($1.90 in chips) 
Seat 5: vasmit ($2 in chips) 
Seat 6: ivldark ($0.51 in chips) 
Seat 7: Dago1984 ($2.36 in chips) 
Seat 8: Honda246 ($2.02 in chips) 
Seat 9: Dorex2007 ($2.05 in chips) 
vasmit: posts small blind $0.01
ivldark: posts big blind $0.02
*** HOLE CARDS ***
Dealt to Dorex2007 [Tc Td]
Dago1984: calls $0.02
Honda246: folds 
Dorex2007: calls $0.02
R_Jooy: calls $0.02
Tavrus32: folds 
Arimateja: folds 
BoerAas: calls $0.02
vasmit: folds 
ivldark: checks 
*** FLOP *** [6c 3h 5s]
ivldark: bets $0.09
Dago1984: calls $0.09
Dorex2007: calls $0.09
R_Jooy: folds 
BoerAas: calls $0.09
*** TURN *** [6c 3h 5s] [Ks]
ivldark: bets $0.40 and is all-in
Dago1984: calls $0.40
Dorex2007: folds 
BoerAas: folds 
*** RIVER *** [6c 3h 5s Ks] [Jc]
*** SHOW DOWN ***
ivldark: shows [3d 3s] (three of a kind, Threes)
Dago1984: shows [8s 6s] (a pair of Sixes)
ivldark collected $1.23 from pot
Dago1984 cashed out the hand for $0.22
*** SUMMARY ***
Total pot $1.27 | Rake $0.04 
Board [6c 3h 5s Ks Jc]
Seat 1: R_Jooy folded on the Flop
Seat 2: Tavrus32 folded before Flop (didn't bet)
Seat 3: Arimateja folded before Flop (didn't bet)
Seat 4: BoerAas (button) folded on the Turn
Seat 5: vasmit (small blind) folded before Flop
Seat 6: ivldark (big blind) showed [3d 3s] and won ($1.23) with three of a kind, Threes
Seat 7: Dago1984 showed [8s 6s] and lost with a pair of Sixes (cashed out).
Seat 8: Honda246 folded before Flop (didn't bet)
Seat 9: Dorex2007 folded on the Turn



PokerStars Hand #226964010987:  Hold'em No Limit ($0.01/$0.02 USD) - 2021/05/22 2:02:32 PT [2021/05/22 5:02:32 ET]
Table 'Astarte II' 9-max Seat #5 is the button
Seat 1: R_Jooy ($2.57 in chips) 
Seat 2: Tavrus32 ($2.97 in chips) 
Seat 3: Arimateja ($1.33 in chips) 
Seat 4: BoerAas ($1.79 in chips) 
Seat 5: vasmit ($2 in chips) 
Seat 6: ivldark ($1.23 in chips) 
Seat 7: Dago1984 ($2.07 in chips) 
Seat 8: Honda246 ($2.02 in chips) 
Seat 9: Dorex2007 ($1.94 in chips) 
ivldark: posts small blind $0.01
Dago1984: posts big blind $0.02
*** HOLE CARDS ***
Dealt to Dorex2007 [9d 6c]
Honda246: folds 
Dorex2007: folds 
R_Jooy: folds 
Tavrus32: raises $0.04 to $0.06
Arimateja: folds 
BoerAas: folds 
vasmit: folds 
ivldark: folds 
Dago1984: calls $0.04
*** FLOP *** [Jh As 7s]
Dago1984: bets $0.02
Tavrus32: calls $0.02
*** TURN *** [Jh As 7s] [3s]
Dago1984: bets $0.04
Tavrus32: folds 
Uncalled bet ($0.04) returned to Dago1984
Dago1984 collected $0.16 from pot
Dago1984: doesn't show hand 
*** SUMMARY ***
Total pot $0.17 | Rake $0.01 
Board [Jh As 7s 3s]
Seat 1: R_Jooy folded before Flop (didn't bet)
Seat 2: Tavrus32 folded on the Turn
Seat 3: Arimateja folded before Flop (didn't bet)
Seat 4: BoerAas folded before Flop (didn't bet)
Seat 5: vasmit (button) folded before Flop (didn't bet)
Seat 6: ivldark (small blind) folded before Flop
Seat 7: Dago1984 (big blind) collected ($0.16)
Seat 8: Honda246 folded before Flop (didn't bet)
Seat 9: Dorex2007 folded before Flop (didn't bet)



PokerStars Hand #226964019453:  Hold'em No Limit ($0.01/$0.02 USD) - 2021/05/22 2:03:12 PT [2021/05/22 5:03:12 ET]
Table 'Astarte II' 9-max Seat #6 is the button
Seat 1: R_Jooy ($2.57 in chips) 
Seat 2: Tavrus32 ($2.89 in chips) 
Seat 3: Arimateja ($1.33 in chips) 
Seat 4: BoerAas ($1.79 in chips) 
Seat 5: vasmit ($2 in chips) 
Seat 6: ivldark ($1.22 in chips) 
Seat 7: Dago1984 ($2.15 in chips) 
Seat 8: Honda246 ($2.02 in chips) 
Seat 9: Dorex2007 ($1.94 in chips) 
Dago1984: posts small blind $0.01
Honda246: posts big blind $0.02
*** HOLE CARDS ***
Dealt to Dorex2007 [Ts Qc]
Dorex2007: folds 
R_Jooy: folds 
Tavrus32: folds 
Arimateja: folds 
BoerAas: raises $0.05 to $0.07
vasmit: folds 
ivldark: folds 
Dago1984: folds 
Honda246: folds 
Uncalled bet ($0.05) returned to BoerAas
BoerAas collected $0.05 from pot
*** SUMMARY ***
Total pot $0.05 | Rake $0 
Seat 1: R_Jooy folded before Flop (didn't bet)
Seat 2: Tavrus32 folded before Flop (didn't bet)
Seat 3: Arimateja folded before Flop (didn't bet)
Seat 4: BoerAas collected ($0.05)
Seat 5: vasmit folded before Flop (didn't bet)
Seat 6: ivldark (button) folded before Flop (didn't bet)
Seat 7: Dago1984 (small blind) folded before Flop
Seat 8: Honda246 (big blind) folded before Flop
Seat 9: Dorex2007 folded before Flop (didn't bet)



PokerStars Hand #226964025200:  Hold'em No Limit ($0.01/$0.02 USD) - 2021/05/22 2:03:40 PT [2021/05/22 5:03:40 ET]
Table 'Astarte II' 9-max Seat #7 is the button
Seat 1: R_Jooy ($2.57 in chips) 
Seat 2: Tavrus32 ($2.89 in chips) 
Seat 3: Arimateja ($1.33 in chips) 
Seat 4: BoerAas ($1.82 in chips) 
Seat 5: vasmit ($2 in chips) 
Seat 6: ivldark ($1.22 in chips) 
Seat 7: Dago1984 ($2.14 in chips) 
Seat 8: Honda246 ($2 in chips) 
Seat 9: Dorex2007 ($1.94 in chips) 
Honda246: posts small blind $0.01
Dorex2007: posts big blind $0.02
*** HOLE CARDS ***
Dealt to Dorex2007 [As Ad]
R_Jooy: folds 
Tavrus32: folds 
Arimateja: folds 
BoerAas: folds 
vasmit: folds 
ivldark: raises $0.02 to $0.04
Dago1984: folds 
Honda246: folds 
Dorex2007: raises $0.04 to $0.08
ivldark: calls $0.04
*** FLOP *** [3h 2s 5h]
Dorex2007: bets $0.16
ivldark: folds 
Uncalled bet ($0.16) returned to Dorex2007
Dorex2007 collected $0.16 from pot
Dorex2007: doesn't show hand 
*** SUMMARY ***
Total pot $0.17 | Rake $0.01 
Board [3h 2s 5h]
Seat 1: R_Jooy folded before Flop (didn't bet)
Seat 2: Tavrus32 folded before Flop (didn't bet)
Seat 3: Arimateja folded before Flop (didn't bet)
Seat 4: BoerAas folded before Flop (didn't bet)
Seat 5: vasmit folded before Flop (didn't bet)
Seat 6: ivldark folded on the Flop
Seat 7: Dago1984 (button) folded before Flop (didn't bet)
Seat 8: Honda246 (small blind) folded before Flop
Seat 9: Dorex2007 (big blind) collected ($0.16)



PokerStars Hand #226964033016:  Hold'em No Limit ($0.01/$0.02 USD) - 2021/05/22 2:04:17 PT [2021/05/22 5:04:17 ET]
Table 'Astarte II' 9-max Seat #8 is the button
Seat 1: R_Jooy ($2.57 in chips) 
Seat 2: Tavrus32 ($2.89 in chips) 
Seat 3: Arimateja ($1.33 in chips) 
Seat 4: BoerAas ($1.82 in chips) 
Seat 5: vasmit ($2 in chips) 
Seat 6: ivldark ($1.14 in chips) 
Seat 7: Dago1984 ($2.14 in chips) 
Seat 8: Honda246 ($1.99 in chips) 
Seat 9: Dorex2007 ($2.02 in chips) 
Dorex2007: posts small blind $0.01
R_Jooy: posts big blind $0.02
*** HOLE CARDS ***
Dealt to Dorex2007 [7s 4d]
Tavrus32: folds 
Arimateja: folds 
BoerAas: folds 
vasmit: folds 
ivldark: folds 
Dago1984: folds 
Honda246: folds 
Dorex2007: folds 
Uncalled bet ($0.01) returned to R_Jooy
R_Jooy collected $0.02 from pot
R_Jooy: doesn't show hand 
*** SUMMARY ***
Total pot $0.02 | Rake $0 
Seat 1: R_Jooy (big blind) collected ($0.02)
Seat 2: Tavrus32 folded before Flop (didn't bet)
Seat 3: Arimateja folded before Flop (didn't bet)
Seat 4: BoerAas folded before Flop (didn't bet)
Seat 5: vasmit folded before Flop (didn't bet)
Seat 6: ivldark folded before Flop (didn't bet)
Seat 7: Dago1984 folded before Flop (didn't bet)
Seat 8: Honda246 (button) folded before Flop (didn't bet)
Seat 9: Dorex2007 (small blind) folded before Flop



PokerStars Hand #226964037553:  Hold'em No Limit ($0.01/$0.02 USD) - 2021/05/22 2:04:38 PT [2021/05/22 5:04:38 ET]
Table 'Astarte II' 9-max Seat #9 is the button
Seat 1: R_Jooy ($2.58 in chips) 
Seat 2: Tavrus32 ($2.89 in chips) 
Seat 3: Arimateja ($1.33 in chips) 
Seat 4: BoerAas ($1.82 in chips) 
Seat 5: vasmit ($2 in chips) 
Seat 6: ivldark ($1.14 in chips) 
Seat 7: Dago1984 ($2.14 in chips) 
Seat 8: Honda246 ($1.99 in chips) 
Seat 9: Dorex2007 ($2.01 in chips) 
R_Jooy: posts small blind $0.01
Tavrus32: posts big blind $0.02
*** HOLE CARDS ***
Dealt to Dorex2007 [Kd Js]
Arimateja: folds 
BoerAas: folds 
vasmit: folds 
ivldark: raises $0.02 to $0.04
Dago1984: folds 
Honda246: folds 
Dorex2007: folds 
R_Jooy: folds 
Tavrus32: calls $0.02
*** FLOP *** [2s Kh Tc]
Tavrus32: checks 
ivldark: bets $0.05
Tavrus32: calls $0.05
*** TURN *** [2s Kh Tc] [2c]
Tavrus32: checks 
ivldark: bets $0.10
Tavrus32: calls $0.10
*** RIVER *** [2s Kh Tc 2c] [9d]
Tavrus32: checks 
ivldark: bets $0.15
Tavrus32: folds 
Uncalled bet ($0.15) returned to ivldark
ivldark collected $0.38 from pot
ivldark: doesn't show hand 
*** SUMMARY ***
Total pot $0.39 | Rake $0.01 
Board [2s Kh Tc 2c 9d]
Seat 1: R_Jooy (small blind) folded before Flop
Seat 2: Tavrus32 (big blind) folded on the River
Seat 3: Arimateja folded before Flop (didn't bet)
Seat 4: BoerAas folded before Flop (didn't bet)
Seat 5: vasmit folded before Flop (didn't bet)
Seat 6: ivldark collected ($0.38)
Seat 7: Dago1984 folded before Flop (didn't bet)
Seat 8: Honda246 folded before Flop (didn't bet)
Seat 9: Dorex2007 (button) folded before Flop (didn't bet)



PokerStars Hand #226964054001:  Hold'em No Limit ($0.01/$0.02 USD) - 2021/05/22 2:05:56 PT [2021/05/22 5:05:56 ET]
Table 'Astarte II' 9-max Seat #1 is the button
Seat 1: R_Jooy ($2.57 in chips) 
Seat 2: Tavrus32 ($2.70 in chips) 
Seat 3: Arimateja ($1.33 in chips) 
Seat 4: BoerAas ($1.82 in chips) 
Seat 5: vasmit ($2 in chips) 
Seat 6: ivldark ($1.33 in chips) 
Seat 7: Dago1984 ($2.14 in chips) 
Seat 8: Honda246 ($1.99 in chips) 
Seat 9: Dorex2007 ($2.01 in chips) 
Tavrus32: posts small blind $0.01
Arimateja: posts big blind $0.02
*** HOLE CARDS ***
Dealt to Dorex2007 [4s Th]
BoerAas: folds 
vasmit: folds 
ivldark: folds 
Dago1984: calls $0.02
Honda246: folds 
Dorex2007: folds 
R_Jooy: calls $0.02
Tavrus32: folds 
Arimateja: checks 
*** FLOP *** [2d Qd 8h]
Arimateja: checks 
Dago1984: bets $0.06
R_Jooy: calls $0.06
Arimateja: folds 
*** TURN *** [2d Qd 8h] [Kh]
Dago1984: bets $0.02
R_Jooy: calls $0.02
*** RIVER *** [2d Qd 8h Kh] [6d]
Dago1984: bets $0.02
R_Jooy: raises $0.04 to $0.06
Dago1984: calls $0.04
*** SHOW DOWN ***
R_Jooy: shows [5d Ad] (a flush, Ace high)
Dago1984: mucks hand 
R_Jooy collected $0.34 from pot
*** SUMMARY ***
Total pot $0.35 | Rake $0.01 
Board [2d Qd 8h Kh 6d]
Seat 1: R_Jooy (button) showed [5d Ad] and won ($0.34) with a flush, Ace high
Seat 2: Tavrus32 (small blind) folded before Flop
Seat 3: Arimateja (big blind) folded on the Flop
Seat 4: BoerAas folded before Flop (didn't bet)
Seat 5: vasmit folded before Flop (didn't bet)
Seat 6: ivldark folded before Flop (didn't bet)
Seat 7: Dago1984 mucked [Jc Qs]
Seat 8: Honda246 folded before Flop (didn't bet)
Seat 9: Dorex2007 folded before Flop (didn't bet)



PokerStars Hand #226964065501:  Hold'em No Limit ($0.01/$0.02 USD) - 2021/05/22 2:06:50 PT [2021/05/22 5:06:50 ET]
Table 'Astarte II' 9-max Seat #2 is the button
Seat 1: R_Jooy ($2.75 in chips) 
Seat 2: Tavrus32 ($2.69 in chips) 
Seat 3: Arimateja ($1.31 in chips) 
Seat 4: BoerAas ($1.82 in chips) 
Seat 5: vasmit ($2 in chips) 
Seat 6: ivldark ($1.33 in chips) 
Seat 7: Dago1984 ($1.98 in chips) 
Seat 8: Honda246 ($1.99 in chips) 
Seat 9: Dorex2007 ($2.01 in chips) 
Arimateja: posts small blind $0.01
BoerAas: posts big blind $0.02
*** HOLE CARDS ***
Dealt to Dorex2007 [8s Qh]
vasmit: folds 
ivldark: folds 
Dago1984: folds 
Honda246: folds 
Dorex2007: folds 
R_Jooy: folds 
Tavrus32: raises $0.04 to $0.06
Arimateja: folds 
BoerAas: folds 
Uncalled bet ($0.04) returned to Tavrus32
Tavrus32 collected $0.05 from pot
Tavrus32: doesn't show hand 
*** SUMMARY ***
Total pot $0.05 | Rake $0 
Seat 1: R_Jooy folded before Flop (didn't bet)
Seat 2: Tavrus32 (button) collected ($0.05)
Seat 3: Arimateja (small blind) folded before Flop
Seat 4: BoerAas (big blind) folded before Flop
Seat 5: vasmit folded before Flop (didn't bet)
Seat 6: ivldark folded before Flop (didn't bet)
Seat 7: Dago1984 folded before Flop (didn't bet)
Seat 8: Honda246 folded before Flop (didn't bet)
Seat 9: Dorex2007 folded before Flop (didn't bet)



PokerStars Hand #226964070750:  Hold'em No Limit ($0.01/$0.02 USD) - 2021/05/22 2:07:15 PT [2021/05/22 5:07:15 ET]
Table 'Astarte II' 9-max Seat #3 is the button
Seat 1: R_Jooy ($2.75 in chips) 
Seat 2: Tavrus32 ($2.72 in chips) 
Seat 3: Arimateja ($1.30 in chips) 
Seat 4: BoerAas ($1.80 in chips) 
Seat 5: vasmit ($2 in chips) 
Seat 6: ivldark ($1.33 in chips) 
Seat 7: Dago1984 ($1.98 in chips) 
Seat 8: Honda246 ($1.99 in chips) 
Seat 9: Dorex2007 ($2.01 in chips) 
BoerAas: posts small blind $0.01
vasmit: posts big blind $0.02
*** HOLE CARDS ***
Dealt to Dorex2007 [6d 9s]
ivldark: calls $0.02
Dago1984: raises $0.02 to $0.04
Honda246: folds 
Dorex2007: folds 
R_Jooy: folds 
Tavrus32: folds 
Arimateja: folds 
BoerAas: calls $0.03
vasmit: folds 
ivldark: calls $0.02
*** FLOP *** [Qh Ac Th]
BoerAas: checks 
ivldark: bets $0.09
Dago1984: raises $0.09 to $0.18
R_Jooy leaves the table
BoerAas: folds 
ivldark: folds 
Uncalled bet ($0.09) returned to Dago1984
Dago1984 collected $0.31 from pot
Dago1984: doesn't show hand 
*** SUMMARY ***
Total pot $0.32 | Rake $0.01 
Board [Qh Ac Th]
Seat 1: R_Jooy folded before Flop (didn't bet)
Seat 2: Tavrus32 folded before Flop (didn't bet)
Seat 3: Arimateja (button) folded before Flop (didn't bet)
Seat 4: BoerAas (small blind) folded on the Flop
Seat 5: vasmit (big blind) folded before Flop
Seat 6: ivldark folded on the Flop
Seat 7: Dago1984 collected ($0.31)
Seat 8: Honda246 folded before Flop (didn't bet)
Seat 9: Dorex2007 folded before Flop (didn't bet)



PokerStars Hand #226964081925:  Hold'em No Limit ($0.01/$0.02 USD) - 2021/05/22 2:08:07 PT [2021/05/22 5:08:07 ET]
Table 'Astarte II' 9-max Seat #4 is the button
Seat 2: Tavrus32 ($2.72 in chips) 
Seat 3: Arimateja ($1.30 in chips) 
Seat 4: BoerAas ($1.76 in chips) 
Seat 5: vasmit ($2 in chips) 
Seat 6: ivldark ($1.20 in chips) 
Seat 7: Dago1984 ($2.16 in chips) 
Seat 8: Honda246 ($1.99 in chips) 
Seat 9: Dorex2007 ($2.01 in chips) 
vasmit: posts small blind $0.01
ivldark: posts big blind $0.02
*** HOLE CARDS ***
Dealt to Dorex2007 [Th 7s]
Dago1984: folds 
Honda246: folds 
Dorex2007: folds 
Tavrus32: folds 
Arimateja: folds 
BoerAas: folds 
vasmit: folds 
Uncalled bet ($0.01) returned to ivldark
ivldark collected $0.02 from pot
ivldark: doesn't show hand 
kqfall1 joins the table at seat #1 
*** SUMMARY ***
Total pot $0.02 | Rake $0 
Seat 2: Tavrus32 folded before Flop (didn't bet)
Seat 3: Arimateja folded before Flop (didn't bet)
Seat 4: BoerAas (button) folded before Flop (didn't bet)
Seat 5: vasmit (small blind) folded before Flop
Seat 6: ivldark (big blind) collected ($0.02)
Seat 7: Dago1984 folded before Flop (didn't bet)
Seat 8: Honda246 folded before Flop (didn't bet)
Seat 9: Dorex2007 folded before Flop (didn't bet)



PokerStars Hand #226964085688:  Hold'em No Limit ($0.01/$0.02 USD) - 2021/05/22 2:08:24 PT [2021/05/22 5:08:24 ET]
Table 'Astarte II' 9-max Seat #5 is the button
Seat 2: Tavrus32 ($2.72 in chips) 
Seat 3: Arimateja ($1.30 in chips) 
Seat 4: BoerAas ($1.76 in chips) 
Seat 5: vasmit ($2 in chips) 
Seat 6: ivldark ($1.21 in chips) 
Seat 7: Dago1984 ($2.16 in chips) 
Seat 8: Honda246 ($1.99 in chips) 
Seat 9: Dorex2007 ($2.01 in chips) 
ivldark: posts small blind $0.01
Dago1984: posts big blind $0.02
kqfall1: sits out 
*** HOLE CARDS ***
Dealt to Dorex2007 [Th Ah]
Honda246: folds 
Dorex2007: raises $0.04 to $0.06
Tavrus32: folds 
Arimateja: folds 
BoerAas: folds 
vasmit: folds 
ivldark: folds 
Dago1984: folds 
Uncalled bet ($0.04) returned to Dorex2007
Dago1984 leaves the table
Dorex2007 collected $0.05 from pot
Dorex2007: doesn't show hand 
*** SUMMARY ***
Total pot $0.05 | Rake $0 
Seat 2: Tavrus32 folded before Flop (didn't bet)
Seat 3: Arimateja folded before Flop (didn't bet)
Seat 4: BoerAas folded before Flop (didn't bet)
Seat 5: vasmit (button) folded before Flop (didn't bet)
Seat 6: ivldark (small blind) folded before Flop
Seat 7: Dago1984 (big blind) folded before Flop
Seat 8: Honda246 folded before Flop (didn't bet)
Seat 9: Dorex2007 collected ($0.05)



PokerStars Hand #226964091259:  Hold'em No Limit ($0.01/$0.02 USD) - 2021/05/22 2:08:50 PT [2021/05/22 5:08:50 ET]
Table 'Astarte II' 9-max Seat #6 is the button
Seat 2: Tavrus32 ($2.72 in chips) 
Seat 3: Arimateja ($1.30 in chips) 
Seat 4: BoerAas ($1.76 in chips) 
Seat 5: vasmit ($2 in chips) 
Seat 6: ivldark ($1.20 in chips) 
Seat 8: Honda246 ($1.99 in chips) 
Seat 9: Dorex2007 ($2.04 in chips) 
Honda246: posts small blind $0.01
Dorex2007: posts big blind $0.02
kqfall1: sits out 
*** HOLE CARDS ***
Dealt to Dorex2007 [3s Ks]
Tavrus32: folds 
Arimateja: folds 
BoerAas: calls $0.02
vasmit: folds 
ivldark: calls $0.02
Honda246: folds 
Dorex2007: checks 
*** FLOP *** [3c Qd 3d]
Dorex2007: checks 
BoerAas: checks 
ivldark: bets $0.05
Dorex2007: calls $0.05
BoerAas: folds 
*** TURN *** [3c Qd 3d] [8d]
Dorex2007: checks 
ivldark: bets $0.13
Dorex2007: calls $0.13
*** RIVER *** [3c Qd 3d 8d] [9s]
Dorex2007: checks 
ivldark: bets $0.20
Dorex2007: calls $0.20
*** SHOW DOWN ***
ivldark: shows [Jh 7h] (a pair of Threes)
Dorex2007: shows [3s Ks] (three of a kind, Threes)
Dorex2007 collected $0.80 from pot
*** SUMMARY ***
Total pot $0.83 | Rake $0.03 
Board [3c Qd 3d 8d 9s]
Seat 2: Tavrus32 folded before Flop (didn't bet)
Seat 3: Arimateja folded before Flop (didn't bet)
Seat 4: BoerAas folded on the Flop
Seat 5: vasmit folded before Flop (didn't bet)
Seat 6: ivldark (button) showed [Jh 7h] and lost with a pair of Threes
Seat 8: Honda246 (small blind) folded before Flop
Seat 9: Dorex2007 (big blind) showed [3s Ks] and won ($0.80) with three of a kind, Threes



PokerStars Hand #226964107467:  Hold'em No Limit ($0.01/$0.02 USD) - 2021/05/22 2:10:06 PT [2021/05/22 5:10:06 ET]
Table 'Astarte II' 9-max Seat #8 is the button
Seat 1: kqfall1 ($2 in chips) 
Seat 2: Tavrus32 ($2.72 in chips) 
Seat 3: Arimateja ($1.30 in chips) 
Seat 4: BoerAas ($1.74 in chips) 
Seat 5: vasmit ($2 in chips) 
Seat 6: ivldark ($0.80 in chips) 
Seat 8: Honda246 ($1.98 in chips) 
Seat 9: Dorex2007 ($2.44 in chips) 
Dorex2007: posts small blind $0.01
kqfall1: posts big blind $0.02
*** HOLE CARDS ***
Dealt to Dorex2007 [7c 2h]
dragon44rus joins the table at seat #7 
Tavrus32: folds 
Arimateja: folds 
BoerAas: folds 
vasmit: folds 
ivldark: calls $0.02
Honda246: folds 
Dorex2007: folds 
kqfall1: checks 
*** FLOP *** [Qh Ac 3s]
kqfall1: checks 
ivldark: checks 
*** TURN *** [Qh Ac 3s] [Td]
kqfall1: checks 
ivldark: bets $0.08
kqfall1: folds 
Uncalled bet ($0.08) returned to ivldark
ivldark collected $0.05 from pot
ivldark: doesn't show hand 
*** SUMMARY ***
Total pot $0.05 | Rake $0 
Board [Qh Ac 3s Td]
Seat 1: kqfall1 (big blind) folded on the Turn
Seat 2: Tavrus32 folded before Flop (didn't bet)
Seat 3: Arimateja folded before Flop (didn't bet)
Seat 4: BoerAas folded before Flop (didn't bet)
Seat 5: vasmit folded before Flop (didn't bet)
Seat 6: ivldark collected ($0.05)
Seat 8: Honda246 (button) folded before Flop (didn't bet)
Seat 9: Dorex2007 (small blind) folded before Flop



PokerStars Hand #226964115034:  Hold'em No Limit ($0.01/$0.02 USD) - 2021/05/22 2:10:41 PT [2021/05/22 5:10:41 ET]
Table 'Astarte II' 9-max Seat #9 is the button
Seat 1: kqfall1 ($1.98 in chips) 
Seat 2: Tavrus32 ($2.72 in chips) 
Seat 3: Arimateja ($1.30 in chips) 
Seat 4: BoerAas ($1.74 in chips) 
Seat 5: vasmit ($2 in chips) 
Seat 6: ivldark ($0.83 in chips) 
Seat 7: dragon44rus ($1.10 in chips) 
Seat 8: Honda246 ($1.98 in chips) 
Seat 9: Dorex2007 ($2.43 in chips) 
kqfall1: posts small blind $0.01
Tavrus32: posts big blind $0.02
dragon44rus: posts big blind $0.02
*** HOLE CARDS ***
Dealt to Dorex2007 [3s 7c]
Arimateja: folds 
BoerAas: raises $0.03 to $0.05
vasmit: folds 
ivldark: folds 
dragon44rus: calls $0.03
Honda246 is connected 
Honda246: folds 
Dorex2007: folds 
kqfall1: folds 
Tavrus32: folds 
*** FLOP *** [Tc Jh 2c]
BoerAas: bets $0.07
dragon44rus: calls $0.07
*** TURN *** [Tc Jh 2c] [6s]
BoerAas: bets $0.09
dragon44rus: calls $0.09
*** RIVER *** [Tc Jh 2c 6s] [9d]
BoerAas: bets $0.14
dragon44rus: folds 
Uncalled bet ($0.14) returned to BoerAas
BoerAas collected $0.43 from pot
*** SUMMARY ***
Total pot $0.45 | Rake $0.02 
Board [Tc Jh 2c 6s 9d]
Seat 1: kqfall1 (small blind) folded before Flop
Seat 2: Tavrus32 (big blind) folded before Flop
Seat 3: Arimateja folded before Flop (didn't bet)
Seat 4: BoerAas collected ($0.43)
Seat 5: vasmit folded before Flop (didn't bet)
Seat 6: ivldark folded before Flop (didn't bet)
Seat 7: dragon44rus folded on the River
Seat 8: Honda246 folded before Flop (didn't bet)
Seat 9: Dorex2007 (button) folded before Flop (didn't bet)



PokerStars Hand #226964125662:  Hold'em No Limit ($0.01/$0.02 USD) - 2021/05/22 2:11:31 PT [2021/05/22 5:11:31 ET]
Table 'Astarte II' 9-max Seat #1 is the button
Seat 1: kqfall1 ($1.97 in chips) 
Seat 2: Tavrus32 ($2.70 in chips) 
Seat 3: Arimateja ($1.30 in chips) 
Seat 4: BoerAas ($1.96 in chips) 
Seat 5: vasmit ($2 in chips) 
Seat 6: ivldark ($0.83 in chips) 
Seat 7: dragon44rus ($0.89 in chips) 
Seat 8: Honda246 ($1.98 in chips) 
Seat 9: Dorex2007 ($2.43 in chips) 
Tavrus32: posts small blind $0.01
Arimateja: posts big blind $0.02
*** HOLE CARDS ***
Dealt to Dorex2007 [4c 5c]
BoerAas: raises $0.03 to $0.05
vasmit: folds 
ivldark: calls $0.05
dragon44rus: folds 
Honda246: folds 
Dorex2007: folds 
kqfall1: raises $0.11 to $0.16
Tavrus32: folds 
Arimateja: folds 
BoerAas: folds 
ivldark: calls $0.11
*** FLOP *** [4h Tc Qh]
ivldark: bets $0.07
kqfall1: calls $0.07
*** TURN *** [4h Tc Qh] [5s]
ivldark: bets $0.10
kqfall1: calls $0.10
*** RIVER *** [4h Tc Qh 5s] [Jd]
ivldark: checks 
kqfall1: checks 
*** SHOW DOWN ***
ivldark: shows [9c Ac] (high card Ace)
kqfall1: mucks hand 
ivldark collected $0.71 from pot
*** SUMMARY ***
Total pot $0.74 | Rake $0.03 
Board [4h Tc Qh 5s Jd]
Seat 1: kqfall1 (button) mucked [8h Ah]
Seat 2: Tavrus32 (small blind) folded before Flop
Seat 3: Arimateja (big blind) folded before Flop
Seat 4: BoerAas folded before Flop
Seat 5: vasmit folded before Flop (didn't bet)
Seat 6: ivldark showed [9c Ac] and won ($0.71) with high card Ace
Seat 7: dragon44rus folded before Flop (didn't bet)
Seat 8: Honda246 folded before Flop (didn't bet)
Seat 9: Dorex2007 folded before Flop (didn't bet)



PokerStars Hand #226964143985:  Hold'em No Limit ($0.01/$0.02 USD) - 2021/05/22 2:12:56 PT [2021/05/22 5:12:56 ET]
Table 'Astarte II' 9-max Seat #2 is the button
Seat 1: kqfall1 ($1.64 in chips) 
Seat 2: Tavrus32 ($2.69 in chips) 
Seat 3: Arimateja ($1.28 in chips) 
Seat 4: BoerAas ($1.91 in chips) 
Seat 5: vasmit ($2 in chips) 
Seat 6: ivldark ($1.21 in chips) 
Seat 7: dragon44rus ($0.89 in chips) 
Seat 8: Honda246 ($1.98 in chips) 
Seat 9: Dorex2007 ($2.43 in chips) 
Arimateja: posts small blind $0.01
BoerAas: posts big blind $0.02
*** HOLE CARDS ***
Dealt to Dorex2007 [4h 2s]
vasmit: folds 
ivldark: raises $0.02 to $0.04
dragon44rus: folds 
Honda246: folds 
Dorex2007: folds 
kqfall1: calls $0.04
Tavrus32: folds 
Arimateja: folds 
BoerAas: raises $0.13 to $0.17
ivldark: folds 
kqfall1: folds 
Uncalled bet ($0.13) returned to BoerAas
BoerAas collected $0.13 from pot
*** SUMMARY ***
Total pot $0.13 | Rake $0 
Seat 1: kqfall1 folded before Flop
Seat 2: Tavrus32 (button) folded before Flop (didn't bet)
Seat 3: Arimateja (small blind) folded before Flop
Seat 4: BoerAas (big blind) collected ($0.13)
Seat 5: vasmit folded before Flop (didn't bet)
Seat 6: ivldark folded before Flop
Seat 7: dragon44rus folded before Flop (didn't bet)
Seat 8: Honda246 folded before Flop (didn't bet)
Seat 9: Dorex2007 folded before Flop (didn't bet)



PokerStars Hand #226964153738:  Hold'em No Limit ($0.01/$0.02 USD) - 2021/05/22 2:13:41 PT [2021/05/22 5:13:41 ET]
Table 'Astarte II' 9-max Seat #3 is the button
Seat 1: kqfall1 ($1.60 in chips) 
Seat 2: Tavrus32 ($2.69 in chips) 
Seat 3: Arimateja ($1.27 in chips) 
Seat 4: BoerAas ($2 in chips) 
Seat 5: vasmit ($2 in chips) 
Seat 6: ivldark ($1.17 in chips) 
Seat 7: dragon44rus ($0.89 in chips) 
Seat 8: Honda246 ($1.98 in chips) 
Seat 9: Dorex2007 ($2.43 in chips) 
BoerAas: posts small blind $0.01
vasmit: posts big blind $0.02
*** HOLE CARDS ***
Dealt to Dorex2007 [8c 7c]
ivldark: calls $0.02
dragon44rus: folds 
Honda246: folds 
Dorex2007: calls $0.02
kqfall1: raises $0.08 to $0.10
Tavrus32: folds 
Arimateja: folds 
BoerAas: folds 
vasmit: folds 
ivldark: folds 
Dorex2007: folds 
Uncalled bet ($0.08) returned to kqfall1
kqfall1 collected $0.09 from pot
*** SUMMARY ***
Total pot $0.09 | Rake $0 
Seat 1: kqfall1 collected ($0.09)
Seat 2: Tavrus32 folded before Flop (didn't bet)
Seat 3: Arimateja (button) folded before Flop (didn't bet)
Seat 4: BoerAas (small blind) folded before Flop
Seat 5: vasmit (big blind) folded before Flop
Seat 6: ivldark folded before Flop
Seat 7: dragon44rus folded before Flop (didn't bet)
Seat 8: Honda246 folded before Flop (didn't bet)
Seat 9: Dorex2007 folded before Flop



PokerStars Hand #226964161325:  Hold'em No Limit ($0.01/$0.02 USD) - 2021/05/22 2:14:16 PT [2021/05/22 5:14:16 ET]
Table 'Astarte II' 9-max Seat #4 is the button
Seat 1: kqfall1 ($1.67 in chips) 
Seat 2: Tavrus32 ($2.69 in chips) 
Seat 3: Arimateja ($1.27 in chips) 
Seat 4: BoerAas ($1.99 in chips) 
Seat 5: vasmit ($2 in chips) 
Seat 6: ivldark ($1.15 in chips) 
Seat 7: dragon44rus ($0.89 in chips) 
Seat 8: Honda246 ($1.98 in chips) 
Seat 9: Dorex2007 ($2.41 in chips) 
vasmit: posts small blind $0.01
ivldark: posts big blind $0.02
*** HOLE CARDS ***
Dealt to Dorex2007 [9s 3h]
dragon44rus: calls $0.02
Honda246: folds 
Dorex2007: folds 
kqfall1: raises $0.06 to $0.08
Tavrus32: folds 
Arimateja: folds 
BoerAas: folds 
vasmit: folds 
ivldark: folds 
dragon44rus: calls $0.06
*** FLOP *** [8c Jc Qs]
dragon44rus: bets $0.08
kqfall1: folds 
Uncalled bet ($0.08) returned to dragon44rus
dragon44rus collected $0.18 from pot
dragon44rus: doesn't show hand 
*** SUMMARY ***
Total pot $0.19 | Rake $0.01 
Board [8c Jc Qs]
Seat 1: kqfall1 folded on the Flop
Seat 2: Tavrus32 folded before Flop (didn't bet)
Seat 3: Arimateja folded before Flop (didn't bet)
Seat 4: BoerAas (button) folded before Flop (didn't bet)
Seat 5: vasmit (small blind) folded before Flop
Seat 6: ivldark (big blind) folded before Flop
Seat 7: dragon44rus collected ($0.18)
Seat 8: Honda246 folded before Flop (didn't bet)
Seat 9: Dorex2007 folded before Flop (didn't bet)



PokerStars Hand #226964170111:  Hold'em No Limit ($0.01/$0.02 USD) - 2021/05/22 2:14:57 PT [2021/05/22 5:14:57 ET]
Table 'Astarte II' 9-max Seat #5 is the button
Seat 1: kqfall1 ($1.59 in chips) 
Seat 2: Tavrus32 ($2.69 in chips) 
Seat 3: Arimateja ($1.27 in chips) 
Seat 4: BoerAas ($1.99 in chips) 
Seat 5: vasmit ($2 in chips) 
Seat 6: ivldark ($1.13 in chips) 
Seat 7: dragon44rus ($0.99 in chips) 
Seat 8: Honda246 ($1.98 in chips) 
Seat 9: Dorex2007 ($2.41 in chips) 
ivldark: posts small blind $0.01
dragon44rus: posts big blind $0.02
*** HOLE CARDS ***
Dealt to Dorex2007 [3s 2d]
Honda246: folds 
Dorex2007: folds 
kqfall1: raises $0.04 to $0.06
Tavrus32: folds 
Arimateja: folds 
BoerAas: folds 
vasmit: folds 
ivldark: folds 
dragon44rus: folds 
Uncalled bet ($0.04) returned to kqfall1
kqfall1 collected $0.05 from pot
*** SUMMARY ***
Total pot $0.05 | Rake $0 
Seat 1: kqfall1 collected ($0.05)
Seat 2: Tavrus32 folded before Flop (didn't bet)
Seat 3: Arimateja folded before Flop (didn't bet)
Seat 4: BoerAas folded before Flop (didn't bet)
Seat 5: vasmit (button) folded before Flop (didn't bet)
Seat 6: ivldark (small blind) folded before Flop
Seat 7: dragon44rus (big blind) folded before Flop
Seat 8: Honda246 folded before Flop (didn't bet)
Seat 9: Dorex2007 folded before Flop (didn't bet)



PokerStars Hand #226964175855:  Hold'em No Limit ($0.01/$0.02 USD) - 2021/05/22 2:15:24 PT [2021/05/22 5:15:24 ET]
Table 'Astarte II' 9-max Seat #6 is the button
Seat 1: kqfall1 ($1.62 in chips) 
Seat 2: Tavrus32 ($2.69 in chips) 
Seat 3: Arimateja ($1.27 in chips) 
Seat 4: BoerAas ($1.99 in chips) 
Seat 5: vasmit ($2 in chips) 
Seat 6: ivldark ($1.12 in chips) 
Seat 7: dragon44rus ($0.97 in chips) 
Seat 8: Honda246 ($1.98 in chips) 
Seat 9: Dorex2007 ($2.41 in chips) 
dragon44rus: posts small blind $0.01
Honda246: posts big blind $0.02
*** HOLE CARDS ***
Dealt to Dorex2007 [6h 7c]
Dorex2007: folds 
kqfall1: folds 
Tavrus32: folds 
Arimateja: folds 
BoerAas: calls $0.02
vasmit: folds 
ivldark: folds 
dragon44rus: raises $0.06 to $0.08
Honda246: folds 
BoerAas: calls $0.06
*** FLOP *** [9d 9c Kd]
dragon44rus: bets $0.10
BoerAas: folds 
Uncalled bet ($0.10) returned to dragon44rus
dragon44rus collected $0.17 from pot
dragon44rus: doesn't show hand 
*** SUMMARY ***
Total pot $0.18 | Rake $0.01 
Board [9d 9c Kd]
Seat 1: kqfall1 folded before Flop (didn't bet)
Seat 2: Tavrus32 folded before Flop (didn't bet)
Seat 3: Arimateja folded before Flop (didn't bet)
Seat 4: BoerAas folded on the Flop
Seat 5: vasmit folded before Flop (didn't bet)
Seat 6: ivldark (button) folded before Flop (didn't bet)
Seat 7: dragon44rus (small blind) collected ($0.17)
Seat 8: Honda246 (big blind) folded before Flop
Seat 9: Dorex2007 folded before Flop (didn't bet)



PokerStars Hand #226964183362:  Hold'em No Limit ($0.01/$0.02 USD) - 2021/05/22 2:15:58 PT [2021/05/22 5:15:58 ET]
Table 'Astarte II' 9-max Seat #7 is the button
Seat 1: kqfall1 ($1.62 in chips) 
Seat 2: Tavrus32 ($2.69 in chips) 
Seat 3: Arimateja ($1.27 in chips) 
Seat 4: BoerAas ($1.91 in chips) 
Seat 5: vasmit ($2 in chips) 
Seat 6: ivldark ($1.12 in chips) 
Seat 7: dragon44rus ($1.06 in chips) 
Seat 8: Honda246 ($1.96 in chips) 
Seat 9: Dorex2007 ($2.41 in chips) 
Honda246: posts small blind $0.01
Dorex2007: posts big blind $0.02
*** HOLE CARDS ***
Dealt to Dorex2007 [Kd 3h]
kqfall1: folds 
Tavrus32: folds 
Arimateja: folds 
BoerAas: calls $0.02
vasmit: calls $0.02
ivldark: calls $0.02
dragon44rus: calls $0.02
Honda246: folds 
Dorex2007: checks 
*** FLOP *** [Qc 6h 2c]
Dorex2007: checks 
BoerAas: checks 
vasmit: checks 
ivldark: checks 
dragon44rus: bets $0.04
Dorex2007: folds 
BoerAas: calls $0.04
vasmit: folds 
ivldark: calls $0.04
*** TURN *** [Qc 6h 2c] [Ad]
BoerAas: checks 
ivldark: bets $0.06
dragon44rus: calls $0.06
BoerAas: calls $0.06
*** RIVER *** [Qc 6h 2c Ad] [Jc]
BoerAas: checks 
ivldark: bets $0.30
dragon44rus: folds 
BoerAas: calls $0.30
*** SHOW DOWN ***
ivldark: shows [3c 4c] (a flush, Queen high)
BoerAas: mucks hand 
ivldark collected $0.97 from pot
*** SUMMARY ***
Total pot $1.01 | Rake $0.04 
Board [Qc 6h 2c Ad Jc]
Seat 1: kqfall1 folded before Flop (didn't bet)
Seat 2: Tavrus32 folded before Flop (didn't bet)
Seat 3: Arimateja folded before Flop (didn't bet)
Seat 4: BoerAas mucked [Jd 6d]
Seat 5: vasmit folded on the Flop
Seat 6: ivldark showed [3c 4c] and won ($0.97) with a flush, Queen high
Seat 7: dragon44rus (button) folded on the River
Seat 8: Honda246 (small blind) folded before Flop
Seat 9: Dorex2007 (big blind) folded on the Flop



PokerStars Hand #226964204512:  Hold'em No Limit ($0.01/$0.02 USD) - 2021/05/22 2:17:37 PT [2021/05/22 5:17:37 ET]
Table 'Astarte II' 9-max Seat #8 is the button
Seat 1: kqfall1 ($1.62 in chips) 
Seat 2: Tavrus32 ($2.69 in chips) 
Seat 3: Arimateja ($1.27 in chips) 
Seat 4: BoerAas ($1.49 in chips) 
Seat 5: vasmit ($2 in chips) 
Seat 6: ivldark ($1.67 in chips) 
Seat 7: dragon44rus ($0.94 in chips) 
Seat 8: Honda246 ($1.95 in chips) 
Seat 9: Dorex2007 ($2.39 in chips) 
Dorex2007: posts small blind $0.01
kqfall1: posts big blind $0.02
*** HOLE CARDS ***
Dealt to Dorex2007 [Ah Jd]
Tavrus32: folds 
Arimateja: folds 
BoerAas: folds 
vasmit: calls $0.02
ivldark: folds 
dragon44rus: calls $0.02
Honda246: folds 
Dorex2007: calls $0.01
kqfall1: checks 
*** FLOP *** [Tc 4h 2h]
Dorex2007: checks 
kqfall1: checks 
vasmit: checks 
dragon44rus: checks 
*** TURN *** [Tc 4h 2h] [As]
Dorex2007: checks 
kqfall1: checks 
vasmit: checks 
dragon44rus: bets $0.06
Dorex2007: calls $0.06
kqfall1: folds 
vasmit: folds 
*** RIVER *** [Tc 4h 2h As] [3h]
Dorex2007: bets $0.13
dragon44rus: calls $0.13
*** SHOW DOWN ***
Dorex2007: shows [Ah Jd] (a pair of Aces)
dragon44rus: shows [5s 3s] (a straight, Ace to Five)
dragon44rus collected $0.44 from pot
*** SUMMARY ***
Total pot $0.46 | Rake $0.02 
Board [Tc 4h 2h As 3h]
Seat 1: kqfall1 (big blind) folded on the Turn
Seat 2: Tavrus32 folded before Flop (didn't bet)
Seat 3: Arimateja folded before Flop (didn't bet)
Seat 4: BoerAas folded before Flop (didn't bet)
Seat 5: vasmit folded on the Turn
Seat 6: ivldark folded before Flop (didn't bet)
Seat 7: dragon44rus showed [5s 3s] and won ($0.44) with a straight, Ace to Five
Seat 8: Honda246 (button) folded before Flop (didn't bet)
Seat 9: Dorex2007 (small blind) showed [Ah Jd] and lost with a pair of Aces



PokerStars Hand #226964220482:  Hold'em No Limit ($0.01/$0.02 USD) - 2021/05/22 2:18:51 PT [2021/05/22 5:18:51 ET]
Table 'Astarte II' 9-max Seat #9 is the button
Seat 1: kqfall1 ($1.60 in chips) 
Seat 2: Tavrus32 ($2.69 in chips) 
Seat 3: Arimateja ($1.27 in chips) 
Seat 4: BoerAas ($1.49 in chips) 
Seat 5: vasmit ($2 in chips) 
Seat 6: ivldark ($1.67 in chips) 
Seat 7: dragon44rus ($1.17 in chips) 
Seat 8: Honda246 ($1.95 in chips) 
Seat 9: Dorex2007 ($2.18 in chips) 
kqfall1: posts small blind $0.01
Tavrus32: posts big blind $0.02
*** HOLE CARDS ***
Dealt to Dorex2007 [7h 2s]
Arimateja: raises $0.02 to $0.04
BoerAas: folds 
vasmit: folds 
ivldark: folds 
dragon44rus: folds 
Honda246: folds 
Dorex2007: folds 
kqfall1: folds 
Tavrus32: folds 
Uncalled bet ($0.02) returned to Arimateja
Arimateja collected $0.05 from pot
*** SUMMARY ***
Total pot $0.05 | Rake $0 
Seat 1: kqfall1 (small blind) folded before Flop
Seat 2: Tavrus32 (big blind) folded before Flop
Seat 3: Arimateja collected ($0.05)
Seat 4: BoerAas folded before Flop (didn't bet)
Seat 5: vasmit folded before Flop (didn't bet)
Seat 6: ivldark folded before Flop (didn't bet)
Seat 7: dragon44rus folded before Flop (didn't bet)
Seat 8: Honda246 folded before Flop (didn't bet)
Seat 9: Dorex2007 (button) folded before Flop (didn't bet)



PokerStars Hand #226964225540:  Hold'em No Limit ($0.01/$0.02 USD) - 2021/05/22 2:19:14 PT [2021/05/22 5:19:14 ET]
Table 'Astarte II' 9-max Seat #1 is the button
Seat 1: kqfall1 ($1.59 in chips) 
Seat 2: Tavrus32 ($2.67 in chips) 
Seat 3: Arimateja ($1.30 in chips) 
Seat 4: BoerAas ($1.49 in chips) 
Seat 5: vasmit ($2 in chips) 
Seat 6: ivldark ($1.67 in chips) 
Seat 7: dragon44rus ($1.17 in chips) 
Seat 8: Honda246 ($1.95 in chips) 
Seat 9: Dorex2007 ($2.18 in chips) 
Tavrus32: posts small blind $0.01
Arimateja: posts big blind $0.02
*** HOLE CARDS ***
Dealt to Dorex2007 [5s 2d]
BoerAas: folds 
vasmit: folds 
ivldark: raises $0.02 to $0.04
dragon44rus: calls $0.04
Honda246: folds 
Dorex2007: folds 
kqfall1: folds 
Tavrus32: folds 
Arimateja: folds 
*** FLOP *** [Tc 5h 7s]
ivldark: bets $0.05
dragon44rus: calls $0.05
*** TURN *** [Tc 5h 7s] [2c]
ivldark: bets $0.08
dragon44rus: calls $0.08
*** RIVER *** [Tc 5h 7s 2c] [Qc]
ivldark: bets $0.15
dragon44rus: folds 
Uncalled bet ($0.15) returned to ivldark
ivldark collected $0.36 from pot
ivldark: doesn't show hand 
*** SUMMARY ***
Total pot $0.37 | Rake $0.01 
Board [Tc 5h 7s 2c Qc]
Seat 1: kqfall1 (button) folded before Flop (didn't bet)
Seat 2: Tavrus32 (small blind) folded before Flop
Seat 3: Arimateja (big blind) folded before Flop
Seat 4: BoerAas folded before Flop (didn't bet)
Seat 5: vasmit folded before Flop (didn't bet)
Seat 6: ivldark collected ($0.36)
Seat 7: dragon44rus folded on the River
Seat 8: Honda246 folded before Flop (didn't bet)
Seat 9: Dorex2007 folded before Flop (didn't bet)



PokerStars Hand #226964236093:  Hold'em No Limit ($0.01/$0.02 USD) - 2021/05/22 2:20:04 PT [2021/05/22 5:20:04 ET]
Table 'Astarte II' 9-max Seat #2 is the button
Seat 1: kqfall1 ($1.59 in chips) 
Seat 2: Tavrus32 ($2.66 in chips) 
Seat 3: Arimateja ($1.28 in chips) 
Seat 4: BoerAas ($1.49 in chips) 
Seat 5: vasmit ($2 in chips) 
Seat 6: ivldark ($1.86 in chips) 
Seat 7: dragon44rus ($1 in chips) 
Seat 8: Honda246 ($1.95 in chips) 
Seat 9: Dorex2007 ($2.18 in chips) 
Arimateja: posts small blind $0.01
BoerAas: posts big blind $0.02
*** HOLE CARDS ***
Dealt to Dorex2007 [7c 9c]
vasmit: folds 
ivldark: folds 
dragon44rus: raises $0.02 to $0.04
Honda246: folds 
Dorex2007: folds 
kqfall1: folds 
Tavrus32: folds 
Arimateja: folds 
BoerAas: calls $0.02
*** FLOP *** [Qc 7h 5s]
BoerAas: checks 
dragon44rus: bets $0.04
BoerAas: calls $0.04
*** TURN *** [Qc 7h 5s] [Jh]
BoerAas: checks 
dragon44rus: bets $0.04
Arimateja leaves the table
BoerAas: calls $0.04
*** RIVER *** [Qc 7h 5s Jh] [3h]
BoerAas: checks 
Szegfu00 joins the table at seat #3 
dragon44rus: bets $0.04
Szegfu00 leaves the table
BoerAas: calls $0.04
*** SHOW DOWN ***
dragon44rus: shows [Ah Ks] (high card Ace)
BoerAas: shows [5d 8d] (a pair of Fives)
BoerAas collected $0.32 from pot
*** SUMMARY ***
Total pot $0.33 | Rake $0.01 
Board [Qc 7h 5s Jh 3h]
Seat 1: kqfall1 folded before Flop (didn't bet)
Seat 2: Tavrus32 (button) folded before Flop (didn't bet)
Seat 3: Arimateja (small blind) folded before Flop
Seat 4: BoerAas (big blind) showed [5d 8d] and won ($0.32) with a pair of Fives
Seat 5: vasmit folded before Flop (didn't bet)
Seat 6: ivldark folded before Flop (didn't bet)
Seat 7: dragon44rus showed [Ah Ks] and lost with high card Ace
Seat 8: Honda246 folded before Flop (didn't bet)
Seat 9: Dorex2007 folded before Flop (didn't bet)



PokerStars Hand #226964249052:  Hold'em No Limit ($0.01/$0.02 USD) - 2021/05/22 2:21:03 PT [2021/05/22 5:21:03 ET]
Table 'Astarte II' 9-max Seat #4 is the button
Seat 1: kqfall1 ($1.59 in chips) 
Seat 2: Tavrus32 ($2.66 in chips) 
Seat 4: BoerAas ($1.65 in chips) 
Seat 5: vasmit ($2 in chips) 
Seat 6: ivldark ($1.86 in chips) 
Seat 7: dragon44rus ($0.84 in chips) 
Seat 8: Honda246 ($1.95 in chips) 
Seat 9: Dorex2007 ($2.18 in chips) 
vasmit: posts small blind $0.01
ivldark: posts big blind $0.02
*** HOLE CARDS ***
Dealt to Dorex2007 [6c 7c]
dragon44rus: calls $0.02
Honda246: folds 
Dorex2007: folds 
kqfall1: folds 
Tavrus32: folds 
BoerAas: folds 
vasmit: calls $0.01
ivldark: checks 
*** FLOP *** [4s 8s Ks]
vasmit: checks 
ivldark: bets $0.04
dragon44rus: calls $0.04
vasmit: folds 
*** TURN *** [4s 8s Ks] [6d]
ivldark: bets $0.10
dragon44rus: calls $0.10
*** RIVER *** [4s 8s Ks 6d] [5h]
Tichon479 joins the table at seat #3 
ivldark: bets $0.20
dragon44rus: raises $0.48 to $0.68 and is all-in
ivldark: folds 
Uncalled bet ($0.48) returned to dragon44rus
dragon44rus collected $0.71 from pot
dragon44rus: doesn't show hand 
*** SUMMARY ***
Total pot $0.74 | Rake $0.03 
Board [4s 8s Ks 6d 5h]
Seat 1: kqfall1 folded before Flop (didn't bet)
Seat 2: Tavrus32 folded before Flop (didn't bet)
Seat 4: BoerAas (button) folded before Flop (didn't bet)
Seat 5: vasmit (small blind) folded on the Flop
Seat 6: ivldark (big blind) folded on the River
Seat 7: dragon44rus collected ($0.71)
Seat 8: Honda246 folded before Flop (didn't bet)
Seat 9: Dorex2007 folded before Flop (didn't bet)



PokerStars Hand #226964265658:  Hold'em No Limit ($0.01/$0.02 USD) - 2021/05/22 2:22:19 PT [2021/05/22 5:22:19 ET]
Table 'Astarte II' 9-max Seat #5 is the button
Seat 1: kqfall1 ($1.59 in chips) 
Seat 2: Tavrus32 ($2.66 in chips) 
Seat 3: Tichon479 ($0.80 in chips) 
Seat 4: BoerAas ($1.65 in chips) 
Seat 5: vasmit ($2 in chips) 
Seat 6: ivldark ($1.50 in chips) 
Seat 7: dragon44rus ($1.19 in chips) 
Seat 8: Honda246 ($1.95 in chips) 
Seat 9: Dorex2007 ($2.18 in chips) 
ivldark: posts small blind $0.01
dragon44rus: posts big blind $0.02
Tichon479: posts big blind $0.02
*** HOLE CARDS ***
Dealt to Dorex2007 [2d Tc]
Honda246: folds 
Dorex2007: folds 
kqfall1: folds 
Tavrus32: folds 
Tichon479: checks 
BoerAas: folds 
vasmit: folds 
ivldark: calls $0.01
dragon44rus: checks 
*** FLOP *** [2s 4c 5d]
ivldark: checks 
dragon44rus is disconnected 
dragon44rus has timed out while disconnected
dragon44rus: checks 
Tichon479: bets $0.03
ivldark: calls $0.03
dragon44rus has timed out while disconnected
dragon44rus: folds 
*** TURN *** [2s 4c 5d] [9c]
ivldark: bets $0.10
Tichon479: calls $0.10
*** RIVER *** [2s 4c 5d 9c] [Kc]
ivldark: bets $0.20
Tichon479: calls $0.20
*** SHOW DOWN ***
ivldark: shows [Qc 6d] (high card King)
Tichon479: shows [Td 4d] (a pair of Fours)
Tichon479 collected $0.69 from pot
*** SUMMARY ***
Total pot $0.72 | Rake $0.03 
Board [2s 4c 5d 9c Kc]
Seat 1: kqfall1 folded before Flop (didn't bet)
Seat 2: Tavrus32 folded before Flop (didn't bet)
Seat 3: Tichon479 showed [Td 4d] and won ($0.69) with a pair of Fours
Seat 4: BoerAas folded before Flop (didn't bet)
Seat 5: vasmit (button) folded before Flop (didn't bet)
Seat 6: ivldark (small blind) showed [Qc 6d] and lost with high card King
Seat 7: dragon44rus (big blind) folded on the Flop
Seat 8: Honda246 folded before Flop (didn't bet)
Seat 9: Dorex2007 folded before Flop (didn't bet)



PokerStars Hand #226964286935:  Hold'em No Limit ($0.01/$0.02 USD) - 2021/05/22 2:23:58 PT [2021/05/22 5:23:58 ET]
Table 'Astarte II' 9-max Seat #6 is the button
Seat 1: kqfall1 ($1.59 in chips) 
Seat 2: Tavrus32 ($2.66 in chips) 
Seat 3: Tichon479 ($1.14 in chips) 
Seat 4: BoerAas ($1.65 in chips) 
Seat 5: vasmit ($2 in chips) 
Seat 6: ivldark ($1.15 in chips) 
Seat 8: Honda246 ($1.95 in chips) 
Seat 9: Dorex2007 ($2.18 in chips) 
Honda246: posts small blind $0.01
Dorex2007: posts big blind $0.02
*** HOLE CARDS ***
Dealt to Dorex2007 [2d 2c]
kqfall1: raises $0.04 to $0.06
Tavrus32: folds 
Tichon479: calls $0.06
BoerAas: folds 
vasmit: folds 
ivldark: folds 
Honda246: folds 
Dorex2007: folds 
*** FLOP *** [Th 9s 5d]
kqfall1: bets $0.10
Tichon479: folds 
Uncalled bet ($0.10) returned to kqfall1
kqfall1 collected $0.14 from pot
*** SUMMARY ***
Total pot $0.15 | Rake $0.01 
Board [Th 9s 5d]
Seat 1: kqfall1 collected ($0.14)
Seat 2: Tavrus32 folded before Flop (didn't bet)
Seat 3: Tichon479 folded on the Flop
Seat 4: BoerAas folded before Flop (didn't bet)
Seat 5: vasmit folded before Flop (didn't bet)
Seat 6: ivldark (button) folded before Flop (didn't bet)
Seat 8: Honda246 (small blind) folded before Flop
Seat 9: Dorex2007 (big blind) folded before Flop



PokerStars Hand #226964294162:  Hold'em No Limit ($0.01/$0.02 USD) - 2021/05/22 2:24:32 PT [2021/05/22 5:24:32 ET]
Table 'Astarte II' 9-max Seat #8 is the button
Seat 1: kqfall1 ($1.67 in chips) 
Seat 2: Tavrus32 ($2.66 in chips) 
Seat 3: Tichon479 ($1.08 in chips) 
Seat 4: BoerAas ($1.65 in chips) 
Seat 5: vasmit ($2 in chips) 
Seat 6: ivldark ($1.15 in chips) 
Seat 8: Honda246 ($1.94 in chips) 
Seat 9: Dorex2007 ($2.16 in chips) 
Dorex2007: posts small blind $0.01
kqfall1: posts big blind $0.02
*** HOLE CARDS ***
Dealt to Dorex2007 [8h Ad]
Tavrus32: folds 
Tichon479: raises $0.04 to $0.06
BoerAas: raises $0.10 to $0.16
vasmit: folds 
ivldark: folds 
Honda246: folds 
Dorex2007: folds 
kqfall1: folds 
Tichon479: calls $0.10
*** FLOP *** [9s 7s Kc]
Tichon479: checks 
BoerAas: bets $0.19
Tichon479: calls $0.19
*** TURN *** [9s 7s Kc] [Qc]
Tichon479: checks 
BoerAas: bets $0.70
Tichon479: calls $0.70
*** RIVER *** [9s 7s Kc Qc] [9d]
Tichon479: bets $0.03 and is all-in
BoerAas: calls $0.03
*** SHOW DOWN ***
Tichon479: shows [Jd Jc] (two pair, Jacks and Nines)
BoerAas: shows [Ac Ks] (two pair, Kings and Nines)
BoerAas collected $2.11 from pot
*** SUMMARY ***
Total pot $2.19 | Rake $0.08 
Board [9s 7s Kc Qc 9d]
Seat 1: kqfall1 (big blind) folded before Flop
Seat 2: Tavrus32 folded before Flop (didn't bet)
Seat 3: Tichon479 showed [Jd Jc] and lost with two pair, Jacks and Nines
Seat 4: BoerAas showed [Ac Ks] and won ($2.11) with two pair, Kings and Nines
Seat 5: vasmit folded before Flop (didn't bet)
Seat 6: ivldark folded before Flop (didn't bet)
Seat 8: Honda246 (button) folded before Flop (didn't bet)
Seat 9: Dorex2007 (small blind) folded before Flop



PokerStars Hand #226964305673:  Hold'em No Limit ($0.01/$0.02 USD) - 2021/05/22 2:25:25 PT [2021/05/22 5:25:25 ET]
Table 'Astarte II' 9-max Seat #9 is the button
Seat 1: kqfall1 ($1.65 in chips) 
Seat 2: Tavrus32 ($2.66 in chips) 
Seat 4: BoerAas ($2.68 in chips) 
Seat 5: vasmit ($2 in chips) 
Seat 6: ivldark ($1.15 in chips) 
Seat 8: Honda246 ($1.94 in chips) 
Seat 9: Dorex2007 ($2.15 in chips) 
kqfall1: posts small blind $0.01
Tavrus32: posts big blind $0.02
*** HOLE CARDS ***
Dealt to Dorex2007 [7d 8c]
BoerAas: calls $0.02
vasmit: folds 
ivldark: calls $0.02
Honda246: folds 
Dorex2007: folds 
kqfall1: folds 
Tavrus32: raises $0.08 to $0.10
BoerAas: folds 
ivldark: folds 
Uncalled bet ($0.08) returned to Tavrus32
Tavrus32 collected $0.07 from pot
Tavrus32: doesn't show hand 
*** SUMMARY ***
Total pot $0.07 | Rake $0 
Seat 1: kqfall1 (small blind) folded before Flop
Seat 2: Tavrus32 (big blind) collected ($0.07)
Seat 4: BoerAas folded before Flop
Seat 5: vasmit folded before Flop (didn't bet)
Seat 6: ivldark folded before Flop
Seat 8: Honda246 folded before Flop (didn't bet)
Seat 9: Dorex2007 (button) folded before Flop (didn't bet)



PokerStars Hand #226964311654:  Hold'em No Limit ($0.01/$0.02 USD) - 2021/05/22 2:25:53 PT [2021/05/22 5:25:53 ET]
Table 'Astarte II' 9-max Seat #1 is the button
Seat 1: kqfall1 ($1.64 in chips) 
Seat 2: Tavrus32 ($2.71 in chips) 
Seat 3: Tichon479 ($0.80 in chips) 
Seat 4: BoerAas ($2.66 in chips) 
Seat 5: vasmit ($2 in chips) 
Seat 6: ivldark ($1.13 in chips) 
Seat 8: Honda246 ($1.94 in chips) 
Seat 9: Dorex2007 ($2.15 in chips) 
Tavrus32: posts small blind $0.01
Tichon479: posts big blind $0.02
*** HOLE CARDS ***
Dealt to Dorex2007 [Qh Ah]
BoerAas: raises $0.03 to $0.05
vasmit: folds 
ivldark: folds 
Honda246: folds 
Dorex2007: raises $0.09 to $0.14
kqfall1: folds 
Tavrus32: calls $0.13
Tichon479: folds 
BoerAas: calls $0.09
*** FLOP *** [7c 8h 3d]
Tavrus32: checks 
BoerAas: checks 
Dorex2007: checks 
*** TURN *** [7c 8h 3d] [2c]
Tavrus32: bets $0.27
BoerAas: folds 
Dorex2007: folds 
Uncalled bet ($0.27) returned to Tavrus32
Tavrus32 collected $0.42 from pot
*** SUMMARY ***
Total pot $0.44 | Rake $0.02 
Board [7c 8h 3d 2c]
Seat 1: kqfall1 (button) folded before Flop (didn't bet)
Seat 2: Tavrus32 (small blind) collected ($0.42)
Seat 3: Tichon479 (big blind) folded before Flop
Seat 4: BoerAas folded on the Turn
Seat 5: vasmit folded before Flop (didn't bet)
Seat 6: ivldark folded before Flop (didn't bet)
Seat 8: Honda246 folded before Flop (didn't bet)
Seat 9: Dorex2007 folded on the Turn



PokerStars Hand #226964324305:  Hold'em No Limit ($0.01/$0.02 USD) - 2021/05/22 2:26:51 PT [2021/05/22 5:26:51 ET]
Table 'Astarte II' 9-max Seat #2 is the button
Seat 1: kqfall1 ($1.64 in chips) 
Seat 2: Tavrus32 ($2.99 in chips) 
Seat 3: Tichon479 ($0.78 in chips) 
Seat 4: BoerAas ($2.52 in chips) 
Seat 5: vasmit ($2 in chips) 
Seat 6: ivldark ($1.13 in chips) 
Seat 8: Honda246 ($1.94 in chips) 
Seat 9: Dorex2007 ($2.01 in chips) 
Tichon479: posts small blind $0.01
BoerAas: posts big blind $0.02
dragon44rus has timed out
dragon44rus: is sitting out 
*** HOLE CARDS ***
Dealt to Dorex2007 [Kd 5c]
vasmit: calls $0.02
ivldark: folds 
Honda246: folds 
Dorex2007: folds 
kqfall1: raises $0.04 to $0.06
dragon44rus is disconnected 
Tavrus32: calls $0.06
Tichon479: folds 
BoerAas: folds 
vasmit: calls $0.04
*** FLOP *** [7s 2s Kh]
vasmit: checks 
kqfall1: checks 
Tavrus32: checks 
*** TURN *** [7s 2s Kh] [4c]
vasmit: checks 
kqfall1: bets $0.16
Tavrus32: folds 
vasmit: folds 
Uncalled bet ($0.16) returned to kqfall1
kqfall1 collected $0.20 from pot
*** SUMMARY ***
Total pot $0.21 | Rake $0.01 
Board [7s 2s Kh 4c]
Seat 1: kqfall1 collected ($0.20)
Seat 2: Tavrus32 (button) folded on the Turn
Seat 3: Tichon479 (small blind) folded before Flop
Seat 4: BoerAas (big blind) folded before Flop
Seat 5: vasmit folded on the Turn
Seat 6: ivldark folded before Flop (didn't bet)
Seat 8: Honda246 folded before Flop (didn't bet)
Seat 9: Dorex2007 folded before Flop (didn't bet)



PokerStars Hand #226964341113:  Hold'em No Limit ($0.01/$0.02 USD) - 2021/05/22 2:28:08 PT [2021/05/22 5:28:08 ET]
Table 'Astarte II' 9-max Seat #3 is the button
Seat 1: kqfall1 ($1.78 in chips) 
Seat 2: Tavrus32 ($2.93 in chips) 
Seat 3: Tichon479 ($0.77 in chips) 
Seat 4: BoerAas ($2.50 in chips) 
Seat 5: vasmit ($2 in chips) 
Seat 6: ivldark ($1.13 in chips) 
Seat 8: Honda246 ($1.94 in chips) 
Seat 9: Dorex2007 ($2.01 in chips) 
BoerAas: posts small blind $0.01
vasmit: posts big blind $0.02
*** HOLE CARDS ***
Dealt to Dorex2007 [4h 2h]
ivldark: folds 
Honda246: folds 
Dorex2007: folds 
kqfall1: raises $0.04 to $0.06
Tavrus32: raises $0.14 to $0.20
Tichon479: folds 
BoerAas: folds 
vasmit: folds 
kqfall1: folds 
Uncalled bet ($0.14) returned to Tavrus32
Tavrus32 collected $0.15 from pot
Tavrus32: doesn't show hand 
*** SUMMARY ***
Total pot $0.15 | Rake $0 
Seat 1: kqfall1 folded before Flop
Seat 2: Tavrus32 collected ($0.15)
Seat 3: Tichon479 (button) folded before Flop (didn't bet)
Seat 4: BoerAas (small blind) folded before Flop
Seat 5: vasmit (big blind) folded before Flop
Seat 6: ivldark folded before Flop (didn't bet)
Seat 8: Honda246 folded before Flop (didn't bet)
Seat 9: Dorex2007 folded before Flop (didn't bet)



PokerStars Hand #226964346867:  Hold'em No Limit ($0.01/$0.02 USD) - 2021/05/22 2:28:34 PT [2021/05/22 5:28:34 ET]
Table 'Astarte II' 9-max Seat #4 is the button
Seat 1: kqfall1 ($1.72 in chips) 
Seat 2: Tavrus32 ($3.02 in chips) 
Seat 3: Tichon479 ($0.77 in chips) 
Seat 4: BoerAas ($2.49 in chips) 
Seat 5: vasmit ($2 in chips) 
Seat 6: ivldark ($1.13 in chips) 
Seat 8: Honda246 ($1.94 in chips) 
Seat 9: Dorex2007 ($2.01 in chips) 
vasmit: posts small blind $0.01
ivldark: posts big blind $0.02
*** HOLE CARDS ***
Dealt to Dorex2007 [2d 8s]
Honda246: raises $0.08 to $0.10
Dorex2007: folds 
kqfall1: folds 
Tavrus32: folds 
Tichon479: folds 
BoerAas: folds 
vasmit: folds 
ivldark: folds 
Uncalled bet ($0.08) returned to Honda246
Honda246 collected $0.05 from pot
Honda246: doesn't show hand 
*** SUMMARY ***
Total pot $0.05 | Rake $0 
Seat 1: kqfall1 folded before Flop (didn't bet)
Seat 2: Tavrus32 folded before Flop (didn't bet)
Seat 3: Tichon479 folded before Flop (didn't bet)
Seat 4: BoerAas (button) folded before Flop (didn't bet)
Seat 5: vasmit (small blind) folded before Flop
Seat 6: ivldark (big blind) folded before Flop
Seat 8: Honda246 collected ($0.05)
Seat 9: Dorex2007 folded before Flop (didn't bet)



PokerStars Hand #226964351030:  Hold'em No Limit ($0.01/$0.02 USD) - 2021/05/22 2:28:53 PT [2021/05/22 5:28:53 ET]
Table 'Astarte II' 9-max Seat #5 is the button
Seat 1: kqfall1 ($1.72 in chips) 
Seat 2: Tavrus32 ($3.02 in chips) 
Seat 3: Tichon479 ($0.77 in chips) 
Seat 4: BoerAas ($2.49 in chips) 
Seat 5: vasmit ($2 in chips) 
Seat 6: ivldark ($1.11 in chips) 
Seat 8: Honda246 ($1.97 in chips) 
Seat 9: Dorex2007 ($2.01 in chips) 
ivldark: posts small blind $0.01
Honda246: posts big blind $0.02
*** HOLE CARDS ***
Dealt to Dorex2007 [8s Jh]
Dorex2007: folds 
kqfall1: raises $0.04 to $0.06
Tavrus32: calls $0.06
Tichon479: folds 
BoerAas: folds 
vasmit: folds 
ivldark: folds 
Honda246: folds 
*** FLOP *** [Kc Qd 4s]
kqfall1: checks 
Tavrus32: checks 
*** TURN *** [Kc Qd 4s] [4h]
kqfall1: bets $0.08
Tavrus32: folds 
Uncalled bet ($0.08) returned to kqfall1
kqfall1 collected $0.14 from pot
*** SUMMARY ***
Total pot $0.15 | Rake $0.01 
Board [Kc Qd 4s 4h]
Seat 1: kqfall1 collected ($0.14)
Seat 2: Tavrus32 folded on the Turn
Seat 3: Tichon479 folded before Flop (didn't bet)
Seat 4: BoerAas folded before Flop (didn't bet)
Seat 5: vasmit (button) folded before Flop (didn't bet)
Seat 6: ivldark (small blind) folded before Flop
Seat 8: Honda246 (big blind) folded before Flop
Seat 9: Dorex2007 folded before Flop (didn't bet)



PokerStars Hand #226964360288:  Hold'em No Limit ($0.01/$0.02 USD) - 2021/05/22 2:29:35 PT [2021/05/22 5:29:35 ET]
Table 'Astarte II' 9-max Seat #6 is the button
Seat 1: kqfall1 ($1.80 in chips) 
Seat 2: Tavrus32 ($2.96 in chips) 
Seat 3: Tichon479 ($0.77 in chips) 
Seat 4: BoerAas ($2.49 in chips) 
Seat 5: vasmit ($2 in chips) 
Seat 6: ivldark ($1.10 in chips) 
Seat 8: Honda246 ($1.95 in chips) 
Seat 9: Dorex2007 ($2.01 in chips) 
Honda246: posts small blind $0.01
Dorex2007: posts big blind $0.02
*** HOLE CARDS ***
Dealt to Dorex2007 [Kh Th]
kqfall1: raises $0.04 to $0.06
Tavrus32: folds 
Tichon479: folds 
BoerAas: folds 
vasmit: folds 
ivldark: raises $0.04 to $0.10
Honda246: folds 
Dorex2007: calls $0.08
kqfall1: calls $0.04
*** FLOP *** [Kd Qd 3c]
Dorex2007: checks 
kqfall1: checks 
ivldark: bets $0.10
Dorex2007: raises $0.50 to $0.60
kqfall1: folds 
ivldark: raises $0.40 to $1 and is all-in
Dorex2007: calls $0.40
*** TURN *** [Kd Qd 3c] [Jd]
*** RIVER *** [Kd Qd 3c Jd] [As]
*** SHOW DOWN ***
Dorex2007: shows [Kh Th] (a straight, Ten to Ace)
ivldark: shows [Qh Qc] (three of a kind, Queens)
Dorex2007 collected $2.23 from pot
*** SUMMARY ***
Total pot $2.31 | Rake $0.08 
Board [Kd Qd 3c Jd As]
Seat 1: kqfall1 folded on the Flop
Seat 2: Tavrus32 folded before Flop (didn't bet)
Seat 3: Tichon479 folded before Flop (didn't bet)
Seat 4: BoerAas folded before Flop (didn't bet)
Seat 5: vasmit folded before Flop (didn't bet)
Seat 6: ivldark (button) showed [Qh Qc] and lost with three of a kind, Queens
Seat 8: Honda246 (small blind) folded before Flop
Seat 9: Dorex2007 (big blind) showed [Kh Th] and won ($2.23) with a straight, Ten to Ace



PokerStars Hand #226964370869:  Hold'em No Limit ($0.01/$0.02 USD) - 2021/05/22 2:30:25 PT [2021/05/22 5:30:25 ET]
Table 'Astarte II' 9-max Seat #8 is the button
Seat 1: kqfall1 ($1.70 in chips) 
Seat 2: Tavrus32 ($2.96 in chips) 
Seat 3: Tichon479 ($0.77 in chips) 
Seat 4: BoerAas ($2.49 in chips) 
Seat 5: vasmit ($2 in chips) 
Seat 8: Honda246 ($1.94 in chips) 
Seat 9: Dorex2007 ($3.14 in chips) 
Dorex2007: posts small blind $0.01
kqfall1: posts big blind $0.02
*** HOLE CARDS ***
Dealt to Dorex2007 [6d Ac]
Dorex2007 said, "sucked out"
Tavrus32 has timed out
Tavrus32: folds 
Tichon479: folds 
BoerAas: folds 
vasmit: folds 
Honda246: folds 
Dorex2007: calls $0.01
kqfall1: raises $0.04 to $0.06
Dorex2007: calls $0.04
*** FLOP *** [9s 9h Qh]
Dorex2007: checks 
kqfall1: bets $0.10
Dorex2007: folds 
Uncalled bet ($0.10) returned to kqfall1
kqfall1 collected $0.12 from pot
*** SUMMARY ***
Total pot $0.12 | Rake $0 
Board [9s 9h Qh]
Seat 1: kqfall1 (big blind) collected ($0.12)
Seat 2: Tavrus32 folded before Flop (didn't bet)
Seat 3: Tichon479 folded before Flop (didn't bet)
Seat 4: BoerAas folded before Flop (didn't bet)
Seat 5: vasmit folded before Flop (didn't bet)
Seat 8: Honda246 (button) folded before Flop (didn't bet)
Seat 9: Dorex2007 (small blind) folded on the Flop



PokerStars Hand #226964380648:  Hold'em No Limit ($0.01/$0.02 USD) - 2021/05/22 2:31:09 PT [2021/05/22 5:31:09 ET]
Table 'Astarte II' 9-max Seat #9 is the button
Seat 1: kqfall1 ($1.76 in chips) 
Seat 3: Tichon479 ($0.77 in chips) 
Seat 4: BoerAas ($2.49 in chips) 
Seat 5: vasmit ($2 in chips) 
Seat 8: Honda246 ($1.94 in chips) 
Seat 9: Dorex2007 ($3.08 in chips) 
kqfall1: posts small blind $0.01
Tichon479: posts big blind $0.02
*** HOLE CARDS ***
Dealt to Dorex2007 [6c Ad]
BoerAas: folds 
vasmit: folds 
Honda246: folds 
Dorex2007: calls $0.02
kqfall1: folds 
Tichon479: checks 
*** FLOP *** [4d Qc Jc]
Tichon479: bets $0.05
Dorex2007: folds 
Uncalled bet ($0.05) returned to Tichon479
Tichon479 collected $0.05 from pot
Tichon479: doesn't show hand 
*** SUMMARY ***
Total pot $0.05 | Rake $0 
Board [4d Qc Jc]
Seat 1: kqfall1 (small blind) folded before Flop
Seat 3: Tichon479 (big blind) collected ($0.05)
Seat 4: BoerAas folded before Flop (didn't bet)
Seat 5: vasmit folded before Flop (didn't bet)
Seat 8: Honda246 folded before Flop (didn't bet)
Seat 9: Dorex2007 (button) folded on the Flop



PokerStars Hand #226964386124:  Hold'em No Limit ($0.01/$0.02 USD) - 2021/05/22 2:31:34 PT [2021/05/22 5:31:34 ET]
Table 'Astarte II' 9-max Seat #1 is the button
Seat 1: kqfall1 ($1.75 in chips) 
Seat 3: Tichon479 ($0.80 in chips) 
Seat 4: BoerAas ($2.49 in chips) 
Seat 5: vasmit ($2 in chips) 
Seat 8: Honda246 ($1.94 in chips) 
Seat 9: Dorex2007 ($3.06 in chips) 
Tichon479: posts small blind $0.01
BoerAas: posts big blind $0.02
*** HOLE CARDS ***
Dealt to Dorex2007 [Kc Jd]
vasmit: folds 
Honda246: folds 
Dorex2007: raises $0.04 to $0.06
kqfall1: folds 
Tichon479: folds 
BoerAas: calls $0.04
*** FLOP *** [7s 6h 7d]
BoerAas: checks 
Dorex2007: checks 
*** TURN *** [7s 6h 7d] [2c]
BoerAas: checks 
Dorex2007: bets $0.07
BoerAas: folds 
Uncalled bet ($0.07) returned to Dorex2007
Dorex2007 collected $0.13 from pot
Dorex2007: doesn't show hand 
*** SUMMARY ***
Total pot $0.13 | Rake $0 
Board [7s 6h 7d 2c]
Seat 1: kqfall1 (button) folded before Flop (didn't bet)
Seat 3: Tichon479 (small blind) folded before Flop
Seat 4: BoerAas (big blind) folded on the Turn
Seat 5: vasmit folded before Flop (didn't bet)
Seat 8: Honda246 folded before Flop (didn't bet)
Seat 9: Dorex2007 collected ($0.13)



PokerStars Hand #226964394594:  Hold'em No Limit ($0.01/$0.02 USD) - 2021/05/22 2:32:13 PT [2021/05/22 5:32:13 ET]
Table 'Astarte II' 9-max Seat #3 is the button
Seat 1: kqfall1 ($1.75 in chips) 
Seat 2: Tavrus32 ($2.96 in chips) 
Seat 3: Tichon479 ($0.79 in chips) 
Seat 4: BoerAas ($2.43 in chips) 
Seat 5: vasmit ($2 in chips) 
Seat 8: Honda246 ($1.94 in chips) 
Seat 9: Dorex2007 ($3.13 in chips) 
BoerAas: posts small blind $0.01
vasmit: posts big blind $0.02
Tavrus32: posts small & big blinds $0.03
*** HOLE CARDS ***
Dealt to Dorex2007 [6c 5h]
Honda246: folds 
Dorex2007: folds 
kqfall1: raises $0.06 to $0.08
Tavrus32: folds 
Tichon479: folds 
BoerAas: folds 
vasmit: raises $1.92 to $2 and is all-in
kqfall1: folds 
Uncalled bet ($1.92) returned to vasmit
vasmit collected $0.20 from pot
vasmit: doesn't show hand 
*** SUMMARY ***
Total pot $0.20 | Rake $0 
Seat 1: kqfall1 folded before Flop
Seat 2: Tavrus32 folded before Flop (didn't bet)
Seat 3: Tichon479 (button) folded before Flop (didn't bet)
Seat 4: BoerAas (small blind) folded before Flop
Seat 5: vasmit (big blind) collected ($0.20)
Seat 8: Honda246 folded before Flop (didn't bet)
Seat 9: Dorex2007 folded before Flop (didn't bet)



PokerStars Hand #226964402892:  Hold'em No Limit ($0.01/$0.02 USD) - 2021/05/22 2:32:51 PT [2021/05/22 5:32:51 ET]
Table 'Astarte II' 9-max Seat #4 is the button
Seat 1: kqfall1 ($1.67 in chips) 
Seat 2: Tavrus32 ($2.93 in chips) 
Seat 3: Tichon479 ($0.79 in chips) 
Seat 4: BoerAas ($2.42 in chips) 
Seat 5: vasmit ($2.12 in chips) 
Seat 8: Honda246 ($1.94 in chips) 
Seat 9: Dorex2007 ($3.13 in chips) 
vasmit: posts small blind $0.01
Honda246: posts big blind $0.02
*** HOLE CARDS ***
Dealt to Dorex2007 [Qs Ks]
Dorex2007: raises $0.04 to $0.06
kqfall1: folds 
Tavrus32: folds 
Tichon479: calls $0.06
BoerAas: calls $0.06
vasmit: folds 
Honda246: folds 
*** FLOP *** [As 8h Qh]
Dorex2007: checks 
Tichon479: checks 
BoerAas: checks 
*** TURN *** [As 8h Qh] [Qc]
Dorex2007: checks 
Tichon479: checks 
BoerAas: bets $0.07
Dorex2007: raises $0.11 to $0.18
Tichon479: folds 
BoerAas: folds 
Uncalled bet ($0.11) returned to Dorex2007
Dorex2007 collected $0.34 from pot
Dorex2007: doesn't show hand 
*** SUMMARY ***
Total pot $0.35 | Rake $0.01 
Board [As 8h Qh Qc]
Seat 1: kqfall1 folded before Flop (didn't bet)
Seat 2: Tavrus32 folded before Flop (didn't bet)
Seat 3: Tichon479 folded on the Turn
Seat 4: BoerAas (button) folded on the Turn
Seat 5: vasmit (small blind) folded before Flop
Seat 8: Honda246 (big blind) folded before Flop
Seat 9: Dorex2007 collected ($0.34)



PokerStars Hand #226964412527:  Hold'em No Limit ($0.01/$0.02 USD) - 2021/05/22 2:33:35 PT [2021/05/22 5:33:35 ET]
Table 'Astarte II' 9-max Seat #5 is the button
Seat 1: kqfall1 ($1.67 in chips) 
Seat 2: Tavrus32 ($2.93 in chips) 
Seat 3: Tichon479 ($0.73 in chips) 
Seat 4: BoerAas ($2.29 in chips) 
Seat 5: vasmit ($2.11 in chips) 
Seat 8: Honda246 ($1.92 in chips) 
Seat 9: Dorex2007 ($3.34 in chips) 
Honda246: posts small blind $0.01
Dorex2007: posts big blind $0.02
*** HOLE CARDS ***
Dealt to Dorex2007 [8h 9c]
kqfall1: folds 
Tavrus32: folds 
Tichon479: folds 
BoerAas: calls $0.02
vasmit: raises $0.02 to $0.04
Honda246: folds 
dragon44rus is disconnected 
Dorex2007: folds 
BoerAas: calls $0.02
*** FLOP *** [Kc 7d Ac]
BoerAas: checks 
ivldark leaves the table
vasmit: bets $0.08
BoerAas: folds 
Uncalled bet ($0.08) returned to vasmit
vasmit collected $0.11 from pot
vasmit: doesn't show hand 
*** SUMMARY ***
Total pot $0.11 | Rake $0 
Board [Kc 7d Ac]
Seat 1: kqfall1 folded before Flop (didn't bet)
Seat 2: Tavrus32 folded before Flop (didn't bet)
Seat 3: Tichon479 folded before Flop (didn't bet)
Seat 4: BoerAas folded on the Flop
Seat 5: vasmit (button) collected ($0.11)
Seat 8: Honda246 (small blind) folded before Flop
Seat 9: Dorex2007 (big blind) folded before Flop



PokerStars Hand #226964423607:  Hold'em No Limit ($0.01/$0.02 USD) - 2021/05/22 2:34:26 PT [2021/05/22 5:34:26 ET]
Table 'Astarte II' 9-max Seat #8 is the button
Seat 1: kqfall1 ($1.67 in chips) 
Seat 2: Tavrus32 ($2.93 in chips) 
Seat 3: Tichon479 ($0.73 in chips) 
Seat 4: BoerAas ($2.25 in chips) 
Seat 5: vasmit ($2.18 in chips) 
Seat 8: Honda246 ($1.91 in chips) 
Seat 9: Dorex2007 ($3.32 in chips) 
Dorex2007: posts small blind $0.01
kqfall1: posts big blind $0.02
*** HOLE CARDS ***
Dealt to Dorex2007 [7h Ac]
Tavrus32: folds 
Tichon479: folds 
BoerAas: folds 
vasmit: folds 
Honda246: folds 
Dorex2007: calls $0.01
kqfall1: checks 
*** FLOP *** [7c Qc 2h]
eYeLovErAgS joins the table at seat #6 
Dorex2007: checks 
kqfall1: bets $0.04
Dorex2007: folds 
Uncalled bet ($0.04) returned to kqfall1
kqfall1 collected $0.04 from pot
*** SUMMARY ***
Total pot $0.04 | Rake $0 
Board [7c Qc 2h]
Seat 1: kqfall1 (big blind) collected ($0.04)
Seat 2: Tavrus32 folded before Flop (didn't bet)
Seat 3: Tichon479 folded before Flop (didn't bet)
Seat 4: BoerAas folded before Flop (didn't bet)
Seat 5: vasmit folded before Flop (didn't bet)
Seat 8: Honda246 (button) folded before Flop (didn't bet)
Seat 9: Dorex2007 (small blind) folded on the Flop



PokerStars Hand #226964431167:  Hold'em No Limit ($0.01/$0.02 USD) - 2021/05/22 2:35:01 PT [2021/05/22 5:35:01 ET]
Table 'Astarte II' 9-max Seat #9 is the button
Seat 1: kqfall1 ($1.69 in chips) 
Seat 2: Tavrus32 ($2.93 in chips) 
Seat 3: Tichon479 ($0.73 in chips) 
Seat 4: BoerAas ($2.25 in chips) 
Seat 5: vasmit ($2.18 in chips) 
Seat 6: eYeLovErAgS ($1.60 in chips) 
Seat 8: Honda246 ($1.91 in chips) 
Seat 9: Dorex2007 ($3.30 in chips) 
kqfall1: posts small blind $0.01
Tavrus32: posts big blind $0.02
eYeLovErAgS: posts big blind $0.02
*** HOLE CARDS ***
Dealt to Dorex2007 [8c 3c]
Tichon479: calls $0.02
BoerAas: folds 
vasmit: folds 
eYeLovErAgS: raises $0.02 to $0.04
Honda246: folds 
Dorex2007: folds 
kqfall1: calls $0.03
Tavrus32: folds 
Tichon479: calls $0.02
*** FLOP *** [Ah 8d 4h]
kqfall1: bets $0.08
Tichon479: folds 
eYeLovErAgS: calls $0.08
*** TURN *** [Ah 8d 4h] [3h]
kqfall1: checks 
eYeLovErAgS: checks 
*** RIVER *** [Ah 8d 4h 3h] [9s]
kqfall1: bets $0.24
eYeLovErAgS: calls $0.24
*** SHOW DOWN ***
kqfall1: shows [4s 4d] (three of a kind, Fours)
eYeLovErAgS: mucks hand 
kqfall1 collected $0.75 from pot
*** SUMMARY ***
Total pot $0.78 | Rake $0.03 
Board [Ah 8d 4h 3h 9s]
Seat 1: kqfall1 (small blind) showed [4s 4d] and won ($0.75) with three of a kind, Fours
Seat 2: Tavrus32 (big blind) folded before Flop
Seat 3: Tichon479 folded on the Flop
Seat 4: BoerAas folded before Flop (didn't bet)
Seat 5: vasmit folded before Flop (didn't bet)
Seat 6: eYeLovErAgS mucked [Qc 7c]
Seat 8: Honda246 folded before Flop (didn't bet)
Seat 9: Dorex2007 (button) folded before Flop (didn't bet)



PokerStars Hand #226964445533:  Hold'em No Limit ($0.01/$0.02 USD) - 2021/05/22 2:36:08 PT [2021/05/22 5:36:08 ET]
Table 'Astarte II' 9-max Seat #1 is the button
Seat 1: kqfall1 ($2.08 in chips) 
Seat 2: Tavrus32 ($2.91 in chips) 
Seat 3: Tichon479 ($0.69 in chips) 
Seat 4: BoerAas ($2.25 in chips) 
Seat 5: vasmit ($2.18 in chips) 
Seat 6: eYeLovErAgS ($1.24 in chips) 
Seat 8: Honda246 ($1.91 in chips) 
Seat 9: Dorex2007 ($3.30 in chips) 
Tavrus32: posts small blind $0.01
Tichon479: posts big blind $0.02
*** HOLE CARDS ***
Dealt to Dorex2007 [Ah 4d]
BoerAas: folds 
vasmit: folds 
eYeLovErAgS: raises $0.02 to $0.04
Honda246: folds 
Dorex2007: folds 
kqfall1: folds 
Tavrus32: folds 
Tichon479: calls $0.02
*** FLOP *** [6d As 6c]
Tichon479: checks 
eYeLovErAgS: bets $0.02
Tichon479: folds 
Uncalled bet ($0.02) returned to eYeLovErAgS
eYeLovErAgS collected $0.09 from pot
eYeLovErAgS: doesn't show hand 
*** SUMMARY ***
Total pot $0.09 | Rake $0 
Board [6d As 6c]
Seat 1: kqfall1 (button) folded before Flop (didn't bet)
Seat 2: Tavrus32 (small blind) folded before Flop
Seat 3: Tichon479 (big blind) folded on the Flop
Seat 4: BoerAas folded before Flop (didn't bet)
Seat 5: vasmit folded before Flop (didn't bet)
Seat 6: eYeLovErAgS collected ($0.09)
Seat 8: Honda246 folded before Flop (didn't bet)
Seat 9: Dorex2007 folded before Flop (didn't bet)



PokerStars Hand #226964461402:  Hold'em No Limit ($0.01/$0.02 USD) - 2021/05/22 2:36:38 PT [2021/05/22 5:36:38 ET]
Table 'Astarte II' 9-max Seat #2 is the button
Seat 1: kqfall1 ($2.08 in chips) 
Seat 2: Tavrus32 ($2.90 in chips) 
Seat 3: Tichon479 ($0.65 in chips) 
Seat 4: BoerAas ($2.25 in chips) 
Seat 5: vasmit ($2.18 in chips) 
Seat 6: eYeLovErAgS ($1.29 in chips) 
Seat 8: Honda246 ($1.91 in chips) 
Seat 9: Dorex2007 ($3.30 in chips) 
Tichon479: posts small blind $0.01
BoerAas: posts big blind $0.02
*** HOLE CARDS ***
Dealt to Dorex2007 [6c Js]
vasmit: folds 
eYeLovErAgS: calls $0.02
Honda246: folds 
Dorex2007: folds 
kqfall1: folds 
Tavrus32: folds 
Tichon479: calls $0.01
BoerAas: checks 
*** FLOP *** [2c 8s Ah]
Tichon479: checks 
BoerAas: checks 
eYeLovErAgS: bets $0.02
Tichon479: folds 
BoerAas: calls $0.02
*** TURN *** [2c 8s Ah] [7h]
BoerAas: checks 
eYeLovErAgS: bets $0.05
BoerAas: folds 
Uncalled bet ($0.05) returned to eYeLovErAgS
eYeLovErAgS collected $0.10 from pot
eYeLovErAgS: doesn't show hand 
*** SUMMARY ***
Total pot $0.10 | Rake $0 
Board [2c 8s Ah 7h]
Seat 1: kqfall1 folded before Flop (didn't bet)
Seat 2: Tavrus32 (button) folded before Flop (didn't bet)
Seat 3: Tichon479 (small blind) folded on the Flop
Seat 4: BoerAas (big blind) folded on the Turn
Seat 5: vasmit folded before Flop (didn't bet)
Seat 6: eYeLovErAgS collected ($0.10)
Seat 8: Honda246 folded before Flop (didn't bet)
Seat 9: Dorex2007 folded before Flop (didn't bet)



PokerStars Hand #226964470596:  Hold'em No Limit ($0.01/$0.02 USD) - 2021/05/22 2:37:20 PT [2021/05/22 5:37:20 ET]
Table 'Astarte II' 9-max Seat #3 is the button
Seat 1: kqfall1 ($2.08 in chips) 
Seat 2: Tavrus32 ($2.90 in chips) 
Seat 3: Tichon479 ($0.63 in chips) 
Seat 4: BoerAas ($2.21 in chips) 
Seat 5: vasmit ($2.18 in chips) 
Seat 6: eYeLovErAgS ($1.35 in chips) 
Seat 8: Honda246 ($1.91 in chips) 
Seat 9: Dorex2007 ($3.30 in chips) 
BoerAas: posts small blind $0.01
vasmit: posts big blind $0.02
*** HOLE CARDS ***
Dealt to Dorex2007 [Ah 3h]
eYeLovErAgS: raises $0.02 to $0.04
Honda246: folds 
Dorex2007: folds 
kqfall1: calls $0.04
Tavrus32: folds 
Tichon479: calls $0.04
BoerAas: calls $0.03
vasmit: folds 
*** FLOP *** [6s 3d 7d]
BoerAas: checks 
eYeLovErAgS: bets $0.02
kqfall1: raises $0.12 to $0.14
Tichon479: calls $0.14
BoerAas: folds 
eYeLovErAgS: calls $0.12
*** TURN *** [6s 3d 7d] [Jh]
eYeLovErAgS: checks 
kqfall1: checks 
Tichon479: bets $0.45 and is all-in
eYeLovErAgS: folds 
kqfall1: folds 
Uncalled bet ($0.45) returned to Tichon479
Tichon479 collected $0.58 from pot
Tichon479: doesn't show hand 
*** SUMMARY ***
Total pot $0.60 | Rake $0.02 
Board [6s 3d 7d Jh]
Seat 1: kqfall1 folded on the Turn
Seat 2: Tavrus32 folded before Flop (didn't bet)
Seat 3: Tichon479 (button) collected ($0.58)
Seat 4: BoerAas (small blind) folded on the Flop
Seat 5: vasmit (big blind) folded before Flop
Seat 6: eYeLovErAgS folded on the Turn
Seat 8: Honda246 folded before Flop (didn't bet)
Seat 9: Dorex2007 folded before Flop (didn't bet)



PokerStars Hand #226964487199:  Hold'em No Limit ($0.01/$0.02 USD) - 2021/05/22 2:38:36 PT [2021/05/22 5:38:36 ET]
Table 'Astarte II' 9-max Seat #4 is the button
Seat 1: kqfall1 ($1.90 in chips) 
Seat 2: Tavrus32 ($2.90 in chips) 
Seat 3: Tichon479 ($1.03 in chips) 
Seat 4: BoerAas ($2.17 in chips) 
Seat 5: vasmit ($2.16 in chips) 
Seat 6: eYeLovErAgS ($1.17 in chips) 
Seat 8: Honda246 ($1.91 in chips) 
Seat 9: Dorex2007 ($3.30 in chips) 
vasmit: posts small blind $0.01
eYeLovErAgS: posts big blind $0.02
*** HOLE CARDS ***
Dealt to Dorex2007 [Qs 5h]
Honda246: folds 
Dorex2007: folds 
kqfall1: folds 
Tavrus32: folds 
Tichon479: folds 
BoerAas: folds 
vasmit: folds 
Uncalled bet ($0.01) returned to eYeLovErAgS
eYeLovErAgS collected $0.02 from pot
eYeLovErAgS: doesn't show hand 
*** SUMMARY ***
Total pot $0.02 | Rake $0 
Seat 1: kqfall1 folded before Flop (didn't bet)
Seat 2: Tavrus32 folded before Flop (didn't bet)
Seat 3: Tichon479 folded before Flop (didn't bet)
Seat 4: BoerAas (button) folded before Flop (didn't bet)
Seat 5: vasmit (small blind) folded before Flop
Seat 6: eYeLovErAgS (big blind) collected ($0.02)
Seat 8: Honda246 folded before Flop (didn't bet)
Seat 9: Dorex2007 folded before Flop (didn't bet)



PokerStars Hand #226964490564:  Hold'em No Limit ($0.01/$0.02 USD) - 2021/05/22 2:38:52 PT [2021/05/22 5:38:52 ET]
Table 'Astarte II' 9-max Seat #5 is the button
Seat 1: kqfall1 ($1.90 in chips) 
Seat 2: Tavrus32 ($2.90 in chips) 
Seat 3: Tichon479 ($1.03 in chips) 
Seat 4: BoerAas ($2.17 in chips) 
Seat 5: vasmit ($2.15 in chips) 
Seat 6: eYeLovErAgS ($1.18 in chips) 
Seat 9: Dorex2007 ($3.30 in chips) 
eYeLovErAgS: posts small blind $0.01
Honda246: is sitting out 
Dorex2007: posts big blind $0.02
*** HOLE CARDS ***
Dealt to Dorex2007 [Js 3d]
kqfall1: folds 
Honda246 leaves the table
Tavrus32: folds 
Tichon479: folds 
BoerAas: calls $0.02
vasmit: folds 
eYeLovErAgS: raises $0.02 to $0.04
Dorex2007: folds 
BoerAas: calls $0.02
*** FLOP *** [Qc 2h Qh]
eYeLovErAgS: checks 
BoerAas: checks 
*** TURN *** [Qc 2h Qh] [5h]
koman759 joins the table at seat #8 
eYeLovErAgS: checks 
BoerAas: checks 
*** RIVER *** [Qc 2h Qh 5h] [3c]
eYeLovErAgS: checks 
BoerAas: checks 
*** SHOW DOWN ***
eYeLovErAgS: shows [6h 2d] (two pair, Queens and Deuces)
BoerAas: mucks hand 
eYeLovErAgS collected $0.10 from pot
dragon44rus leaves the table
*** SUMMARY ***
Total pot $0.10 | Rake $0 
Board [Qc 2h Qh 5h 3c]
Seat 1: kqfall1 folded before Flop (didn't bet)
Seat 2: Tavrus32 folded before Flop (didn't bet)
Seat 3: Tichon479 folded before Flop (didn't bet)
Seat 4: BoerAas mucked [9s Jc]
Seat 5: vasmit (button) folded before Flop (didn't bet)
Seat 6: eYeLovErAgS (small blind) showed [6h 2d] and won ($0.10) with two pair, Queens and Deuces
Seat 9: Dorex2007 (big blind) folded before Flop



PokerStars Hand #226964505323:  Hold'em No Limit ($0.01/$0.02 USD) - 2021/05/22 2:39:59 PT [2021/05/22 5:39:59 ET]
Table 'Astarte II' 9-max Seat #6 is the button
Seat 1: kqfall1 ($1.90 in chips) 
Seat 2: Tavrus32 ($2.90 in chips) 
Seat 3: Tichon479 ($1.03 in chips) 
Seat 4: BoerAas ($2.13 in chips) 
Seat 5: vasmit ($2.15 in chips) 
Seat 6: eYeLovErAgS ($1.24 in chips) 
Seat 9: Dorex2007 ($3.28 in chips) 
Dorex2007: posts small blind $0.01
kqfall1: posts big blind $0.02
*** HOLE CARDS ***
Dealt to Dorex2007 [9h 8c]
Tavrus32: folds 
Nngivitome joins the table at seat #7 
Tichon479: calls $0.02
BoerAas: folds 
vasmit: folds 
eYeLovErAgS: calls $0.02
Dorex2007: calls $0.01
kqfall1: checks 
*** FLOP *** [7c Jh Kd]
Dorex2007: checks 
kqfall1: checks 
Tichon479: checks 
eYeLovErAgS: bets $0.02
Dorex2007: calls $0.02
kqfall1: folds 
Tichon479: calls $0.02
*** TURN *** [7c Jh Kd] [Td]
Dorex2007: checks 
Tichon479: checks 
eYeLovErAgS: bets $0.07
Dorex2007: raises $0.07 to $0.14
Tichon479: folds 
eYeLovErAgS: calls $0.07
*** RIVER *** [7c Jh Kd Td] [9c]
Dorex2007: checks 
eYeLovErAgS: bets $0.20
Dorex2007: calls $0.20
*** SHOW DOWN ***
eYeLovErAgS: shows [8d Tc] (a straight, Seven to Jack)
Dorex2007: shows [9h 8c] (a straight, Seven to Jack)
Dorex2007 collected $0.40 from pot
eYeLovErAgS collected $0.39 from pot
*** SUMMARY ***
Total pot $0.82 | Rake $0.03 
Board [7c Jh Kd Td 9c]
Seat 1: kqfall1 (big blind) folded on the Flop
Seat 2: Tavrus32 folded before Flop (didn't bet)
Seat 3: Tichon479 folded on the Turn
Seat 4: BoerAas folded before Flop (didn't bet)
Seat 5: vasmit folded before Flop (didn't bet)
Seat 6: eYeLovErAgS (button) showed [8d Tc] and won ($0.39) with a straight, Seven to Jack
Seat 9: Dorex2007 (small blind) showed [9h 8c] and won ($0.40) with a straight, Seven to Jack



PokerStars Hand #226964518069:  Hold'em No Limit ($0.01/$0.02 USD) - 2021/05/22 2:40:58 PT [2021/05/22 5:40:58 ET]
Table 'Astarte II' 9-max Seat #9 is the button
Seat 1: kqfall1 ($1.88 in chips) 
Seat 2: Tavrus32 ($2.90 in chips) 
Seat 3: Tichon479 ($0.99 in chips) 
Seat 4: BoerAas ($2.13 in chips) 
Seat 5: vasmit ($2.15 in chips) 
Seat 6: eYeLovErAgS ($1.25 in chips) 
Seat 7: Nngivitome ($1.25 in chips) 
Seat 8: koman759 ($1.02 in chips) 
Seat 9: Dorex2007 ($3.30 in chips) 
kqfall1: posts small blind $0.01
Tavrus32: posts big blind $0.02
Nngivitome: posts big blind $0.02
koman759: posts big blind $0.02
*** HOLE CARDS ***
Dealt to Dorex2007 [Jd Kd]
Tichon479: folds 
BoerAas: folds 
vasmit: folds 
eYeLovErAgS: raises $0.02 to $0.04
Nngivitome: calls $0.02
koman759: folds 
Dorex2007: calls $0.04
kqfall1: folds 
Tavrus32: calls $0.02
*** FLOP *** [5s Qd Td]
Tavrus32: checks 
eYeLovErAgS: bets $0.09
Nngivitome: folds 
Dorex2007: calls $0.09
Tavrus32: calls $0.09
*** TURN *** [5s Qd Td] [7c]
Tavrus32: checks 
eYeLovErAgS: checks 
Dorex2007: bets $0.22
Tavrus32: calls $0.22
eYeLovErAgS: calls $0.22
*** RIVER *** [5s Qd Td 7c] [5d]
Tavrus32: checks 
eYeLovErAgS: checks 
Dorex2007: bets $0.20
Tavrus32: folds 
eYeLovErAgS: folds 
Uncalled bet ($0.20) returned to Dorex2007
Dorex2007 collected $1.08 from pot
Dorex2007: doesn't show hand 
*** SUMMARY ***
Total pot $1.12 | Rake $0.04 
Board [5s Qd Td 7c 5d]
Seat 1: kqfall1 (small blind) folded before Flop
Seat 2: Tavrus32 (big blind) folded on the River
Seat 3: Tichon479 folded before Flop (didn't bet)
Seat 4: BoerAas folded before Flop (didn't bet)
Seat 5: vasmit folded before Flop (didn't bet)
Seat 6: eYeLovErAgS folded on the River
Seat 7: Nngivitome folded on the Flop
Seat 8: koman759 folded before Flop (didn't bet)
Seat 9: Dorex2007 (button) collected ($1.08)



PokerStars Hand #226964538185:  Hold'em No Limit ($0.01/$0.02 USD) - 2021/05/22 2:42:29 PT [2021/05/22 5:42:29 ET]
Table 'Astarte II' 9-max Seat #1 is the button
Seat 1: kqfall1 ($1.87 in chips) 
Seat 2: Tavrus32 ($2.55 in chips) 
Seat 3: Tichon479 ($0.99 in chips) 
Seat 4: BoerAas ($2.13 in chips) 
Seat 5: vasmit ($2.15 in chips) 
Seat 6: eYeLovErAgS ($0.90 in chips) 
Seat 7: Nngivitome ($1.21 in chips) 
Seat 8: koman759 ($1 in chips) 
Seat 9: Dorex2007 ($4.03 in chips) 
Tavrus32: posts small blind $0.01
Tichon479: posts big blind $0.02
*** HOLE CARDS ***
Dealt to Dorex2007 [4c 6h]
BoerAas has timed out
BoerAas: folds 
vasmit: folds 
eYeLovErAgS: folds 
Nngivitome: raises $0.03 to $0.05
koman759: folds 
Dorex2007: folds 
kqfall1: folds 
Tavrus32: folds 
Tichon479: folds 
Uncalled bet ($0.03) returned to Nngivitome
Nngivitome collected $0.05 from pot
Nngivitome: doesn't show hand 
*** SUMMARY ***
Total pot $0.05 | Rake $0 
Seat 1: kqfall1 (button) folded before Flop (didn't bet)
Seat 2: Tavrus32 (small blind) folded before Flop
Seat 3: Tichon479 (big blind) folded before Flop
Seat 4: BoerAas folded before Flop (didn't bet)
Seat 5: vasmit folded before Flop (didn't bet)
Seat 6: eYeLovErAgS folded before Flop (didn't bet)
Seat 7: Nngivitome collected ($0.05)
Seat 8: koman759 folded before Flop (didn't bet)
Seat 9: Dorex2007 folded before Flop (didn't bet)



PokerStars Hand #226964544053:  Hold'em No Limit ($0.01/$0.02 USD) - 2021/05/22 2:42:56 PT [2021/05/22 5:42:56 ET]
Table 'Astarte II' 9-max Seat #2 is the button
Seat 1: kqfall1 ($1.87 in chips) 
Seat 2: Tavrus32 ($2.54 in chips) 
Seat 3: Tichon479 ($0.97 in chips) 
Seat 4: BoerAas ($2.13 in chips) 
Seat 5: vasmit ($2.15 in chips) 
Seat 6: eYeLovErAgS ($0.90 in chips) 
Seat 7: Nngivitome ($1.24 in chips) 
Seat 8: koman759 ($1 in chips) 
Seat 9: Dorex2007 ($4.03 in chips) 
Tichon479: posts small blind $0.01
BoerAas: posts big blind $0.02
*** HOLE CARDS ***
Dealt to Dorex2007 [8c 7s]
vasmit: folds 
eYeLovErAgS: calls $0.02
Nngivitome: raises $0.03 to $0.05
koman759: folds 
Dorex2007: folds 
kqfall1: calls $0.05
Tavrus32: folds 
Tichon479: folds 
BoerAas: folds 
eYeLovErAgS: calls $0.03
*** FLOP *** [Ah 2h 4h]
eYeLovErAgS: checks 
Nngivitome: bets $0.09
kqfall1: folds 
eYeLovErAgS: folds 
Uncalled bet ($0.09) returned to Nngivitome
Nngivitome collected $0.17 from pot
Nngivitome: doesn't show hand 
*** SUMMARY ***
Total pot $0.18 | Rake $0.01 
Board [Ah 2h 4h]
Seat 1: kqfall1 folded on the Flop
Seat 2: Tavrus32 (button) folded before Flop (didn't bet)
Seat 3: Tichon479 (small blind) folded before Flop
Seat 4: BoerAas (big blind) folded before Flop
Seat 5: vasmit folded before Flop (didn't bet)
Seat 6: eYeLovErAgS folded on the Flop
Seat 7: Nngivitome collected ($0.17)
Seat 8: koman759 folded before Flop (didn't bet)
Seat 9: Dorex2007 folded before Flop (didn't bet)



PokerStars Hand #226964554003:  Hold'em No Limit ($0.01/$0.02 USD) - 2021/05/22 2:43:41 PT [2021/05/22 5:43:41 ET]
Table 'Astarte II' 9-max Seat #3 is the button
Seat 1: kqfall1 ($1.82 in chips) 
Seat 2: Tavrus32 ($2.54 in chips) 
Seat 3: Tichon479 ($0.96 in chips) 
Seat 4: BoerAas ($2.11 in chips) 
Seat 5: vasmit ($2.15 in chips) 
Seat 6: eYeLovErAgS ($0.85 in chips) 
Seat 7: Nngivitome ($1.36 in chips) 
Seat 8: koman759 ($1 in chips) 
Seat 9: Dorex2007 ($4.03 in chips) 
BoerAas: posts small blind $0.01
vasmit: posts big blind $0.02
*** HOLE CARDS ***
Dealt to Dorex2007 [Js 7s]
eYeLovErAgS: calls $0.02
Nngivitome: folds 
koman759: calls $0.02
Dorex2007: folds 
kqfall1: raises $0.08 to $0.10
Tavrus32: folds 
Tichon479: folds 
BoerAas: folds 
vasmit: folds 
eYeLovErAgS: calls $0.08
koman759: calls $0.08
*** FLOP *** [4d Ks Td]
eYeLovErAgS: checks 
koman759: checks 
kqfall1: checks 
*** TURN *** [4d Ks Td] [3h]
eYeLovErAgS: checks 
koman759: checks 
kqfall1: bets $0.26
eYeLovErAgS: calls $0.26
koman759: folds 
*** RIVER *** [4d Ks Td 3h] [6d]
eYeLovErAgS: bets $0.02
kqfall1: calls $0.02
*** SHOW DOWN ***
eYeLovErAgS: shows [3s 5s] (a pair of Threes)
kqfall1: shows [4h Qh] (a pair of Fours)
kqfall1 collected $0.86 from pot
*** SUMMARY ***
Total pot $0.89 | Rake $0.03 
Board [4d Ks Td 3h 6d]
Seat 1: kqfall1 showed [4h Qh] and won ($0.86) with a pair of Fours
Seat 2: Tavrus32 folded before Flop (didn't bet)
Seat 3: Tichon479 (button) folded before Flop (didn't bet)
Seat 4: BoerAas (small blind) folded before Flop
Seat 5: vasmit (big blind) folded before Flop
Seat 6: eYeLovErAgS showed [3s 5s] and lost with a pair of Threes
Seat 7: Nngivitome folded before Flop (didn't bet)
Seat 8: koman759 folded on the Turn
Seat 9: Dorex2007 folded before Flop (didn't bet)



PokerStars Hand #226964574907:  Hold'em No Limit ($0.01/$0.02 USD) - 2021/05/22 2:45:16 PT [2021/05/22 5:45:16 ET]
Table 'Astarte II' 9-max Seat #4 is the button
Seat 1: kqfall1 ($2.30 in chips) 
Seat 2: Tavrus32 ($2.54 in chips) 
Seat 3: Tichon479 ($0.96 in chips) 
Seat 4: BoerAas ($2.10 in chips) 
Seat 5: vasmit ($2.13 in chips) 
Seat 6: eYeLovErAgS ($0.47 in chips) 
Seat 7: Nngivitome ($1.36 in chips) 
Seat 8: koman759 ($0.90 in chips) 
Seat 9: Dorex2007 ($4.03 in chips) 
vasmit: posts small blind $0.01
eYeLovErAgS: posts big blind $0.02
*** HOLE CARDS ***
Dealt to Dorex2007 [Ad Js]
Nngivitome: folds 
koman759: folds 
Dorex2007: raises $0.02 to $0.04
kqfall1: calls $0.04
Tavrus32: folds 
Tichon479: folds 
BoerAas: raises $0.03 to $0.07
vasmit: folds 
eYeLovErAgS: calls $0.05
Dorex2007: calls $0.03
kqfall1: calls $0.03
*** FLOP *** [4d As 4c]
eYeLovErAgS: bets $0.02
Dorex2007: calls $0.02
kqfall1: folds 
BoerAas: raises $0.11 to $0.13
eYeLovErAgS: calls $0.11
Dorex2007: calls $0.11
*** TURN *** [4d As 4c] [Ac]
eYeLovErAgS: bets $0.02
Dorex2007: raises $0.35 to $0.37
BoerAas: raises $1.42 to $1.79
eYeLovErAgS: folds 
Dorex2007: raises $1.42 to $3.21
BoerAas: calls $0.11 and is all-in
Uncalled bet ($1.31) returned to Dorex2007
*** RIVER *** [4d As 4c Ac] [Kc]
*** SHOW DOWN ***
Dorex2007: shows [Ad Js] (a full house, Aces full of Fours)
BoerAas: shows [Qd Ah] (a full house, Aces full of Fours)
Dorex2007 collected $2.17 from pot
BoerAas collected $2.17 from pot
*** SUMMARY ***
Total pot $4.50 | Rake $0.16 
Board [4d As 4c Ac Kc]
Seat 1: kqfall1 folded on the Flop
Seat 2: Tavrus32 folded before Flop (didn't bet)
Seat 3: Tichon479 folded before Flop (didn't bet)
Seat 4: BoerAas (button) showed [Qd Ah] and won ($2.17) with a full house, Aces full of Fours
Seat 5: vasmit (small blind) folded before Flop
Seat 6: eYeLovErAgS (big blind) folded on the Turn
Seat 7: Nngivitome folded before Flop (didn't bet)
Seat 8: koman759 folded before Flop (didn't bet)
Seat 9: Dorex2007 showed [Ad Js] and won ($2.17) with a full house, Aces full of Fours



PokerStars Hand #226964595426:  Hold'em No Limit ($0.01/$0.02 USD) - 2021/05/22 2:46:50 PT [2021/05/22 5:46:50 ET]
Table 'Astarte II' 9-max Seat #5 is the button
Seat 1: kqfall1 ($2.23 in chips) 
Seat 2: Tavrus32 ($2.54 in chips) 
Seat 3: Tichon479 ($0.96 in chips) 
Seat 4: BoerAas ($2.17 in chips) 
Seat 5: vasmit ($2.12 in chips) 
Seat 6: eYeLovErAgS ($0.25 in chips) 
Seat 7: Nngivitome ($1.36 in chips) 
Seat 8: koman759 ($0.90 in chips) 
Seat 9: Dorex2007 ($4.10 in chips) 
eYeLovErAgS: posts small blind $0.01
Nngivitome: posts big blind $0.02
*** HOLE CARDS ***
Dealt to Dorex2007 [2h 5h]
koman759: calls $0.02
Dorex2007: folds 
kqfall1: folds 
Tavrus32: folds 
Tichon479: folds 
Tichon479 leaves the table
BoerAas has timed out
BoerAas: folds 
vasmit: folds 
kurtev87 joins the table at seat #3 
eYeLovErAgS: raises $0.23 to $0.25 and is all-in
Nngivitome: raises $0.64 to $0.89
koman759: folds 
Uncalled bet ($0.64) returned to Nngivitome
*** FLOP *** [8d Qc Kh]
*** TURN *** [8d Qc Kh] [9s]
*** RIVER *** [8d Qc Kh 9s] [7c]
*** SHOW DOWN ***
eYeLovErAgS: shows [Ks Qd] (two pair, Kings and Queens)
Nngivitome: shows [As Ts] (high card Ace)
eYeLovErAgS collected $0.50 from pot
*** SUMMARY ***
Total pot $0.52 | Rake $0.02 
Board [8d Qc Kh 9s 7c]
Seat 1: kqfall1 folded before Flop (didn't bet)
Seat 2: Tavrus32 folded before Flop (didn't bet)
Seat 3: Tichon479 folded before Flop (didn't bet)
Seat 4: BoerAas folded before Flop (didn't bet)
Seat 5: vasmit (button) folded before Flop (didn't bet)
Seat 6: eYeLovErAgS (small blind) showed [Ks Qd] and won ($0.50) with two pair, Kings and Queens
Seat 7: Nngivitome (big blind) showed [As Ts] and lost with high card Ace
Seat 8: koman759 folded before Flop
Seat 9: Dorex2007 folded before Flop (didn't bet)



PokerStars Hand #226964607854:  Hold'em No Limit ($0.01/$0.02 USD) - 2021/05/22 2:47:46 PT [2021/05/22 5:47:46 ET]
Table 'Astarte II' 9-max Seat #6 is the button
Seat 1: kqfall1 ($2.23 in chips) 
Seat 2: Tavrus32 ($2.54 in chips) 
Seat 4: BoerAas ($2.17 in chips) 
Seat 5: vasmit ($2.12 in chips) 
Seat 6: eYeLovErAgS ($0.50 in chips) 
Seat 7: Nngivitome ($1.11 in chips) 
Seat 8: koman759 ($0.88 in chips) 
Seat 9: Dorex2007 ($4.10 in chips) 
Nngivitome: posts small blind $0.01
koman759: posts big blind $0.02
kurtev87: sits out 
*** HOLE CARDS ***
Dealt to Dorex2007 [8h Qs]
Dorex2007: folds 
kqfall1: raises $0.04 to $0.06
Tavrus32: folds 
BoerAas: calls $0.06
vasmit: folds 
eYeLovErAgS: calls $0.06
Nngivitome: folds 
koman759: folds 
*** FLOP *** [As Kd 5d]
kqfall1: checks 
BoerAas: checks 
eYeLovErAgS: checks 
*** TURN *** [As Kd 5d] [Js]
kqfall1: bets $0.14
BoerAas: folds 
eYeLovErAgS: folds 
Uncalled bet ($0.14) returned to kqfall1
kqfall1 collected $0.20 from pot
*** SUMMARY ***
Total pot $0.21 | Rake $0.01 
Board [As Kd 5d Js]
Seat 1: kqfall1 collected ($0.20)
Seat 2: Tavrus32 folded before Flop (didn't bet)
Seat 4: BoerAas folded on the Turn
Seat 5: vasmit folded before Flop (didn't bet)
Seat 6: eYeLovErAgS (button) folded on the Turn
Seat 7: Nngivitome (small blind) folded before Flop
Seat 8: koman759 (big blind) folded before Flop
Seat 9: Dorex2007 folded before Flop (didn't bet)



PokerStars Hand #226964620639:  Hold'em No Limit ($0.01/$0.02 USD) - 2021/05/22 2:48:42 PT [2021/05/22 5:48:42 ET]
Table 'Astarte II' 9-max Seat #7 is the button
Seat 1: kqfall1 ($2.37 in chips) 
Seat 2: Tavrus32 ($2.54 in chips) 
Seat 4: BoerAas ($2.11 in chips) 
Seat 5: vasmit ($2.12 in chips) 
Seat 6: eYeLovErAgS ($0.44 in chips) 
Seat 7: Nngivitome ($1.10 in chips) 
Seat 8: koman759 ($0.86 in chips) 
Seat 9: Dorex2007 ($4.10 in chips) 
koman759: posts small blind $0.01
Dorex2007: posts big blind $0.02
kurtev87: sits out 
*** HOLE CARDS ***
Dealt to Dorex2007 [4h Ad]
kqfall1: folds 
Tavrus32: folds 
BoerAas: calls $0.02
vasmit: folds 
eYeLovErAgS: calls $0.02
Nngivitome: calls $0.02
koman759: folds 
Dorex2007: checks 
*** FLOP *** [Js 9s 9c]
Dorex2007: checks 
BoerAas: bets $0.05
eYeLovErAgS: raises $0.05 to $0.10
Nngivitome: folds 
Dorex2007: folds 
BoerAas: folds 
Uncalled bet ($0.05) returned to eYeLovErAgS
eYeLovErAgS collected $0.18 from pot
eYeLovErAgS: doesn't show hand 
*** SUMMARY ***
Total pot $0.19 | Rake $0.01 
Board [Js 9s 9c]
Seat 1: kqfall1 folded before Flop (didn't bet)
Seat 2: Tavrus32 folded before Flop (didn't bet)
Seat 4: BoerAas folded on the Flop
Seat 5: vasmit folded before Flop (didn't bet)
Seat 6: eYeLovErAgS collected ($0.18)
Seat 7: Nngivitome (button) folded on the Flop
Seat 8: koman759 (small blind) folded before Flop
Seat 9: Dorex2007 (big blind) folded on the Flop



PokerStars Hand #226964629088:  Hold'em No Limit ($0.01/$0.02 USD) - 2021/05/22 2:49:20 PT [2021/05/22 5:49:20 ET]
Table 'Astarte II' 9-max Seat #8 is the button
Seat 1: kqfall1 ($2.37 in chips) 
Seat 2: Tavrus32 ($2.54 in chips) 
Seat 4: BoerAas ($2.04 in chips) 
Seat 5: vasmit ($2.12 in chips) 
Seat 6: eYeLovErAgS ($0.55 in chips) 
Seat 7: Nngivitome ($1.08 in chips) 
Seat 8: koman759 ($0.85 in chips) 
Seat 9: Dorex2007 ($4.08 in chips) 
Dorex2007: posts small blind $0.01
kqfall1: posts big blind $0.02
kurtev87: sits out 
*** HOLE CARDS ***
Dealt to Dorex2007 [9c Jc]
Tavrus32: folds 
BoerAas: folds 
vasmit: folds 
eYeLovErAgS: raises $0.02 to $0.04
Nngivitome: folds 
koman759: folds 
Dorex2007: folds 
kqfall1: raises $0.08 to $0.12
eYeLovErAgS: calls $0.08
*** FLOP *** [2c 8d 3d]
kqfall1: checks 
eYeLovErAgS: checks 
*** TURN *** [2c 8d 3d] [Ks]
kqfall1: checks 
eYeLovErAgS: checks 
*** RIVER *** [2c 8d 3d Ks] [6s]
kqfall1: checks 
eYeLovErAgS: checks 
*** SHOW DOWN ***
kqfall1: shows [Jh Qc] (high card King)
eYeLovErAgS: mucks hand 
kqfall1 collected $0.24 from pot
*** SUMMARY ***
Total pot $0.25 | Rake $0.01 
Board [2c 8d 3d Ks 6s]
Seat 1: kqfall1 (big blind) showed [Jh Qc] and won ($0.24) with high card King
Seat 2: Tavrus32 folded before Flop (didn't bet)
Seat 4: BoerAas folded before Flop (didn't bet)
Seat 5: vasmit folded before Flop (didn't bet)
Seat 6: eYeLovErAgS mucked [Qh 7c]
Seat 7: Nngivitome folded before Flop (didn't bet)
Seat 8: koman759 (button) folded before Flop (didn't bet)
Seat 9: Dorex2007 (small blind) folded before Flop



PokerStars Hand #226964644720:  Hold'em No Limit ($0.01/$0.02 USD) - 2021/05/22 2:50:29 PT [2021/05/22 5:50:29 ET]
Table 'Astarte II' 9-max Seat #9 is the button
Seat 1: kqfall1 ($2.49 in chips) 
Seat 2: Tavrus32 ($2.54 in chips) 
Seat 4: BoerAas ($2.04 in chips) 
Seat 5: vasmit ($2.12 in chips) 
Seat 6: eYeLovErAgS ($0.43 in chips) 
Seat 7: Nngivitome ($1.08 in chips) 
Seat 8: koman759 ($0.85 in chips) 
Seat 9: Dorex2007 ($4.07 in chips) 
kqfall1: posts small blind $0.01
Tavrus32: posts big blind $0.02
kurtev87: sits out 
*** HOLE CARDS ***
Dealt to Dorex2007 [As 4s]
eYeLovErAgS is disconnected 
BoerAas: folds 
vasmit: calls $0.02
eYeLovErAgS has timed out while disconnected
eYeLovErAgS: folds 
Nngivitome: raises $0.03 to $0.05
koman759: calls $0.05
Dorex2007: folds 
kqfall1: folds 
Tavrus32: raises $0.18 to $0.23
vasmit: folds 
Nngivitome: folds 
koman759: calls $0.18
*** FLOP *** [9c 3d 2c]
Tavrus32: bets $0.75
koman759: calls $0.62 and is all-in
Uncalled bet ($0.13) returned to Tavrus32
*** TURN *** [9c 3d 2c] [Kh]
*** RIVER *** [9c 3d 2c Kh] [2s]
*** SHOW DOWN ***
Tavrus32: shows [Ah Kc] (two pair, Kings and Deuces)
koman759: shows [8c Tc] (a pair of Deuces)
Tavrus32 collected $1.72 from pot
*** SUMMARY ***
Total pot $1.78 | Rake $0.06 
Board [9c 3d 2c Kh 2s]
Seat 1: kqfall1 (small blind) folded before Flop
Seat 2: Tavrus32 (big blind) showed [Ah Kc] and won ($1.72) with two pair, Kings and Deuces
Seat 4: BoerAas folded before Flop (didn't bet)
Seat 5: vasmit folded before Flop
Seat 6: eYeLovErAgS folded before Flop (didn't bet)
Seat 7: Nngivitome folded before Flop
Seat 8: koman759 showed [8c Tc] and lost with a pair of Deuces
Seat 9: Dorex2007 (button) folded before Flop (didn't bet)



PokerStars Hand #226964659884:  Hold'em No Limit ($0.01/$0.02 USD) - 2021/05/22 2:51:36 PT [2021/05/22 5:51:36 ET]
Table 'Astarte II' 9-max Seat #1 is the button
Seat 1: kqfall1 ($2.48 in chips) 
Seat 2: Tavrus32 ($3.41 in chips) 
Seat 3: kurtev87 ($2 in chips) 
Seat 4: BoerAas ($2.04 in chips) 
Seat 5: vasmit ($2.10 in chips) 
Seat 7: Nngivitome ($1.03 in chips) 
Seat 9: Dorex2007 ($4.07 in chips) 
Tavrus32: posts small blind $0.01
kurtev87: posts big blind $0.02
*** HOLE CARDS ***
Dealt to Dorex2007 [Ac 5h]
BoerAas: folds 
vasmit: folds 
Nngivitome: folds 
Dorex2007: folds 
kqfall1: raises $0.04 to $0.06
Tavrus32: folds 
kurtev87: folds 
Uncalled bet ($0.04) returned to kqfall1
kqfall1 collected $0.05 from pot
*** SUMMARY ***
Total pot $0.05 | Rake $0 
Seat 1: kqfall1 (button) collected ($0.05)
Seat 2: Tavrus32 (small blind) folded before Flop
Seat 3: kurtev87 (big blind) folded before Flop
Seat 4: BoerAas folded before Flop (didn't bet)
Seat 5: vasmit folded before Flop (didn't bet)
Seat 7: Nngivitome folded before Flop (didn't bet)
Seat 9: Dorex2007 folded before Flop (didn't bet)



PokerStars Hand #226964665425:  Hold'em No Limit ($0.01/$0.02 USD) - 2021/05/22 2:52:00 PT [2021/05/22 5:52:00 ET]
Table 'Astarte II' 9-max Seat #2 is the button
Seat 1: kqfall1 ($2.51 in chips) 
Seat 2: Tavrus32 ($3.40 in chips) 
Seat 3: kurtev87 ($2 in chips) 
Seat 4: BoerAas ($2.04 in chips) 
Seat 5: vasmit ($2.10 in chips) 
Seat 7: Nngivitome ($1.03 in chips) 
Seat 9: Dorex2007 ($4.07 in chips) 
kurtev87: posts small blind $0.01
BoerAas: posts big blind $0.02
*** HOLE CARDS ***
Dealt to Dorex2007 [5h 5s]
vasmit: folds 
Nngivitome: raises $0.03 to $0.05
Dorex2007: calls $0.05
kqfall1: folds 
Tavrus32: calls $0.05
kurtev87: calls $0.04
BoerAas: calls $0.03
*** FLOP *** [Qd 2h 4d]
kurtev87: checks 
BoerAas: checks 
koman759 leaves the table
Nngivitome: bets $0.14
Dorex2007: folds 
Tavrus32: folds 
kurtev87: folds 
BoerAas: raises $0.14 to $0.28
MauriFierro27 joins the table at seat #8 
Nngivitome: folds 
Uncalled bet ($0.14) returned to BoerAas
BoerAas collected $0.51 from pot
*** SUMMARY ***
Total pot $0.53 | Rake $0.02 
Board [Qd 2h 4d]
Seat 1: kqfall1 folded before Flop (didn't bet)
Seat 2: Tavrus32 (button) folded on the Flop
Seat 3: kurtev87 (small blind) folded on the Flop
Seat 4: BoerAas (big blind) collected ($0.51)
Seat 5: vasmit folded before Flop (didn't bet)
Seat 7: Nngivitome folded on the Flop
Seat 9: Dorex2007 folded on the Flop



PokerStars Hand #226964677619:  Hold'em No Limit ($0.01/$0.02 USD) - 2021/05/22 2:52:54 PT [2021/05/22 5:52:54 ET]
Table 'Astarte II' 9-max Seat #3 is the button
Seat 1: kqfall1 ($2.51 in chips) 
Seat 2: Tavrus32 ($3.35 in chips) 
Seat 3: kurtev87 ($2 in chips) 
Seat 4: BoerAas ($2.36 in chips) 
Seat 5: vasmit ($2.10 in chips) 
Seat 7: Nngivitome ($0.84 in chips) 
Seat 8: MauriFierro27 ($2 in chips) 
Seat 9: Dorex2007 ($4.02 in chips) 
BoerAas: posts small blind $0.01
vasmit: posts big blind $0.02
MauriFierro27: posts big blind $0.02
*** HOLE CARDS ***
Dealt to Dorex2007 [9h 6s]
Nngivitome: folds 
MauriFierro27: checks 
Dorex2007: folds 
kqfall1: raises $0.06 to $0.08
Tavrus32: calls $0.08
kurtev87: folds 
BoerAas: folds 
vasmit: folds 
MauriFierro27: folds 
*** FLOP *** [3c Qc Ks]
kqfall1: checks 
Tavrus32: checks 
*** TURN *** [3c Qc Ks] [Tc]
kqfall1: bets $0.14
Tavrus32: folds 
Uncalled bet ($0.14) returned to kqfall1
kqfall1 collected $0.20 from pot
*** SUMMARY ***
Total pot $0.21 | Rake $0.01 
Board [3c Qc Ks Tc]
Seat 1: kqfall1 collected ($0.20)
Seat 2: Tavrus32 folded on the Turn
Seat 3: kurtev87 (button) folded before Flop (didn't bet)
Seat 4: BoerAas (small blind) folded before Flop
Seat 5: vasmit (big blind) folded before Flop
Seat 7: Nngivitome folded before Flop (didn't bet)
Seat 8: MauriFierro27 folded before Flop (didn't bet)
Seat 9: Dorex2007 folded before Flop (didn't bet)



PokerStars Hand #226964688939:  Hold'em No Limit ($0.01/$0.02 USD) - 2021/05/22 2:53:44 PT [2021/05/22 5:53:44 ET]
Table 'Astarte II' 9-max Seat #4 is the button
Seat 1: kqfall1 ($2.63 in chips) 
Seat 2: Tavrus32 ($3.27 in chips) 
Seat 3: kurtev87 ($2 in chips) 
Seat 4: BoerAas ($2.35 in chips) 
Seat 5: vasmit ($2.08 in chips) 
Seat 7: Nngivitome ($0.84 in chips) 
Seat 8: MauriFierro27 ($1.98 in chips) 
Seat 9: Dorex2007 ($4.02 in chips) 
vasmit: posts small blind $0.01
Nngivitome: posts big blind $0.02
*** HOLE CARDS ***
Dealt to Dorex2007 [Ac 3s]
MauriFierro27: folds 
Dorex2007: folds 
kqfall1: folds 
Tavrus32: raises $0.04 to $0.06
kurtev87: folds 
BoerAas: folds 
vasmit: folds 
Nngivitome: folds 
Uncalled bet ($0.04) returned to Tavrus32
Tavrus32 collected $0.05 from pot
Tavrus32: doesn't show hand 
*** SUMMARY ***
Total pot $0.05 | Rake $0 
Seat 1: kqfall1 folded before Flop (didn't bet)
Seat 2: Tavrus32 collected ($0.05)
Seat 3: kurtev87 folded before Flop (didn't bet)
Seat 4: BoerAas (button) folded before Flop (didn't bet)
Seat 5: vasmit (small blind) folded before Flop
Seat 7: Nngivitome (big blind) folded before Flop
Seat 8: MauriFierro27 folded before Flop (didn't bet)
Seat 9: Dorex2007 folded before Flop (didn't bet)



PokerStars Hand #226964692933:  Hold'em No Limit ($0.01/$0.02 USD) - 2021/05/22 2:54:02 PT [2021/05/22 5:54:02 ET]
Table 'Astarte II' 9-max Seat #5 is the button
Seat 1: kqfall1 ($2.63 in chips) 
Seat 2: Tavrus32 ($3.30 in chips) 
Seat 3: kurtev87 ($2 in chips) 
Seat 4: BoerAas ($2.35 in chips) 
Seat 5: vasmit ($2.07 in chips) 
Seat 7: Nngivitome ($0.82 in chips) 
Seat 8: MauriFierro27 ($1.98 in chips) 
Seat 9: Dorex2007 ($4.02 in chips) 
Nngivitome: posts small blind $0.01
MauriFierro27: posts big blind $0.02
*** HOLE CARDS ***
Dealt to Dorex2007 [2d 4c]
Dorex2007: folds 
kqfall1: raises $0.04 to $0.06
Tavrus32: folds 
kurtev87: folds 
BoerAas: folds 
vasmit: calls $0.06
Nngivitome: calls $0.05
MauriFierro27: calls $0.04
*** FLOP *** [3s 5c Ts]
Nngivitome: checks 
MauriFierro27: checks 
kqfall1: checks 
vasmit: checks 
*** TURN *** [3s 5c Ts] [7s]
Nngivitome: bets $0.13
MauriFierro27: folds 
kqfall1: folds 
vasmit: folds 
Uncalled bet ($0.13) returned to Nngivitome
Nngivitome collected $0.23 from pot
Nngivitome: doesn't show hand 
*** SUMMARY ***
Total pot $0.24 | Rake $0.01 
Board [3s 5c Ts 7s]
Seat 1: kqfall1 folded on the Turn
Seat 2: Tavrus32 folded before Flop (didn't bet)
Seat 3: kurtev87 folded before Flop (didn't bet)
Seat 4: BoerAas folded before Flop (didn't bet)
Seat 5: vasmit (button) folded on the Turn
Seat 7: Nngivitome (small blind) collected ($0.23)
Seat 8: MauriFierro27 (big blind) folded on the Turn
Seat 9: Dorex2007 folded before Flop (didn't bet)



