PokerStars Hand #228182799781:  Hold'em No Limit ($0.01/$0.02 USD) - 2021/07/09 22:42:37 PT [2021/07/10 1:42:37 ET]
Table 'Laodica III' 9-max Seat #4 is the button
Seat 1: *3MA5* ($1 in chips) 
Seat 2: ProfQualhada ($2.60 in chips) 
Seat 3: Dorex2007 ($2 in chips) 
Seat 4: chudak1000 ($1.36 in chips) 
Seat 5: 1Asthma1 ($2 in chips) 
Seat 6: bübchen24 ($3.08 in chips) 
Seat 7: modernexpo ($2.02 in chips) 
Seat 8: nextdoo ($2.30 in chips) 
Seat 9: Monstroo7 ($0.90 in chips) 
1Asthma1: posts small blind $0.01
bübchen24: posts big blind $0.02
Dorex2007: posts big blind $0.02
*** HOLE CARDS ***
Dealt to Dorex2007 [3s 7s]
modernexpo: folds 
nextdoo: folds 
Monstroo7: folds 
*3MA5*: raises $0.11 to $0.13
ProfQualhada: folds 
Dorex2007: folds 
chudak1000: folds 
1Asthma1: folds 
bübchen24: calls $0.11
*** FLOP *** [Jh 9c 3h]
bübchen24: checks 
*3MA5*: bets $0.87 and is all-in
bübchen24: calls $0.87
*** TURN *** [Jh 9c 3h] [7h]
*** RIVER *** [Jh 9c 3h 7h] [2h]
*** SHOW DOWN ***
bübchen24: shows [Ac Kd] (high card Ace)
*3MA5*: shows [6d 6c] (a pair of Sixes)
*3MA5* collected $1.96 from pot
*** SUMMARY ***
Total pot $2.03 | Rake $0.07 
Board [Jh 9c 3h 7h 2h]
Seat 1: *3MA5* showed [6d 6c] and won ($1.96) with a pair of Sixes
Seat 2: ProfQualhada folded before Flop (didn't bet)
Seat 3: Dorex2007 folded before Flop (didn't bet)
Seat 4: chudak1000 (button) folded before Flop (didn't bet)
Seat 5: 1Asthma1 (small blind) folded before Flop
Seat 6: bübchen24 (big blind) showed [Ac Kd] and lost with high card Ace
Seat 7: modernexpo folded before Flop (didn't bet)
Seat 8: nextdoo folded before Flop (didn't bet)
Seat 9: Monstroo7 folded before Flop (didn't bet)



PokerStars Hand #228182807118:  Hold'em No Limit ($0.01/$0.02 USD) - 2021/07/09 22:43:24 PT [2021/07/10 1:43:24 ET]
Table 'Laodica III' 9-max Seat #5 is the button
Seat 1: *3MA5* ($1.96 in chips) 
Seat 2: ProfQualhada ($2.60 in chips) 
Seat 3: Dorex2007 ($1.98 in chips) 
Seat 4: chudak1000 ($1.36 in chips) 
Seat 5: 1Asthma1 ($2 in chips) 
Seat 6: bübchen24 ($2.08 in chips) 
Seat 7: modernexpo ($2.02 in chips) 
Seat 8: nextdoo ($2.30 in chips) 
Seat 9: Monstroo7 ($0.90 in chips) 
bübchen24: posts small blind $0.01
modernexpo: posts big blind $0.02
*** HOLE CARDS ***
Dealt to Dorex2007 [Qs Qc]
nextdoo: folds 
Monstroo7: calls $0.02
*3MA5*: folds 
ProfQualhada: calls $0.02
Dorex2007: raises $0.04 to $0.06
chudak1000: folds 
1Asthma1: folds 
bübchen24: folds 
modernexpo: folds 
Monstroo7: calls $0.04
ProfQualhada: calls $0.04
*** FLOP *** [Js 8s 9c]
Monstroo7: checks 
ProfQualhada: bets $0.04
Dorex2007: raises $0.26 to $0.30
Monstroo7: folds 
ProfQualhada: folds 
Uncalled bet ($0.26) returned to Dorex2007
Dorex2007 collected $0.28 from pot
Dorex2007: doesn't show hand 
*** SUMMARY ***
Total pot $0.29 | Rake $0.01 
Board [Js 8s 9c]
Seat 1: *3MA5* folded before Flop (didn't bet)
Seat 2: ProfQualhada folded on the Flop
Seat 3: Dorex2007 collected ($0.28)
Seat 4: chudak1000 folded before Flop (didn't bet)
Seat 5: 1Asthma1 (button) folded before Flop (didn't bet)
Seat 6: bübchen24 (small blind) folded before Flop
Seat 7: modernexpo (big blind) folded before Flop
Seat 8: nextdoo folded before Flop (didn't bet)
Seat 9: Monstroo7 folded on the Flop



PokerStars Hand #228182818287:  Hold'em No Limit ($0.01/$0.02 USD) - 2021/07/09 22:44:31 PT [2021/07/10 1:44:31 ET]
Table 'Laodica III' 9-max Seat #6 is the button
Seat 1: *3MA5* ($1.96 in chips) 
Seat 2: ProfQualhada ($2.50 in chips) 
Seat 3: Dorex2007 ($2.16 in chips) 
Seat 4: chudak1000 ($1.36 in chips) 
Seat 5: 1Asthma1 ($2 in chips) 
Seat 6: bübchen24 ($2.07 in chips) 
Seat 7: modernexpo ($2 in chips) 
Seat 8: nextdoo ($2.30 in chips) 
Seat 9: Monstroo7 ($0.84 in chips) 
modernexpo: posts small blind $0.01
nextdoo: posts big blind $0.02
*** HOLE CARDS ***
Dealt to Dorex2007 [9d 2h]
Monstroo7: folds 
*3MA5*: folds 
ProfQualhada: raises $0.02 to $0.04
Dorex2007: folds 
chudak1000: folds 
1Asthma1: folds 
bübchen24: folds 
modernexpo: calls $0.03
nextdoo: raises $0.14 to $0.18
ProfQualhada: calls $0.14
modernexpo: folds 
*** FLOP *** [As 7s 7d]
nextdoo: checks 
ProfQualhada: checks 
*** TURN *** [As 7s 7d] [Ad]
nextdoo: checks 
ProfQualhada: checks 
*** RIVER *** [As 7s 7d Ad] [7h]
nextdoo: checks 
ProfQualhada: checks 
*** SHOW DOWN ***
nextdoo: shows [Tc Td] (a full house, Sevens full of Aces)
ProfQualhada: shows [Kc Jh] (a full house, Sevens full of Aces)
nextdoo collected $0.20 from pot
ProfQualhada collected $0.19 from pot
*** SUMMARY ***
Total pot $0.40 | Rake $0.01 
Board [As 7s 7d Ad 7h]
Seat 1: *3MA5* folded before Flop (didn't bet)
Seat 2: ProfQualhada showed [Kc Jh] and won ($0.19) with a full house, Sevens full of Aces
Seat 3: Dorex2007 folded before Flop (didn't bet)
Seat 4: chudak1000 folded before Flop (didn't bet)
Seat 5: 1Asthma1 folded before Flop (didn't bet)
Seat 6: bübchen24 (button) folded before Flop (didn't bet)
Seat 7: modernexpo (small blind) folded before Flop
Seat 8: nextdoo (big blind) showed [Tc Td] and won ($0.20) with a full house, Sevens full of Aces
Seat 9: Monstroo7 folded before Flop (didn't bet)



PokerStars Hand #228182824695:  Hold'em No Limit ($0.01/$0.02 USD) - 2021/07/09 22:45:12 PT [2021/07/10 1:45:12 ET]
Table 'Laodica III' 9-max Seat #7 is the button
Seat 1: *3MA5* ($1.96 in chips) 
Seat 2: ProfQualhada ($2.51 in chips) 
Seat 3: Dorex2007 ($2.16 in chips) 
Seat 4: chudak1000 ($1.36 in chips) 
Seat 5: 1Asthma1 ($2 in chips) 
Seat 6: bübchen24 ($2.07 in chips) 
Seat 7: modernexpo ($2 in chips) 
Seat 8: nextdoo ($2.32 in chips) 
Seat 9: Monstroo7 ($0.84 in chips) 
nextdoo: posts small blind $0.01
Monstroo7: posts big blind $0.02
*** HOLE CARDS ***
Dealt to Dorex2007 [6h Ah]
*3MA5*: raises $0.02 to $0.04
ProfQualhada: calls $0.04
Dorex2007: folds 
chudak1000: folds 
1Asthma1: folds 
bübchen24: calls $0.04
modernexpo: folds 
nextdoo: folds 
Monstroo7: calls $0.02
*** FLOP *** [9c 8d 2d]
Monstroo7: checks 
*3MA5*: bets $0.06
ProfQualhada: calls $0.06
bübchen24: raises $0.26 to $0.32
Monstroo7: folds 
*3MA5*: folds 
ProfQualhada: folds 
Uncalled bet ($0.26) returned to bübchen24
bübchen24 collected $0.34 from pot
bübchen24: doesn't show hand 
*** SUMMARY ***
Total pot $0.35 | Rake $0.01 
Board [9c 8d 2d]
Seat 1: *3MA5* folded on the Flop
Seat 2: ProfQualhada folded on the Flop
Seat 3: Dorex2007 folded before Flop (didn't bet)
Seat 4: chudak1000 folded before Flop (didn't bet)
Seat 5: 1Asthma1 folded before Flop (didn't bet)
Seat 6: bübchen24 collected ($0.34)
Seat 7: modernexpo (button) folded before Flop (didn't bet)
Seat 8: nextdoo (small blind) folded before Flop
Seat 9: Monstroo7 (big blind) folded on the Flop



PokerStars Hand #228182835139:  Hold'em No Limit ($0.01/$0.02 USD) - 2021/07/09 22:46:19 PT [2021/07/10 1:46:19 ET]
Table 'Laodica III' 9-max Seat #8 is the button
Seat 1: *3MA5* ($1.86 in chips) 
Seat 2: ProfQualhada ($2.41 in chips) 
Seat 3: Dorex2007 ($2.16 in chips) 
Seat 4: chudak1000 ($1.36 in chips) 
Seat 5: 1Asthma1 ($2 in chips) 
Seat 6: bübchen24 ($2.31 in chips) 
Seat 7: modernexpo ($2 in chips) 
Seat 8: nextdoo ($2.31 in chips) 
Seat 9: Monstroo7 ($0.80 in chips) 
Monstroo7: posts small blind $0.01
*3MA5*: posts big blind $0.02
*** HOLE CARDS ***
Dealt to Dorex2007 [Ac Js]
ProfQualhada: calls $0.02
Dorex2007: raises $0.04 to $0.06
chudak1000: folds 
1Asthma1: folds 
bübchen24: calls $0.06
modernexpo: folds 
nextdoo: calls $0.06
Monstroo7: calls $0.05
*3MA5*: calls $0.04
ProfQualhada: calls $0.04
*** FLOP *** [4c 4s Ah]
Monstroo7: checks 
*3MA5*: checks 
ProfQualhada: checks 
Dorex2007: bets $0.10
bübchen24: folds 
nextdoo: folds 
Monstroo7: folds 
*3MA5*: folds 
ProfQualhada: folds 
Uncalled bet ($0.10) returned to Dorex2007
Dorex2007 collected $0.35 from pot
Dorex2007: doesn't show hand 
*** SUMMARY ***
Total pot $0.36 | Rake $0.01 
Board [4c 4s Ah]
Seat 1: *3MA5* (big blind) folded on the Flop
Seat 2: ProfQualhada folded on the Flop
Seat 3: Dorex2007 collected ($0.35)
Seat 4: chudak1000 folded before Flop (didn't bet)
Seat 5: 1Asthma1 folded before Flop (didn't bet)
Seat 6: bübchen24 folded on the Flop
Seat 7: modernexpo folded before Flop (didn't bet)
Seat 8: nextdoo (button) folded on the Flop
Seat 9: Monstroo7 (small blind) folded on the Flop



PokerStars Hand #228182847231:  Hold'em No Limit ($0.01/$0.02 USD) - 2021/07/09 22:47:39 PT [2021/07/10 1:47:39 ET]
Table 'Laodica III' 9-max Seat #9 is the button
Seat 1: *3MA5* ($1.80 in chips) 
Seat 2: ProfQualhada ($2.35 in chips) 
Seat 3: Dorex2007 ($2.45 in chips) 
Seat 4: chudak1000 ($1.36 in chips) 
Seat 5: 1Asthma1 ($2 in chips) 
Seat 6: bübchen24 ($2.25 in chips) 
Seat 7: modernexpo ($2 in chips) 
Seat 8: nextdoo ($2.25 in chips) 
Seat 9: Monstroo7 ($0.74 in chips) 
*3MA5*: posts small blind $0.01
ProfQualhada: posts big blind $0.02
*** HOLE CARDS ***
Dealt to Dorex2007 [Jc 7d]
Dorex2007: folds 
chudak1000: folds 
1Asthma1: folds 
bübchen24: folds 
modernexpo: calls $0.02
nextdoo: folds 
Monstroo7: folds 
*3MA5*: raises $0.02 to $0.04
ProfQualhada: calls $0.02
modernexpo: calls $0.02
*** FLOP *** [9h Ah Tc]
*3MA5*: bets $0.06
ProfQualhada: calls $0.06
modernexpo: folds 
*** TURN *** [9h Ah Tc] [5h]
*3MA5*: bets $0.09
ProfQualhada: calls $0.09
*** RIVER *** [9h Ah Tc 5h] [Jd]
*3MA5*: bets $0.25
ProfQualhada: folds 
Uncalled bet ($0.25) returned to *3MA5*
*3MA5* collected $0.41 from pot
*3MA5*: doesn't show hand 
*** SUMMARY ***
Total pot $0.42 | Rake $0.01 
Board [9h Ah Tc 5h Jd]
Seat 1: *3MA5* (small blind) collected ($0.41)
Seat 2: ProfQualhada (big blind) folded on the River
Seat 3: Dorex2007 folded before Flop (didn't bet)
Seat 4: chudak1000 folded before Flop (didn't bet)
Seat 5: 1Asthma1 folded before Flop (didn't bet)
Seat 6: bübchen24 folded before Flop (didn't bet)
Seat 7: modernexpo folded on the Flop
Seat 8: nextdoo folded before Flop (didn't bet)
Seat 9: Monstroo7 (button) folded before Flop (didn't bet)



PokerStars Hand #228182855329:  Hold'em No Limit ($0.01/$0.02 USD) - 2021/07/09 22:48:32 PT [2021/07/10 1:48:32 ET]
Table 'Laodica III' 9-max Seat #1 is the button
Seat 1: *3MA5* ($2.02 in chips) 
Seat 2: ProfQualhada ($2.16 in chips) 
Seat 3: Dorex2007 ($2.45 in chips) 
Seat 4: chudak1000 ($1.36 in chips) 
Seat 5: 1Asthma1 ($2 in chips) 
Seat 6: bübchen24 ($2.25 in chips) 
Seat 7: modernexpo ($2 in chips) 
Seat 8: nextdoo ($2.25 in chips) 
Seat 9: Monstroo7 ($0.74 in chips) 
ProfQualhada: posts small blind $0.01
Dorex2007: posts big blind $0.02
*** HOLE CARDS ***
Dealt to Dorex2007 [4c 2c]
chudak1000: folds 
1Asthma1: folds 
bübchen24: folds 
modernexpo: calls $0.02
nextdoo: folds 
Monstroo7: folds 
*3MA5*: folds 
ProfQualhada: folds 
Dorex2007: checks 
*** FLOP *** [4s Js 5s]
*3MA5* leaves the table
Dorex2007: checks 
Djygashvilli joins the table at seat #1 
modernexpo: checks 
*** TURN *** [4s Js 5s] [9c]
Dorex2007: bets $0.06
modernexpo: folds 
Uncalled bet ($0.06) returned to Dorex2007
Dorex2007 collected $0.05 from pot
Dorex2007: doesn't show hand 
*** SUMMARY ***
Total pot $0.05 | Rake $0 
Board [4s Js 5s 9c]
Seat 1: *3MA5* (button) folded before Flop (didn't bet)
Seat 2: ProfQualhada (small blind) folded before Flop
Seat 3: Dorex2007 (big blind) collected ($0.05)
Seat 4: chudak1000 folded before Flop (didn't bet)
Seat 5: 1Asthma1 folded before Flop (didn't bet)
Seat 6: bübchen24 folded before Flop (didn't bet)
Seat 7: modernexpo folded on the Turn
Seat 8: nextdoo folded before Flop (didn't bet)
Seat 9: Monstroo7 folded before Flop (didn't bet)



PokerStars Hand #228182863091:  Hold'em No Limit ($0.01/$0.02 USD) - 2021/07/09 22:49:24 PT [2021/07/10 1:49:24 ET]
Table 'Laodica III' 9-max Seat #2 is the button
Seat 2: ProfQualhada ($2.15 in chips) 
Seat 3: Dorex2007 ($2.48 in chips) 
Seat 4: chudak1000 ($1.36 in chips) 
Seat 5: 1Asthma1 ($2 in chips) 
Seat 6: bübchen24 ($2.25 in chips) 
Seat 7: modernexpo ($2 in chips) 
Seat 8: nextdoo ($2.25 in chips) 
Seat 9: Monstroo7 ($0.74 in chips) 
Dorex2007: posts small blind $0.01
chudak1000: posts big blind $0.02
Djygashvilli: sits out 
*** HOLE CARDS ***
Dealt to Dorex2007 [8d As]
1Asthma1: folds 
bübchen24: folds 
modernexpo: folds 
nextdoo: folds 
Monstroo7 has timed out
Monstroo7: folds 
ProfQualhada: folds 
Dorex2007: calls $0.01
chudak1000: checks 
*** FLOP *** [6c Qh 8s]
Dorex2007: checks 
chudak1000: checks 
*** TURN *** [6c Qh 8s] [Qd]
Dorex2007: bets $0.04
chudak1000: calls $0.04
*** RIVER *** [6c Qh 8s Qd] [Kh]
Dorex2007: checks 
chudak1000: checks 
*** SHOW DOWN ***
Dorex2007: shows [8d As] (two pair, Queens and Eights)
chudak1000: mucks hand 
Dorex2007 collected $0.12 from pot
*** SUMMARY ***
Total pot $0.12 | Rake $0 
Board [6c Qh 8s Qd Kh]
Seat 2: ProfQualhada (button) folded before Flop (didn't bet)
Seat 3: Dorex2007 (small blind) showed [8d As] and won ($0.12) with two pair, Queens and Eights
Seat 4: chudak1000 (big blind) mucked [3h 3s]
Seat 5: 1Asthma1 folded before Flop (didn't bet)
Seat 6: bübchen24 folded before Flop (didn't bet)
Seat 7: modernexpo folded before Flop (didn't bet)
Seat 8: nextdoo folded before Flop (didn't bet)
Seat 9: Monstroo7 folded before Flop (didn't bet)



PokerStars Hand #228182873772:  Hold'em No Limit ($0.01/$0.02 USD) - 2021/07/09 22:50:34 PT [2021/07/10 1:50:34 ET]
Table 'Laodica III' 9-max Seat #3 is the button
Seat 2: ProfQualhada ($2.15 in chips) 
Seat 3: Dorex2007 ($2.54 in chips) 
Seat 4: chudak1000 ($1.30 in chips) 
Seat 5: 1Asthma1 ($2 in chips) 
Seat 6: bübchen24 ($2.25 in chips) 
Seat 7: modernexpo ($2 in chips) 
Seat 8: nextdoo ($2.25 in chips) 
Seat 9: Monstroo7 ($0.74 in chips) 
chudak1000: posts small blind $0.01
1Asthma1: posts big blind $0.02
Djygashvilli: sits out 
*** HOLE CARDS ***
Dealt to Dorex2007 [4c 9c]
bübchen24: calls $0.02
modernexpo: calls $0.02
nextdoo: folds 
Monstroo7: calls $0.02
ProfQualhada: calls $0.02
Dorex2007: folds 
chudak1000: folds 
1Asthma1: raises $0.16 to $0.18
bübchen24: calls $0.16
modernexpo: calls $0.16
Monstroo7: calls $0.16
ProfQualhada: folds 
*** FLOP *** [5h Td Jh]
1Asthma1: checks 
bübchen24: checks 
modernexpo: bets $0.58
Monstroo7: calls $0.56 and is all-in
1Asthma1: raises $1.24 to $1.82 and is all-in
bübchen24: folds 
modernexpo: calls $1.24 and is all-in
*** TURN *** [5h Td Jh] [7h]
*** RIVER *** [5h Td Jh 7h] [Js]
*** SHOW DOWN ***
1Asthma1: shows [Ah Kh] (a flush, Ace high)
modernexpo: shows [Qs Ks] (a pair of Jacks)
1Asthma1 collected $2.44 from side pot
Monstroo7: shows [Jd Jc] (four of a kind, Jacks)
Monstroo7 collected $2.34 from main pot
*** SUMMARY ***
Total pot $4.95 Main pot $2.34. Side pot $2.44. | Rake $0.17 
Board [5h Td Jh 7h Js]
Seat 2: ProfQualhada folded before Flop
Seat 3: Dorex2007 (button) folded before Flop (didn't bet)
Seat 4: chudak1000 (small blind) folded before Flop
Seat 5: 1Asthma1 (big blind) showed [Ah Kh] and won ($2.44) with a flush, Ace high
Seat 6: bübchen24 folded on the Flop
Seat 7: modernexpo showed [Qs Ks] and lost with a pair of Jacks
Seat 8: nextdoo folded before Flop (didn't bet)
Seat 9: Monstroo7 showed [Jd Jc] and won ($2.34) with four of a kind, Jacks



PokerStars Hand #228182888411:  Hold'em No Limit ($0.01/$0.02 USD) - 2021/07/09 22:52:10 PT [2021/07/10 1:52:10 ET]
Table 'Laodica III' 9-max Seat #4 is the button
Seat 2: ProfQualhada ($2.13 in chips) 
Seat 3: Dorex2007 ($2.54 in chips) 
Seat 4: chudak1000 ($1.29 in chips) 
Seat 5: 1Asthma1 ($2.44 in chips) 
Seat 6: bübchen24 ($2.07 in chips) 
Seat 7: modernexpo ($2 in chips) 
Seat 8: nextdoo ($2.25 in chips) 
Seat 9: Monstroo7 ($2.34 in chips) 
1Asthma1: posts small blind $0.01
bübchen24: posts big blind $0.02
Djygashvilli: sits out 
*** HOLE CARDS ***
Dealt to Dorex2007 [4d 9h]
modernexpo: folds 
nextdoo: folds 
Monstroo7: calls $0.02
Monstroo7 said, "))))"
ProfQualhada: raises $0.02 to $0.04
Dorex2007: folds 
chudak1000: folds 
1Asthma1: folds 
bübchen24: folds 
Monstroo7: calls $0.02
*** FLOP *** [Kd 2d 2s]
Monstroo7: checks 
ProfQualhada: checks 
*** TURN *** [Kd 2d 2s] [Ad]
Monstroo7: checks 
ProfQualhada: bets $0.02
Monstroo7: folds 
Uncalled bet ($0.02) returned to ProfQualhada
ProfQualhada collected $0.11 from pot
ProfQualhada: doesn't show hand 
*** SUMMARY ***
Total pot $0.11 | Rake $0 
Board [Kd 2d 2s Ad]
Seat 2: ProfQualhada collected ($0.11)
Seat 3: Dorex2007 folded before Flop (didn't bet)
Seat 4: chudak1000 (button) folded before Flop (didn't bet)
Seat 5: 1Asthma1 (small blind) folded before Flop
Seat 6: bübchen24 (big blind) folded before Flop
Seat 7: modernexpo folded before Flop (didn't bet)
Seat 8: nextdoo folded before Flop (didn't bet)
Seat 9: Monstroo7 folded on the Turn



PokerStars Hand #228182895254:  Hold'em No Limit ($0.01/$0.02 USD) - 2021/07/09 22:52:55 PT [2021/07/10 1:52:55 ET]
Table 'Laodica III' 9-max Seat #5 is the button
Seat 2: ProfQualhada ($2.20 in chips) 
Seat 3: Dorex2007 ($2.54 in chips) 
Seat 4: chudak1000 ($1.29 in chips) 
Seat 5: 1Asthma1 ($2.43 in chips) 
Seat 6: bübchen24 ($2.05 in chips) 
Seat 7: modernexpo ($2 in chips) 
Seat 8: nextdoo ($2.25 in chips) 
Seat 9: Monstroo7 ($2.30 in chips) 
bübchen24: posts small blind $0.01
modernexpo: posts big blind $0.02
Djygashvilli: sits out 
*** HOLE CARDS ***
Dealt to Dorex2007 [Js 9d]
nextdoo: folds 
Monstroo7: calls $0.02
ProfQualhada has timed out
ProfQualhada: folds 
Dorex2007: folds 
chudak1000: folds 
1Asthma1: folds 
bübchen24: calls $0.01
modernexpo: checks 
*** FLOP *** [4d 2d 7c]
bübchen24: bets $0.04
modernexpo: calls $0.04
Monstroo7: folds 
*** TURN *** [4d 2d 7c] [3d]
bübchen24: checks 
modernexpo: bets $0.07
bübchen24: calls $0.07
*** RIVER *** [4d 2d 7c 3d] [5d]
bübchen24: checks 
modernexpo: bets $0.14
bübchen24: folds 
Uncalled bet ($0.14) returned to modernexpo
modernexpo collected $0.27 from pot
modernexpo: doesn't show hand 
*** SUMMARY ***
Total pot $0.28 | Rake $0.01 
Board [4d 2d 7c 3d 5d]
Seat 2: ProfQualhada folded before Flop (didn't bet)
Seat 3: Dorex2007 folded before Flop (didn't bet)
Seat 4: chudak1000 folded before Flop (didn't bet)
Seat 5: 1Asthma1 (button) folded before Flop (didn't bet)
Seat 6: bübchen24 (small blind) folded on the River
Seat 7: modernexpo (big blind) collected ($0.27)
Seat 8: nextdoo folded before Flop (didn't bet)
Seat 9: Monstroo7 folded on the Flop



PokerStars Hand #228182915663:  Hold'em No Limit ($0.01/$0.02 USD) - 2021/07/09 22:54:08 PT [2021/07/10 1:54:08 ET]
Table 'Laodica III' 9-max Seat #6 is the button
Seat 2: ProfQualhada ($2.20 in chips) 
Seat 3: Dorex2007 ($2.54 in chips) 
Seat 4: chudak1000 ($1.29 in chips) 
Seat 5: 1Asthma1 ($2.43 in chips) 
Seat 6: bübchen24 ($1.92 in chips) 
Seat 7: modernexpo ($2.14 in chips) 
Seat 9: Monstroo7 ($2.28 in chips) 
modernexpo: posts small blind $0.01
nextdoo: is sitting out 
Monstroo7: posts big blind $0.02
Djygashvilli: sits out 
*** HOLE CARDS ***
Dealt to Dorex2007 [Qd Ah]
ProfQualhada: calls $0.02
Dorex2007: raises $0.04 to $0.06
chudak1000: folds 
1Asthma1: folds 
bübchen24: folds 
modernexpo: folds 
Monstroo7: folds 
ProfQualhada: calls $0.04
*** FLOP *** [5h Qs 8d]
Monstroo7 said, " ?"
ProfQualhada: checks 
Dorex2007: bets $0.14
ProfQualhada: folds 
Uncalled bet ($0.14) returned to Dorex2007
Dorex2007 collected $0.14 from pot
Dorex2007: doesn't show hand 
*** SUMMARY ***
Total pot $0.15 | Rake $0.01 
Board [5h Qs 8d]
Seat 2: ProfQualhada folded on the Flop
Seat 3: Dorex2007 collected ($0.14)
Seat 4: chudak1000 folded before Flop (didn't bet)
Seat 5: 1Asthma1 folded before Flop (didn't bet)
Seat 6: bübchen24 (button) folded before Flop (didn't bet)
Seat 7: modernexpo (small blind) folded before Flop
Seat 9: Monstroo7 (big blind) folded before Flop



PokerStars Hand #228182919998:  Hold'em No Limit ($0.01/$0.02 USD) - 2021/07/09 22:54:36 PT [2021/07/10 1:54:36 ET]
Table 'Laodica III' 9-max Seat #7 is the button
Seat 1: Djygashvilli ($2 in chips) 
Seat 2: ProfQualhada ($2.14 in chips) 
Seat 3: Dorex2007 ($2.62 in chips) 
Seat 4: chudak1000 ($1.29 in chips) 
Seat 5: 1Asthma1 ($2.43 in chips) 
Seat 6: bübchen24 ($1.92 in chips) 
Seat 7: modernexpo ($2.13 in chips) 
Seat 9: Monstroo7 ($2.26 in chips) 
Monstroo7: posts small blind $0.01
Djygashvilli: posts big blind $0.02
*** HOLE CARDS ***
Dealt to Dorex2007 [8s 4h]
ProfQualhada: calls $0.02
Dorex2007: calls $0.02
chudak1000: calls $0.02
1Asthma1: folds 
bübchen24: calls $0.02
modernexpo: folds 
Monstroo7: calls $0.01
Djygashvilli: checks 
*** FLOP *** [9d Jh Td]
Monstroo7: checks 
Djygashvilli: checks 
ProfQualhada: checks 
Dorex2007: checks 
chudak1000: checks 
bübchen24: checks 
*** TURN *** [9d Jh Td] [8c]
Monstroo7: checks 
Djygashvilli: checks 
ProfQualhada: checks 
Dorex2007: bets $0.12
chudak1000: folds 
bübchen24: calls $0.12
Monstroo7: folds 
Djygashvilli: folds 
ProfQualhada: folds 
*** RIVER *** [9d Jh Td 8c] [3d]
Dorex2007: checks 
bübchen24: bets $0.18
Dorex2007: folds 
Uncalled bet ($0.18) returned to bübchen24
bübchen24 collected $0.35 from pot
bübchen24: doesn't show hand 
*** SUMMARY ***
Total pot $0.36 | Rake $0.01 
Board [9d Jh Td 8c 3d]
Seat 1: Djygashvilli (big blind) folded on the Turn
Seat 2: ProfQualhada folded on the Turn
Seat 3: Dorex2007 folded on the River
Seat 4: chudak1000 folded on the Turn
Seat 5: 1Asthma1 folded before Flop (didn't bet)
Seat 6: bübchen24 collected ($0.35)
Seat 7: modernexpo (button) folded before Flop (didn't bet)
Seat 9: Monstroo7 (small blind) folded on the Turn



PokerStars Hand #228182930736:  Hold'em No Limit ($0.01/$0.02 USD) - 2021/07/09 22:55:52 PT [2021/07/10 1:55:52 ET]
Table 'Laodica III' 9-max Seat #9 is the button
Seat 1: Djygashvilli ($2 in chips) 
Seat 2: ProfQualhada ($2.12 in chips) 
Seat 3: Dorex2007 ($2.48 in chips) 
Seat 4: chudak1000 ($1.27 in chips) 
Seat 5: 1Asthma1 ($2.43 in chips) 
Seat 6: bübchen24 ($2.13 in chips) 
Seat 7: modernexpo ($2.13 in chips) 
Seat 9: Monstroo7 ($2.24 in chips) 
Djygashvilli: posts small blind $0.01
ProfQualhada: posts big blind $0.02
nextdoo: sits out 
*** HOLE CARDS ***
Dealt to Dorex2007 [Qd 7s]
Dorex2007: folds 
chudak1000: folds 
1Asthma1: folds 
bübchen24: raises $0.04 to $0.06
modernexpo: folds 
Monstroo7: calls $0.06
Djygashvilli: folds 
ProfQualhada: calls $0.04
*** FLOP *** [8c Td 7d]
ProfQualhada: checks 
bübchen24: checks 
Monstroo7: checks 
*** TURN *** [8c Td 7d] [2h]
ProfQualhada: checks 
bübchen24: checks 
Monstroo7: checks 
*** RIVER *** [8c Td 7d 2h] [Ac]
ProfQualhada: checks 
bübchen24: bets $0.09
Monstroo7: folds 
ProfQualhada: folds 
Uncalled bet ($0.09) returned to bübchen24
bübchen24 collected $0.18 from pot
bübchen24: doesn't show hand 
*** SUMMARY ***
Total pot $0.19 | Rake $0.01 
Board [8c Td 7d 2h Ac]
Seat 1: Djygashvilli (small blind) folded before Flop
Seat 2: ProfQualhada (big blind) folded on the River
Seat 3: Dorex2007 folded before Flop (didn't bet)
Seat 4: chudak1000 folded before Flop (didn't bet)
Seat 5: 1Asthma1 folded before Flop (didn't bet)
Seat 6: bübchen24 collected ($0.18)
Seat 7: modernexpo folded before Flop (didn't bet)
Seat 9: Monstroo7 (button) folded on the River



PokerStars Hand #228182936288:  Hold'em No Limit ($0.01/$0.02 USD) - 2021/07/09 22:56:35 PT [2021/07/10 1:56:35 ET]
Table 'Laodica III' 9-max Seat #1 is the button
Seat 1: Djygashvilli ($2 in chips) 
Seat 2: ProfQualhada ($2.06 in chips) 
Seat 3: Dorex2007 ($2.48 in chips) 
Seat 4: chudak1000 ($1.27 in chips) 
Seat 5: 1Asthma1 ($2.43 in chips) 
Seat 6: bübchen24 ($2.25 in chips) 
Seat 7: modernexpo ($2.13 in chips) 
Seat 9: Monstroo7 ($2.18 in chips) 
ProfQualhada: posts small blind $0.01
Dorex2007: posts big blind $0.02
nextdoo: sits out 
*** HOLE CARDS ***
Dealt to Dorex2007 [6c 5s]
chudak1000: folds 
1Asthma1: raises $0.04 to $0.06
bübchen24: calls $0.06
modernexpo: raises $0.20 to $0.26
Monstroo7: folds 
Djygashvilli: folds 
ProfQualhada: folds 
Dorex2007: folds 
1Asthma1: folds 
bübchen24: folds 
Uncalled bet ($0.20) returned to modernexpo
modernexpo collected $0.21 from pot
modernexpo: doesn't show hand 
*** SUMMARY ***
Total pot $0.21 | Rake $0 
Seat 1: Djygashvilli (button) folded before Flop (didn't bet)
Seat 2: ProfQualhada (small blind) folded before Flop
Seat 3: Dorex2007 (big blind) folded before Flop
Seat 4: chudak1000 folded before Flop (didn't bet)
Seat 5: 1Asthma1 folded before Flop
Seat 6: bübchen24 folded before Flop
Seat 7: modernexpo collected ($0.21)
Seat 9: Monstroo7 folded before Flop (didn't bet)



PokerStars Hand #228182940509:  Hold'em No Limit ($0.01/$0.02 USD) - 2021/07/09 22:57:06 PT [2021/07/10 1:57:06 ET]
Table 'Laodica III' 9-max Seat #2 is the button
Seat 1: Djygashvilli ($2 in chips) 
Seat 2: ProfQualhada ($2.05 in chips) 
Seat 3: Dorex2007 ($2.46 in chips) 
Seat 4: chudak1000 ($1.27 in chips) 
Seat 5: 1Asthma1 ($2.37 in chips) 
Seat 6: bübchen24 ($2.19 in chips) 
Seat 7: modernexpo ($2.28 in chips) 
Seat 9: Monstroo7 ($2.18 in chips) 
Dorex2007: posts small blind $0.01
chudak1000: posts big blind $0.02
nextdoo: sits out 
*** HOLE CARDS ***
Dealt to Dorex2007 [8h Jh]
1Asthma1: folds 
bübchen24: folds 
modernexpo: folds 
Monstroo7: calls $0.02
Djygashvilli: folds 
ProfQualhada has timed out
ProfQualhada: folds 
Dorex2007: raises $0.04 to $0.06
chudak1000: folds 
Monstroo7: calls $0.04
*** FLOP *** [3h 7s Ac]
Dorex2007: checks 
Monstroo7: checks 
*** TURN *** [3h 7s Ac] [Qd]
Dorex2007: bets $0.07
Monstroo7: calls $0.07
*** RIVER *** [3h 7s Ac Qd] [6h]
Dorex2007: bets $0.14
Monstroo7: calls $0.14
*** SHOW DOWN ***
Dorex2007: shows [8h Jh] (high card Ace)
Monstroo7: shows [8d Ah] (a pair of Aces)
Monstroo7 collected $0.54 from pot
*** SUMMARY ***
Total pot $0.56 | Rake $0.02 
Board [3h 7s Ac Qd 6h]
Seat 1: Djygashvilli folded before Flop (didn't bet)
Seat 2: ProfQualhada (button) folded before Flop (didn't bet)
Seat 3: Dorex2007 (small blind) showed [8h Jh] and lost with high card Ace
Seat 4: chudak1000 (big blind) folded before Flop
Seat 5: 1Asthma1 folded before Flop (didn't bet)
Seat 6: bübchen24 folded before Flop (didn't bet)
Seat 7: modernexpo folded before Flop (didn't bet)
Seat 9: Monstroo7 showed [8d Ah] and won ($0.54) with a pair of Aces



PokerStars Hand #228182951446:  Hold'em No Limit ($0.01/$0.02 USD) - 2021/07/09 22:58:29 PT [2021/07/10 1:58:29 ET]
Table 'Laodica III' 9-max Seat #3 is the button
Seat 1: Djygashvilli ($2 in chips) 
Seat 2: ProfQualhada ($2.05 in chips) 
Seat 3: Dorex2007 ($2.19 in chips) 
Seat 4: chudak1000 ($1.25 in chips) 
Seat 5: 1Asthma1 ($2.37 in chips) 
Seat 6: bübchen24 ($2.19 in chips) 
Seat 7: modernexpo ($2.28 in chips) 
Seat 9: Monstroo7 ($2.45 in chips) 
chudak1000: posts small blind $0.01
1Asthma1: posts big blind $0.02
nextdoo: sits out 
*** HOLE CARDS ***
Dealt to Dorex2007 [Kc 7d]
bübchen24: folds 
modernexpo: folds 
Monstroo7: folds 
Djygashvilli: folds 
ProfQualhada: calls $0.02
Dorex2007: folds 
chudak1000: folds 
1Asthma1: checks 
*** FLOP *** [9h 9c Tc]
1Asthma1: checks 
ProfQualhada: checks 
*** TURN *** [9h 9c Tc] [9d]
1Asthma1: checks 
ProfQualhada: checks 
*** RIVER *** [9h 9c Tc 9d] [Jc]
1Asthma1: checks 
ProfQualhada: bets $0.02
1Asthma1: folds 
Uncalled bet ($0.02) returned to ProfQualhada
ProfQualhada collected $0.05 from pot
ProfQualhada: doesn't show hand 
*** SUMMARY ***
Total pot $0.05 | Rake $0 
Board [9h 9c Tc 9d Jc]
Seat 1: Djygashvilli folded before Flop (didn't bet)
Seat 2: ProfQualhada collected ($0.05)
Seat 3: Dorex2007 (button) folded before Flop (didn't bet)
Seat 4: chudak1000 (small blind) folded before Flop
Seat 5: 1Asthma1 (big blind) folded on the River
Seat 6: bübchen24 folded before Flop (didn't bet)
Seat 7: modernexpo folded before Flop (didn't bet)
Seat 9: Monstroo7 folded before Flop (didn't bet)



PokerStars Hand #228182959264:  Hold'em No Limit ($0.01/$0.02 USD) - 2021/07/09 22:59:27 PT [2021/07/10 1:59:27 ET]
Table 'Laodica III' 9-max Seat #4 is the button
Seat 1: Djygashvilli ($2 in chips) 
Seat 2: ProfQualhada ($2.08 in chips) 
Seat 3: Dorex2007 ($2.19 in chips) 
Seat 4: chudak1000 ($1.24 in chips) 
Seat 5: 1Asthma1 ($2.35 in chips) 
Seat 6: bübchen24 ($2.19 in chips) 
Seat 7: modernexpo ($2.28 in chips) 
Seat 9: Monstroo7 ($2.45 in chips) 
1Asthma1: posts small blind $0.01
bübchen24: posts big blind $0.02
nextdoo: sits out 
*** HOLE CARDS ***
Dealt to Dorex2007 [8s 8c]
modernexpo: raises $0.04 to $0.06
Monstroo7: calls $0.06
Djygashvilli: folds 
ProfQualhada: folds 
Dorex2007: calls $0.06
chudak1000: folds 
1Asthma1: calls $0.05
bübchen24: calls $0.04
*** FLOP *** [Td Th Ts]
1Asthma1: checks 
bübchen24: checks 
modernexpo: bets $0.15
Monstroo7: calls $0.15
Dorex2007: folds 
1Asthma1: calls $0.15
bübchen24: folds 
*** TURN *** [Td Th Ts] [7h]
1Asthma1: checks 
modernexpo: checks 
Monstroo7: bets $0.36
1Asthma1: calls $0.36
modernexpo: calls $0.36
*** RIVER *** [Td Th Ts 7h] [7d]
1Asthma1: checks 
modernexpo: checks 
Monstroo7: bets $1.88 and is all-in
1Asthma1: calls $1.78 and is all-in
modernexpo: calls $1.71 and is all-in
Uncalled bet ($0.10) returned to Monstroo7
*** SHOW DOWN ***
Monstroo7: shows [6h 6c] (a full house, Tens full of Sevens)
1Asthma1: shows [9s 9h] (a full house, Tens full of Nines)
1Asthma1 collected $0.13 from side pot
modernexpo: shows [Ac Ad] (a full house, Tens full of Aces)
modernexpo collected $6.72 from main pot
*** SUMMARY ***
Total pot $7.10 Main pot $6.72. Side pot $0.13. | Rake $0.25 
Board [Td Th Ts 7h 7d]
Seat 1: Djygashvilli folded before Flop (didn't bet)
Seat 2: ProfQualhada folded before Flop (didn't bet)
Seat 3: Dorex2007 folded on the Flop
Seat 4: chudak1000 (button) folded before Flop (didn't bet)
Seat 5: 1Asthma1 (small blind) showed [9s 9h] and won ($0.13) with a full house, Tens full of Nines
Seat 6: bübchen24 (big blind) folded on the Flop
Seat 7: modernexpo showed [Ac Ad] and won ($6.72) with a full house, Tens full of Aces
Seat 9: Monstroo7 showed [6h 6c] and lost with a full house, Tens full of Sevens



PokerStars Hand #228182973818:  Hold'em No Limit ($0.01/$0.02 USD) - 2021/07/09 23:01:12 PT [2021/07/10 2:01:12 ET]
Table 'Laodica III' 9-max Seat #5 is the button
Seat 1: Djygashvilli ($2 in chips) 
Seat 2: ProfQualhada ($2.08 in chips) 
Seat 3: Dorex2007 ($2.13 in chips) 
Seat 4: chudak1000 ($1.24 in chips) 
Seat 5: 1Asthma1 ($2 in chips) 
Seat 6: bübchen24 ($2.13 in chips) 
Seat 8: nextdoo ($2.25 in chips) 
Seat 9: Monstroo7 ($0.10 in chips) 
bübchen24: posts small blind $0.01
modernexpo: is sitting out 
nextdoo: posts big blind $0.02
*** HOLE CARDS ***
Dealt to Dorex2007 [Qh 7h]
Monstroo7: folds 
Djygashvilli: folds 
ProfQualhada: calls $0.02
Dorex2007: folds 
chudak1000: folds 
1Asthma1 has timed out
1Asthma1: folds 
bübchen24: calls $0.01
nextdoo: checks 
*** FLOP *** [Th 3h Qs]
bübchen24: checks 
nextdoo: checks 
ProfQualhada: checks 
*** TURN *** [Th 3h Qs] [4h]
bübchen24: checks 
nextdoo: checks 
ProfQualhada: checks 
*** RIVER *** [Th 3h Qs 4h] [Kd]
bübchen24: checks 
nextdoo: checks 
ProfQualhada: bets $0.06
bübchen24: folds 
nextdoo: folds 
Uncalled bet ($0.06) returned to ProfQualhada
ProfQualhada collected $0.06 from pot
ProfQualhada: doesn't show hand 
*** SUMMARY ***
Total pot $0.06 | Rake $0 
Board [Th 3h Qs 4h Kd]
Seat 1: Djygashvilli folded before Flop (didn't bet)
Seat 2: ProfQualhada collected ($0.06)
Seat 3: Dorex2007 folded before Flop (didn't bet)
Seat 4: chudak1000 folded before Flop (didn't bet)
Seat 5: 1Asthma1 (button) folded before Flop (didn't bet)
Seat 6: bübchen24 (small blind) folded on the River
Seat 8: nextdoo (big blind) folded on the River
Seat 9: Monstroo7 folded before Flop (didn't bet)



PokerStars Hand #228182985822:  Hold'em No Limit ($0.01/$0.02 USD) - 2021/07/09 23:02:32 PT [2021/07/10 2:02:32 ET]
Table 'Laodica III' 9-max Seat #6 is the button
Seat 1: Djygashvilli ($2 in chips) 
Seat 2: ProfQualhada ($2.12 in chips) 
Seat 3: Dorex2007 ($2.13 in chips) 
Seat 4: chudak1000 ($1.24 in chips) 
Seat 6: bübchen24 ($2.11 in chips) 
Seat 8: nextdoo ($2.23 in chips) 
Seat 9: Monstroo7 ($0.10 in chips) 
nextdoo: posts small blind $0.01
Monstroo7: posts big blind $0.02
*** HOLE CARDS ***
Dealt to Dorex2007 [8s Ad]
Djygashvilli: folds 
ProfQualhada: folds 
Dorex2007: folds 
chudak1000: folds 
bübchen24: folds 
nextdoo: folds 
Uncalled bet ($0.01) returned to Monstroo7
Monstroo7 collected $0.02 from pot
Monstroo7: doesn't show hand 
*** SUMMARY ***
Total pot $0.02 | Rake $0 
Seat 1: Djygashvilli folded before Flop (didn't bet)
Seat 2: ProfQualhada folded before Flop (didn't bet)
Seat 3: Dorex2007 folded before Flop (didn't bet)
Seat 4: chudak1000 folded before Flop (didn't bet)
Seat 6: bübchen24 (button) folded before Flop (didn't bet)
Seat 8: nextdoo (small blind) folded before Flop
Seat 9: Monstroo7 (big blind) collected ($0.02)



PokerStars Hand #228182988399:  Hold'em No Limit ($0.01/$0.02 USD) - 2021/07/09 23:02:49 PT [2021/07/10 2:02:49 ET]
Table 'Laodica III' 9-max Seat #8 is the button
Seat 1: Djygashvilli ($2 in chips) 
Seat 2: ProfQualhada ($2.12 in chips) 
Seat 3: Dorex2007 ($2.13 in chips) 
Seat 4: chudak1000 ($1.24 in chips) 
Seat 6: bübchen24 ($2.11 in chips) 
Seat 8: nextdoo ($2.22 in chips) 
Seat 9: Monstroo7 ($0.11 in chips) 
Monstroo7: posts small blind $0.01
Djygashvilli: posts big blind $0.02
*** HOLE CARDS ***
Dealt to Dorex2007 [Qd 7s]
ProfQualhada: calls $0.02
Dorex2007: folds 
chudak1000: folds 
bübchen24: calls $0.02
nextdoo: folds 
Monstroo7: folds 
Djygashvilli: checks 
*** FLOP *** [Qc Ts Jc]
Djygashvilli: checks 
ProfQualhada: checks 
bübchen24: checks 
*** TURN *** [Qc Ts Jc] [8s]
Djygashvilli: checks 
ProfQualhada: bets $0.02
bübchen24: raises $0.07 to $0.09
Djygashvilli: folds 
ProfQualhada: calls $0.07
*** RIVER *** [Qc Ts Jc 8s] [Ah]
ProfQualhada: checks 
bübchen24: bets $0.16
ProfQualhada: calls $0.16
*** SHOW DOWN ***
bübchen24: shows [4h 4d] (a pair of Fours)
ProfQualhada: shows [9d Kc] (a straight, Ten to Ace)
ProfQualhada collected $0.55 from pot
*** SUMMARY ***
Total pot $0.57 | Rake $0.02 
Board [Qc Ts Jc 8s Ah]
Seat 1: Djygashvilli (big blind) folded on the Turn
Seat 2: ProfQualhada showed [9d Kc] and won ($0.55) with a straight, Ten to Ace
Seat 3: Dorex2007 folded before Flop (didn't bet)
Seat 4: chudak1000 folded before Flop (didn't bet)
Seat 6: bübchen24 showed [4h 4d] and lost with a pair of Fours
Seat 8: nextdoo (button) folded before Flop (didn't bet)
Seat 9: Monstroo7 (small blind) folded before Flop



PokerStars Hand #228182998572:  Hold'em No Limit ($0.01/$0.02 USD) - 2021/07/09 23:03:55 PT [2021/07/10 2:03:55 ET]
Table 'Laodica III' 9-max Seat #9 is the button
Seat 1: Djygashvilli ($2 in chips) 
Seat 2: ProfQualhada ($2.40 in chips) 
Seat 3: Dorex2007 ($2.13 in chips) 
Seat 4: chudak1000 ($1.24 in chips) 
Seat 5: 1Asthma1 ($2 in chips) 
Seat 6: bübchen24 ($1.84 in chips) 
Seat 8: nextdoo ($2.22 in chips) 
Seat 9: Monstroo7 ($0.10 in chips) 
Djygashvilli: posts small blind $0.01
ProfQualhada: posts big blind $0.02
*** HOLE CARDS ***
Dealt to Dorex2007 [Jh Kh]
Dorex2007 has timed out
Dorex2007: folds 
chudak1000: folds 
1Asthma1: folds 
bübchen24: folds 
nextdoo: raises $0.04 to $0.06
Monstroo7: raises $0.04 to $0.10 and is all-in
Djygashvilli: folds 
ProfQualhada: folds 
nextdoo: calls $0.04
ProfQualhada leaves the table
*** FLOP *** [6d Qd Kc]
*** TURN *** [6d Qd Kc] [9c]
*** RIVER *** [6d Qd Kc 9c] [6h]
*** SHOW DOWN ***
nextdoo: shows [Ad 3d] (a pair of Sixes)
Monstroo7: shows [Ac 5h] (a pair of Sixes)
nextdoo collected $0.11 from pot
Monstroo7 cashed out the hand for $0.11
*** SUMMARY ***
Total pot $0.23 | Rake $0.01 
Board [6d Qd Kc 9c 6h]
Seat 1: Djygashvilli (small blind) folded before Flop
Seat 2: ProfQualhada (big blind) folded before Flop
Seat 3: Dorex2007 folded before Flop (didn't bet)
Seat 4: chudak1000 folded before Flop (didn't bet)
Seat 5: 1Asthma1 folded before Flop (didn't bet)
Seat 6: bübchen24 folded before Flop (didn't bet)
Seat 8: nextdoo showed [Ad 3d] and won ($0.11) with a pair of Sixes
Seat 9: Monstroo7 (button) showed [Ac 5h] and won ($0.11) with a pair of Sixes (pot not awarded as player cashed out)



PokerStars Hand #228183008269:  Hold'em No Limit ($0.01/$0.02 USD) - 2021/07/09 23:04:58 PT [2021/07/10 2:04:58 ET]
Table 'Laodica III' 9-max Seat #1 is the button
Seat 1: Djygashvilli ($2 in chips) 
Seat 3: Dorex2007 ($2.13 in chips) 
Seat 4: chudak1000 ($1.24 in chips) 
Seat 5: 1Asthma1 ($2 in chips) 
Seat 6: bübchen24 ($1.84 in chips) 
Seat 8: nextdoo ($2.23 in chips) 
Seat 9: Monstroo7 ($0.11 in chips) 
voshod999 joins the table at seat #2 
Dorex2007: posts small blind $0.01
chudak1000: posts big blind $0.02
modernexpo: sits out 
*** HOLE CARDS ***
Dealt to Dorex2007 [4c Jc]
1Asthma1: folds 
bübchen24: raises $0.04 to $0.06
nextdoo: folds 
Monstroo7: raises $0.05 to $0.11 and is all-in
Djygashvilli: folds 
Dorex2007: folds 
chudak1000: folds 
bübchen24: calls $0.05
*** FLOP *** [7d 5c Jh]
*** TURN *** [7d 5c Jh] [4h]
*** RIVER *** [7d 5c Jh 4h] [9s]
*** SHOW DOWN ***
bübchen24: shows [8s 8h] (a pair of Eights)
Monstroo7: shows [Kd Ts] (high card King)
bübchen24 collected $0.24 from pot
*** SUMMARY ***
Total pot $0.25 | Rake $0.01 
Board [7d 5c Jh 4h 9s]
Seat 1: Djygashvilli (button) folded before Flop (didn't bet)
Seat 3: Dorex2007 (small blind) folded before Flop
Seat 4: chudak1000 (big blind) folded before Flop
Seat 5: 1Asthma1 folded before Flop (didn't bet)
Seat 6: bübchen24 showed [8s 8h] and won ($0.24) with a pair of Eights
Seat 8: nextdoo folded before Flop (didn't bet)
Seat 9: Monstroo7 showed [Kd Ts] and lost with high card King



PokerStars Hand #228183013124:  Hold'em No Limit ($0.01/$0.02 USD) - 2021/07/09 23:05:30 PT [2021/07/10 2:05:30 ET]
Table 'Laodica III' 9-max Seat #3 is the button
Seat 1: Djygashvilli ($2 in chips) 
Seat 2: voshod999 ($1.60 in chips) 
Seat 3: Dorex2007 ($2.12 in chips) 
Seat 4: chudak1000 ($1.22 in chips) 
Seat 5: 1Asthma1 ($2 in chips) 
Seat 6: bübchen24 ($1.97 in chips) 
Seat 8: nextdoo ($2.23 in chips) 
chudak1000: posts small blind $0.01
1Asthma1: posts big blind $0.02
modernexpo: sits out 
voshod999: posts big blind $0.02
*** HOLE CARDS ***
Dealt to Dorex2007 [5s Ac]
bübchen24: folds 
nextdoo: folds 
Djygashvilli: folds 
voshod999: raises $0.04 to $0.06
Dorex2007: folds 
chudak1000: folds 
1Asthma1: calls $0.04
*** FLOP *** [2h 4s 8s]
1Asthma1: checks 
voshod999: bets $0.09
1Asthma1: folds 
Uncalled bet ($0.09) returned to voshod999
voshod999 collected $0.13 from pot
voshod999: doesn't show hand 
*** SUMMARY ***
Total pot $0.13 | Rake $0 
Board [2h 4s 8s]
Seat 1: Djygashvilli folded before Flop (didn't bet)
Seat 2: voshod999 collected ($0.13)
Seat 3: Dorex2007 (button) folded before Flop (didn't bet)
Seat 4: chudak1000 (small blind) folded before Flop
Seat 5: 1Asthma1 (big blind) folded on the Flop
Seat 6: bübchen24 folded before Flop (didn't bet)
Seat 8: nextdoo folded before Flop (didn't bet)



PokerStars Hand #228183017164:  Hold'em No Limit ($0.01/$0.02 USD) - 2021/07/09 23:05:56 PT [2021/07/10 2:05:56 ET]
Table 'Laodica III' 9-max Seat #4 is the button
Seat 1: Djygashvilli ($2 in chips) 
Seat 2: voshod999 ($1.67 in chips) 
Seat 3: Dorex2007 ($2.12 in chips) 
Seat 4: chudak1000 ($1.21 in chips) 
Seat 5: 1Asthma1 ($2 in chips) 
Seat 6: bübchen24 ($1.97 in chips) 
Seat 8: nextdoo ($2.23 in chips) 
Seat 9: Monstroo7 ($0.80 in chips) 
1Asthma1: posts small blind $0.01
bübchen24: posts big blind $0.02
modernexpo: sits out 
*** HOLE CARDS ***
Dealt to Dorex2007 [8c 2d]
nextdoo: folds 
Monstroo7: folds 
Djygashvilli: raises $0.02 to $0.04
voshod999: calls $0.04
Dorex2007: folds 
chudak1000: calls $0.04
1Asthma1: folds 
bübchen24: calls $0.02
*** FLOP *** [Th Kh 6c]
bübchen24: checks 
Djygashvilli: bets $0.08
voshod999: folds 
chudak1000: calls $0.08
bübchen24: folds 
*** TURN *** [Th Kh 6c] [Jd]
Djygashvilli: bets $0.16
chudak1000: calls $0.16
*** RIVER *** [Th Kh 6c Jd] [5h]
Djygashvilli: bets $0.31
chudak1000: folds 
Uncalled bet ($0.31) returned to Djygashvilli
Djygashvilli collected $0.63 from pot
*** SUMMARY ***
Total pot $0.65 | Rake $0.02 
Board [Th Kh 6c Jd 5h]
Seat 1: Djygashvilli collected ($0.63)
Seat 2: voshod999 folded on the Flop
Seat 3: Dorex2007 folded before Flop (didn't bet)
Seat 4: chudak1000 (button) folded on the River
Seat 5: 1Asthma1 (small blind) folded before Flop
Seat 6: bübchen24 (big blind) folded on the Flop
Seat 8: nextdoo folded before Flop (didn't bet)
Seat 9: Monstroo7 folded before Flop (didn't bet)



PokerStars Hand #228183023910:  Hold'em No Limit ($0.01/$0.02 USD) - 2021/07/09 23:06:40 PT [2021/07/10 2:06:40 ET]
Table 'Laodica III' 9-max Seat #5 is the button
Seat 1: Djygashvilli ($2.35 in chips) 
Seat 2: voshod999 ($1.63 in chips) 
Seat 3: Dorex2007 ($2.12 in chips) 
Seat 4: chudak1000 ($0.93 in chips) 
Seat 5: 1Asthma1 ($2 in chips) 
Seat 6: bübchen24 ($1.93 in chips) 
Seat 7: modernexpo ($6.72 in chips) 
Seat 8: nextdoo ($2.23 in chips) 
Seat 9: Monstroo7 ($0.80 in chips) 
bübchen24: posts small blind $0.01
modernexpo: posts big blind $0.02
*** HOLE CARDS ***
Dealt to Dorex2007 [6c 7c]
nextdoo: folds 
Monstroo7: folds 
Djygashvilli: folds 
voshod999: folds 
Dorex2007: calls $0.02
chudak1000: calls $0.02
1Asthma1: folds 
bübchen24: calls $0.01
modernexpo: checks 
*** FLOP *** [Kh 6s 3d]
bübchen24: checks 
modernexpo: checks 
Dorex2007: bets $0.08
chudak1000: folds 
bübchen24: calls $0.08
modernexpo: folds 
*** TURN *** [Kh 6s 3d] [Ac]
bübchen24: checks 
Dorex2007: checks 
*** RIVER *** [Kh 6s 3d Ac] [Ad]
bübchen24: bets $0.15
Dorex2007: folds 
Uncalled bet ($0.15) returned to bübchen24
bübchen24 collected $0.23 from pot
bübchen24: doesn't show hand 
*** SUMMARY ***
Total pot $0.24 | Rake $0.01 
Board [Kh 6s 3d Ac Ad]
Seat 1: Djygashvilli folded before Flop (didn't bet)
Seat 2: voshod999 folded before Flop (didn't bet)
Seat 3: Dorex2007 folded on the River
Seat 4: chudak1000 folded on the Flop
Seat 5: 1Asthma1 (button) folded before Flop (didn't bet)
Seat 6: bübchen24 (small blind) collected ($0.23)
Seat 7: modernexpo (big blind) folded on the Flop
Seat 8: nextdoo folded before Flop (didn't bet)
Seat 9: Monstroo7 folded before Flop (didn't bet)



PokerStars Hand #228183034760:  Hold'em No Limit ($0.01/$0.02 USD) - 2021/07/09 23:07:51 PT [2021/07/10 2:07:51 ET]
Table 'Laodica III' 9-max Seat #6 is the button
Seat 1: Djygashvilli ($2.35 in chips) 
Seat 2: voshod999 ($1.63 in chips) 
Seat 3: Dorex2007 ($2.02 in chips) 
Seat 4: chudak1000 ($0.91 in chips) 
Seat 5: 1Asthma1 ($2 in chips) 
Seat 6: bübchen24 ($2.06 in chips) 
Seat 7: modernexpo ($6.70 in chips) 
Seat 8: nextdoo ($2.23 in chips) 
Seat 9: Monstroo7 ($0.80 in chips) 
modernexpo: posts small blind $0.01
nextdoo: posts big blind $0.02
*** HOLE CARDS ***
Dealt to Dorex2007 [5h 3h]
Monstroo7: calls $0.02
Djygashvilli: folds 
voshod999: folds 
Dorex2007: folds 
chudak1000: folds 
1Asthma1: folds 
bübchen24: folds 
modernexpo: calls $0.01
nextdoo: raises $0.04 to $0.06
Monstroo7: calls $0.04
modernexpo: calls $0.04
*** FLOP *** [Ac Qd Ah]
modernexpo: checks 
nextdoo: bets $0.09
Monstroo7: calls $0.09
modernexpo: folds 
*** TURN *** [Ac Qd Ah] [5c]
nextdoo: bets $0.18
Monstroo7: calls $0.18
*** RIVER *** [Ac Qd Ah 5c] [9c]
nextdoo: bets $0.24
Monstroo7: calls $0.24
*** SHOW DOWN ***
nextdoo: shows [Ad Th] (three of a kind, Aces)
Monstroo7: mucks hand 
nextdoo collected $1.16 from pot
*** SUMMARY ***
Total pot $1.20 | Rake $0.04 
Board [Ac Qd Ah 5c 9c]
Seat 1: Djygashvilli folded before Flop (didn't bet)
Seat 2: voshod999 folded before Flop (didn't bet)
Seat 3: Dorex2007 folded before Flop (didn't bet)
Seat 4: chudak1000 folded before Flop (didn't bet)
Seat 5: 1Asthma1 folded before Flop (didn't bet)
Seat 6: bübchen24 (button) folded before Flop (didn't bet)
Seat 7: modernexpo (small blind) folded on the Flop
Seat 8: nextdoo (big blind) showed [Ad Th] and won ($1.16) with three of a kind, Aces
Seat 9: Monstroo7 mucked [Qc 8d]



PokerStars Hand #228183043062:  Hold'em No Limit ($0.01/$0.02 USD) - 2021/07/09 23:08:38 PT [2021/07/10 2:08:38 ET]
Table 'Laodica III' 9-max Seat #7 is the button
Seat 1: Djygashvilli ($2.35 in chips) 
Seat 2: voshod999 ($1.63 in chips) 
Seat 3: Dorex2007 ($2.02 in chips) 
Seat 4: chudak1000 ($0.91 in chips) 
Seat 5: 1Asthma1 ($2 in chips) 
Seat 6: bübchen24 ($2.06 in chips) 
Seat 7: modernexpo ($6.64 in chips) 
Seat 8: nextdoo ($2.82 in chips) 
Seat 9: Monstroo7 ($0.23 in chips) 
nextdoo: posts small blind $0.01
Monstroo7: posts big blind $0.02
*** HOLE CARDS ***
Dealt to Dorex2007 [3s Qc]
Djygashvilli: folds 
voshod999: raises $0.04 to $0.06
Dorex2007: folds 
chudak1000: folds 
1Asthma1: calls $0.06
bübchen24: folds 
modernexpo: folds 
nextdoo: folds 
Monstroo7: calls $0.04
*** FLOP *** [7s 4h 2d]
Monstroo7: checks 
voshod999: checks 
1Asthma1: checks 
*** TURN *** [7s 4h 2d] [6d]
Monstroo7: bets $0.09
voshod999: calls $0.09
1Asthma1: calls $0.09
*** RIVER *** [7s 4h 2d 6d] [Kd]
Monstroo7: checks 
voshod999: checks 
1Asthma1: bets $0.29
Monstroo7: folds 
voshod999: folds 
Uncalled bet ($0.29) returned to 1Asthma1
1Asthma1 collected $0.44 from pot
1Asthma1: doesn't show hand 
*** SUMMARY ***
Total pot $0.46 | Rake $0.02 
Board [7s 4h 2d 6d Kd]
Seat 1: Djygashvilli folded before Flop (didn't bet)
Seat 2: voshod999 folded on the River
Seat 3: Dorex2007 folded before Flop (didn't bet)
Seat 4: chudak1000 folded before Flop (didn't bet)
Seat 5: 1Asthma1 collected ($0.44)
Seat 6: bübchen24 folded before Flop (didn't bet)
Seat 7: modernexpo (button) folded before Flop (didn't bet)
Seat 8: nextdoo (small blind) folded before Flop
Seat 9: Monstroo7 (big blind) folded on the River



PokerStars Hand #228183054681:  Hold'em No Limit ($0.01/$0.02 USD) - 2021/07/09 23:09:54 PT [2021/07/10 2:09:54 ET]
Table 'Laodica III' 9-max Seat #8 is the button
Seat 1: Djygashvilli ($2.35 in chips) 
Seat 2: voshod999 ($1.48 in chips) 
Seat 3: Dorex2007 ($2.02 in chips) 
Seat 4: chudak1000 ($0.91 in chips) 
Seat 5: 1Asthma1 ($2.29 in chips) 
Seat 6: bübchen24 ($2.06 in chips) 
Seat 7: modernexpo ($6.64 in chips) 
Seat 8: nextdoo ($2.81 in chips) 
Seat 9: Monstroo7 ($0.08 in chips) 
Monstroo7: posts small blind $0.01
Djygashvilli: posts big blind $0.02
*** HOLE CARDS ***
Dealt to Dorex2007 [9c 5h]
voshod999: folds 
Dorex2007: folds 
chudak1000: folds 
1Asthma1: folds 
bübchen24: folds 
modernexpo: folds 
nextdoo: folds 
Monstroo7: raises $0.06 to $0.08 and is all-in
Djygashvilli: folds 
Uncalled bet ($0.06) returned to Monstroo7
Monstroo7 collected $0.04 from pot
Monstroo7: doesn't show hand 
*** SUMMARY ***
Total pot $0.04 | Rake $0 
Seat 1: Djygashvilli (big blind) folded before Flop
Seat 2: voshod999 folded before Flop (didn't bet)
Seat 3: Dorex2007 folded before Flop (didn't bet)
Seat 4: chudak1000 folded before Flop (didn't bet)
Seat 5: 1Asthma1 folded before Flop (didn't bet)
Seat 6: bübchen24 folded before Flop (didn't bet)
Seat 7: modernexpo folded before Flop (didn't bet)
Seat 8: nextdoo (button) folded before Flop (didn't bet)
Seat 9: Monstroo7 (small blind) collected ($0.04)



PokerStars Hand #228183061575:  Hold'em No Limit ($0.01/$0.02 USD) - 2021/07/09 23:10:21 PT [2021/07/10 2:10:21 ET]
Table 'Laodica III' 9-max Seat #9 is the button
Seat 1: Djygashvilli ($2.33 in chips) 
Seat 2: voshod999 ($1.48 in chips) 
Seat 3: Dorex2007 ($2.02 in chips) 
Seat 4: chudak1000 ($0.91 in chips) 
Seat 5: 1Asthma1 ($2.29 in chips) 
Seat 6: bübchen24 ($2.06 in chips) 
Seat 7: modernexpo ($6.64 in chips) 
Seat 8: nextdoo ($2.81 in chips) 
Seat 9: Monstroo7 ($0.10 in chips) 
Djygashvilli: posts small blind $0.01
voshod999: posts big blind $0.02
*** HOLE CARDS ***
Dealt to Dorex2007 [Ac Td]
Dorex2007 has timed out
Dorex2007: folds 
chudak1000: folds 
1Asthma1: folds 
bübchen24: folds 
modernexpo: folds 
nextdoo: folds 
Monstroo7: folds 
Djygashvilli: raises $0.04 to $0.06
voshod999: folds 
Uncalled bet ($0.04) returned to Djygashvilli
Djygashvilli collected $0.04 from pot
*** SUMMARY ***
Total pot $0.04 | Rake $0 
Seat 1: Djygashvilli (small blind) collected ($0.04)
Seat 2: voshod999 (big blind) folded before Flop
Seat 3: Dorex2007 folded before Flop (didn't bet)
Seat 4: chudak1000 folded before Flop (didn't bet)
Seat 5: 1Asthma1 folded before Flop (didn't bet)
Seat 6: bübchen24 folded before Flop (didn't bet)
Seat 7: modernexpo folded before Flop (didn't bet)
Seat 8: nextdoo folded before Flop (didn't bet)
Seat 9: Monstroo7 (button) folded before Flop (didn't bet)



PokerStars Hand #228183066230:  Hold'em No Limit ($0.01/$0.02 USD) - 2021/07/09 23:10:51 PT [2021/07/10 2:10:51 ET]
Table 'Laodica III' 9-max Seat #1 is the button
Seat 1: Djygashvilli ($2.35 in chips) 
Seat 2: voshod999 ($1.46 in chips) 
Seat 3: Dorex2007 ($2.02 in chips) 
Seat 4: chudak1000 ($0.91 in chips) 
Seat 5: 1Asthma1 ($2.29 in chips) 
Seat 6: bübchen24 ($2.06 in chips) 
Seat 7: modernexpo ($6.64 in chips) 
Seat 8: nextdoo ($2.81 in chips) 
Seat 9: Monstroo7 ($0.10 in chips) 
voshod999: posts small blind $0.01
Dorex2007: posts big blind $0.02
*** HOLE CARDS ***
Dealt to Dorex2007 [Ts 4s]
chudak1000: folds 
1Asthma1: folds 
bübchen24: folds 
modernexpo: folds 
nextdoo: folds 
Monstroo7: calls $0.02
Djygashvilli: folds 
voshod999: folds 
Dorex2007: checks 
*** FLOP *** [2h Td Ad]
Dorex2007: checks 
Monstroo7: bets $0.08 and is all-in
Dorex2007: calls $0.08
Monstroo7 has timed out
*** TURN *** [2h Td Ad] [2s]
*** RIVER *** [2h Td Ad 2s] [3c]
*** SHOW DOWN ***
Dorex2007: shows [Ts 4s] (two pair, Tens and Deuces)
Monstroo7: shows [As 4h] (two pair, Aces and Deuces)
Monstroo7 collected $0.20 from pot
*** SUMMARY ***
Total pot $0.21 | Rake $0.01 
Board [2h Td Ad 2s 3c]
Seat 1: Djygashvilli (button) folded before Flop (didn't bet)
Seat 2: voshod999 (small blind) folded before Flop
Seat 3: Dorex2007 (big blind) showed [Ts 4s] and lost with two pair, Tens and Deuces
Seat 4: chudak1000 folded before Flop (didn't bet)
Seat 5: 1Asthma1 folded before Flop (didn't bet)
Seat 6: bübchen24 folded before Flop (didn't bet)
Seat 7: modernexpo folded before Flop (didn't bet)
Seat 8: nextdoo folded before Flop (didn't bet)
Seat 9: Monstroo7 showed [As 4h] and won ($0.20) with two pair, Aces and Deuces



PokerStars Hand #228183072520:  Hold'em No Limit ($0.01/$0.02 USD) - 2021/07/09 23:11:33 PT [2021/07/10 2:11:33 ET]
Table 'Laodica III' 9-max Seat #2 is the button
Seat 1: Djygashvilli ($2.35 in chips) 
Seat 2: voshod999 ($1.45 in chips) 
Seat 3: Dorex2007 ($1.92 in chips) 
Seat 4: chudak1000 ($0.91 in chips) 
Seat 5: 1Asthma1 ($2.29 in chips) 
Seat 6: bübchen24 ($2.06 in chips) 
Seat 7: modernexpo ($6.64 in chips) 
Seat 8: nextdoo ($2.81 in chips) 
Seat 9: Monstroo7 ($0.20 in chips) 
Dorex2007: posts small blind $0.01
chudak1000: posts big blind $0.02
*** HOLE CARDS ***
Dealt to Dorex2007 [2d 5s]
1Asthma1: folds 
bübchen24: raises $0.04 to $0.06
modernexpo: folds 
nextdoo: folds 
Monstroo7: raises $0.14 to $0.20 and is all-in
Djygashvilli: folds 
voshod999: raises $0.14 to $0.34
Dorex2007: folds 
chudak1000: folds 
bübchen24: folds 
Uncalled bet ($0.14) returned to voshod999
*** FLOP *** [9h 7s 9s]
*** TURN *** [9h 7s 9s] [Qs]
*** RIVER *** [9h 7s 9s Qs] [2c]
*** SHOW DOWN ***
Monstroo7: shows [4c 4d] (two pair, Nines and Fours)
voshod999: shows [Kc Ac] (a pair of Nines)
Monstroo7 collected $0.47 from pot
*** SUMMARY ***
Total pot $0.49 | Rake $0.02 
Board [9h 7s 9s Qs 2c]
Seat 1: Djygashvilli folded before Flop (didn't bet)
Seat 2: voshod999 (button) showed [Kc Ac] and lost with a pair of Nines
Seat 3: Dorex2007 (small blind) folded before Flop
Seat 4: chudak1000 (big blind) folded before Flop
Seat 5: 1Asthma1 folded before Flop (didn't bet)
Seat 6: bübchen24 folded before Flop
Seat 7: modernexpo folded before Flop (didn't bet)
Seat 8: nextdoo folded before Flop (didn't bet)
Seat 9: Monstroo7 showed [4c 4d] and won ($0.47) with two pair, Nines and Fours



PokerStars Hand #228183079200:  Hold'em No Limit ($0.01/$0.02 USD) - 2021/07/09 23:12:17 PT [2021/07/10 2:12:17 ET]
Table 'Laodica III' 9-max Seat #3 is the button
Seat 1: Djygashvilli ($2.35 in chips) 
Seat 2: voshod999 ($1.25 in chips) 
Seat 3: Dorex2007 ($1.91 in chips) 
Seat 4: chudak1000 ($0.89 in chips) 
Seat 5: 1Asthma1 ($2.29 in chips) 
Seat 6: bübchen24 ($2 in chips) 
Seat 7: modernexpo ($6.64 in chips) 
Seat 8: nextdoo ($2.81 in chips) 
Seat 9: Monstroo7 ($0.47 in chips) 
chudak1000: posts small blind $0.01
1Asthma1: posts big blind $0.02
*** HOLE CARDS ***
Dealt to Dorex2007 [2h 9s]
bübchen24: raises $0.04 to $0.06
modernexpo: folds 
nextdoo: folds 
Monstroo7: folds 
Djygashvilli: folds 
voshod999: folds 
Dorex2007: folds 
chudak1000: folds 
1Asthma1: folds 
Uncalled bet ($0.04) returned to bübchen24
bübchen24 collected $0.05 from pot
bübchen24: doesn't show hand 
*** SUMMARY ***
Total pot $0.05 | Rake $0 
Seat 1: Djygashvilli folded before Flop (didn't bet)
Seat 2: voshod999 folded before Flop (didn't bet)
Seat 3: Dorex2007 (button) folded before Flop (didn't bet)
Seat 4: chudak1000 (small blind) folded before Flop
Seat 5: 1Asthma1 (big blind) folded before Flop
Seat 6: bübchen24 collected ($0.05)
Seat 7: modernexpo folded before Flop (didn't bet)
Seat 8: nextdoo folded before Flop (didn't bet)
Seat 9: Monstroo7 folded before Flop (didn't bet)



PokerStars Hand #228183082381:  Hold'em No Limit ($0.01/$0.02 USD) - 2021/07/09 23:12:38 PT [2021/07/10 2:12:38 ET]
Table 'Laodica III' 9-max Seat #4 is the button
Seat 1: Djygashvilli ($2.35 in chips) 
Seat 2: voshod999 ($1.25 in chips) 
Seat 3: Dorex2007 ($1.91 in chips) 
Seat 4: chudak1000 ($0.88 in chips) 
Seat 5: 1Asthma1 ($2.27 in chips) 
Seat 6: bübchen24 ($2.03 in chips) 
Seat 7: modernexpo ($6.64 in chips) 
Seat 8: nextdoo ($2.81 in chips) 
Seat 9: Monstroo7 ($0.47 in chips) 
1Asthma1: posts small blind $0.01
bübchen24: posts big blind $0.02
*** HOLE CARDS ***
Dealt to Dorex2007 [9s Ah]
modernexpo: folds 
nextdoo: folds 
Monstroo7: folds 
Djygashvilli: folds 
voshod999: folds 
Dorex2007: folds 
chudak1000: folds 
1Asthma1: raises $0.04 to $0.06
bübchen24: folds 
Uncalled bet ($0.04) returned to 1Asthma1
1Asthma1 collected $0.04 from pot
1Asthma1: doesn't show hand 
*** SUMMARY ***
Total pot $0.04 | Rake $0 
Seat 1: Djygashvilli folded before Flop (didn't bet)
Seat 2: voshod999 folded before Flop (didn't bet)
Seat 3: Dorex2007 folded before Flop (didn't bet)
Seat 4: chudak1000 (button) folded before Flop (didn't bet)
Seat 5: 1Asthma1 (small blind) collected ($0.04)
Seat 6: bübchen24 (big blind) folded before Flop
Seat 7: modernexpo folded before Flop (didn't bet)
Seat 8: nextdoo folded before Flop (didn't bet)
Seat 9: Monstroo7 folded before Flop (didn't bet)



PokerStars Hand #228183084642:  Hold'em No Limit ($0.01/$0.02 USD) - 2021/07/09 23:12:53 PT [2021/07/10 2:12:53 ET]
Table 'Laodica III' 9-max Seat #5 is the button
Seat 1: Djygashvilli ($2.35 in chips) 
Seat 2: voshod999 ($1.25 in chips) 
Seat 3: Dorex2007 ($1.91 in chips) 
Seat 4: chudak1000 ($0.88 in chips) 
Seat 5: 1Asthma1 ($2.29 in chips) 
Seat 6: bübchen24 ($2.01 in chips) 
Seat 7: modernexpo ($6.64 in chips) 
Seat 8: nextdoo ($2.81 in chips) 
Seat 9: Monstroo7 ($0.47 in chips) 
bübchen24: posts small blind $0.01
modernexpo: posts big blind $0.02
*** HOLE CARDS ***
Dealt to Dorex2007 [Kh Jc]
nextdoo: folds 
Monstroo7: calls $0.02
Djygashvilli: folds 
voshod999: raises $0.02 to $0.04
Dorex2007: folds 
chudak1000: folds 
1Asthma1: folds 
bübchen24: folds 
modernexpo: calls $0.02
Monstroo7: calls $0.02
*** FLOP *** [5h Kd 4d]
modernexpo: checks 
Monstroo7: checks 
voshod999: checks 
*** TURN *** [5h Kd 4d] [Th]
modernexpo: checks 
Monstroo7: checks 
voshod999: checks 
*** RIVER *** [5h Kd 4d Th] [6d]
modernexpo: checks 
Monstroo7: checks 
voshod999: checks 
*** SHOW DOWN ***
modernexpo: shows [7h Tc] (a pair of Tens)
Monstroo7: mucks hand 
voshod999: mucks hand 
modernexpo collected $0.13 from pot
*** SUMMARY ***
Total pot $0.13 | Rake $0 
Board [5h Kd 4d Th 6d]
Seat 1: Djygashvilli folded before Flop (didn't bet)
Seat 2: voshod999 mucked [Qc 8c]
Seat 3: Dorex2007 folded before Flop (didn't bet)
Seat 4: chudak1000 folded before Flop (didn't bet)
Seat 5: 1Asthma1 (button) folded before Flop (didn't bet)
Seat 6: bübchen24 (small blind) folded before Flop
Seat 7: modernexpo (big blind) showed [7h Tc] and won ($0.13) with a pair of Tens
Seat 8: nextdoo folded before Flop (didn't bet)
Seat 9: Monstroo7 mucked [As 6s]



PokerStars Hand #228183092342:  Hold'em No Limit ($0.01/$0.02 USD) - 2021/07/09 23:13:44 PT [2021/07/10 2:13:44 ET]
Table 'Laodica III' 9-max Seat #6 is the button
Seat 1: Djygashvilli ($2.35 in chips) 
Seat 2: voshod999 ($1.21 in chips) 
Seat 3: Dorex2007 ($1.91 in chips) 
Seat 4: chudak1000 ($0.88 in chips) 
Seat 5: 1Asthma1 ($2.29 in chips) 
Seat 6: bübchen24 ($2 in chips) 
Seat 7: modernexpo ($6.73 in chips) 
Seat 8: nextdoo ($2.81 in chips) 
Seat 9: Monstroo7 ($0.43 in chips) 
modernexpo: posts small blind $0.01
nextdoo: posts big blind $0.02
*** HOLE CARDS ***
Dealt to Dorex2007 [9s Qc]
Monstroo7: folds 
Djygashvilli: folds 
voshod999: folds 
Dorex2007: folds 
chudak1000: folds 
1Asthma1: raises $0.03 to $0.05
bübchen24: folds 
modernexpo: folds 
nextdoo: folds 
Uncalled bet ($0.03) returned to 1Asthma1
1Asthma1 collected $0.05 from pot
1Asthma1: doesn't show hand 
*** SUMMARY ***
Total pot $0.05 | Rake $0 
Seat 1: Djygashvilli folded before Flop (didn't bet)
Seat 2: voshod999 folded before Flop (didn't bet)
Seat 3: Dorex2007 folded before Flop (didn't bet)
Seat 4: chudak1000 folded before Flop (didn't bet)
Seat 5: 1Asthma1 collected ($0.05)
Seat 6: bübchen24 (button) folded before Flop (didn't bet)
Seat 7: modernexpo (small blind) folded before Flop
Seat 8: nextdoo (big blind) folded before Flop
Seat 9: Monstroo7 folded before Flop (didn't bet)



