PokerStars Hand #228293002228:  Hold'em No Limit ($0.01/$0.02 USD) - 2021/07/14 13:59:54 PT [2021/07/14 16:59:54 ET]
Table 'Michel' 9-max Seat #2 is the button
Seat 2: yakfolge ($1.17 in chips) 
Seat 3: WeXx33 ($3.14 in chips) 
Seat 4: Suehiro90 ($3.87 in chips) 
Seat 5: CrazyyParis ($2.29 in chips) 
Seat 6: danshellz ($1.40 in chips) 
Seat 7: Fabian239 ($1.01 in chips) 
Seat 8: Ronny1944 ($1.94 in chips) 
Seat 9: Dorex2007 ($2 in chips) 
WeXx33: posts small blind $0.01
Suehiro90: posts big blind $0.02
Dorex2007: posts big blind $0.02
*** HOLE CARDS ***
Dealt to Dorex2007 [Ad Ac]
CrazyyParis: folds 
danshellz: folds 
Fabian239: folds 
Ronny1944: folds 
Dorex2007: raises $0.04 to $0.06
yakfolge: folds 
WeXx33: folds 
Suehiro90: folds 
Uncalled bet ($0.04) returned to Dorex2007
Dorex2007 collected $0.05 from pot
Dorex2007: doesn't show hand 
*** SUMMARY ***
Total pot $0.05 | Rake $0 
Seat 2: yakfolge (button) folded before Flop (didn't bet)
Seat 3: WeXx33 (small blind) folded before Flop
Seat 4: Suehiro90 (big blind) folded before Flop
Seat 5: CrazyyParis folded before Flop (didn't bet)
Seat 6: danshellz folded before Flop (didn't bet)
Seat 7: Fabian239 folded before Flop (didn't bet)
Seat 8: Ronny1944 folded before Flop (didn't bet)
Seat 9: Dorex2007 collected ($0.05)



PokerStars Hand #228293007264:  Hold'em No Limit ($0.01/$0.02 USD) - 2021/07/14 14:00:09 PT [2021/07/14 17:00:09 ET]
Table 'Michel' 9-max Seat #3 is the button
Seat 2: yakfolge ($1.17 in chips) 
Seat 3: WeXx33 ($3.13 in chips) 
Seat 4: Suehiro90 ($3.85 in chips) 
Seat 5: CrazyyParis ($2.29 in chips) 
Seat 6: danshellz ($1.40 in chips) 
Seat 7: Fabian239 ($1.01 in chips) 
Seat 8: Ronny1944 ($1.94 in chips) 
Seat 9: Dorex2007 ($2.03 in chips) 
Suehiro90: posts small blind $0.01
CrazyyParis: posts big blind $0.02
*** HOLE CARDS ***
Dealt to Dorex2007 [2h 8d]
danshellz: folds 
Fabian239: folds 
Ronny1944: folds 
Dorex2007: folds 
yakfolge: folds 
WeXx33: raises $0.04 to $0.06
Suehiro90: folds 
CrazyyParis: folds 
Uncalled bet ($0.04) returned to WeXx33
WeXx33 collected $0.05 from pot
WeXx33: doesn't show hand 
*** SUMMARY ***
Total pot $0.05 | Rake $0 
Seat 2: yakfolge folded before Flop (didn't bet)
Seat 3: WeXx33 (button) collected ($0.05)
Seat 4: Suehiro90 (small blind) folded before Flop
Seat 5: CrazyyParis (big blind) folded before Flop
Seat 6: danshellz folded before Flop (didn't bet)
Seat 7: Fabian239 folded before Flop (didn't bet)
Seat 8: Ronny1944 folded before Flop (didn't bet)
Seat 9: Dorex2007 folded before Flop (didn't bet)



PokerStars Hand #228293012766:  Hold'em No Limit ($0.01/$0.02 USD) - 2021/07/14 14:00:25 PT [2021/07/14 17:00:25 ET]
Table 'Michel' 9-max Seat #4 is the button
Seat 2: yakfolge ($1.17 in chips) 
Seat 3: WeXx33 ($3.16 in chips) 
Seat 4: Suehiro90 ($3.84 in chips) 
Seat 5: CrazyyParis ($2.27 in chips) 
Seat 6: danshellz ($1.40 in chips) 
Seat 7: Fabian239 ($1.01 in chips) 
Seat 8: Ronny1944 ($1.94 in chips) 
Seat 9: Dorex2007 ($2.03 in chips) 
CrazyyParis: posts small blind $0.01
danshellz: posts big blind $0.02
*** HOLE CARDS ***
Dealt to Dorex2007 [Kd 7s]
Fabian239: folds 
Ronny1944 is disconnected 
Ronny1944 is connected 
Ronny1944 has timed out
Ronny1944: folds 
Dorex2007: folds 
yakfolge: folds 
WeXx33: folds 
Suehiro90: raises $0.04 to $0.06
CrazyyParis: folds 
danshellz: calls $0.04
*** FLOP *** [4h 2d 8h]
danshellz: checks 
Suehiro90: checks 
*** TURN *** [4h 2d 8h] [Qh]
danshellz: checks 
Suehiro90: checks 
*** RIVER *** [4h 2d 8h Qh] [5h]
danshellz: checks 
Suehiro90: checks 
*** SHOW DOWN ***
danshellz: shows [3h 3d] (a flush, Queen high)
Suehiro90: shows [9h Kc] (a flush, Queen high - Nine higher)
Suehiro90 collected $0.13 from pot
*** SUMMARY ***
Total pot $0.13 | Rake $0 
Board [4h 2d 8h Qh 5h]
Seat 2: yakfolge folded before Flop (didn't bet)
Seat 3: WeXx33 folded before Flop (didn't bet)
Seat 4: Suehiro90 (button) showed [9h Kc] and won ($0.13) with a flush, Queen high
Seat 5: CrazyyParis (small blind) folded before Flop
Seat 6: danshellz (big blind) showed [3h 3d] and lost with a flush, Queen high
Seat 7: Fabian239 folded before Flop (didn't bet)
Seat 8: Ronny1944 folded before Flop (didn't bet)
Seat 9: Dorex2007 folded before Flop (didn't bet)



PokerStars Hand #228293032826:  Hold'em No Limit ($0.01/$0.02 USD) - 2021/07/14 14:01:18 PT [2021/07/14 17:01:18 ET]
Table 'Michel' 9-max Seat #5 is the button
Seat 2: yakfolge ($1.17 in chips) 
Seat 3: WeXx33 ($3.16 in chips) 
Seat 4: Suehiro90 ($3.91 in chips) 
Seat 5: CrazyyParis ($2.26 in chips) 
Seat 6: danshellz ($1.34 in chips) 
Seat 7: Fabian239 ($1.01 in chips) 
Seat 8: Ronny1944 ($1.94 in chips) 
Seat 9: Dorex2007 ($2.03 in chips) 
danshellz: posts small blind $0.01
Fabian239: posts big blind $0.02
*** HOLE CARDS ***
Dealt to Dorex2007 [7d 5h]
Ronny1944 has timed out
Ronny1944: folds 
Dorex2007: folds 
yakfolge: calls $0.02
WeXx33: folds 
Suehiro90: folds 
CrazyyParis: folds 
danshellz: folds 
Fabian239: checks 
*** FLOP *** [Qs 9h 5c]
Fabian239: checks 
yakfolge: bets $0.05
Fabian239: calls $0.05
*** TURN *** [Qs 9h 5c] [2s]
Fabian239: checks 
yakfolge: bets $0.04
Fabian239: calls $0.04
*** RIVER *** [Qs 9h 5c 2s] [3c]
Fabian239: checks 
yakfolge: checks 
*** SHOW DOWN ***
Fabian239: shows [4c Qc] (a pair of Queens)
yakfolge: mucks hand 
Fabian239 collected $0.22 from pot
*** SUMMARY ***
Total pot $0.23 | Rake $0.01 
Board [Qs 9h 5c 2s 3c]
Seat 2: yakfolge mucked [Th 9c]
Seat 3: WeXx33 folded before Flop (didn't bet)
Seat 4: Suehiro90 folded before Flop (didn't bet)
Seat 5: CrazyyParis (button) folded before Flop (didn't bet)
Seat 6: danshellz (small blind) folded before Flop
Seat 7: Fabian239 (big blind) showed [4c Qc] and won ($0.22) with a pair of Queens
Seat 8: Ronny1944 folded before Flop (didn't bet)
Seat 9: Dorex2007 folded before Flop (didn't bet)



PokerStars Hand #228293060666:  Hold'em No Limit ($0.01/$0.02 USD) - 2021/07/14 14:02:23 PT [2021/07/14 17:02:23 ET]
Table 'Michel' 9-max Seat #6 is the button
Seat 2: yakfolge ($1.06 in chips) 
Seat 3: WeXx33 ($3.16 in chips) 
Seat 4: Suehiro90 ($3.91 in chips) 
Seat 5: CrazyyParis ($2.26 in chips) 
Seat 6: danshellz ($1.33 in chips) 
Seat 7: Fabian239 ($1.12 in chips) 
Seat 8: Ronny1944 ($1.94 in chips) 
Seat 9: Dorex2007 ($2.03 in chips) 
Fabian239: posts small blind $0.01
Ronny1944: posts big blind $0.02
*** HOLE CARDS ***
Dealt to Dorex2007 [Ks 2d]
Dorex2007: folds 
yakfolge: calls $0.02
WeXx33: raises $0.08 to $0.10
Suehiro90: folds 
CrazyyParis: raises $0.18 to $0.28
danshellz: folds 
Fabian239: folds 
Ronny1944: folds 
yakfolge: folds 
WeXx33: folds 
Uncalled bet ($0.18) returned to CrazyyParis
CrazyyParis collected $0.25 from pot
CrazyyParis: doesn't show hand 
*** SUMMARY ***
Total pot $0.25 | Rake $0 
Seat 2: yakfolge folded before Flop
Seat 3: WeXx33 folded before Flop
Seat 4: Suehiro90 folded before Flop (didn't bet)
Seat 5: CrazyyParis collected ($0.25)
Seat 6: danshellz (button) folded before Flop (didn't bet)
Seat 7: Fabian239 (small blind) folded before Flop
Seat 8: Ronny1944 (big blind) folded before Flop
Seat 9: Dorex2007 folded before Flop (didn't bet)



PokerStars Hand #228293083843:  Hold'em No Limit ($0.01/$0.02 USD) - 2021/07/14 14:02:55 PT [2021/07/14 17:02:55 ET]
Table 'Michel' 9-max Seat #7 is the button
Seat 2: yakfolge ($1.04 in chips) 
Seat 3: WeXx33 ($3.06 in chips) 
Seat 4: Suehiro90 ($3.91 in chips) 
Seat 5: CrazyyParis ($2.41 in chips) 
Seat 6: danshellz ($1.33 in chips) 
Seat 7: Fabian239 ($1.11 in chips) 
Seat 8: Ronny1944 ($1.92 in chips) 
Seat 9: Dorex2007 ($2.03 in chips) 
Ronny1944: posts small blind $0.01
Dorex2007: posts big blind $0.02
*** HOLE CARDS ***
Dealt to Dorex2007 [Jd Ks]
yakfolge: calls $0.02
WeXx33: folds 
Suehiro90: folds 
CrazyyParis: folds 
danshellz: folds 
Fabian239: folds 
Ronny1944: calls $0.01
Dorex2007: checks 
*** FLOP *** [4s Qc 5c]
Ronny1944: checks 
Dorex2007: checks 
yakfolge: bets $0.03
Ronny1944: folds 
Dorex2007: folds 
Uncalled bet ($0.03) returned to yakfolge
yakfolge collected $0.06 from pot
yakfolge: doesn't show hand 
*** SUMMARY ***
Total pot $0.06 | Rake $0 
Board [4s Qc 5c]
Seat 2: yakfolge collected ($0.06)
Seat 3: WeXx33 folded before Flop (didn't bet)
Seat 4: Suehiro90 folded before Flop (didn't bet)
Seat 5: CrazyyParis folded before Flop (didn't bet)
Seat 6: danshellz folded before Flop (didn't bet)
Seat 7: Fabian239 (button) folded before Flop (didn't bet)
Seat 8: Ronny1944 (small blind) folded on the Flop
Seat 9: Dorex2007 (big blind) folded on the Flop



PokerStars Hand #228293101229:  Hold'em No Limit ($0.01/$0.02 USD) - 2021/07/14 14:03:34 PT [2021/07/14 17:03:34 ET]
Table 'Michel' 9-max Seat #8 is the button
Seat 2: yakfolge ($1.08 in chips) 
Seat 3: WeXx33 ($3.06 in chips) 
Seat 4: Suehiro90 ($3.91 in chips) 
Seat 5: CrazyyParis ($2.41 in chips) 
Seat 6: danshellz ($1.33 in chips) 
Seat 7: Fabian239 ($1.11 in chips) 
Seat 8: Ronny1944 ($1.90 in chips) 
Seat 9: Dorex2007 ($2.01 in chips) 
Dorex2007: posts small blind $0.01
yakfolge: posts big blind $0.02
*** HOLE CARDS ***
Dealt to Dorex2007 [As Kd]
WeXx33: folds 
Suehiro90: folds 
CrazyyParis: folds 
danshellz: folds 
Fabian239: folds 
Ronny1944: calls $0.02
Dorex2007: raises $0.02 to $0.04
yakfolge: calls $0.02
Ronny1944: calls $0.02
*** FLOP *** [7s 4s Qd]
Dorex2007: checks 
yakfolge: checks 
Ronny1944: checks 
*** TURN *** [7s 4s Qd] [6s]
Dorex2007: checks 
yakfolge: checks 
Ronny1944: bets $0.07
Dorex2007: calls $0.07
yakfolge: folds 
*** RIVER *** [7s 4s Qd 6s] [9d]
Dorex2007: checks 
Ronny1944: bets $0.13
Dorex2007: folds 
Uncalled bet ($0.13) returned to Ronny1944
Ronny1944 collected $0.25 from pot
Ronny1944: doesn't show hand 
*** SUMMARY ***
Total pot $0.26 | Rake $0.01 
Board [7s 4s Qd 6s 9d]
Seat 2: yakfolge (big blind) folded on the Turn
Seat 3: WeXx33 folded before Flop (didn't bet)
Seat 4: Suehiro90 folded before Flop (didn't bet)
Seat 5: CrazyyParis folded before Flop (didn't bet)
Seat 6: danshellz folded before Flop (didn't bet)
Seat 7: Fabian239 folded before Flop (didn't bet)
Seat 8: Ronny1944 (button) collected ($0.25)
Seat 9: Dorex2007 (small blind) folded on the River



PokerStars Hand #228293130545:  Hold'em No Limit ($0.01/$0.02 USD) - 2021/07/14 14:04:40 PT [2021/07/14 17:04:40 ET]
Table 'Michel' 9-max Seat #9 is the button
Seat 2: yakfolge ($1.04 in chips) 
Seat 3: WeXx33 ($3.06 in chips) 
Seat 4: Suehiro90 ($3.91 in chips) 
Seat 5: CrazyyParis ($2.41 in chips) 
Seat 6: danshellz ($1.33 in chips) 
Seat 7: Fabian239 ($1.11 in chips) 
Seat 8: Ronny1944 ($2.04 in chips) 
Seat 9: Dorex2007 ($1.90 in chips) 
yakfolge: posts small blind $0.01
WeXx33: posts big blind $0.02
*** HOLE CARDS ***
Dealt to Dorex2007 [Kc 7c]
Suehiro90: folds 
CrazyyParis: folds 
danshellz: folds 
Fabian239: folds 
Ronny1944: folds 
Dorex2007: folds 
yakfolge: folds 
Uncalled bet ($0.01) returned to WeXx33
WeXx33 collected $0.02 from pot
WeXx33: doesn't show hand 
*** SUMMARY ***
Total pot $0.02 | Rake $0 
Seat 2: yakfolge (small blind) folded before Flop
Seat 3: WeXx33 (big blind) collected ($0.02)
Seat 4: Suehiro90 folded before Flop (didn't bet)
Seat 5: CrazyyParis folded before Flop (didn't bet)
Seat 6: danshellz folded before Flop (didn't bet)
Seat 7: Fabian239 folded before Flop (didn't bet)
Seat 8: Ronny1944 folded before Flop (didn't bet)
Seat 9: Dorex2007 (button) folded before Flop (didn't bet)



PokerStars Hand #228293138088:  Hold'em No Limit ($0.01/$0.02 USD) - 2021/07/14 14:04:57 PT [2021/07/14 17:04:57 ET]
Table 'Michel' 9-max Seat #2 is the button
Seat 2: yakfolge ($1.03 in chips) 
Seat 3: WeXx33 ($3.07 in chips) 
Seat 4: Suehiro90 ($3.91 in chips) 
Seat 5: CrazyyParis ($2.41 in chips) 
Seat 6: danshellz ($1.33 in chips) 
Seat 7: Fabian239 ($1.11 in chips) 
Seat 8: Ronny1944 ($2.04 in chips) 
Seat 9: Dorex2007 ($1.90 in chips) 
WeXx33: posts small blind $0.01
Suehiro90: posts big blind $0.02
*** HOLE CARDS ***
Dealt to Dorex2007 [3c Th]
CrazyyParis: folds 
danshellz: folds 
Fabian239: folds 
Ronny1944: calls $0.02
Dorex2007: folds 
yakfolge: calls $0.02
WeXx33: folds 
Suehiro90: checks 
*** FLOP *** [Ac Qd 3d]
Suehiro90: checks 
Ronny1944: checks 
yakfolge: checks 
*** TURN *** [Ac Qd 3d] [5d]
Suehiro90: checks 
Ronny1944: checks 
yakfolge: checks 
*** RIVER *** [Ac Qd 3d 5d] [8s]
Suehiro90: checks 
Ronny1944: checks 
yakfolge: checks 
*** SHOW DOWN ***
Suehiro90: shows [Jc 7h] (high card Ace)
Ronny1944: shows [Qc Kc] (a pair of Queens)
yakfolge: mucks hand 
Ronny1944 collected $0.07 from pot
*** SUMMARY ***
Total pot $0.07 | Rake $0 
Board [Ac Qd 3d 5d 8s]
Seat 2: yakfolge (button) mucked [Js 6s]
Seat 3: WeXx33 (small blind) folded before Flop
Seat 4: Suehiro90 (big blind) showed [Jc 7h] and lost with high card Ace
Seat 5: CrazyyParis folded before Flop (didn't bet)
Seat 6: danshellz folded before Flop (didn't bet)
Seat 7: Fabian239 folded before Flop (didn't bet)
Seat 8: Ronny1944 showed [Qc Kc] and won ($0.07) with a pair of Queens
Seat 9: Dorex2007 folded before Flop (didn't bet)



PokerStars Hand #228293152918:  Hold'em No Limit ($0.01/$0.02 USD) - 2021/07/14 14:05:30 PT [2021/07/14 17:05:30 ET]
Table 'Michel' 9-max Seat #3 is the button
Seat 3: WeXx33 ($3.06 in chips) 
Seat 4: Suehiro90 ($3.89 in chips) 
Seat 5: CrazyyParis ($2.41 in chips) 
Seat 6: danshellz ($1.33 in chips) 
Seat 7: Fabian239 ($1.11 in chips) 
Seat 8: Ronny1944 ($2.09 in chips) 
Seat 9: Dorex2007 ($1.90 in chips) 
Suehiro90: posts small blind $0.01
CrazyyParis: posts big blind $0.02
*** HOLE CARDS ***
Dealt to Dorex2007 [Tc Kd]
danshellz: folds 
Fabian239: folds 
Ronny1944: calls $0.02
Dorex2007: calls $0.02
WeXx33: folds 
Suehiro90: calls $0.01
CrazyyParis: checks 
*** FLOP *** [Js 9h 6c]
Suehiro90: checks 
CrazyyParis: checks 
Ronny1944: checks 
Dorex2007: checks 
*** TURN *** [Js 9h 6c] [Qs]
Suehiro90: checks 
CrazyyParis: checks 
Ronny1944: checks 
Dorex2007: bets $0.05
Suehiro90: folds 
CrazyyParis: folds 
Ronny1944: folds 
Uncalled bet ($0.05) returned to Dorex2007
Dorex2007 collected $0.08 from pot
Dorex2007: doesn't show hand 
*** SUMMARY ***
Total pot $0.08 | Rake $0 
Board [Js 9h 6c Qs]
Seat 3: WeXx33 (button) folded before Flop (didn't bet)
Seat 4: Suehiro90 (small blind) folded on the Turn
Seat 5: CrazyyParis (big blind) folded on the Turn
Seat 6: danshellz folded before Flop (didn't bet)
Seat 7: Fabian239 folded before Flop (didn't bet)
Seat 8: Ronny1944 folded on the Turn
Seat 9: Dorex2007 collected ($0.08)



PokerStars Hand #228293174887:  Hold'em No Limit ($0.01/$0.02 USD) - 2021/07/14 14:06:20 PT [2021/07/14 17:06:20 ET]
Table 'Michel' 9-max Seat #4 is the button
Seat 3: WeXx33 ($3.06 in chips) 
Seat 4: Suehiro90 ($3.87 in chips) 
Seat 5: CrazyyParis ($2.39 in chips) 
Seat 6: danshellz ($1.33 in chips) 
Seat 7: Fabian239 ($1.11 in chips) 
Seat 8: Ronny1944 ($2.07 in chips) 
Seat 9: Dorex2007 ($1.96 in chips) 
CrazyyParis: posts small blind $0.01
danshellz: posts big blind $0.02
*** HOLE CARDS ***
Dealt to Dorex2007 [3h 8h]
Fabian239: folds 
Ronny1944: folds 
Dorex2007: folds 
WeXx33: raises $0.04 to $0.06
Suehiro90: folds 
CrazyyParis: folds 
danshellz: folds 
Uncalled bet ($0.04) returned to WeXx33
WeXx33 collected $0.05 from pot
WeXx33: doesn't show hand 
*** SUMMARY ***
Total pot $0.05 | Rake $0 
Seat 3: WeXx33 collected ($0.05)
Seat 4: Suehiro90 (button) folded before Flop (didn't bet)
Seat 5: CrazyyParis (small blind) folded before Flop
Seat 6: danshellz (big blind) folded before Flop
Seat 7: Fabian239 folded before Flop (didn't bet)
Seat 8: Ronny1944 folded before Flop (didn't bet)
Seat 9: Dorex2007 folded before Flop (didn't bet)



PokerStars Hand #228293182192:  Hold'em No Limit ($0.01/$0.02 USD) - 2021/07/14 14:06:36 PT [2021/07/14 17:06:36 ET]
Table 'Michel' 9-max Seat #5 is the button
Seat 3: WeXx33 ($3.09 in chips) 
Seat 4: Suehiro90 ($3.87 in chips) 
Seat 5: CrazyyParis ($2.38 in chips) 
Seat 6: danshellz ($1.31 in chips) 
Seat 7: Fabian239 ($1.11 in chips) 
Seat 8: Ronny1944 ($2.07 in chips) 
Seat 9: Dorex2007 ($1.96 in chips) 
danshellz: posts small blind $0.01
Fabian239: posts big blind $0.02
*** HOLE CARDS ***
Dealt to Dorex2007 [7d 4s]
Ronny1944: folds 
Dorex2007: folds 
WeXx33: folds 
Suehiro90: folds 
CrazyyParis: folds 
danshellz: folds 
Uncalled bet ($0.01) returned to Fabian239
Fabian239 collected $0.02 from pot
Fabian239: doesn't show hand 
*** SUMMARY ***
Total pot $0.02 | Rake $0 
Seat 3: WeXx33 folded before Flop (didn't bet)
Seat 4: Suehiro90 folded before Flop (didn't bet)
Seat 5: CrazyyParis (button) folded before Flop (didn't bet)
Seat 6: danshellz (small blind) folded before Flop
Seat 7: Fabian239 (big blind) collected ($0.02)
Seat 8: Ronny1944 folded before Flop (didn't bet)
Seat 9: Dorex2007 folded before Flop (didn't bet)



PokerStars Hand #228293188258:  Hold'em No Limit ($0.01/$0.02 USD) - 2021/07/14 14:06:50 PT [2021/07/14 17:06:50 ET]
Table 'Michel' 9-max Seat #6 is the button
Seat 3: WeXx33 ($3.09 in chips) 
Seat 4: Suehiro90 ($3.87 in chips) 
Seat 5: CrazyyParis ($2.38 in chips) 
Seat 6: danshellz ($1.30 in chips) 
Seat 7: Fabian239 ($1.12 in chips) 
Seat 8: Ronny1944 ($2.07 in chips) 
Seat 9: Dorex2007 ($1.96 in chips) 
Fabian239: posts small blind $0.01
Ronny1944: posts big blind $0.02
*** HOLE CARDS ***
Dealt to Dorex2007 [Td Kd]
Dorex2007: folds 
WeXx33: folds 
Suehiro90: folds 
CrazyyParis: folds 
danshellz: folds 
Fabian239: raises $0.03 to $0.05
Ronny1944: folds 
Uncalled bet ($0.03) returned to Fabian239
Fabian239 collected $0.04 from pot
Fabian239: doesn't show hand 
*** SUMMARY ***
Total pot $0.04 | Rake $0 
Seat 3: WeXx33 folded before Flop (didn't bet)
Seat 4: Suehiro90 folded before Flop (didn't bet)
Seat 5: CrazyyParis folded before Flop (didn't bet)
Seat 6: danshellz (button) folded before Flop (didn't bet)
Seat 7: Fabian239 (small blind) collected ($0.04)
Seat 8: Ronny1944 (big blind) folded before Flop
Seat 9: Dorex2007 folded before Flop (didn't bet)



PokerStars Hand #228293202557:  Hold'em No Limit ($0.01/$0.02 USD) - 2021/07/14 14:07:22 PT [2021/07/14 17:07:22 ET]
Table 'Michel' 9-max Seat #7 is the button
Seat 3: WeXx33 ($3.09 in chips) 
Seat 4: Suehiro90 ($3.87 in chips) 
Seat 5: CrazyyParis ($2.38 in chips) 
Seat 6: danshellz ($1.30 in chips) 
Seat 7: Fabian239 ($1.14 in chips) 
Seat 8: Ronny1944 ($2.05 in chips) 
Seat 9: Dorex2007 ($1.96 in chips) 
Ronny1944: posts small blind $0.01
Dorex2007: posts big blind $0.02
*** HOLE CARDS ***
Dealt to Dorex2007 [7s 2c]
WeXx33: folds 
Suehiro90: folds 
CrazyyParis: raises $0.04 to $0.06
danshellz: folds 
Fabian239: folds 
Ronny1944: folds 
Dorex2007: folds 
Uncalled bet ($0.04) returned to CrazyyParis
CrazyyParis collected $0.05 from pot
CrazyyParis: doesn't show hand 
*** SUMMARY ***
Total pot $0.05 | Rake $0 
Seat 3: WeXx33 folded before Flop (didn't bet)
Seat 4: Suehiro90 folded before Flop (didn't bet)
Seat 5: CrazyyParis collected ($0.05)
Seat 6: danshellz folded before Flop (didn't bet)
Seat 7: Fabian239 (button) folded before Flop (didn't bet)
Seat 8: Ronny1944 (small blind) folded before Flop
Seat 9: Dorex2007 (big blind) folded before Flop



PokerStars Hand #228293208226:  Hold'em No Limit ($0.01/$0.02 USD) - 2021/07/14 14:07:35 PT [2021/07/14 17:07:35 ET]
Table 'Michel' 9-max Seat #8 is the button
Seat 3: WeXx33 ($3.09 in chips) 
Seat 4: Suehiro90 ($3.87 in chips) 
Seat 5: CrazyyParis ($2.41 in chips) 
Seat 6: danshellz ($1.30 in chips) 
Seat 7: Fabian239 ($1.14 in chips) 
Seat 8: Ronny1944 ($2.04 in chips) 
Seat 9: Dorex2007 ($1.94 in chips) 
Dorex2007: posts small blind $0.01
WeXx33: posts big blind $0.02
*** HOLE CARDS ***
Dealt to Dorex2007 [4d 8h]
Suehiro90: raises $0.04 to $0.06
CrazyyParis: folds 
danshellz: folds 
Fabian239: folds 
Ronny1944 has timed out
Ronny1944: folds 
Dorex2007: folds 
WeXx33: folds 
Uncalled bet ($0.04) returned to Suehiro90
Suehiro90 collected $0.05 from pot
Suehiro90: doesn't show hand 
*** SUMMARY ***
Total pot $0.05 | Rake $0 
Seat 3: WeXx33 (big blind) folded before Flop
Seat 4: Suehiro90 collected ($0.05)
Seat 5: CrazyyParis folded before Flop (didn't bet)
Seat 6: danshellz folded before Flop (didn't bet)
Seat 7: Fabian239 folded before Flop (didn't bet)
Seat 8: Ronny1944 (button) folded before Flop (didn't bet)
Seat 9: Dorex2007 (small blind) folded before Flop



PokerStars Hand #228293233518:  Hold'em No Limit ($0.01/$0.02 USD) - 2021/07/14 14:08:11 PT [2021/07/14 17:08:11 ET]
Table 'Michel' 9-max Seat #9 is the button
Seat 3: WeXx33 ($3.07 in chips) 
Seat 4: Suehiro90 ($3.90 in chips) 
Seat 5: CrazyyParis ($2.41 in chips) 
Seat 6: danshellz ($1.30 in chips) 
Seat 7: Fabian239 ($1.14 in chips) 
Seat 8: Ronny1944 ($2.04 in chips) 
Seat 9: Dorex2007 ($1.93 in chips) 
WeXx33: posts small blind $0.01
Suehiro90: posts big blind $0.02
*** HOLE CARDS ***
Dealt to Dorex2007 [Qc Th]
CrazyyParis: folds 
danshellz: folds 
Fabian239: folds 
Ronny1944 has timed out
Ronny1944: folds 
Dorex2007: raises $0.02 to $0.04
WeXx33: folds 
Suehiro90: folds 
Uncalled bet ($0.02) returned to Dorex2007
Dorex2007 collected $0.05 from pot
Dorex2007: doesn't show hand 
*** SUMMARY ***
Total pot $0.05 | Rake $0 
Seat 3: WeXx33 (small blind) folded before Flop
Seat 4: Suehiro90 (big blind) folded before Flop
Seat 5: CrazyyParis folded before Flop (didn't bet)
Seat 6: danshellz folded before Flop (didn't bet)
Seat 7: Fabian239 folded before Flop (didn't bet)
Seat 8: Ronny1944 folded before Flop (didn't bet)
Seat 9: Dorex2007 (button) collected ($0.05)



PokerStars Hand #228293250622:  Hold'em No Limit ($0.01/$0.02 USD) - 2021/07/14 14:08:50 PT [2021/07/14 17:08:50 ET]
Table 'Michel' 9-max Seat #3 is the button
Seat 2: yakfolge ($1.01 in chips) 
Seat 3: WeXx33 ($3.06 in chips) 
Seat 4: Suehiro90 ($3.88 in chips) 
Seat 5: CrazyyParis ($2.41 in chips) 
Seat 6: danshellz ($1.30 in chips) 
Seat 7: Fabian239 ($1.14 in chips) 
Seat 8: Ronny1944 ($2.04 in chips) 
Seat 9: Dorex2007 ($1.96 in chips) 
Suehiro90: posts small blind $0.01
CrazyyParis: posts big blind $0.02
yakfolge: posts small & big blinds $0.03
*** HOLE CARDS ***
Dealt to Dorex2007 [Kc Kd]
danshellz: folds 
Fabian239: folds 
Ronny1944 has timed out
Ronny1944: folds 
Dorex2007: raises $0.04 to $0.06
yakfolge: folds 
WeXx33: folds 
Suehiro90: folds 
CrazyyParis: folds 
Uncalled bet ($0.04) returned to Dorex2007
Dorex2007 collected $0.08 from pot
Dorex2007: doesn't show hand 
*** SUMMARY ***
Total pot $0.08 | Rake $0 
Seat 2: yakfolge folded before Flop (didn't bet)
Seat 3: WeXx33 (button) folded before Flop (didn't bet)
Seat 4: Suehiro90 (small blind) folded before Flop
Seat 5: CrazyyParis (big blind) folded before Flop
Seat 6: danshellz folded before Flop (didn't bet)
Seat 7: Fabian239 folded before Flop (didn't bet)
Seat 8: Ronny1944 folded before Flop (didn't bet)
Seat 9: Dorex2007 collected ($0.08)



PokerStars Hand #228293267674:  Hold'em No Limit ($0.01/$0.02 USD) - 2021/07/14 14:09:28 PT [2021/07/14 17:09:28 ET]
Table 'Michel' 9-max Seat #4 is the button
Seat 2: yakfolge ($0.98 in chips) 
Seat 3: WeXx33 ($3.06 in chips) 
Seat 4: Suehiro90 ($3.87 in chips) 
Seat 5: CrazyyParis ($2.39 in chips) 
Seat 6: danshellz ($1.30 in chips) 
Seat 7: Fabian239 ($1.14 in chips) 
Seat 8: Ronny1944 ($2.04 in chips) 
Seat 9: Dorex2007 ($2.02 in chips) 
CrazyyParis: posts small blind $0.01
danshellz: posts big blind $0.02
*** HOLE CARDS ***
Dealt to Dorex2007 [6c 9h]
Fabian239: raises $0.03 to $0.05
Ronny1944: folds 
Dorex2007: folds 
yakfolge: folds 
WeXx33: folds 
Suehiro90: folds 
CrazyyParis: folds 
danshellz: folds 
Uncalled bet ($0.03) returned to Fabian239
Fabian239 collected $0.05 from pot
Fabian239: doesn't show hand 
*** SUMMARY ***
Total pot $0.05 | Rake $0 
Seat 2: yakfolge folded before Flop (didn't bet)
Seat 3: WeXx33 folded before Flop (didn't bet)
Seat 4: Suehiro90 (button) folded before Flop (didn't bet)
Seat 5: CrazyyParis (small blind) folded before Flop
Seat 6: danshellz (big blind) folded before Flop
Seat 7: Fabian239 collected ($0.05)
Seat 8: Ronny1944 folded before Flop (didn't bet)
Seat 9: Dorex2007 folded before Flop (didn't bet)



PokerStars Hand #228293276955:  Hold'em No Limit ($0.01/$0.02 USD) - 2021/07/14 14:09:49 PT [2021/07/14 17:09:49 ET]
Table 'Michel' 9-max Seat #5 is the button
Seat 2: yakfolge ($0.98 in chips) 
Seat 3: WeXx33 ($3.06 in chips) 
Seat 4: Suehiro90 ($3.87 in chips) 
Seat 5: CrazyyParis ($2.38 in chips) 
Seat 6: danshellz ($1.28 in chips) 
Seat 8: Ronny1944 ($2.04 in chips) 
Seat 9: Dorex2007 ($2.02 in chips) 
danshellz: posts small blind $0.01
Fabian239: is sitting out 
Ronny1944: posts big blind $0.02
*** HOLE CARDS ***
Dealt to Dorex2007 [2c Tc]
Dorex2007: folds 
yakfolge: calls $0.02
WeXx33: folds 
Suehiro90: folds 
CrazyyParis: folds 
danshellz: folds 
Ronny1944: checks 
*** FLOP *** [4h Ts 5h]
Ronny1944: checks 
yakfolge: bets $0.05
Ronny1944: folds 
Uncalled bet ($0.05) returned to yakfolge
yakfolge collected $0.05 from pot
yakfolge: doesn't show hand 
*** SUMMARY ***
Total pot $0.05 | Rake $0 
Board [4h Ts 5h]
Seat 2: yakfolge collected ($0.05)
Seat 3: WeXx33 folded before Flop (didn't bet)
Seat 4: Suehiro90 folded before Flop (didn't bet)
Seat 5: CrazyyParis (button) folded before Flop (didn't bet)
Seat 6: danshellz (small blind) folded before Flop
Seat 8: Ronny1944 (big blind) folded on the Flop
Seat 9: Dorex2007 folded before Flop (didn't bet)



PokerStars Hand #228293291364:  Hold'em No Limit ($0.01/$0.02 USD) - 2021/07/14 14:10:22 PT [2021/07/14 17:10:22 ET]
Table 'Michel' 9-max Seat #6 is the button
Seat 2: yakfolge ($1.01 in chips) 
Seat 3: WeXx33 ($3.06 in chips) 
Seat 4: Suehiro90 ($3.87 in chips) 
Seat 5: CrazyyParis ($2.38 in chips) 
Seat 6: danshellz ($1.27 in chips) 
Seat 8: Ronny1944 ($2.02 in chips) 
Seat 9: Dorex2007 ($2.02 in chips) 
Ronny1944: posts small blind $0.01
Dorex2007: posts big blind $0.02
*** HOLE CARDS ***
Dealt to Dorex2007 [9d 8d]
yakfolge: folds 
WeXx33: folds 
Suehiro90: folds 
CrazyyParis: folds 
danshellz: folds 
Ronny1944: calls $0.01
Dorex2007: checks 
*** FLOP *** [2s 7s Jh]
Ronny1944: bets $0.02
Dorex2007: calls $0.02
*** TURN *** [2s 7s Jh] [Kh]
Ronny1944: bets $0.04
Dorex2007: calls $0.04
*** RIVER *** [2s 7s Jh Kh] [Qh]
Ronny1944: bets $0.07
Dorex2007: raises $0.15 to $0.22
Ronny1944: calls $0.15
*** SHOW DOWN ***
Dorex2007: shows [9d 8d] (high card King)
Ronny1944: shows [Jd 2c] (two pair, Jacks and Deuces)
Ronny1944 collected $0.58 from pot
*** SUMMARY ***
Total pot $0.60 | Rake $0.02 
Board [2s 7s Jh Kh Qh]
Seat 2: yakfolge folded before Flop (didn't bet)
Seat 3: WeXx33 folded before Flop (didn't bet)
Seat 4: Suehiro90 folded before Flop (didn't bet)
Seat 5: CrazyyParis folded before Flop (didn't bet)
Seat 6: danshellz (button) folded before Flop (didn't bet)
Seat 8: Ronny1944 (small blind) showed [Jd 2c] and won ($0.58) with two pair, Jacks and Deuces
Seat 9: Dorex2007 (big blind) showed [9d 8d] and lost with high card King



PokerStars Hand #228293326418:  Hold'em No Limit ($0.01/$0.02 USD) - 2021/07/14 14:11:42 PT [2021/07/14 17:11:42 ET]
Table 'Michel' 9-max Seat #8 is the button
Seat 2: yakfolge ($1.01 in chips) 
Seat 3: WeXx33 ($3.06 in chips) 
Seat 4: Suehiro90 ($3.87 in chips) 
Seat 5: CrazyyParis ($2.38 in chips) 
Seat 6: danshellz ($1.27 in chips) 
Seat 8: Ronny1944 ($2.30 in chips) 
Seat 9: Dorex2007 ($1.72 in chips) 
Fabian239 leaves the table
Dorex2007: posts small blind $0.01
yakfolge: posts big blind $0.02
*** HOLE CARDS ***
Dealt to Dorex2007 [Jc Kd]
WeXx33: raises $0.04 to $0.06
Suehiro90: folds 
CrazyyParis: folds 
danshellz: folds 
Ronny1944: folds 
Dorex2007: folds 
yakfolge: folds 
Uncalled bet ($0.04) returned to WeXx33
WeXx33 collected $0.05 from pot
abobora33 leaves the table
WeXx33: doesn't show hand 
*** SUMMARY ***
Total pot $0.05 | Rake $0 
Seat 2: yakfolge (big blind) folded before Flop
Seat 3: WeXx33 collected ($0.05)
Seat 4: Suehiro90 folded before Flop (didn't bet)
Seat 5: CrazyyParis folded before Flop (didn't bet)
Seat 6: danshellz folded before Flop (didn't bet)
Seat 8: Ronny1944 (button) folded before Flop (didn't bet)
Seat 9: Dorex2007 (small blind) folded before Flop



PokerStars Hand #228293339491:  Hold'em No Limit ($0.01/$0.02 USD) - 2021/07/14 14:12:12 PT [2021/07/14 17:12:12 ET]
Table 'Michel' 9-max Seat #9 is the button
Seat 2: yakfolge ($0.99 in chips) 
Seat 4: Suehiro90 ($3.87 in chips) 
Seat 5: CrazyyParis ($2.38 in chips) 
Seat 6: danshellz ($1.27 in chips) 
Seat 8: Ronny1944 ($2.30 in chips) 
Seat 9: Dorex2007 ($1.71 in chips) 
yakfolge: posts small blind $0.01
Suehiro90: posts big blind $0.02
*** HOLE CARDS ***
Dealt to Dorex2007 [3h 7c]
CrazyyParis: folds 
danshellz: raises $0.05 to $0.07
Ronny1944: raises $0.14 to $0.21
Dorex2007: folds 
yakfolge: folds 
Suehiro90: folds 
danshellz: calls $0.14
*** FLOP *** [5c 2c Td]
danshellz: checks 
Ronny1944: bets $0.25
danshellz: calls $0.25
*** TURN *** [5c 2c Td] [Ah]
danshellz: bets $0.81 and is all-in
Ronny1944: calls $0.81
*** RIVER *** [5c 2c Td Ah] [Kc]
*** SHOW DOWN ***
danshellz: shows [Tc Ts] (three of a kind, Tens)
Ronny1944: shows [Ad As] (three of a kind, Aces)
Ronny1944 collected $2.48 from pot
*** SUMMARY ***
Total pot $2.57 | Rake $0.09 
Board [5c 2c Td Ah Kc]
Seat 2: yakfolge (small blind) folded before Flop
Seat 4: Suehiro90 (big blind) folded before Flop
Seat 5: CrazyyParis folded before Flop (didn't bet)
Seat 6: danshellz showed [Tc Ts] and lost with three of a kind, Tens
Seat 8: Ronny1944 showed [Ad As] and won ($2.48) with three of a kind, Aces
Seat 9: Dorex2007 (button) folded before Flop (didn't bet)



PokerStars Hand #228293360258:  Hold'em No Limit ($0.01/$0.02 USD) - 2021/07/14 14:13:00 PT [2021/07/14 17:13:00 ET]
Table 'Michel' 9-max Seat #2 is the button
Seat 2: yakfolge ($0.98 in chips) 
Seat 4: Suehiro90 ($3.85 in chips) 
Seat 8: Ronny1944 ($3.51 in chips) 
Seat 9: Dorex2007 ($1.71 in chips) 
Suehiro90: posts small blind $0.01
CrazyyParis: is sitting out 
Ronny1944: posts big blind $0.02
*** HOLE CARDS ***
Dealt to Dorex2007 [4h 4s]
CrazyyParis leaves the table
Dorex2007: calls $0.02
yakfolge: folds 
danshellz leaves the table
Suehiro90: raises $0.06 to $0.08
Ronny1944: folds 
Dorex2007: folds 
Uncalled bet ($0.06) returned to Suehiro90
Suehiro90 collected $0.06 from pot
Suehiro90: doesn't show hand 
*** SUMMARY ***
Total pot $0.06 | Rake $0 
Seat 2: yakfolge (button) folded before Flop (didn't bet)
Seat 4: Suehiro90 (small blind) collected ($0.06)
Seat 8: Ronny1944 (big blind) folded before Flop
Seat 9: Dorex2007 folded before Flop



PokerStars Hand #228293371315:  Hold'em No Limit ($0.01/$0.02 USD) - 2021/07/14 14:13:25 PT [2021/07/14 17:13:25 ET]
Table 'Michel' 9-max Seat #4 is the button
Seat 4: Suehiro90 ($3.89 in chips) 
Seat 8: Ronny1944 ($3.49 in chips) 
Seat 9: Dorex2007 ($1.69 in chips) 
Ronny1944: posts small blind $0.01
Dorex2007: posts big blind $0.02
*** HOLE CARDS ***
Dealt to Dorex2007 [8h 6d]
icre84you2day joins the table at seat #1 
Suehiro90: folds 
Ronny1944: calls $0.01
Suehiro90 leaves the table
Dorex2007: checks 
*** FLOP *** [6h 4h Qd]
Ronny1944: checks 
Dorex2007: checks 
*** TURN *** [6h 4h Qd] [2h]
Ronny1944: checks 
Dorex2007: checks 
*** RIVER *** [6h 4h Qd 2h] [Ac]
Ronny1944: checks 
Dorex2007: checks 
*** SHOW DOWN ***
Ronny1944: shows [3c 2c] (a pair of Deuces)
Dorex2007: shows [8h 6d] (a pair of Sixes)
Dorex2007 collected $0.04 from pot
*** SUMMARY ***
Total pot $0.04 | Rake $0 
Board [6h 4h Qd 2h Ac]
Seat 4: Suehiro90 (button) folded before Flop (didn't bet)
Seat 8: Ronny1944 (small blind) showed [3c 2c] and lost with a pair of Deuces
Seat 9: Dorex2007 (big blind) showed [8h 6d] and won ($0.04) with a pair of Sixes



