PokerStars Hand #224991548076:  Hold'em No Limit ($0.01/$0.02 USD) - 2021/03/19 23:00:32 PT [2021/03/20 2:00:32 ET]
Table 'Academia IV' 9-max Seat #1 is the button
Seat 1: nagaElf ($1.96 in chips) 
Seat 2: Selma261011 ($1.37 in chips) 
Seat 3: Dorex2007 ($1.50 in chips) 
Seat 4: jkmikippi334 ($2.46 in chips) 
Seat 5: Alexsabur ($1.92 in chips) 
Seat 6: WilliamJBF ($6.19 in chips) 
Seat 7: rAxt24 ($1.52 in chips) 
Seat 8: BrykmiD ($1.94 in chips) 
Seat 9: Krokus2864 ($2.29 in chips) 
Selma261011: posts small blind $0.01
Dorex2007: posts big blind $0.02
*** HOLE CARDS ***
Dealt to Dorex2007 [7d Js]
jkmikippi334: folds 
Alexsabur: folds 
WilliamJBF: folds 
rAxt24: calls $0.02
BrykmiD: folds 
Krokus2864: calls $0.02
nagaElf: folds 
Selma261011: folds 
WilliamJBF leaves the table
Dorex2007: checks 
*** FLOP *** [Td 6d 2h]
Dorex2007: checks 
12332184 joins the table at seat #6 
rAxt24: bets $0.04
Krokus2864: folds 
Dorex2007: folds 
Uncalled bet ($0.04) returned to rAxt24
rAxt24 collected $0.07 from pot
rAxt24: doesn't show hand 
*** SUMMARY ***
Total pot $0.07 | Rake $0 
Board [Td 6d 2h]
Seat 1: nagaElf (button) folded before Flop (didn't bet)
Seat 2: Selma261011 (small blind) folded before Flop
Seat 3: Dorex2007 (big blind) folded on the Flop
Seat 4: jkmikippi334 folded before Flop (didn't bet)
Seat 5: Alexsabur folded before Flop (didn't bet)
Seat 6: WilliamJBF folded before Flop (didn't bet)
Seat 7: rAxt24 collected ($0.07)
Seat 8: BrykmiD folded before Flop (didn't bet)
Seat 9: Krokus2864 folded on the Flop



PokerStars Hand #224991561331:  Hold'em No Limit ($0.01/$0.02 USD) - 2021/03/19 23:01:40 PT [2021/03/20 2:01:40 ET]
Table 'Academia IV' 9-max Seat #2 is the button
Seat 1: nagaElf ($2 in chips) 
Seat 2: Selma261011 ($1.36 in chips) 
Seat 3: Dorex2007 ($1.48 in chips) 
Seat 4: jkmikippi334 ($2.46 in chips) 
Seat 5: Alexsabur ($1.92 in chips) 
Seat 7: rAxt24 ($1.57 in chips) 
Seat 8: BrykmiD ($1.94 in chips) 
Seat 9: Krokus2864 ($2.27 in chips) 
Dorex2007: posts small blind $0.01
jkmikippi334: posts big blind $0.02
12332184: sits out 
*** HOLE CARDS ***
Dealt to Dorex2007 [Ts 2s]
Alexsabur: folds 
rAxt24: calls $0.02
BrykmiD: folds 
Krokus2864: folds 
nagaElf: folds 
Selma261011: raises $0.06 to $0.08
Dorex2007: folds 
jkmikippi334: folds 
rAxt24: calls $0.06
*** FLOP *** [Th 8d Jh]
rAxt24: checks 
Selma261011: bets $0.12
rAxt24: calls $0.12
*** TURN *** [Th 8d Jh] [Qh]
rAxt24: checks 
Selma261011: bets $0.21
rAxt24: raises $1.16 to $1.37 and is all-in
Selma261011: calls $0.95 and is all-in
Uncalled bet ($0.21) returned to rAxt24
*** RIVER *** [Th 8d Jh Qh] [Kh]
*** SHOW DOWN ***
rAxt24: shows [9h 9d] (a straight flush, Nine to King)
Selma261011: shows [Qs Js] (two pair, Queens and Jacks)
rAxt24 collected $2.65 from pot
*** SUMMARY ***
Total pot $2.75 | Rake $0.10 
Board [Th 8d Jh Qh Kh]
Seat 1: nagaElf folded before Flop (didn't bet)
Seat 2: Selma261011 (button) showed [Qs Js] and lost with two pair, Queens and Jacks
Seat 3: Dorex2007 (small blind) folded before Flop
Seat 4: jkmikippi334 (big blind) folded before Flop
Seat 5: Alexsabur folded before Flop (didn't bet)
Seat 7: rAxt24 showed [9h 9d] and won ($2.65) with a straight flush, Nine to King
Seat 8: BrykmiD folded before Flop (didn't bet)
Seat 9: Krokus2864 folded before Flop (didn't bet)



PokerStars Hand #224991576993:  Hold'em No Limit ($0.01/$0.02 USD) - 2021/03/19 23:03:00 PT [2021/03/20 2:03:00 ET]
Table 'Academia IV' 9-max Seat #3 is the button
Seat 1: nagaElf ($2 in chips) 
Seat 3: Dorex2007 ($1.47 in chips) 
Seat 4: jkmikippi334 ($2.44 in chips) 
Seat 5: Alexsabur ($1.92 in chips) 
Seat 6: 12332184 ($1.16 in chips) 
Seat 7: rAxt24 ($2.86 in chips) 
Seat 8: BrykmiD ($1.94 in chips) 
Seat 9: Krokus2864 ($2.27 in chips) 
jkmikippi334: posts small blind $0.01
Alexsabur: posts big blind $0.02
12332184: posts big blind $0.02
*** HOLE CARDS ***
Dealt to Dorex2007 [8d 7s]
12332184: raises $0.02 to $0.04
rAxt24: calls $0.04
BrykmiD: folds 
Selma261011 leaves the table
Krokus2864: folds 
nagaElf: folds 
Dorex2007: folds 
jkmikippi334: folds 
Alexsabur: calls $0.02
*** FLOP *** [Td 2h Th]
Alexsabur: checks 
sofaking1973 joins the table at seat #2 
12332184: bets $0.04
rAxt24: folds 
Alexsabur: folds 
Uncalled bet ($0.04) returned to 12332184
12332184 collected $0.13 from pot
12332184: doesn't show hand 
*** SUMMARY ***
Total pot $0.13 | Rake $0 
Board [Td 2h Th]
Seat 1: nagaElf folded before Flop (didn't bet)
Seat 3: Dorex2007 (button) folded before Flop (didn't bet)
Seat 4: jkmikippi334 (small blind) folded before Flop
Seat 5: Alexsabur (big blind) folded on the Flop
Seat 6: 12332184 collected ($0.13)
Seat 7: rAxt24 folded on the Flop
Seat 8: BrykmiD folded before Flop (didn't bet)
Seat 9: Krokus2864 folded before Flop (didn't bet)



PokerStars Hand #224991587933:  Hold'em No Limit ($0.01/$0.02 USD) - 2021/03/19 23:03:55 PT [2021/03/20 2:03:55 ET]
Table 'Academia IV' 9-max Seat #4 is the button
Seat 1: nagaElf ($2 in chips) 
Seat 3: Dorex2007 ($1.47 in chips) 
Seat 4: jkmikippi334 ($2.43 in chips) 
Seat 5: Alexsabur ($1.88 in chips) 
Seat 6: 12332184 ($1.25 in chips) 
Seat 7: rAxt24 ($2.82 in chips) 
Seat 8: BrykmiD ($1.94 in chips) 
Seat 9: Krokus2864 ($2.27 in chips) 
Alexsabur: posts small blind $0.01
12332184: posts big blind $0.02
sofaking1973: sits out 
*** HOLE CARDS ***
Dealt to Dorex2007 [Th 5c]
rAxt24: folds 
BrykmiD: folds 
Krokus2864: folds 
nagaElf: folds 
Dorex2007: folds 
jkmikippi334: folds 
Alexsabur: folds 
Uncalled bet ($0.01) returned to 12332184
12332184 collected $0.02 from pot
*** SUMMARY ***
Total pot $0.02 | Rake $0 
Seat 1: nagaElf folded before Flop (didn't bet)
Seat 3: Dorex2007 folded before Flop (didn't bet)
Seat 4: jkmikippi334 (button) folded before Flop (didn't bet)
Seat 5: Alexsabur (small blind) folded before Flop
Seat 6: 12332184 (big blind) collected ($0.02)
Seat 7: rAxt24 folded before Flop (didn't bet)
Seat 8: BrykmiD folded before Flop (didn't bet)
Seat 9: Krokus2864 folded before Flop (didn't bet)



PokerStars Hand #224991591320:  Hold'em No Limit ($0.01/$0.02 USD) - 2021/03/19 23:04:12 PT [2021/03/20 2:04:12 ET]
Table 'Academia IV' 9-max Seat #6 is the button
Seat 1: nagaElf ($2 in chips) 
Seat 3: Dorex2007 ($1.47 in chips) 
Seat 4: jkmikippi334 ($2.43 in chips) 
Seat 6: 12332184 ($1.26 in chips) 
Seat 7: rAxt24 ($2.82 in chips) 
Seat 8: BrykmiD ($1.94 in chips) 
Seat 9: Krokus2864 ($2.27 in chips) 
rAxt24: posts small blind $0.01
BrykmiD: posts big blind $0.02
sofaking1973: sits out 
*** HOLE CARDS ***
Dealt to Dorex2007 [7c 8s]
Krokus2864: folds 
nagaElf: folds 
Dorex2007: folds 
jkmikippi334: raises $0.04 to $0.06
12332184: calls $0.06
rAxt24: calls $0.05
BrykmiD: folds 
*** FLOP *** [7s 2h 8c]
rAxt24: checks 
jkmikippi334: checks 
12332184: bets $0.02
rAxt24: calls $0.02
jkmikippi334: calls $0.02
*** TURN *** [7s 2h 8c] [5s]
rAxt24: checks 
jkmikippi334: checks 
12332184: checks 
*** RIVER *** [7s 2h 8c 5s] [6c]
rAxt24: checks 
jkmikippi334: checks 
12332184: bets $0.06
rAxt24: folds 
jkmikippi334: folds 
Uncalled bet ($0.06) returned to 12332184
12332184 collected $0.25 from pot
12332184: doesn't show hand 
*** SUMMARY ***
Total pot $0.26 | Rake $0.01 
Board [7s 2h 8c 5s 6c]
Seat 1: nagaElf folded before Flop (didn't bet)
Seat 3: Dorex2007 folded before Flop (didn't bet)
Seat 4: jkmikippi334 folded on the River
Seat 6: 12332184 (button) collected ($0.25)
Seat 7: rAxt24 (small blind) folded on the River
Seat 8: BrykmiD (big blind) folded before Flop
Seat 9: Krokus2864 folded before Flop (didn't bet)



PokerStars Hand #224991606241:  Hold'em No Limit ($0.01/$0.02 USD) - 2021/03/19 23:05:26 PT [2021/03/20 2:05:26 ET]
Table 'Academia IV' 9-max Seat #7 is the button
Seat 1: nagaElf ($2 in chips) 
Seat 3: Dorex2007 ($1.47 in chips) 
Seat 4: jkmikippi334 ($2.35 in chips) 
Seat 6: 12332184 ($1.43 in chips) 
Seat 7: rAxt24 ($2.74 in chips) 
Seat 8: BrykmiD ($1.92 in chips) 
Seat 9: Krokus2864 ($2.27 in chips) 
BrykmiD: posts small blind $0.01
Krokus2864: posts big blind $0.02
sofaking1973: sits out 
*** HOLE CARDS ***
Dealt to Dorex2007 [As Th]
nagaElf: folds 
Dorex2007: raises $0.04 to $0.06
jkmikippi334: folds 
12332184: folds 
rAxt24: folds 
BrykmiD: folds 
Krokus2864: folds 
Uncalled bet ($0.04) returned to Dorex2007
Dorex2007 collected $0.05 from pot
Dorex2007: doesn't show hand 
*** SUMMARY ***
Total pot $0.05 | Rake $0 
Seat 1: nagaElf folded before Flop (didn't bet)
Seat 3: Dorex2007 collected ($0.05)
Seat 4: jkmikippi334 folded before Flop (didn't bet)
Seat 6: 12332184 folded before Flop (didn't bet)
Seat 7: rAxt24 (button) folded before Flop (didn't bet)
Seat 8: BrykmiD (small blind) folded before Flop
Seat 9: Krokus2864 (big blind) folded before Flop



PokerStars Hand #224991610013:  Hold'em No Limit ($0.01/$0.02 USD) - 2021/03/19 23:05:45 PT [2021/03/20 2:05:45 ET]
Table 'Academia IV' 9-max Seat #8 is the button
Seat 1: nagaElf ($2 in chips) 
Seat 3: Dorex2007 ($1.50 in chips) 
Seat 4: jkmikippi334 ($2.35 in chips) 
Seat 6: 12332184 ($1.43 in chips) 
Seat 7: rAxt24 ($2.74 in chips) 
Seat 8: BrykmiD ($1.91 in chips) 
Seat 9: Krokus2864 ($2.25 in chips) 
Krokus2864: posts small blind $0.01
nagaElf: posts big blind $0.02
sofaking1973: sits out 
*** HOLE CARDS ***
Dealt to Dorex2007 [8h 9h]
Dorex2007: raises $0.04 to $0.06
jkmikippi334: raises $0.12 to $0.18
12332184: folds 
rAxt24: folds 
BrykmiD: folds 
Krokus2864: folds 
nagaElf: folds 
Dorex2007: folds 
Uncalled bet ($0.12) returned to jkmikippi334
jkmikippi334 collected $0.15 from pot
jkmikippi334: doesn't show hand 
*** SUMMARY ***
Total pot $0.15 | Rake $0 
Seat 1: nagaElf (big blind) folded before Flop
Seat 3: Dorex2007 folded before Flop
Seat 4: jkmikippi334 collected ($0.15)
Seat 6: 12332184 folded before Flop (didn't bet)
Seat 7: rAxt24 folded before Flop (didn't bet)
Seat 8: BrykmiD (button) folded before Flop (didn't bet)
Seat 9: Krokus2864 (small blind) folded before Flop



PokerStars Hand #224991621147:  Hold'em No Limit ($0.01/$0.02 USD) - 2021/03/19 23:06:18 PT [2021/03/20 2:06:18 ET]
Table 'Academia IV' 9-max Seat #9 is the button
Seat 1: nagaElf ($1.98 in chips) 
Seat 2: sofaking1973 ($2 in chips) 
Seat 3: Dorex2007 ($1.44 in chips) 
Seat 4: jkmikippi334 ($2.44 in chips) 
Seat 6: 12332184 ($1.43 in chips) 
Seat 7: rAxt24 ($2.74 in chips) 
Seat 8: BrykmiD ($1.91 in chips) 
Seat 9: Krokus2864 ($2.24 in chips) 
nagaElf: posts small blind $0.01
sofaking1973: posts big blind $0.02
*** HOLE CARDS ***
Dealt to Dorex2007 [6d Qh]
Dorex2007: folds 
jkmikippi334: folds 
12332184: raises $0.02 to $0.04
rAxt24: folds 
BrykmiD: folds 
Krokus2864: calls $0.04
nagaElf: folds 
sofaking1973: folds 
*** FLOP *** [Jc 7h Kd]
12332184: bets $0.02
Krokus2864: folds 
Uncalled bet ($0.02) returned to 12332184
12332184 collected $0.11 from pot
12332184: doesn't show hand 
*** SUMMARY ***
Total pot $0.11 | Rake $0 
Board [Jc 7h Kd]
Seat 1: nagaElf (small blind) folded before Flop
Seat 2: sofaking1973 (big blind) folded before Flop
Seat 3: Dorex2007 folded before Flop (didn't bet)
Seat 4: jkmikippi334 folded before Flop (didn't bet)
Seat 6: 12332184 collected ($0.11)
Seat 7: rAxt24 folded before Flop (didn't bet)
Seat 8: BrykmiD folded before Flop (didn't bet)
Seat 9: Krokus2864 (button) folded on the Flop



PokerStars Hand #224991632231:  Hold'em No Limit ($0.01/$0.02 USD) - 2021/03/19 23:06:48 PT [2021/03/20 2:06:48 ET]
Table 'Academia IV' 9-max Seat #1 is the button
Seat 1: nagaElf ($2 in chips) 
Seat 2: sofaking1973 ($1.98 in chips) 
Seat 3: Dorex2007 ($1.44 in chips) 
Seat 4: jkmikippi334 ($2.44 in chips) 
Seat 6: 12332184 ($1.50 in chips) 
Seat 7: rAxt24 ($2.74 in chips) 
Seat 8: BrykmiD ($1.91 in chips) 
Seat 9: Krokus2864 ($2.20 in chips) 
sofaking1973: posts small blind $0.01
Dorex2007: posts big blind $0.02
*** HOLE CARDS ***
Dealt to Dorex2007 [2d 2s]
jkmikippi334: folds 
12332184: raises $0.02 to $0.04
rAxt24: folds 
BrykmiD: folds 
Krokus2864: folds 
nagaElf: folds 
sofaking1973: folds 
Dorex2007: calls $0.02
*** FLOP *** [Td 7s 4d]
Dorex2007: checks 
12332184: bets $0.06
Dorex2007: folds 
Uncalled bet ($0.06) returned to 12332184
12332184 collected $0.09 from pot
12332184: doesn't show hand 
*** SUMMARY ***
Total pot $0.09 | Rake $0 
Board [Td 7s 4d]
Seat 1: nagaElf (button) folded before Flop (didn't bet)
Seat 2: sofaking1973 (small blind) folded before Flop
Seat 3: Dorex2007 (big blind) folded on the Flop
Seat 4: jkmikippi334 folded before Flop (didn't bet)
Seat 6: 12332184 collected ($0.09)
Seat 7: rAxt24 folded before Flop (didn't bet)
Seat 8: BrykmiD folded before Flop (didn't bet)
Seat 9: Krokus2864 folded before Flop (didn't bet)



PokerStars Hand #224991641094:  Hold'em No Limit ($0.01/$0.02 USD) - 2021/03/19 23:07:32 PT [2021/03/20 2:07:32 ET]
Table 'Academia IV' 9-max Seat #2 is the button
Seat 1: nagaElf ($2 in chips) 
Seat 2: sofaking1973 ($1.97 in chips) 
Seat 3: Dorex2007 ($1.40 in chips) 
Seat 4: jkmikippi334 ($2.44 in chips) 
Seat 6: 12332184 ($1.55 in chips) 
Seat 7: rAxt24 ($2.74 in chips) 
Seat 8: BrykmiD ($1.91 in chips) 
Seat 9: Krokus2864 ($2.20 in chips) 
Dorex2007: posts small blind $0.01
jkmikippi334: posts big blind $0.02
*** HOLE CARDS ***
Dealt to Dorex2007 [4d 4c]
12332184: folds 
rAxt24: folds 
BrykmiD: folds 
Krokus2864: folds 
nagaElf: folds 
sofaking1973: folds 
Dorex2007: folds 
Uncalled bet ($0.01) returned to jkmikippi334
jkmikippi334 collected $0.02 from pot
jkmikippi334: doesn't show hand 
*** SUMMARY ***
Total pot $0.02 | Rake $0 
Seat 1: nagaElf folded before Flop (didn't bet)
Seat 2: sofaking1973 (button) folded before Flop (didn't bet)
Seat 3: Dorex2007 (small blind) folded before Flop
Seat 4: jkmikippi334 (big blind) collected ($0.02)
Seat 6: 12332184 folded before Flop (didn't bet)
Seat 7: rAxt24 folded before Flop (didn't bet)
Seat 8: BrykmiD folded before Flop (didn't bet)
Seat 9: Krokus2864 folded before Flop (didn't bet)



PokerStars Hand #224991644325:  Hold'em No Limit ($0.01/$0.02 USD) - 2021/03/19 23:07:48 PT [2021/03/20 2:07:48 ET]
Table 'Academia IV' 9-max Seat #3 is the button
Seat 1: nagaElf ($2 in chips) 
Seat 2: sofaking1973 ($1.97 in chips) 
Seat 3: Dorex2007 ($1.39 in chips) 
Seat 4: jkmikippi334 ($2.45 in chips) 
Seat 5: Alexsabur ($1.87 in chips) 
Seat 6: 12332184 ($1.55 in chips) 
Seat 7: rAxt24 ($2.74 in chips) 
Seat 8: BrykmiD ($1.91 in chips) 
Seat 9: Krokus2864 ($2.20 in chips) 
jkmikippi334: posts small blind $0.01
Alexsabur: posts big blind $0.02
*** HOLE CARDS ***
Dealt to Dorex2007 [Ad Ah]
12332184: folds 
rAxt24: calls $0.02
BrykmiD: folds 
Krokus2864: folds 
nagaElf: folds 
sofaking1973: folds 
Dorex2007: raises $0.04 to $0.06
jkmikippi334: folds 
12332184 leaves the table
Alexsabur: calls $0.04
rAxt24: calls $0.04
*** FLOP *** [9s 3h 8c]
nagaElf leaves the table
Alexsabur: checks 
rAxt24: checks 
Dorex2007: checks 
*** TURN *** [9s 3h 8c] [9h]
Alexsabur: checks 
rAxt24: checks 
Dorex2007: bets $0.09
Alexsabur: calls $0.09
rAxt24: folds 
*** RIVER *** [9s 3h 8c 9h] [Jd]
MPK-198 joins the table at seat #6 
sofaking1973 leaves the table
Alexsabur: checks 
Dorex2007: bets $0.18
VOLK777 joins the table at seat #1 
Alexsabur: raises $0.23 to $0.41
Dorex2007: calls $0.23
*** SHOW DOWN ***
Alexsabur: shows [9d 8h] (a full house, Nines full of Eights)
Dorex2007: mucks hand 
Alexsabur collected $1.15 from pot
*** SUMMARY ***
Total pot $1.19 | Rake $0.04 
Board [9s 3h 8c 9h Jd]
Seat 1: nagaElf folded before Flop (didn't bet)
Seat 2: sofaking1973 folded before Flop (didn't bet)
Seat 3: Dorex2007 (button) mucked [Ad Ah]
Seat 4: jkmikippi334 (small blind) folded before Flop
Seat 5: Alexsabur (big blind) showed [9d 8h] and won ($1.15) with a full house, Nines full of Eights
Seat 6: 12332184 folded before Flop (didn't bet)
Seat 7: rAxt24 folded on the Turn
Seat 8: BrykmiD folded before Flop (didn't bet)
Seat 9: Krokus2864 folded before Flop (didn't bet)



PokerStars Hand #224991664081:  Hold'em No Limit ($0.01/$0.02 USD) - 2021/03/19 23:09:26 PT [2021/03/20 2:09:26 ET]
Table 'Academia IV' 9-max Seat #4 is the button
Seat 3: Dorex2007 ($0.83 in chips) 
Seat 4: jkmikippi334 ($2.44 in chips) 
Seat 5: Alexsabur ($2.46 in chips) 
Seat 6: MPK-198 ($1.60 in chips) 
Seat 7: rAxt24 ($2.68 in chips) 
Seat 8: BrykmiD ($1.91 in chips) 
Seat 9: Krokus2864 ($2.20 in chips) 
Alexsabur: posts small blind $0.01
MPK-198: posts big blind $0.02
VOLK777: sits out 
*** HOLE CARDS ***
Dealt to Dorex2007 [Jc 9d]
rAxt24: folds 
BrykmiD: folds 
Krokus2864: folds 
Dorex2007: folds 
jkmikippi334: folds 
Alexsabur: calls $0.01
MPK-198: checks 
*** FLOP *** [8h 7c Qh]
Alexsabur: bets $0.02
VOLK777 leaves the table
MPK-198: calls $0.02
*** TURN *** [8h 7c Qh] [Js]
MaximkaSmile joins the table at seat #2 
Alexsabur: checks 
MPK-198: bets $0.04
Alexsabur: calls $0.04
*** RIVER *** [8h 7c Qh Js] [Ah]
Alexsabur: checks 
MPK-198: checks 
*** SHOW DOWN ***
Alexsabur: shows [Tc 9s] (a straight, Eight to Queen)
MPK-198: mucks hand 
Alexsabur collected $0.15 from pot
*** SUMMARY ***
Total pot $0.16 | Rake $0.01 
Board [8h 7c Qh Js Ah]
Seat 3: Dorex2007 folded before Flop (didn't bet)
Seat 4: jkmikippi334 (button) folded before Flop (didn't bet)
Seat 5: Alexsabur (small blind) showed [Tc 9s] and won ($0.15) with a straight, Eight to Queen
Seat 6: MPK-198 (big blind) mucked [Qc Kd]
Seat 7: rAxt24 folded before Flop (didn't bet)
Seat 8: BrykmiD folded before Flop (didn't bet)
Seat 9: Krokus2864 folded before Flop (didn't bet)



PokerStars Hand #224991675501:  Hold'em No Limit ($0.01/$0.02 USD) - 2021/03/19 23:10:23 PT [2021/03/20 2:10:23 ET]
Table 'Academia IV' 9-max Seat #5 is the button
Seat 3: Dorex2007 ($2 in chips) 
Seat 4: jkmikippi334 ($2.44 in chips) 
Seat 5: Alexsabur ($2.53 in chips) 
Seat 6: MPK-198 ($1.52 in chips) 
Seat 7: rAxt24 ($2.68 in chips) 
Seat 8: BrykmiD ($1.91 in chips) 
Seat 9: Krokus2864 ($2.20 in chips) 
MPK-198: posts small blind $0.01
rAxt24: posts big blind $0.02
MaximkaSmile: sits out 
*** HOLE CARDS ***
Dealt to Dorex2007 [8h Ts]
hooza103 joins the table at seat #1 
BrykmiD: folds 
Krokus2864: folds 
Dorex2007: folds 
jkmikippi334: raises $0.04 to $0.06
Alexsabur: folds 
MPK-198: folds 
rAxt24: folds 
Uncalled bet ($0.04) returned to jkmikippi334
jkmikippi334 collected $0.05 from pot
jkmikippi334: doesn't show hand 
*** SUMMARY ***
Total pot $0.05 | Rake $0 
Seat 3: Dorex2007 folded before Flop (didn't bet)
Seat 4: jkmikippi334 collected ($0.05)
Seat 5: Alexsabur (button) folded before Flop (didn't bet)
Seat 6: MPK-198 (small blind) folded before Flop
Seat 7: rAxt24 (big blind) folded before Flop
Seat 8: BrykmiD folded before Flop (didn't bet)
Seat 9: Krokus2864 folded before Flop (didn't bet)



PokerStars Hand #224991679440:  Hold'em No Limit ($0.01/$0.02 USD) - 2021/03/19 23:10:43 PT [2021/03/20 2:10:43 ET]
Table 'Academia IV' 9-max Seat #6 is the button
Seat 1: hooza103 ($2 in chips) 
Seat 2: MaximkaSmile ($1.80 in chips) 
Seat 3: Dorex2007 ($2 in chips) 
Seat 4: jkmikippi334 ($2.47 in chips) 
Seat 5: Alexsabur ($2.53 in chips) 
Seat 6: MPK-198 ($1.51 in chips) 
Seat 7: rAxt24 ($2.66 in chips) 
Seat 8: BrykmiD ($1.91 in chips) 
Seat 9: Krokus2864 ($2.20 in chips) 
rAxt24: posts small blind $0.01
BrykmiD: posts big blind $0.02
hooza103: posts big blind $0.02
MaximkaSmile: posts big blind $0.02
*** HOLE CARDS ***
Dealt to Dorex2007 [2s Jh]
Krokus2864: folds 
hooza103: checks 
MaximkaSmile: raises $0.10 to $0.12
Dorex2007: folds 
jkmikippi334: folds 
Alexsabur: folds 
MPK-198: folds 
rAxt24: folds 
BrykmiD: folds 
hooza103: folds 
Uncalled bet ($0.10) returned to MaximkaSmile
MaximkaSmile collected $0.07 from pot
MaximkaSmile: doesn't show hand 
*** SUMMARY ***
Total pot $0.07 | Rake $0 
Seat 1: hooza103 folded before Flop (didn't bet)
Seat 2: MaximkaSmile collected ($0.07)
Seat 3: Dorex2007 folded before Flop (didn't bet)
Seat 4: jkmikippi334 folded before Flop (didn't bet)
Seat 5: Alexsabur folded before Flop (didn't bet)
Seat 6: MPK-198 (button) folded before Flop (didn't bet)
Seat 7: rAxt24 (small blind) folded before Flop
Seat 8: BrykmiD (big blind) folded before Flop
Seat 9: Krokus2864 folded before Flop (didn't bet)



PokerStars Hand #224991686854:  Hold'em No Limit ($0.01/$0.02 USD) - 2021/03/19 23:11:20 PT [2021/03/20 2:11:20 ET]
Table 'Academia IV' 9-max Seat #7 is the button
Seat 1: hooza103 ($1.98 in chips) 
Seat 2: MaximkaSmile ($1.85 in chips) 
Seat 3: Dorex2007 ($2 in chips) 
Seat 4: jkmikippi334 ($2.47 in chips) 
Seat 5: Alexsabur ($2.53 in chips) 
Seat 6: MPK-198 ($1.51 in chips) 
Seat 7: rAxt24 ($2.65 in chips) 
Seat 8: BrykmiD ($1.89 in chips) 
Seat 9: Krokus2864 ($2.20 in chips) 
BrykmiD: posts small blind $0.01
Krokus2864: posts big blind $0.02
*** HOLE CARDS ***
Dealt to Dorex2007 [6d As]
hooza103: folds 
MaximkaSmile: folds 
Dorex2007: folds 
jkmikippi334: folds 
Alexsabur: folds 
MPK-198: folds 
rAxt24: folds 
BrykmiD: folds 
Uncalled bet ($0.01) returned to Krokus2864
Krokus2864 collected $0.02 from pot
*** SUMMARY ***
Total pot $0.02 | Rake $0 
Seat 1: hooza103 folded before Flop (didn't bet)
Seat 2: MaximkaSmile folded before Flop (didn't bet)
Seat 3: Dorex2007 folded before Flop (didn't bet)
Seat 4: jkmikippi334 folded before Flop (didn't bet)
Seat 5: Alexsabur folded before Flop (didn't bet)
Seat 6: MPK-198 folded before Flop (didn't bet)
Seat 7: rAxt24 (button) folded before Flop (didn't bet)
Seat 8: BrykmiD (small blind) folded before Flop
Seat 9: Krokus2864 (big blind) collected ($0.02)



PokerStars Hand #224991690970:  Hold'em No Limit ($0.01/$0.02 USD) - 2021/03/19 23:11:41 PT [2021/03/20 2:11:41 ET]
Table 'Academia IV' 9-max Seat #8 is the button
Seat 1: hooza103 ($1.98 in chips) 
Seat 2: MaximkaSmile ($1.85 in chips) 
Seat 3: Dorex2007 ($2 in chips) 
Seat 4: jkmikippi334 ($2.47 in chips) 
Seat 5: Alexsabur ($2.53 in chips) 
Seat 6: MPK-198 ($1.51 in chips) 
Seat 7: rAxt24 ($2.65 in chips) 
Seat 8: BrykmiD ($1.88 in chips) 
Seat 9: Krokus2864 ($2.21 in chips) 
Krokus2864: posts small blind $0.01
hooza103: posts big blind $0.02
*** HOLE CARDS ***
Dealt to Dorex2007 [6h 3d]
MaximkaSmile: folds 
Dorex2007: folds 
jkmikippi334: folds 
Alexsabur: raises $0.04 to $0.06
MPK-198: folds 
rAxt24: calls $0.06
BrykmiD: folds 
Krokus2864: folds 
hooza103: folds 
*** FLOP *** [Jh 8c 5d]
Alexsabur: checks 
rAxt24: bets $0.07
Alexsabur: calls $0.07
*** TURN *** [Jh 8c 5d] [3s]
Alexsabur: checks 
rAxt24: bets $0.16
Alexsabur: folds 
Uncalled bet ($0.16) returned to rAxt24
rAxt24 collected $0.28 from pot
rAxt24: doesn't show hand 
*** SUMMARY ***
Total pot $0.29 | Rake $0.01 
Board [Jh 8c 5d 3s]
Seat 1: hooza103 (big blind) folded before Flop
Seat 2: MaximkaSmile folded before Flop (didn't bet)
Seat 3: Dorex2007 folded before Flop (didn't bet)
Seat 4: jkmikippi334 folded before Flop (didn't bet)
Seat 5: Alexsabur folded on the Turn
Seat 6: MPK-198 folded before Flop (didn't bet)
Seat 7: rAxt24 collected ($0.28)
Seat 8: BrykmiD (button) folded before Flop (didn't bet)
Seat 9: Krokus2864 (small blind) folded before Flop



PokerStars Hand #224991702001:  Hold'em No Limit ($0.01/$0.02 USD) - 2021/03/19 23:12:35 PT [2021/03/20 2:12:35 ET]
Table 'Academia IV' 9-max Seat #9 is the button
Seat 1: hooza103 ($1.96 in chips) 
Seat 2: MaximkaSmile ($1.85 in chips) 
Seat 3: Dorex2007 ($2 in chips) 
Seat 4: jkmikippi334 ($2.47 in chips) 
Seat 5: Alexsabur ($2.40 in chips) 
Seat 6: MPK-198 ($1.51 in chips) 
Seat 7: rAxt24 ($2.80 in chips) 
Seat 8: BrykmiD ($1.88 in chips) 
Seat 9: Krokus2864 ($2.20 in chips) 
hooza103: posts small blind $0.01
MaximkaSmile: posts big blind $0.02
*** HOLE CARDS ***
Dealt to Dorex2007 [3c 5s]
Dorex2007: folds 
jkmikippi334: raises $0.04 to $0.06
Alexsabur: folds 
MPK-198: folds 
rAxt24: folds 
BrykmiD: calls $0.06
Krokus2864: folds 
hooza103: folds 
MaximkaSmile: calls $0.04
*** FLOP *** [Ad 6s Jd]
MaximkaSmile: checks 
jkmikippi334: bets $0.12
BrykmiD: folds 
MaximkaSmile: calls $0.12
*** TURN *** [Ad 6s Jd] [Qc]
MaximkaSmile: checks 
jkmikippi334: bets $0.27
MaximkaSmile: calls $0.27
*** RIVER *** [Ad 6s Jd Qc] [9h]
MaximkaSmile: checks 
jkmikippi334: bets $0.40
MaximkaSmile: calls $0.40
*** SHOW DOWN ***
jkmikippi334: shows [As Jc] (two pair, Aces and Jacks)
MaximkaSmile: mucks hand 
jkmikippi334 collected $1.71 from pot
*** SUMMARY ***
Total pot $1.77 | Rake $0.06 
Board [Ad 6s Jd Qc 9h]
Seat 1: hooza103 (small blind) folded before Flop
Seat 2: MaximkaSmile (big blind) mucked [Ah 3h]
Seat 3: Dorex2007 folded before Flop (didn't bet)
Seat 4: jkmikippi334 showed [As Jc] and won ($1.71) with two pair, Aces and Jacks
Seat 5: Alexsabur folded before Flop (didn't bet)
Seat 6: MPK-198 folded before Flop (didn't bet)
Seat 7: rAxt24 folded before Flop (didn't bet)
Seat 8: BrykmiD folded on the Flop
Seat 9: Krokus2864 (button) folded before Flop (didn't bet)



PokerStars Hand #224991715079:  Hold'em No Limit ($0.01/$0.02 USD) - 2021/03/19 23:13:41 PT [2021/03/20 2:13:41 ET]
Table 'Academia IV' 9-max Seat #1 is the button
Seat 1: hooza103 ($1.95 in chips) 
Seat 2: MaximkaSmile ($1 in chips) 
Seat 3: Dorex2007 ($2 in chips) 
Seat 4: jkmikippi334 ($3.33 in chips) 
Seat 5: Alexsabur ($2.40 in chips) 
Seat 6: MPK-198 ($1.51 in chips) 
Seat 7: rAxt24 ($2.80 in chips) 
Seat 8: BrykmiD ($1.82 in chips) 
Seat 9: Krokus2864 ($2.20 in chips) 
MaximkaSmile: posts small blind $0.01
Dorex2007: posts big blind $0.02
*** HOLE CARDS ***
Dealt to Dorex2007 [Ts 8d]
jkmikippi334: folds 
Alexsabur: folds 
MPK-198: folds 
rAxt24: calls $0.02
BrykmiD: calls $0.02
Krokus2864: folds 
hooza103: folds 
MaximkaSmile: folds 
Dorex2007: checks 
*** FLOP *** [Jc Kh 4h]
Dorex2007: checks 
rAxt24: checks 
BrykmiD: bets $0.07
Dorex2007: folds 
rAxt24: calls $0.07
*** TURN *** [Jc Kh 4h] [3d]
rAxt24: checks 
BrykmiD: bets $0.10
rAxt24: calls $0.10
*** RIVER *** [Jc Kh 4h 3d] [Ks]
rAxt24: checks 
BrykmiD: checks 
*** SHOW DOWN ***
rAxt24: shows [Th 9h] (a pair of Kings)
BrykmiD: shows [6h 6s] (two pair, Kings and Sixes)
BrykmiD collected $0.40 from pot
*** SUMMARY ***
Total pot $0.41 | Rake $0.01 
Board [Jc Kh 4h 3d Ks]
Seat 1: hooza103 (button) folded before Flop (didn't bet)
Seat 2: MaximkaSmile (small blind) folded before Flop
Seat 3: Dorex2007 (big blind) folded on the Flop
Seat 4: jkmikippi334 folded before Flop (didn't bet)
Seat 5: Alexsabur folded before Flop (didn't bet)
Seat 6: MPK-198 folded before Flop (didn't bet)
Seat 7: rAxt24 showed [Th 9h] and lost with a pair of Kings
Seat 8: BrykmiD showed [6h 6s] and won ($0.40) with two pair, Kings and Sixes
Seat 9: Krokus2864 folded before Flop (didn't bet)



PokerStars Hand #224991726231:  Hold'em No Limit ($0.01/$0.02 USD) - 2021/03/19 23:14:37 PT [2021/03/20 2:14:37 ET]
Table 'Academia IV' 9-max Seat #2 is the button
Seat 1: hooza103 ($1.95 in chips) 
Seat 2: MaximkaSmile ($0.99 in chips) 
Seat 3: Dorex2007 ($1.98 in chips) 
Seat 4: jkmikippi334 ($3.33 in chips) 
Seat 5: Alexsabur ($2.40 in chips) 
Seat 6: MPK-198 ($1.51 in chips) 
Seat 7: rAxt24 ($2.61 in chips) 
Seat 8: BrykmiD ($2.03 in chips) 
Seat 9: Krokus2864 ($2.20 in chips) 
Dorex2007: posts small blind $0.01
jkmikippi334: posts big blind $0.02
*** HOLE CARDS ***
Dealt to Dorex2007 [8c 2d]
Alexsabur: folds 
MPK-198: raises $0.04 to $0.06
rAxt24: folds 
BrykmiD: folds 
Krokus2864: folds 
hooza103: calls $0.06
MaximkaSmile: calls $0.06
Dorex2007: folds 
jkmikippi334: folds 
*** FLOP *** [9h 8d 7c]
MPK-198: checks 
hooza103: bets $0.10
MaximkaSmile: raises $0.10 to $0.20
MPK-198: folds 
hooza103: calls $0.10
*** TURN *** [9h 8d 7c] [6s]
hooza103: bets $0.59
MaximkaSmile: raises $0.14 to $0.73 and is all-in
hooza103: calls $0.14
*** RIVER *** [9h 8d 7c 6s] [Kc]
*** SHOW DOWN ***
hooza103: shows [Kh Ts] (a straight, Six to Ten)
MaximkaSmile: shows [5c 6c] (a straight, Five to Nine)
hooza103 collected $2 from pot
*** SUMMARY ***
Total pot $2.07 | Rake $0.07 
Board [9h 8d 7c 6s Kc]
Seat 1: hooza103 showed [Kh Ts] and won ($2) with a straight, Six to Ten
Seat 2: MaximkaSmile (button) showed [5c 6c] and lost with a straight, Five to Nine
Seat 3: Dorex2007 (small blind) folded before Flop
Seat 4: jkmikippi334 (big blind) folded before Flop
Seat 5: Alexsabur folded before Flop (didn't bet)
Seat 6: MPK-198 folded on the Flop
Seat 7: rAxt24 folded before Flop (didn't bet)
Seat 8: BrykmiD folded before Flop (didn't bet)
Seat 9: Krokus2864 folded before Flop (didn't bet)



PokerStars Hand #224991739111:  Hold'em No Limit ($0.01/$0.02 USD) - 2021/03/19 23:15:42 PT [2021/03/20 2:15:42 ET]
Table 'Academia IV' 9-max Seat #3 is the button
Seat 1: hooza103 ($2.96 in chips) 
Seat 3: Dorex2007 ($1.97 in chips) 
Seat 4: jkmikippi334 ($3.31 in chips) 
Seat 5: Alexsabur ($2.40 in chips) 
Seat 6: MPK-198 ($1.45 in chips) 
Seat 7: rAxt24 ($2.61 in chips) 
Seat 8: BrykmiD ($2.03 in chips) 
Seat 9: Krokus2864 ($2.20 in chips) 
jkmikippi334: posts small blind $0.01
Alexsabur: posts big blind $0.02
*** HOLE CARDS ***
Dealt to Dorex2007 [2d 9s]
MPK-198: folds 
rAxt24: folds 
BrykmiD: folds 
Krokus2864: calls $0.02
hooza103: calls $0.02
Dorex2007: folds 
jkmikippi334: folds 
Alexsabur: checks 
*** FLOP *** [8d 8h 5h]
Alexsabur: checks 
Krokus2864: checks 
hooza103: bets $0.04
Alexsabur: folds 
Krokus2864: calls $0.04
*** TURN *** [8d 8h 5h] [2c]
Krokus2864: checks 
hooza103: bets $0.07
Krokus2864: calls $0.07
*** RIVER *** [8d 8h 5h 2c] [4s]
Krokus2864: checks 
hooza103: bets $0.28
Krokus2864: raises $0.50 to $0.78
hooza103: folds 
Uncalled bet ($0.50) returned to Krokus2864
Krokus2864 collected $0.82 from pot
*** SUMMARY ***
Total pot $0.85 | Rake $0.03 
Board [8d 8h 5h 2c 4s]
Seat 1: hooza103 folded on the River
Seat 3: Dorex2007 (button) folded before Flop (didn't bet)
Seat 4: jkmikippi334 (small blind) folded before Flop
Seat 5: Alexsabur (big blind) folded on the Flop
Seat 6: MPK-198 folded before Flop (didn't bet)
Seat 7: rAxt24 folded before Flop (didn't bet)
Seat 8: BrykmiD folded before Flop (didn't bet)
Seat 9: Krokus2864 collected ($0.82)



PokerStars Hand #224991751385:  Hold'em No Limit ($0.01/$0.02 USD) - 2021/03/19 23:16:44 PT [2021/03/20 2:16:44 ET]
Table 'Academia IV' 9-max Seat #4 is the button
Seat 1: hooza103 ($2.55 in chips) 
Seat 2: MaximkaSmile ($2 in chips) 
Seat 3: Dorex2007 ($1.97 in chips) 
Seat 4: jkmikippi334 ($3.30 in chips) 
Seat 5: Alexsabur ($2.38 in chips) 
Seat 6: MPK-198 ($1.45 in chips) 
Seat 7: rAxt24 ($2.61 in chips) 
Seat 8: BrykmiD ($2.03 in chips) 
Seat 9: Krokus2864 ($2.61 in chips) 
Alexsabur: posts small blind $0.01
MPK-198: posts big blind $0.02
*** HOLE CARDS ***
Dealt to Dorex2007 [2h 3c]
rAxt24: calls $0.02
BrykmiD: folds 
Krokus2864: folds 
hooza103: calls $0.02
MaximkaSmile: folds 
MaximkaSmile leaves the table
Dorex2007: folds 
jkmikippi334: folds 
Alexsabur: folds 
MPK-198: checks 
*** FLOP *** [3d 6c Ad]
MPK-198: checks 
rAxt24: checks 
hooza103: checks 
*** TURN *** [3d 6c Ad] [3s]
MPK-198: checks 
rAxt24: checks 
hooza103: bets $0.04
MPK-198: folds 
rAxt24: folds 
Uncalled bet ($0.04) returned to hooza103
hooza103 collected $0.07 from pot
hooza103: doesn't show hand 
*** SUMMARY ***
Total pot $0.07 | Rake $0 
Board [3d 6c Ad 3s]
Seat 1: hooza103 collected ($0.07)
Seat 2: MaximkaSmile folded before Flop (didn't bet)
Seat 3: Dorex2007 folded before Flop (didn't bet)
Seat 4: jkmikippi334 (button) folded before Flop (didn't bet)
Seat 5: Alexsabur (small blind) folded before Flop
Seat 6: MPK-198 (big blind) folded on the Turn
Seat 7: rAxt24 folded on the Turn
Seat 8: BrykmiD folded before Flop (didn't bet)
Seat 9: Krokus2864 folded before Flop (didn't bet)



PokerStars Hand #224991758461:  Hold'em No Limit ($0.01/$0.02 USD) - 2021/03/19 23:17:20 PT [2021/03/20 2:17:20 ET]
Table 'Academia IV' 9-max Seat #5 is the button
Seat 1: hooza103 ($2.60 in chips) 
Seat 3: Dorex2007 ($1.97 in chips) 
Seat 4: jkmikippi334 ($3.30 in chips) 
Seat 5: Alexsabur ($2.37 in chips) 
Seat 6: MPK-198 ($1.43 in chips) 
Seat 7: rAxt24 ($2.59 in chips) 
Seat 8: BrykmiD ($2.03 in chips) 
Seat 9: Krokus2864 ($2.61 in chips) 
MPK-198: posts small blind $0.01
rAxt24: posts big blind $0.02
*** HOLE CARDS ***
Dealt to Dorex2007 [5c Qs]
BrykmiD: folds 
Krokus2864: folds 
hooza103: folds 
Dorex2007: folds 
jkmikippi334: folds 
Alexsabur: folds 
MPK-198: folds 
Uncalled bet ($0.01) returned to rAxt24
rAxt24 collected $0.02 from pot
rAxt24: doesn't show hand 
*** SUMMARY ***
Total pot $0.02 | Rake $0 
Seat 1: hooza103 folded before Flop (didn't bet)
Seat 3: Dorex2007 folded before Flop (didn't bet)
Seat 4: jkmikippi334 folded before Flop (didn't bet)
Seat 5: Alexsabur (button) folded before Flop (didn't bet)
Seat 6: MPK-198 (small blind) folded before Flop
Seat 7: rAxt24 (big blind) collected ($0.02)
Seat 8: BrykmiD folded before Flop (didn't bet)
Seat 9: Krokus2864 folded before Flop (didn't bet)



PokerStars Hand #224991761502:  Hold'em No Limit ($0.01/$0.02 USD) - 2021/03/19 23:17:35 PT [2021/03/20 2:17:35 ET]
Table 'Academia IV' 9-max Seat #6 is the button
Seat 1: hooza103 ($2.60 in chips) 
Seat 3: Dorex2007 ($1.97 in chips) 
Seat 4: jkmikippi334 ($3.30 in chips) 
Seat 5: Alexsabur ($2.37 in chips) 
Seat 6: MPK-198 ($1.42 in chips) 
Seat 7: rAxt24 ($2.60 in chips) 
Seat 8: BrykmiD ($2.03 in chips) 
Seat 9: Krokus2864 ($2.61 in chips) 
rAxt24: posts small blind $0.01
BrykmiD: posts big blind $0.02
*** HOLE CARDS ***
Dealt to Dorex2007 [2d As]
Krokus2864: folds 
hooza103: folds 
Dorex2007: folds 
jkmikippi334: folds 
Alexsabur: folds 
Krokus2864 leaves the table
MPK-198: raises $0.04 to $0.06
rAxt24: calls $0.05
BrykmiD: calls $0.04
*** FLOP *** [Ah 9d 8c]
rAxt24: checks 
BrykmiD: checks 
MPK-198: bets $0.09
rAxt24: calls $0.09
BrykmiD: raises $0.09 to $0.18
MPK-198: raises $1.18 to $1.36 and is all-in
rAxt24: folds 
BrykmiD: calls $1.18
*** TURN *** [Ah 9d 8c] [Jd]
*** RIVER *** [Ah 9d 8c Jd] [5c]
*** SHOW DOWN ***
BrykmiD: shows [9c 9s] (three of a kind, Nines)
MPK-198: shows [8d 8s] (three of a kind, Eights)
BrykmiD cashed out the hand for $2.74 | Cash Out Fee $0.03
*** SUMMARY ***
Total pot $2.99 | Rake $0.10 
Board [Ah 9d 8c Jd 5c]
Seat 1: hooza103 folded before Flop (didn't bet)
Seat 3: Dorex2007 folded before Flop (didn't bet)
Seat 4: jkmikippi334 folded before Flop (didn't bet)
Seat 5: Alexsabur folded before Flop (didn't bet)
Seat 6: MPK-198 (button) showed [8d 8s] and lost with three of a kind, Eights
Seat 7: rAxt24 (small blind) folded on the Flop
Seat 8: BrykmiD (big blind) showed [9c 9s] and won ($2.89) with three of a kind, Nines (pot not awarded as player cashed out)
Seat 9: Krokus2864 folded before Flop (didn't bet)



PokerStars Hand #224991773859:  Hold'em No Limit ($0.01/$0.02 USD) - 2021/03/19 23:18:36 PT [2021/03/20 2:18:36 ET]
Table 'Academia IV' 9-max Seat #7 is the button
Seat 1: hooza103 ($2.60 in chips) 
Seat 3: Dorex2007 ($1.97 in chips) 
Seat 4: jkmikippi334 ($3.30 in chips) 
Seat 5: Alexsabur ($2.37 in chips) 
Seat 7: rAxt24 ($2.45 in chips) 
Seat 8: BrykmiD ($3.35 in chips) 
BrykmiD: posts small blind $0.01
hooza103: posts big blind $0.02
*** HOLE CARDS ***
Dealt to Dorex2007 [Th 3h]
Dorex2007: folds 
jkmikippi334: folds 
Alexsabur: folds 
rAxt24: folds 
MPK-198 leaves the table
BrykmiD: folds 
Uncalled bet ($0.01) returned to hooza103
hooza103 collected $0.02 from pot
hooza103: doesn't show hand 
*** SUMMARY ***
Total pot $0.02 | Rake $0 
Seat 1: hooza103 (big blind) collected ($0.02)
Seat 3: Dorex2007 folded before Flop (didn't bet)
Seat 4: jkmikippi334 folded before Flop (didn't bet)
Seat 5: Alexsabur folded before Flop (didn't bet)
Seat 7: rAxt24 (button) folded before Flop (didn't bet)
Seat 8: BrykmiD (small blind) folded before Flop



PokerStars Hand #224991777350:  Hold'em No Limit ($0.01/$0.02 USD) - 2021/03/19 23:18:52 PT [2021/03/20 2:18:52 ET]
Table 'Academia IV' 9-max Seat #8 is the button
Seat 1: hooza103 ($2.61 in chips) 
Seat 3: Dorex2007 ($1.97 in chips) 
Seat 4: jkmikippi334 ($3.30 in chips) 
Seat 5: Alexsabur ($2.37 in chips) 
Seat 7: rAxt24 ($2.45 in chips) 
Seat 8: BrykmiD ($3.34 in chips) 
hooza103: posts small blind $0.01
Dorex2007: posts big blind $0.02
*** HOLE CARDS ***
Dealt to Dorex2007 [9s 5d]
jkmikippi334: raises $0.04 to $0.06
Alexsabur: folds 
rAxt24: raises $0.15 to $0.21
BrykmiD: folds 
hooza103: folds 
Dorex2007: folds 
jkmikippi334: folds 
Uncalled bet ($0.15) returned to rAxt24
rAxt24 collected $0.15 from pot
rAxt24: doesn't show hand 
*** SUMMARY ***
Total pot $0.15 | Rake $0 
Seat 1: hooza103 (small blind) folded before Flop
Seat 3: Dorex2007 (big blind) folded before Flop
Seat 4: jkmikippi334 folded before Flop
Seat 5: Alexsabur folded before Flop (didn't bet)
Seat 7: rAxt24 collected ($0.15)
Seat 8: BrykmiD (button) folded before Flop (didn't bet)



PokerStars Hand #224991781768:  Hold'em No Limit ($0.01/$0.02 USD) - 2021/03/19 23:19:14 PT [2021/03/20 2:19:14 ET]
Table 'Academia IV' 9-max Seat #1 is the button
Seat 1: hooza103 ($2.60 in chips) 
Seat 3: Dorex2007 ($1.95 in chips) 
Seat 4: jkmikippi334 ($3.24 in chips) 
Seat 5: Alexsabur ($2.37 in chips) 
Seat 7: rAxt24 ($2.54 in chips) 
Seat 8: BrykmiD ($3.34 in chips) 
Dorex2007: posts small blind $0.01
jkmikippi334: posts big blind $0.02
*** HOLE CARDS ***
Dealt to Dorex2007 [2d 4d]
Alexsabur: raises $0.02 to $0.04
rAxt24: calls $0.04
BrykmiD: folds 
hooza103: calls $0.04
Dorex2007: folds 
jkmikippi334: folds 
*** FLOP *** [Th 9c 7d]
Alexsabur: bets $0.09
rAxt24: calls $0.09
hooza103: calls $0.09
*** TURN *** [Th 9c 7d] [Ah]
Alexsabur: checks 
rAxt24: checks 
hooza103: bets $0.41
Alexsabur: calls $0.41
rAxt24: folds 
*** RIVER *** [Th 9c 7d Ah] [3d]
Alexsabur: checks 
hooza103: checks 
*** SHOW DOWN ***
Alexsabur: shows [Ad Ac] (three of a kind, Aces)
hooza103: mucks hand 
Alexsabur collected $1.20 from pot
*** SUMMARY ***
Total pot $1.24 | Rake $0.04 
Board [Th 9c 7d Ah 3d]
Seat 1: hooza103 (button) mucked [9s 9d]
Seat 3: Dorex2007 (small blind) folded before Flop
Seat 4: jkmikippi334 (big blind) folded before Flop
Seat 5: Alexsabur showed [Ad Ac] and won ($1.20) with three of a kind, Aces
Seat 7: rAxt24 folded on the Turn
Seat 8: BrykmiD folded before Flop (didn't bet)



PokerStars Hand #224991795421:  Hold'em No Limit ($0.01/$0.02 USD) - 2021/03/19 23:20:22 PT [2021/03/20 2:20:22 ET]
Table 'Academia IV' 9-max Seat #3 is the button
Seat 1: hooza103 ($2.06 in chips) 
Seat 3: Dorex2007 ($1.94 in chips) 
Seat 4: jkmikippi334 ($3.22 in chips) 
Seat 5: Alexsabur ($3.03 in chips) 
Seat 7: rAxt24 ($2.41 in chips) 
Seat 8: BrykmiD ($3.34 in chips) 
jkmikippi334: posts small blind $0.01
Alexsabur: posts big blind $0.02
*** HOLE CARDS ***
Dealt to Dorex2007 [4c Qd]
rAxt24: folds 
BrykmiD: folds 
hooza103: folds 
Dorex2007: folds 
jkmikippi334: calls $0.01
Alexsabur: checks 
*** FLOP *** [Th Tc As]
jkmikippi334: checks 
Alexsabur: checks 
*** TURN *** [Th Tc As] [Kd]
jkmikippi334: checks 
Alexsabur: checks 
*** RIVER *** [Th Tc As Kd] [2d]
jkmikippi334: checks 
Alexsabur: checks 
*** SHOW DOWN ***
jkmikippi334: shows [8c 6s] (a pair of Tens)
Alexsabur: shows [9d 4s] (a pair of Tens - Ace+King+Nine kicker)
Alexsabur collected $0.04 from pot
*** SUMMARY ***
Total pot $0.04 | Rake $0 
Board [Th Tc As Kd 2d]
Seat 1: hooza103 folded before Flop (didn't bet)
Seat 3: Dorex2007 (button) folded before Flop (didn't bet)
Seat 4: jkmikippi334 (small blind) showed [8c 6s] and lost with a pair of Tens
Seat 5: Alexsabur (big blind) showed [9d 4s] and won ($0.04) with a pair of Tens
Seat 7: rAxt24 folded before Flop (didn't bet)
Seat 8: BrykmiD folded before Flop (didn't bet)



PokerStars Hand #224991800497:  Hold'em No Limit ($0.01/$0.02 USD) - 2021/03/19 23:20:47 PT [2021/03/20 2:20:47 ET]
Table 'Academia IV' 9-max Seat #4 is the button
Seat 1: hooza103 ($2.06 in chips) 
Seat 3: Dorex2007 ($1.94 in chips) 
Seat 4: jkmikippi334 ($3.20 in chips) 
Seat 5: Alexsabur ($3.05 in chips) 
Seat 7: rAxt24 ($2.41 in chips) 
Seat 8: BrykmiD ($3.34 in chips) 
Alexsabur: posts small blind $0.01
rAxt24: posts big blind $0.02
*** HOLE CARDS ***
Dealt to Dorex2007 [4s Kd]
BrykmiD: folds 
hooza103: calls $0.02
Dorex2007: folds 
jkmikippi334: raises $0.06 to $0.08
Alexsabur: folds 
rAxt24: folds 
hooza103: raises $1.98 to $2.06 and is all-in
jkmikippi334: folds 
Uncalled bet ($1.98) returned to hooza103
hooza103 collected $0.19 from pot
hooza103: doesn't show hand 
*** SUMMARY ***
Total pot $0.19 | Rake $0 
Seat 1: hooza103 collected ($0.19)
Seat 3: Dorex2007 folded before Flop (didn't bet)
Seat 4: jkmikippi334 (button) folded before Flop
Seat 5: Alexsabur (small blind) folded before Flop
Seat 7: rAxt24 (big blind) folded before Flop
Seat 8: BrykmiD folded before Flop (didn't bet)



PokerStars Hand #224991806004:  Hold'em No Limit ($0.01/$0.02 USD) - 2021/03/19 23:21:14 PT [2021/03/20 2:21:14 ET]
Table 'Academia IV' 9-max Seat #5 is the button
Seat 1: hooza103 ($2.17 in chips) 
Seat 3: Dorex2007 ($1.94 in chips) 
Seat 4: jkmikippi334 ($3.12 in chips) 
Seat 5: Alexsabur ($3.04 in chips) 
Seat 7: rAxt24 ($2.39 in chips) 
rAxt24: posts small blind $0.01
BrykmiD: is sitting out 
hooza103: posts big blind $0.02
*** HOLE CARDS ***
Dealt to Dorex2007 [Ac 4c]
Dorex2007: raises $0.04 to $0.06
jkmikippi334: folds 
Alexsabur: folds 
BrykmiD leaves the table
rAxt24: folds 
hooza103: folds 
Uncalled bet ($0.04) returned to Dorex2007
Dorex2007 collected $0.05 from pot
Dorex2007: doesn't show hand 
*** SUMMARY ***
Total pot $0.05 | Rake $0 
Seat 1: hooza103 (big blind) folded before Flop
Seat 3: Dorex2007 collected ($0.05)
Seat 4: jkmikippi334 folded before Flop (didn't bet)
Seat 5: Alexsabur (button) folded before Flop (didn't bet)
Seat 7: rAxt24 (small blind) folded before Flop



