PokerStars Hand #237070377411:  Hold'em No Limit ($0.01/$0.02 USD) - 2022/06/29 20:45:55 PT [2022/06/29 23:45:55 ET]
Table 'Tethys III' 9-max Seat #8 is the button
Seat 1: Paty Doll726 ($0.74 in chips) 
Seat 2: emamedina564 ($1.90 in chips) 
Seat 3: ask-007 ($2.26 in chips) 
Seat 4: BarryA113N ($0.92 in chips) 
Seat 5: perffect16 ($2 in chips) 
Seat 6: Dorex2007 ($2 in chips) 
Seat 7: lbathayde ($2.60 in chips) 
Seat 8: SleepyShepherd ($2.42 in chips) 
Seat 9: yiyi708 ($1.56 in chips) 
yiyi708: posts small blind $0.01
Paty Doll726: posts big blind $0.02
Dorex2007: posts big blind $0.02
*** HOLE CARDS ***
Dealt to Dorex2007 [4c Jc]
emamedina564: raises $0.02 to $0.04
ask-007: folds 
BarryA113N: folds 
perffect16: calls $0.04
Dorex2007: folds 
lbathayde: folds 
SleepyShepherd: folds 
yiyi708: folds 
Paty Doll726: folds 
*** FLOP *** [5d As Qs]
emamedina564: bets $0.06
perffect16: folds 
Uncalled bet ($0.06) returned to emamedina564
emamedina564 collected $0.13 from pot
*** SUMMARY ***
Total pot $0.13 | Rake $0 
Board [5d As Qs]
Seat 1: Paty Doll726 (big blind) folded before Flop
Seat 2: emamedina564 collected ($0.13)
Seat 3: ask-007 folded before Flop (didn't bet)
Seat 4: BarryA113N folded before Flop (didn't bet)
Seat 5: perffect16 folded on the Flop
Seat 6: Dorex2007 folded before Flop (didn't bet)
Seat 7: lbathayde folded before Flop (didn't bet)
Seat 8: SleepyShepherd (button) folded before Flop (didn't bet)
Seat 9: yiyi708 (small blind) folded before Flop



PokerStars Hand #237070382766:  Hold'em No Limit ($0.01/$0.02 USD) - 2022/06/29 20:46:34 PT [2022/06/29 23:46:34 ET]
Table 'Tethys III' 9-max Seat #9 is the button
Seat 1: Paty Doll726 ($0.72 in chips) 
Seat 2: emamedina564 ($1.99 in chips) 
Seat 3: ask-007 ($2.26 in chips) 
Seat 4: BarryA113N ($0.92 in chips) 
Seat 5: perffect16 ($2 in chips) 
Seat 6: Dorex2007 ($2 in chips) 
Seat 7: lbathayde ($2.60 in chips) 
Seat 8: SleepyShepherd ($2.42 in chips) 
Seat 9: yiyi708 ($1.55 in chips) 
Paty Doll726: posts small blind $0.01
emamedina564: posts big blind $0.02
*** HOLE CARDS ***
Dealt to Dorex2007 [Ah Qd]
ask-007: folds 
BarryA113N: folds 
perffect16: folds 
Dorex2007: calls $0.02
lbathayde: calls $0.02
SleepyShepherd: raises $0.09 to $0.11
yiyi708: folds 
Paty Doll726: folds 
emamedina564: folds 
Dorex2007: folds 
lbathayde: calls $0.09
*** FLOP *** [Qc 4c 7s]
lbathayde: checks 
SleepyShepherd: bets $0.13
lbathayde: folds 
Uncalled bet ($0.13) returned to SleepyShepherd
SleepyShepherd collected $0.26 from pot
*** SUMMARY ***
Total pot $0.27 | Rake $0.01 
Board [Qc 4c 7s]
Seat 1: Paty Doll726 (small blind) folded before Flop
Seat 2: emamedina564 (big blind) folded before Flop
Seat 3: ask-007 folded before Flop (didn't bet)
Seat 4: BarryA113N folded before Flop (didn't bet)
Seat 5: perffect16 folded before Flop (didn't bet)
Seat 6: Dorex2007 folded before Flop
Seat 7: lbathayde folded on the Flop
Seat 8: SleepyShepherd collected ($0.26)
Seat 9: yiyi708 (button) folded before Flop (didn't bet)



PokerStars Hand #237070395100:  Hold'em No Limit ($0.01/$0.02 USD) - 2022/06/29 20:47:14 PT [2022/06/29 23:47:14 ET]
Table 'Tethys III' 9-max Seat #1 is the button
Seat 1: Paty Doll726 ($0.71 in chips) 
Seat 2: emamedina564 ($1.97 in chips) 
Seat 3: ask-007 ($2.26 in chips) 
Seat 4: BarryA113N ($0.92 in chips) 
Seat 5: perffect16 ($2 in chips) 
Seat 6: Dorex2007 ($2 in chips) 
Seat 7: lbathayde ($2.49 in chips) 
Seat 8: SleepyShepherd ($2.57 in chips) 
Seat 9: yiyi708 ($1.55 in chips) 
emamedina564: posts small blind $0.01
ask-007: posts big blind $0.02
*** HOLE CARDS ***
Dealt to Dorex2007 [Jh 3d]
BarryA113N: folds 
perffect16: folds 
Dorex2007: folds 
lbathayde: folds 
SleepyShepherd: folds 
yiyi708: calls $0.02
Paty Doll726: folds 
emamedina564: folds 
ask-007: checks 
*** FLOP *** [Kd Ad Ks]
ask-007: bets $0.02
yiyi708: folds 
Uncalled bet ($0.02) returned to ask-007
ask-007 collected $0.05 from pot
*** SUMMARY ***
Total pot $0.05 | Rake $0 
Board [Kd Ad Ks]
Seat 1: Paty Doll726 (button) folded before Flop (didn't bet)
Seat 2: emamedina564 (small blind) folded before Flop
Seat 3: ask-007 (big blind) collected ($0.05)
Seat 4: BarryA113N folded before Flop (didn't bet)
Seat 5: perffect16 folded before Flop (didn't bet)
Seat 6: Dorex2007 folded before Flop (didn't bet)
Seat 7: lbathayde folded before Flop (didn't bet)
Seat 8: SleepyShepherd folded before Flop (didn't bet)
Seat 9: yiyi708 folded on the Flop



PokerStars Hand #237070399457:  Hold'em No Limit ($0.01/$0.02 USD) - 2022/06/29 20:47:45 PT [2022/06/29 23:47:45 ET]
Table 'Tethys III' 9-max Seat #2 is the button
Seat 1: Paty Doll726 ($0.71 in chips) 
Seat 2: emamedina564 ($1.96 in chips) 
Seat 3: ask-007 ($2.29 in chips) 
Seat 4: BarryA113N ($0.92 in chips) 
Seat 5: perffect16 ($2 in chips) 
Seat 6: Dorex2007 ($2 in chips) 
Seat 7: lbathayde ($2.49 in chips) 
Seat 8: SleepyShepherd ($2.57 in chips) 
Seat 9: yiyi708 ($1.53 in chips) 
ask-007: posts small blind $0.01
BarryA113N: posts big blind $0.02
*** HOLE CARDS ***
Dealt to Dorex2007 [4h Kd]
perffect16: folds 
Dorex2007: folds 
lbathayde: raises $0.02 to $0.04
SleepyShepherd: folds 
yiyi708: calls $0.04
Paty Doll726: folds 
emamedina564: folds 
ask-007: folds 
BarryA113N: folds 
*** FLOP *** [6d 3d 5s]
lbathayde: checks 
yiyi708: checks 
*** TURN *** [6d 3d 5s] [7c]
lbathayde: checks 
yiyi708: checks 
*** RIVER *** [6d 3d 5s 7c] [2h]
lbathayde: checks 
yiyi708: checks 
*** SHOW DOWN ***
lbathayde: shows [9s Js] (high card Jack)
yiyi708: shows [7h Kc] (a pair of Sevens)
yiyi708 collected $0.11 from pot
*** SUMMARY ***
Total pot $0.11 | Rake $0 
Board [6d 3d 5s 7c 2h]
Seat 1: Paty Doll726 folded before Flop (didn't bet)
Seat 2: emamedina564 (button) folded before Flop (didn't bet)
Seat 3: ask-007 (small blind) folded before Flop
Seat 4: BarryA113N (big blind) folded before Flop
Seat 5: perffect16 folded before Flop (didn't bet)
Seat 6: Dorex2007 folded before Flop (didn't bet)
Seat 7: lbathayde showed [9s Js] and lost with high card Jack
Seat 8: SleepyShepherd folded before Flop (didn't bet)
Seat 9: yiyi708 showed [7h Kc] and won ($0.11) with a pair of Sevens



PokerStars Hand #237070408743:  Hold'em No Limit ($0.01/$0.02 USD) - 2022/06/29 20:48:52 PT [2022/06/29 23:48:52 ET]
Table 'Tethys III' 9-max Seat #3 is the button
Seat 1: Paty Doll726 ($0.80 in chips) 
Seat 2: emamedina564 ($1.96 in chips) 
Seat 3: ask-007 ($2.28 in chips) 
Seat 4: BarryA113N ($0.90 in chips) 
Seat 5: perffect16 ($2 in chips) 
Seat 6: Dorex2007 ($2 in chips) 
Seat 7: lbathayde ($2.45 in chips) 
Seat 8: SleepyShepherd ($2.57 in chips) 
Seat 9: yiyi708 ($1.60 in chips) 
BarryA113N: posts small blind $0.01
perffect16: posts big blind $0.02
*** HOLE CARDS ***
Dealt to Dorex2007 [Ts As]
Dorex2007: calls $0.02
lbathayde has timed out
lbathayde: folds 
SleepyShepherd: folds 
yiyi708: calls $0.02
Paty Doll726: folds 
emamedina564: raises $0.04 to $0.06
ask-007: folds 
BarryA113N: calls $0.05
perffect16: folds 
Dorex2007: calls $0.04
yiyi708: calls $0.04
*** FLOP *** [3s 5h 3h]
BarryA113N: checks 
Dorex2007: checks 
yiyi708: bets $0.04
emamedina564: folds 
BarryA113N: folds 
Dorex2007: folds 
Uncalled bet ($0.04) returned to yiyi708
yiyi708 collected $0.25 from pot
*** SUMMARY ***
Total pot $0.26 | Rake $0.01 
Board [3s 5h 3h]
Seat 1: Paty Doll726 folded before Flop (didn't bet)
Seat 2: emamedina564 folded on the Flop
Seat 3: ask-007 (button) folded before Flop (didn't bet)
Seat 4: BarryA113N (small blind) folded on the Flop
Seat 5: perffect16 (big blind) folded before Flop
Seat 6: Dorex2007 folded on the Flop
Seat 7: lbathayde folded before Flop (didn't bet)
Seat 8: SleepyShepherd folded before Flop (didn't bet)
Seat 9: yiyi708 collected ($0.25)



PokerStars Hand #237070417903:  Hold'em No Limit ($0.01/$0.02 USD) - 2022/06/29 20:50:00 PT [2022/06/29 23:50:00 ET]
Table 'Tethys III' 9-max Seat #4 is the button
Seat 1: Paty Doll726 ($0.80 in chips) 
Seat 2: emamedina564 ($1.90 in chips) 
Seat 3: ask-007 ($2.28 in chips) 
Seat 4: BarryA113N ($0.84 in chips) 
Seat 5: perffect16 ($2 in chips) 
Seat 6: Dorex2007 ($2 in chips) 
Seat 7: lbathayde ($2.45 in chips) 
Seat 8: SleepyShepherd ($2.57 in chips) 
Seat 9: yiyi708 ($1.79 in chips) 
perffect16: posts small blind $0.01
Dorex2007: posts big blind $0.02
*** HOLE CARDS ***
Dealt to Dorex2007 [7s Jd]
lbathayde: folds 
SleepyShepherd: raises $0.04 to $0.06
yiyi708: calls $0.06
Paty Doll726: folds 
emamedina564: folds 
ask-007: folds 
BarryA113N: folds 
perffect16: folds 
Dorex2007: folds 
*** FLOP *** [Qs 9s Jc]
SleepyShepherd: bets $0.07
yiyi708: folds 
Uncalled bet ($0.07) returned to SleepyShepherd
SleepyShepherd collected $0.14 from pot
*** SUMMARY ***
Total pot $0.15 | Rake $0.01 
Board [Qs 9s Jc]
Seat 1: Paty Doll726 folded before Flop (didn't bet)
Seat 2: emamedina564 folded before Flop (didn't bet)
Seat 3: ask-007 folded before Flop (didn't bet)
Seat 4: BarryA113N (button) folded before Flop (didn't bet)
Seat 5: perffect16 (small blind) folded before Flop
Seat 6: Dorex2007 (big blind) folded before Flop
Seat 7: lbathayde folded before Flop (didn't bet)
Seat 8: SleepyShepherd collected ($0.14)
Seat 9: yiyi708 folded on the Flop



PokerStars Hand #237070421980:  Hold'em No Limit ($0.01/$0.02 USD) - 2022/06/29 20:50:30 PT [2022/06/29 23:50:30 ET]
Table 'Tethys III' 9-max Seat #5 is the button
Seat 1: Paty Doll726 ($0.80 in chips) 
Seat 2: emamedina564 ($1.90 in chips) 
Seat 3: ask-007 ($2.28 in chips) 
Seat 4: BarryA113N ($0.84 in chips) 
Seat 5: perffect16 ($2 in chips) 
Seat 6: Dorex2007 ($2 in chips) 
Seat 7: lbathayde ($2.45 in chips) 
Seat 8: SleepyShepherd ($2.65 in chips) 
Seat 9: yiyi708 ($1.73 in chips) 
Dorex2007: posts small blind $0.01
lbathayde: posts big blind $0.02
*** HOLE CARDS ***
Dealt to Dorex2007 [2d 8d]
SleepyShepherd: folds 
yiyi708: calls $0.02
Paty Doll726: folds 
emamedina564: folds 
ask-007: folds 
BarryA113N: folds 
perffect16: folds 
Dorex2007: folds 
lbathayde: checks 
*** FLOP *** [Ac 6h 5d]
lbathayde: checks 
yiyi708: checks 
*** TURN *** [Ac 6h 5d] [9s]
lbathayde: checks 
yiyi708: checks 
*** RIVER *** [Ac 6h 5d 9s] [4c]
lbathayde: checks 
yiyi708: bets $0.02
lbathayde: folds 
Uncalled bet ($0.02) returned to yiyi708
yiyi708 collected $0.05 from pot
*** SUMMARY ***
Total pot $0.05 | Rake $0 
Board [Ac 6h 5d 9s 4c]
Seat 1: Paty Doll726 folded before Flop (didn't bet)
Seat 2: emamedina564 folded before Flop (didn't bet)
Seat 3: ask-007 folded before Flop (didn't bet)
Seat 4: BarryA113N folded before Flop (didn't bet)
Seat 5: perffect16 (button) folded before Flop (didn't bet)
Seat 6: Dorex2007 (small blind) folded before Flop
Seat 7: lbathayde (big blind) folded on the River
Seat 8: SleepyShepherd folded before Flop (didn't bet)
Seat 9: yiyi708 collected ($0.05)



PokerStars Hand #237070426215:  Hold'em No Limit ($0.01/$0.02 USD) - 2022/06/29 20:51:01 PT [2022/06/29 23:51:01 ET]
Table 'Tethys III' 9-max Seat #6 is the button
Seat 1: Paty Doll726 ($0.80 in chips) 
Seat 2: emamedina564 ($1.90 in chips) 
Seat 3: ask-007 ($2.28 in chips) 
Seat 4: BarryA113N ($0.84 in chips) 
Seat 5: perffect16 ($2 in chips) 
Seat 6: Dorex2007 ($2 in chips) 
Seat 7: lbathayde ($2.43 in chips) 
Seat 8: SleepyShepherd ($2.65 in chips) 
Seat 9: yiyi708 ($1.76 in chips) 
lbathayde: posts small blind $0.01
SleepyShepherd: posts big blind $0.02
*** HOLE CARDS ***
Dealt to Dorex2007 [8d 7s]
yiyi708: folds 
Paty Doll726: calls $0.02
emamedina564: calls $0.02
ask-007: calls $0.02
BarryA113N: folds 
perffect16: folds 
Dorex2007: folds 
lbathayde: calls $0.01
SleepyShepherd: checks 
*** FLOP *** [Ah 8c 9d]
lbathayde: checks 
SleepyShepherd: checks 
Paty Doll726: bets $0.05
emamedina564: raises $0.10 to $0.15
ask-007: folds 
lbathayde: folds 
SleepyShepherd: folds 
Paty Doll726: raises $0.63 to $0.78 and is all-in
emamedina564: calls $0.63
*** TURN *** [Ah 8c 9d] [4s]
*** RIVER *** [Ah 8c 9d 4s] [As]
*** SHOW DOWN ***
Paty Doll726: shows [Ac Qc] (three of a kind, Aces)
emamedina564: shows [8s 9c] (two pair, Aces and Nines)
Paty Doll726 cashed out the hand for $0.49
*** SUMMARY ***
Total pot $1.66 | Rake $0.06 
Board [Ah 8c 9d 4s As]
Seat 1: Paty Doll726 showed [Ac Qc] and won ($1.60) with three of a kind, Aces (pot not awarded as player cashed out)
Seat 2: emamedina564 showed [8s 9c] and lost with two pair, Aces and Nines
Seat 3: ask-007 folded on the Flop
Seat 4: BarryA113N folded before Flop (didn't bet)
Seat 5: perffect16 folded before Flop (didn't bet)
Seat 6: Dorex2007 (button) folded before Flop (didn't bet)
Seat 7: lbathayde (small blind) folded on the Flop
Seat 8: SleepyShepherd (big blind) folded on the Flop
Seat 9: yiyi708 folded before Flop (didn't bet)



PokerStars Hand #237070436308:  Hold'em No Limit ($0.01/$0.02 USD) - 2022/06/29 20:52:16 PT [2022/06/29 23:52:16 ET]
Table 'Tethys III' 9-max Seat #7 is the button
Seat 1: Paty Doll726 ($0.49 in chips) 
Seat 2: emamedina564 ($1.10 in chips) 
Seat 3: ask-007 ($2.26 in chips) 
Seat 4: BarryA113N ($0.84 in chips) 
Seat 5: perffect16 ($2 in chips) 
Seat 6: Dorex2007 ($2 in chips) 
Seat 7: lbathayde ($2.41 in chips) 
Seat 8: SleepyShepherd ($2.63 in chips) 
Seat 9: yiyi708 ($1.76 in chips) 
SleepyShepherd: posts small blind $0.01
yiyi708: posts big blind $0.02
*** HOLE CARDS ***
Dealt to Dorex2007 [Qh Jd]
Paty Doll726: folds 
emamedina564: folds 
ask-007: calls $0.02
BarryA113N: folds 
perffect16: calls $0.02
Dorex2007: calls $0.02
lbathayde: folds 
SleepyShepherd: raises $0.10 to $0.12
yiyi708: calls $0.10
ask-007: calls $0.10
perffect16: folds 
Dorex2007: folds 
*** FLOP *** [8c 2c 5d]
emamedina564 leaves the table
SleepyShepherd: bets $0.19
yiyi708: folds 
ask-007: calls $0.19
*** TURN *** [8c 2c 5d] [3h]
SleepyShepherd: bets $0.37
ask-007: calls $0.37
*** RIVER *** [8c 2c 5d 3h] [9d]
osvander joins the table at seat #2 
SleepyShepherd: bets $1.47
ask-007: raises $0.11 to $1.58 and is all-in
SleepyShepherd: calls $0.11
*** SHOW DOWN ***
ask-007: shows [Th Ts] (a pair of Tens)
SleepyShepherd: shows [Ks Kc] (a pair of Kings)
SleepyShepherd collected $4.52 from pot
*** SUMMARY ***
Total pot $4.68 | Rake $0.16 
Board [8c 2c 5d 3h 9d]
Seat 1: Paty Doll726 folded before Flop (didn't bet)
Seat 2: emamedina564 folded before Flop (didn't bet)
Seat 3: ask-007 showed [Th Ts] and lost with a pair of Tens
Seat 4: BarryA113N folded before Flop (didn't bet)
Seat 5: perffect16 folded before Flop
Seat 6: Dorex2007 folded before Flop
Seat 7: lbathayde (button) folded before Flop (didn't bet)
Seat 8: SleepyShepherd (small blind) showed [Ks Kc] and won ($4.52) with a pair of Kings
Seat 9: yiyi708 (big blind) folded on the Flop



PokerStars Hand #237070444782:  Hold'em No Limit ($0.01/$0.02 USD) - 2022/06/29 20:53:20 PT [2022/06/29 23:53:20 ET]
Table 'Tethys III' 9-max Seat #8 is the button
Seat 1: Paty Doll726 ($0.80 in chips) 
Seat 2: osvander ($1.60 in chips) 
Seat 4: BarryA113N ($0.84 in chips) 
Seat 5: perffect16 ($2 in chips) 
Seat 6: Dorex2007 ($2 in chips) 
Seat 7: lbathayde ($2.41 in chips) 
Seat 8: SleepyShepherd ($4.89 in chips) 
Seat 9: yiyi708 ($1.64 in chips) 
yiyi708: posts small blind $0.01
Paty Doll726: posts big blind $0.02
osvander: posts big blind $0.02
*** HOLE CARDS ***
Dealt to Dorex2007 [8d 5h]
osvander: raises $0.04 to $0.06
ask-007 leaves the table
BarryA113N: raises $0.15 to $0.21
perffect16: folds 
Dorex2007: folds 
lbathayde: folds 
SleepyShepherd: folds 
yiyi708: folds 
Paty Doll726: folds 
osvander: calls $0.15
*** FLOP *** [Jh 4d 9s]
osvander: bets $1.39 and is all-in
BarryA113N: calls $0.63 and is all-in
Uncalled bet ($0.76) returned to osvander
*** TURN *** [Jh 4d 9s] [2s]
*** RIVER *** [Jh 4d 9s 2s] [7d]
*** SHOW DOWN ***
osvander: shows [As 3d] (high card Ace)
BarryA113N: shows [Ks Kd] (a pair of Kings)
BarryA113N collected $1.65 from pot
*** SUMMARY ***
Total pot $1.71 | Rake $0.06 
Board [Jh 4d 9s 2s 7d]
Seat 1: Paty Doll726 (big blind) folded before Flop
Seat 2: osvander showed [As 3d] and lost with high card Ace
Seat 4: BarryA113N showed [Ks Kd] and won ($1.65) with a pair of Kings
Seat 5: perffect16 folded before Flop (didn't bet)
Seat 6: Dorex2007 folded before Flop (didn't bet)
Seat 7: lbathayde folded before Flop (didn't bet)
Seat 8: SleepyShepherd (button) folded before Flop (didn't bet)
Seat 9: yiyi708 (small blind) folded before Flop



PokerStars Hand #237070450677:  Hold'em No Limit ($0.01/$0.02 USD) - 2022/06/29 20:54:05 PT [2022/06/29 23:54:05 ET]
Table 'Tethys III' 9-max Seat #9 is the button
Seat 1: Paty Doll726 ($0.78 in chips) 
Seat 2: osvander ($0.76 in chips) 
Seat 4: BarryA113N ($1.65 in chips) 
Seat 5: perffect16 ($2 in chips) 
Seat 6: Dorex2007 ($2 in chips) 
Seat 7: lbathayde ($2.41 in chips) 
Seat 8: SleepyShepherd ($4.89 in chips) 
Seat 9: yiyi708 ($1.63 in chips) 
Paty Doll726: posts small blind $0.01
osvander: posts big blind $0.02
*** HOLE CARDS ***
Dealt to Dorex2007 [9h Jh]
BarryA113N: folds 
perffect16: folds 
Dorex2007: calls $0.02
lbathayde: folds 
SleepyShepherd: folds 
yiyi708: calls $0.02
Paty Doll726: folds 
osvander: raises $0.74 to $0.76 and is all-in
Dorex2007: folds 
yiyi708: folds 
Uncalled bet ($0.74) returned to osvander
osvander collected $0.07 from pot
*** SUMMARY ***
Total pot $0.07 | Rake $0 
Seat 1: Paty Doll726 (small blind) folded before Flop
Seat 2: osvander (big blind) collected ($0.07)
Seat 4: BarryA113N folded before Flop (didn't bet)
Seat 5: perffect16 folded before Flop (didn't bet)
Seat 6: Dorex2007 folded before Flop
Seat 7: lbathayde folded before Flop (didn't bet)
Seat 8: SleepyShepherd folded before Flop (didn't bet)
Seat 9: yiyi708 (button) folded before Flop



PokerStars Hand #237070453999:  Hold'em No Limit ($0.01/$0.02 USD) - 2022/06/29 20:54:30 PT [2022/06/29 23:54:30 ET]
Table 'Tethys III' 9-max Seat #1 is the button
Seat 1: Paty Doll726 ($0.77 in chips) 
Seat 2: osvander ($0.81 in chips) 
Seat 4: BarryA113N ($1.65 in chips) 
Seat 5: perffect16 ($2 in chips) 
Seat 6: Dorex2007 ($2 in chips) 
Seat 7: lbathayde ($2.41 in chips) 
Seat 8: SleepyShepherd ($4.89 in chips) 
Seat 9: yiyi708 ($1.61 in chips) 
osvander: posts small blind $0.01
BarryA113N: posts big blind $0.02
*** HOLE CARDS ***
Dealt to Dorex2007 [Ad Jc]
perffect16: raises $0.08 to $0.10
Dorex2007: folds 
lbathayde: calls $0.10
SleepyShepherd: folds 
yiyi708: folds 
Paty Doll726: folds 
osvander: calls $0.09
BarryA113N: calls $0.08
*** FLOP *** [9c 2c Kc]
osvander: checks 
BarryA113N: checks 
perffect16: checks 
lbathayde: bets $0.19
osvander: folds 
frosa9397 joins the table at seat #3 
BarryA113N: folds 
perffect16: folds 
Uncalled bet ($0.19) returned to lbathayde
lbathayde collected $0.39 from pot
*** SUMMARY ***
Total pot $0.40 | Rake $0.01 
Board [9c 2c Kc]
Seat 1: Paty Doll726 (button) folded before Flop (didn't bet)
Seat 2: osvander (small blind) folded on the Flop
Seat 4: BarryA113N (big blind) folded on the Flop
Seat 5: perffect16 folded on the Flop
Seat 6: Dorex2007 folded before Flop (didn't bet)
Seat 7: lbathayde collected ($0.39)
Seat 8: SleepyShepherd folded before Flop (didn't bet)
Seat 9: yiyi708 folded before Flop (didn't bet)



PokerStars Hand #237070463234:  Hold'em No Limit ($0.01/$0.02 USD) - 2022/06/29 20:55:43 PT [2022/06/29 23:55:43 ET]
Table 'Tethys III' 9-max Seat #2 is the button
Seat 1: Paty Doll726 ($0.91 in chips) 
Seat 2: osvander ($1.51 in chips) 
Seat 4: BarryA113N ($1.55 in chips) 
Seat 5: perffect16 ($2 in chips) 
Seat 6: Dorex2007 ($2 in chips) 
Seat 7: lbathayde ($2.70 in chips) 
Seat 8: SleepyShepherd ($4.89 in chips) 
Seat 9: yiyi708 ($1.61 in chips) 
BarryA113N: posts small blind $0.01
perffect16: posts big blind $0.02
*** HOLE CARDS ***
Dealt to Dorex2007 [Qd 7c]
Dorex2007: folds 
lbathayde: folds 
SleepyShepherd: raises $0.04 to $0.06
yiyi708: folds 
Paty Doll726: folds 
osvander: folds 
BarryA113N: calls $0.05
perffect16: folds 
*** FLOP *** [Qs 4d 3d]
BarryA113N: checks 
SleepyShepherd: bets $0.07
BarryA113N: raises $0.14 to $0.21
SleepyShepherd: folds 
Uncalled bet ($0.14) returned to BarryA113N
BarryA113N collected $0.27 from pot
*** SUMMARY ***
Total pot $0.28 | Rake $0.01 
Board [Qs 4d 3d]
Seat 1: Paty Doll726 folded before Flop (didn't bet)
Seat 2: osvander (button) folded before Flop (didn't bet)
Seat 4: BarryA113N (small blind) collected ($0.27)
Seat 5: perffect16 (big blind) folded before Flop
Seat 6: Dorex2007 folded before Flop (didn't bet)
Seat 7: lbathayde folded before Flop (didn't bet)
Seat 8: SleepyShepherd folded on the Flop
Seat 9: yiyi708 folded before Flop (didn't bet)



PokerStars Hand #237070467173:  Hold'em No Limit ($0.01/$0.02 USD) - 2022/06/29 20:56:18 PT [2022/06/29 23:56:18 ET]
Table 'Tethys III' 9-max Seat #4 is the button
Seat 1: Paty Doll726 ($0.91 in chips) 
Seat 2: osvander ($1.51 in chips) 
Seat 3: frosa9397 ($2 in chips) 
Seat 4: BarryA113N ($1.69 in chips) 
Seat 5: perffect16 ($2 in chips) 
Seat 6: Dorex2007 ($2 in chips) 
Seat 7: lbathayde ($2.70 in chips) 
Seat 8: SleepyShepherd ($4.76 in chips) 
Seat 9: yiyi708 ($1.61 in chips) 
perffect16: posts small blind $0.01
Dorex2007: posts big blind $0.02
frosa9397: posts big blind $0.02
*** HOLE CARDS ***
Dealt to Dorex2007 [Ks Th]
lbathayde: folds 
lbathayde leaves the table
SleepyShepherd: folds 
yiyi708: folds 
Paty Doll726: folds 
osvander: calls $0.02
frosa9397: checks 
BarryA113N: raises $0.04 to $0.06
perffect16: folds 
Dorex2007: calls $0.04
osvander: calls $0.04
frosa9397: calls $0.04
*** FLOP *** [5d Kh 9c]
Dorex2007: bets $0.12
osvander: folds 
frosa9397: calls $0.12
BarryA113N: raises $1.51 to $1.63 and is all-in
Dorex2007: folds 
frosa9397: folds 
Uncalled bet ($1.51) returned to BarryA113N
BarryA113N collected $0.59 from pot
*** SUMMARY ***
Total pot $0.61 | Rake $0.02 
Board [5d Kh 9c]
Seat 1: Paty Doll726 folded before Flop (didn't bet)
Seat 2: osvander folded on the Flop
Seat 3: frosa9397 folded on the Flop
Seat 4: BarryA113N (button) collected ($0.59)
Seat 5: perffect16 (small blind) folded before Flop
Seat 6: Dorex2007 (big blind) folded on the Flop
Seat 7: lbathayde folded before Flop (didn't bet)
Seat 8: SleepyShepherd folded before Flop (didn't bet)
Seat 9: yiyi708 folded before Flop (didn't bet)



PokerStars Hand #237070474204:  Hold'em No Limit ($0.01/$0.02 USD) - 2022/06/29 20:57:21 PT [2022/06/29 23:57:21 ET]
Table 'Tethys III' 9-max Seat #5 is the button
Seat 1: Paty Doll726 ($0.91 in chips) 
Seat 2: osvander ($1.45 in chips) 
Seat 3: frosa9397 ($1.82 in chips) 
Seat 4: BarryA113N ($2.10 in chips) 
Seat 5: perffect16 ($2 in chips) 
Seat 6: Dorex2007 ($2 in chips) 
Seat 8: SleepyShepherd ($4.76 in chips) 
Seat 9: yiyi708 ($1.61 in chips) 
Dorex2007: posts small blind $0.01
SleepyShepherd: posts big blind $0.02
*** HOLE CARDS ***
Dealt to Dorex2007 [As Ts]
yiyi708: calls $0.02
CARLOSSHUNTA89 joins the table at seat #7 
Paty Doll726: folds 
osvander: folds 
frosa9397: folds 
BarryA113N: folds 
osvander leaves the table
perffect16: calls $0.02
Dorex2007: calls $0.01
SleepyShepherd: checks 
*** FLOP *** [5s 6s Ah]
Dorex2007: bets $0.04
Sam1750 joins the table at seat #2 
SleepyShepherd: folds 
yiyi708: folds 
perffect16: calls $0.04
*** TURN *** [5s 6s Ah] [Td]
Dorex2007: bets $0.30
perffect16: folds 
Uncalled bet ($0.30) returned to Dorex2007
Dorex2007 collected $0.15 from pot
*** SUMMARY ***
Total pot $0.16 | Rake $0.01 
Board [5s 6s Ah Td]
Seat 1: Paty Doll726 folded before Flop (didn't bet)
Seat 2: osvander folded before Flop (didn't bet)
Seat 3: frosa9397 folded before Flop (didn't bet)
Seat 4: BarryA113N folded before Flop (didn't bet)
Seat 5: perffect16 (button) folded on the Turn
Seat 6: Dorex2007 (small blind) collected ($0.15)
Seat 8: SleepyShepherd (big blind) folded on the Flop
Seat 9: yiyi708 folded on the Flop



PokerStars Hand #237070485486:  Hold'em No Limit ($0.01/$0.02 USD) - 2022/06/29 20:58:13 PT [2022/06/29 23:58:13 ET]
Table 'Tethys III' 9-max Seat #6 is the button
Seat 1: Paty Doll726 ($0.91 in chips) 
Seat 2: Sam1750 ($0.98 in chips) 
Seat 3: frosa9397 ($1.82 in chips) 
Seat 4: BarryA113N ($2.10 in chips) 
Seat 5: perffect16 ($2 in chips) 
Seat 6: Dorex2007 ($2.09 in chips) 
Seat 8: SleepyShepherd ($4.74 in chips) 
Seat 9: yiyi708 ($1.59 in chips) 
SleepyShepherd: posts small blind $0.01
yiyi708: posts big blind $0.02
Sam1750: posts big blind $0.02
*** HOLE CARDS ***
Dealt to Dorex2007 [Js Th]
Paty Doll726: folds 
Sam1750: checks 
frosa9397: folds 
BarryA113N: folds 
perffect16: raises $0.07 to $0.09
Dorex2007: folds 
SleepyShepherd: folds 
yiyi708: folds 
Sam1750: folds 
Uncalled bet ($0.07) returned to perffect16
perffect16 collected $0.07 from pot
*** SUMMARY ***
Total pot $0.07 | Rake $0 
Seat 1: Paty Doll726 folded before Flop (didn't bet)
Seat 2: Sam1750 folded before Flop (didn't bet)
Seat 3: frosa9397 folded before Flop (didn't bet)
Seat 4: BarryA113N folded before Flop (didn't bet)
Seat 5: perffect16 collected ($0.07)
Seat 6: Dorex2007 (button) folded before Flop (didn't bet)
Seat 8: SleepyShepherd (small blind) folded before Flop
Seat 9: yiyi708 (big blind) folded before Flop



PokerStars Hand #237070489286:  Hold'em No Limit ($0.01/$0.02 USD) - 2022/06/29 20:58:47 PT [2022/06/29 23:58:47 ET]
Table 'Tethys III' 9-max Seat #8 is the button
Seat 1: Paty Doll726 ($0.91 in chips) 
Seat 2: Sam1750 ($0.96 in chips) 
Seat 3: frosa9397 ($1.82 in chips) 
Seat 4: BarryA113N ($2.10 in chips) 
Seat 5: perffect16 ($2.05 in chips) 
Seat 6: Dorex2007 ($2.09 in chips) 
Seat 7: CARLOSSHUNTA89 ($0.80 in chips) 
Seat 8: SleepyShepherd ($4.73 in chips) 
Seat 9: yiyi708 ($1.57 in chips) 
yiyi708: posts small blind $0.01
Paty Doll726: posts big blind $0.02
CARLOSSHUNTA89: posts big blind $0.02
*** HOLE CARDS ***
Dealt to Dorex2007 [3s 5c]
Sam1750: folds 
frosa9397: folds 
BarryA113N: calls $0.02
perffect16: folds 
Dorex2007: folds 
CARLOSSHUNTA89: checks 
SleepyShepherd: folds 
yiyi708: folds 
Paty Doll726: checks 
*** FLOP *** [3c Ks 8c]
Paty Doll726: checks 
BarryA113N: bets $0.02
CARLOSSHUNTA89: folds 
Paty Doll726: folds 
Uncalled bet ($0.02) returned to BarryA113N
BarryA113N collected $0.07 from pot
*** SUMMARY ***
Total pot $0.07 | Rake $0 
Board [3c Ks 8c]
Seat 1: Paty Doll726 (big blind) folded on the Flop
Seat 2: Sam1750 folded before Flop (didn't bet)
Seat 3: frosa9397 folded before Flop (didn't bet)
Seat 4: BarryA113N collected ($0.07)
Seat 5: perffect16 folded before Flop (didn't bet)
Seat 6: Dorex2007 folded before Flop (didn't bet)
Seat 7: CARLOSSHUNTA89 folded on the Flop (didn't bet)
Seat 8: SleepyShepherd (button) folded before Flop (didn't bet)
Seat 9: yiyi708 (small blind) folded before Flop



PokerStars Hand #237070492998:  Hold'em No Limit ($0.01/$0.02 USD) - 2022/06/29 20:59:20 PT [2022/06/29 23:59:20 ET]
Table 'Tethys III' 9-max Seat #9 is the button
Seat 1: Paty Doll726 ($0.89 in chips) 
Seat 2: Sam1750 ($0.96 in chips) 
Seat 3: frosa9397 ($1.82 in chips) 
Seat 4: BarryA113N ($2.15 in chips) 
Seat 5: perffect16 ($2.05 in chips) 
Seat 6: Dorex2007 ($2.09 in chips) 
Seat 7: CARLOSSHUNTA89 ($0.78 in chips) 
Seat 8: SleepyShepherd ($4.73 in chips) 
Seat 9: yiyi708 ($1.56 in chips) 
Paty Doll726: posts small blind $0.01
Sam1750: posts big blind $0.02
*** HOLE CARDS ***
Dealt to Dorex2007 [6h 7d]
frosa9397: folds 
BarryA113N: calls $0.02
perffect16: calls $0.02
Dorex2007: folds 
CARLOSSHUNTA89: calls $0.02
SleepyShepherd: raises $0.04 to $0.06
yiyi708: calls $0.06
Paty Doll726: calls $0.05
Sam1750: folds 
BarryA113N: calls $0.04
perffect16: folds 
CARLOSSHUNTA89: folds 
*** FLOP *** [4s 6s 3h]
Paty Doll726: checks 
BarryA113N: checks 
SleepyShepherd: bets $0.14
yiyi708: calls $0.14
Paty Doll726: folds 
BarryA113N: calls $0.14
*** TURN *** [4s 6s 3h] [5h]
BarryA113N: checks 
SleepyShepherd: bets $0.34
yiyi708: calls $0.34
BarryA113N: raises $1.61 to $1.95 and is all-in
SleepyShepherd: folds 
yiyi708: calls $1.02 and is all-in
Uncalled bet ($0.59) returned to BarryA113N
*** RIVER *** [4s 6s 3h 5h] [4h]
*** SHOW DOWN ***
BarryA113N: shows [8s 7c] (a straight, Four to Eight)
yiyi708: shows [Ts Ks] (a pair of Fours)
BarryA113N collected $3.65 from pot
*** SUMMARY ***
Total pot $3.78 | Rake $0.13 
Board [4s 6s 3h 5h 4h]
Seat 1: Paty Doll726 (small blind) folded on the Flop
Seat 2: Sam1750 (big blind) folded before Flop
Seat 3: frosa9397 folded before Flop (didn't bet)
Seat 4: BarryA113N showed [8s 7c] and won ($3.65) with a straight, Four to Eight
Seat 5: perffect16 folded before Flop
Seat 6: Dorex2007 folded before Flop (didn't bet)
Seat 7: CARLOSSHUNTA89 folded before Flop
Seat 8: SleepyShepherd folded on the Turn
Seat 9: yiyi708 (button) showed [Ts Ks] and lost with a pair of Fours



