PokerStars Hand #237386270626:  Hold'em No Limit ($0.01/$0.02 USD) - 2022/07/15 20:50:50 PT [2022/07/15 23:50:50 ET]
Table 'Schlutia IV' 9-max Seat #5 is the button
Seat 1: Pokon ($2.22 in chips) 
Seat 2: W.Redragons ($2.20 in chips) 
Seat 3: MaXiDe05 ($3.06 in chips) 
Seat 4: Dorex2007 ($2 in chips) 
Seat 5: HellNative ($2 in chips) 
Seat 6: FINITSXX ($1.07 in chips) 
Seat 7: Ethomikse ($2.36 in chips) 
Seat 8: Tweedy620 ($1.68 in chips) 
FINITSXX: posts small blind $0.01
Ethomikse: posts big blind $0.02
Dorex2007: posts big blind $0.02
*** HOLE CARDS ***
Dealt to Dorex2007 [6h 6c]
Tweedy620: folds 
Pokon: folds 
W.Redragons: folds 
MaXiDe05: folds 
Dorex2007: checks 
HellNative: folds 
FINITSXX: calls $0.01
Ethomikse: checks 
*** FLOP *** [Qs Tc Kd]
FINITSXX: checks 
Ethomikse: checks 
Dorex2007: checks 
*** TURN *** [Qs Tc Kd] [9s]
FINITSXX: checks 
Ethomikse: checks 
Dorex2007: checks 
*** RIVER *** [Qs Tc Kd 9s] [Kc]
FINITSXX: checks 
Ethomikse: checks 
Dorex2007: checks 
*** SHOW DOWN ***
FINITSXX: shows [8h 5h] (a pair of Kings)
Ethomikse: shows [Ah Th] (two pair, Kings and Tens)
Dorex2007: mucks hand 
Ethomikse collected $0.06 from pot
*** SUMMARY ***
Total pot $0.06 | Rake $0 
Board [Qs Tc Kd 9s Kc]
Seat 1: Pokon folded before Flop (didn't bet)
Seat 2: W.Redragons folded before Flop (didn't bet)
Seat 3: MaXiDe05 folded before Flop (didn't bet)
Seat 4: Dorex2007 mucked [6h 6c]
Seat 5: HellNative (button) folded before Flop (didn't bet)
Seat 6: FINITSXX (small blind) showed [8h 5h] and lost with a pair of Kings
Seat 7: Ethomikse (big blind) showed [Ah Th] and won ($0.06) with two pair, Kings and Tens
Seat 8: Tweedy620 folded before Flop (didn't bet)



PokerStars Hand #237386279526:  Hold'em No Limit ($0.01/$0.02 USD) - 2022/07/15 20:51:47 PT [2022/07/15 23:51:47 ET]
Table 'Schlutia IV' 9-max Seat #6 is the button
Seat 1: Pokon ($2.22 in chips) 
Seat 3: MaXiDe05 ($3.06 in chips) 
Seat 4: Dorex2007 ($2 in chips) 
Seat 5: HellNative ($2 in chips) 
Seat 6: FINITSXX ($1.05 in chips) 
Seat 8: Tweedy620 ($1.68 in chips) 
Tweedy620: posts small blind $0.01
Pokon: posts big blind $0.02
*** HOLE CARDS ***
Dealt to Dorex2007 [3d 4h]
MaXiDe05: calls $0.02
Dorex2007: folds 
HellNative: folds 
FINITSXX: raises $0.04 to $0.06
Tweedy620: folds 
Pokon: folds 
MaXiDe05: calls $0.04
*** FLOP *** [2h 4s 4c]
MaXiDe05: checks 
FINITSXX: bets $0.07
MaXiDe05: folds 
Uncalled bet ($0.07) returned to FINITSXX
FINITSXX collected $0.14 from pot
*** SUMMARY ***
Total pot $0.15 | Rake $0.01 
Board [2h 4s 4c]
Seat 1: Pokon (big blind) folded before Flop
Seat 3: MaXiDe05 folded on the Flop
Seat 4: Dorex2007 folded before Flop (didn't bet)
Seat 5: HellNative folded before Flop (didn't bet)
Seat 6: FINITSXX (button) collected ($0.14)
Seat 8: Tweedy620 (small blind) folded before Flop



PokerStars Hand #237386285533:  Hold'em No Limit ($0.01/$0.02 USD) - 2022/07/15 20:52:27 PT [2022/07/15 23:52:27 ET]
Table 'Schlutia IV' 9-max Seat #8 is the button
Seat 1: Pokon ($2.20 in chips) 
Seat 3: MaXiDe05 ($3 in chips) 
Seat 4: Dorex2007 ($2 in chips) 
Seat 5: HellNative ($2 in chips) 
Seat 6: FINITSXX ($1.13 in chips) 
Seat 8: Tweedy620 ($1.67 in chips) 
Pokon: posts small blind $0.01
MaXiDe05: posts big blind $0.02
*** HOLE CARDS ***
Dealt to Dorex2007 [3s Qh]
Dorex2007: folds 
HellNative: folds 
FINITSXX: raises $0.03 to $0.05
Tweedy620: folds 
Pokon: calls $0.04
W.Redragons is disconnected 
MaXiDe05: calls $0.03
*** FLOP *** [8c 8h 8d]
Pokon: bets $0.04
MaXiDe05: calls $0.04
FINITSXX: raises $0.18 to $0.22
Pokon: folds 
MaXiDe05: folds 
Uncalled bet ($0.18) returned to FINITSXX
FINITSXX collected $0.26 from pot
*** SUMMARY ***
Total pot $0.27 | Rake $0.01 
Board [8c 8h 8d]
Seat 1: Pokon (small blind) folded on the Flop
Seat 3: MaXiDe05 (big blind) folded on the Flop
Seat 4: Dorex2007 folded before Flop (didn't bet)
Seat 5: HellNative folded before Flop (didn't bet)
Seat 6: FINITSXX collected ($0.26)
Seat 8: Tweedy620 (button) folded before Flop (didn't bet)



PokerStars Hand #237386293568:  Hold'em No Limit ($0.01/$0.02 USD) - 2022/07/15 20:53:20 PT [2022/07/15 23:53:20 ET]
Table 'Schlutia IV' 9-max Seat #1 is the button
Seat 1: Pokon ($2.11 in chips) 
Seat 3: MaXiDe05 ($2.91 in chips) 
Seat 4: Dorex2007 ($2 in chips) 
Seat 5: HellNative ($2 in chips) 
Seat 6: FINITSXX ($1.30 in chips) 
Seat 8: Tweedy620 ($1.67 in chips) 
MaXiDe05: posts small blind $0.01
Dorex2007: posts big blind $0.02
*** HOLE CARDS ***
Dealt to Dorex2007 [6s 7c]
HellNative: folds 
FINITSXX: folds 
Tweedy620: calls $0.02
Pokon: folds 
MaXiDe05: calls $0.01
Dorex2007: checks 
*** FLOP *** [Ts 2c Qd]
MaXiDe05: checks 
Dorex2007: checks 
Tweedy620: bets $0.08
MaXiDe05: folds 
Dorex2007: folds 
Uncalled bet ($0.08) returned to Tweedy620
Tweedy620 collected $0.06 from pot
*** SUMMARY ***
Total pot $0.06 | Rake $0 
Board [Ts 2c Qd]
Seat 1: Pokon (button) folded before Flop (didn't bet)
Seat 3: MaXiDe05 (small blind) folded on the Flop
Seat 4: Dorex2007 (big blind) folded on the Flop
Seat 5: HellNative folded before Flop (didn't bet)
Seat 6: FINITSXX folded before Flop (didn't bet)
Seat 8: Tweedy620 collected ($0.06)



PokerStars Hand #237386298841:  Hold'em No Limit ($0.01/$0.02 USD) - 2022/07/15 20:53:54 PT [2022/07/15 23:53:54 ET]
Table 'Schlutia IV' 9-max Seat #3 is the button
Seat 1: Pokon ($2.11 in chips) 
Seat 3: MaXiDe05 ($2.89 in chips) 
Seat 4: Dorex2007 ($2 in chips) 
Seat 5: HellNative ($2 in chips) 
Seat 6: FINITSXX ($1.30 in chips) 
Seat 8: Tweedy620 ($1.71 in chips) 
Dorex2007: posts small blind $0.01
HellNative: posts big blind $0.02
*** HOLE CARDS ***
Dealt to Dorex2007 [2h Qd]
FINITSXX: raises $0.03 to $0.05
Tweedy620: folds 
Pokon: folds 
MaXiDe05: folds 
Dorex2007: folds 
HellNative: folds 
Uncalled bet ($0.03) returned to FINITSXX
FINITSXX collected $0.05 from pot
*** SUMMARY ***
Total pot $0.05 | Rake $0 
Seat 1: Pokon folded before Flop (didn't bet)
Seat 3: MaXiDe05 (button) folded before Flop (didn't bet)
Seat 4: Dorex2007 (small blind) folded before Flop
Seat 5: HellNative (big blind) folded before Flop
Seat 6: FINITSXX collected ($0.05)
Seat 8: Tweedy620 folded before Flop (didn't bet)



PokerStars Hand #237386301071:  Hold'em No Limit ($0.01/$0.02 USD) - 2022/07/15 20:54:08 PT [2022/07/15 23:54:08 ET]
Table 'Schlutia IV' 9-max Seat #4 is the button
Seat 1: Pokon ($2.11 in chips) 
Seat 3: MaXiDe05 ($2.89 in chips) 
Seat 4: Dorex2007 ($2 in chips) 
Seat 5: HellNative ($2 in chips) 
Seat 6: FINITSXX ($1.33 in chips) 
Seat 8: Tweedy620 ($1.71 in chips) 
HellNative: posts small blind $0.01
FINITSXX: posts big blind $0.02
*** HOLE CARDS ***
Dealt to Dorex2007 [2d Qd]
Tweedy620: folds 
Pokon: calls $0.02
MaXiDe05 has timed out
MaXiDe05: folds 
Dorex2007: folds 
HellNative: folds 
FINITSXX: checks 
*** FLOP *** [5h Js 5s]
FINITSXX: checks 
Pokon: checks 
*** TURN *** [5h Js 5s] [2h]
FINITSXX: checks 
Pokon: bets $0.04
FINITSXX: folds 
Uncalled bet ($0.04) returned to Pokon
Pokon collected $0.05 from pot
*** SUMMARY ***
Total pot $0.05 | Rake $0 
Board [5h Js 5s 2h]
Seat 1: Pokon collected ($0.05)
Seat 3: MaXiDe05 folded before Flop (didn't bet)
Seat 4: Dorex2007 (button) folded before Flop (didn't bet)
Seat 5: HellNative (small blind) folded before Flop
Seat 6: FINITSXX (big blind) folded on the Turn
Seat 8: Tweedy620 folded before Flop (didn't bet)



PokerStars Hand #237386305807:  Hold'em No Limit ($0.01/$0.02 USD) - 2022/07/15 20:54:39 PT [2022/07/15 23:54:39 ET]
Table 'Schlutia IV' 9-max Seat #5 is the button
Seat 1: Pokon ($2.14 in chips) 
Seat 3: MaXiDe05 ($2.89 in chips) 
Seat 4: Dorex2007 ($2 in chips) 
Seat 5: HellNative ($2 in chips) 
Seat 6: FINITSXX ($1.31 in chips) 
FINITSXX: posts small blind $0.01
Tweedy620: is sitting out 
Pokon: posts big blind $0.02
*** HOLE CARDS ***
Dealt to Dorex2007 [4d 6s]
Tweedy620 leaves the table
MaXiDe05: folds 
Dorex2007: folds 
HellNative: raises $0.08 to $0.10
FINITSXX: calls $0.09
Pokon: folds 
*** FLOP *** [Jh 8h Qc]
FINITSXX: checks 
HellNative: checks 
*** TURN *** [Jh 8h Qc] [7s]
FINITSXX: bets $0.10
HellNative: calls $0.10
*** RIVER *** [Jh 8h Qc 7s] [2d]
FINITSXX: checks 
HellNative: checks 
*** SHOW DOWN ***
FINITSXX: shows [Js Kh] (a pair of Jacks)
HellNative: mucks hand 
FINITSXX collected $0.41 from pot
*** SUMMARY ***
Total pot $0.42 | Rake $0.01 
Board [Jh 8h Qc 7s 2d]
Seat 1: Pokon (big blind) folded before Flop
Seat 3: MaXiDe05 folded before Flop (didn't bet)
Seat 4: Dorex2007 folded before Flop (didn't bet)
Seat 5: HellNative (button) mucked [Td Ts]
Seat 6: FINITSXX (small blind) showed [Js Kh] and won ($0.41) with a pair of Jacks



PokerStars Hand #237386310144:  Hold'em No Limit ($0.01/$0.02 USD) - 2022/07/15 20:55:08 PT [2022/07/15 23:55:08 ET]
Table 'Schlutia IV' 9-max Seat #6 is the button
Seat 1: Pokon ($2.12 in chips) 
Seat 3: MaXiDe05 ($2.89 in chips) 
Seat 4: Dorex2007 ($2 in chips) 
Seat 5: HellNative ($2 in chips) 
Seat 6: FINITSXX ($1.52 in chips) 
Pokon: posts small blind $0.01
MaXiDe05: posts big blind $0.02
*** HOLE CARDS ***
Dealt to Dorex2007 [Kd Ks]
Dorex2007: raises $0.04 to $0.06
HellNative: folds 
FINITSXX: folds 
Pokon: folds 
MaXiDe05: calls $0.04
*** FLOP *** [9h 2s 8d]
MaXiDe05: checks 
Dorex2007: bets $0.09
MaXiDe05: folds 
Uncalled bet ($0.09) returned to Dorex2007
Dorex2007 collected $0.13 from pot
*** SUMMARY ***
Total pot $0.13 | Rake $0 
Board [9h 2s 8d]
Seat 1: Pokon (small blind) folded before Flop
Seat 3: MaXiDe05 (big blind) folded on the Flop
Seat 4: Dorex2007 collected ($0.13)
Seat 5: HellNative folded before Flop (didn't bet)
Seat 6: FINITSXX (button) folded before Flop (didn't bet)



PokerStars Hand #237386314090:  Hold'em No Limit ($0.01/$0.02 USD) - 2022/07/15 20:55:38 PT [2022/07/15 23:55:38 ET]
Table 'Schlutia IV' 9-max Seat #1 is the button
Seat 1: Pokon ($2.11 in chips) 
Seat 3: MaXiDe05 ($2.83 in chips) 
Seat 4: Dorex2007 ($2.07 in chips) 
Seat 5: HellNative ($2 in chips) 
Seat 6: FINITSXX ($1.52 in chips) 
MaXiDe05: posts small blind $0.01
Dorex2007: posts big blind $0.02
*** HOLE CARDS ***
Dealt to Dorex2007 [Qd 4h]
HellNative: folds 
FINITSXX: raises $0.03 to $0.05
Pokon: calls $0.05
MaXiDe05: folds 
Dorex2007: folds 
*** FLOP *** [Qc 4c 2c]
FINITSXX: checks 
Pokon: checks 
*** TURN *** [Qc 4c 2c] [Kc]
FINITSXX: checks 
Pokon: checks 
*** RIVER *** [Qc 4c 2c Kc] [8h]
FINITSXX: checks 
Pokon: bets $0.06
FINITSXX: folds 
Uncalled bet ($0.06) returned to Pokon
Pokon collected $0.13 from pot
*** SUMMARY ***
Total pot $0.13 | Rake $0 
Board [Qc 4c 2c Kc 8h]
Seat 1: Pokon (button) collected ($0.13)
Seat 3: MaXiDe05 (small blind) folded before Flop
Seat 4: Dorex2007 (big blind) folded before Flop
Seat 5: HellNative folded before Flop (didn't bet)
Seat 6: FINITSXX folded on the River



PokerStars Hand #237386319628:  Hold'em No Limit ($0.01/$0.02 USD) - 2022/07/15 20:56:22 PT [2022/07/15 23:56:22 ET]
Table 'Schlutia IV' 9-max Seat #3 is the button
Seat 1: Pokon ($2.19 in chips) 
Seat 3: MaXiDe05 ($2.82 in chips) 
Seat 4: Dorex2007 ($2.05 in chips) 
Seat 5: HellNative ($2 in chips) 
Seat 6: FINITSXX ($1.47 in chips) 
Dorex2007: posts small blind $0.01
HellNative: posts big blind $0.02
*** HOLE CARDS ***
Dealt to Dorex2007 [5h 5s]
FINITSXX: folds 
Pokon: raises $0.04 to $0.06
MaXiDe05: folds 
Dorex2007: calls $0.05
HellNative: folds 
*** FLOP *** [Td Js 6d]
Dorex2007: checks 
André Alcânt joins the table at seat #8 
Pokon: bets $0.07
Dorex2007: folds 
Uncalled bet ($0.07) returned to Pokon
Pokon collected $0.14 from pot
*** SUMMARY ***
Total pot $0.14 | Rake $0 
Board [Td Js 6d]
Seat 1: Pokon collected ($0.14)
Seat 3: MaXiDe05 (button) folded before Flop (didn't bet)
Seat 4: Dorex2007 (small blind) folded on the Flop
Seat 5: HellNative (big blind) folded before Flop
Seat 6: FINITSXX folded before Flop (didn't bet)



PokerStars Hand #237386322506:  Hold'em No Limit ($0.01/$0.02 USD) - 2022/07/15 20:56:44 PT [2022/07/15 23:56:44 ET]
Table 'Schlutia IV' 9-max Seat #4 is the button
Seat 1: Pokon ($2.27 in chips) 
Seat 3: MaXiDe05 ($2.82 in chips) 
Seat 4: Dorex2007 ($2 in chips) 
Seat 5: HellNative ($2 in chips) 
Seat 6: FINITSXX ($1.47 in chips) 
HellNative: posts small blind $0.01
FINITSXX: posts big blind $0.02
André Alcânt: sits out 
*** HOLE CARDS ***
Dealt to Dorex2007 [4s 8s]
Pokon: raises $0.04 to $0.06
MaXiDe05: folds 
Dorex2007: folds 
HellNative: folds 
FINITSXX: folds 
Uncalled bet ($0.04) returned to Pokon
Pokon collected $0.05 from pot
*** SUMMARY ***
Total pot $0.05 | Rake $0 
Seat 1: Pokon collected ($0.05)
Seat 3: MaXiDe05 folded before Flop (didn't bet)
Seat 4: Dorex2007 (button) folded before Flop (didn't bet)
Seat 5: HellNative (small blind) folded before Flop
Seat 6: FINITSXX (big blind) folded before Flop



PokerStars Hand #237386324201:  Hold'em No Limit ($0.01/$0.02 USD) - 2022/07/15 20:56:58 PT [2022/07/15 23:56:58 ET]
Table 'Schlutia IV' 9-max Seat #5 is the button
Seat 1: Pokon ($2.30 in chips) 
Seat 3: MaXiDe05 ($2.82 in chips) 
Seat 4: Dorex2007 ($2 in chips) 
Seat 5: HellNative ($2 in chips) 
Seat 6: FINITSXX ($1.45 in chips) 
FINITSXX: posts small blind $0.01
Pokon: posts big blind $0.02
*** HOLE CARDS ***
Dealt to Dorex2007 [3c Th]
MaXiDe05: folds 
Dorex2007: folds 
HellNative: raises $0.06 to $0.08
FINITSXX: calls $0.07
Pokon: calls $0.06
*** FLOP *** [8d 2c Qs]
FINITSXX: checks 
Pokon: bets $0.11
HellNative: folds 
FINITSXX: folds 
Uncalled bet ($0.11) returned to Pokon
Pokon collected $0.23 from pot
EbinhoR leaves the table
*** SUMMARY ***
Total pot $0.24 | Rake $0.01 
Board [8d 2c Qs]
Seat 1: Pokon (big blind) collected ($0.23)
Seat 3: MaXiDe05 folded before Flop (didn't bet)
Seat 4: Dorex2007 folded before Flop (didn't bet)
Seat 5: HellNative (button) folded on the Flop
Seat 6: FINITSXX (small blind) folded on the Flop



PokerStars Hand #237386332052:  Hold'em No Limit ($0.01/$0.02 USD) - 2022/07/15 20:57:26 PT [2022/07/15 23:57:26 ET]
Table 'Schlutia IV' 9-max Seat #6 is the button
Seat 1: Pokon ($2.45 in chips) 
Seat 3: MaXiDe05 ($2.82 in chips) 
Seat 4: Dorex2007 ($2 in chips) 
Seat 5: HellNative ($2 in chips) 
Seat 6: FINITSXX ($1.37 in chips) 
Pokon: posts small blind $0.01
MaXiDe05: posts big blind $0.02
*** HOLE CARDS ***
Dealt to Dorex2007 [Qc Kc]
buggspray joins the table at seat #8 
Dorex2007: raises $0.02 to $0.04
HellNative: folds 
FINITSXX: folds 
Pokon: folds 
MaXiDe05: calls $0.02
*** FLOP *** [3c 7h 3s]
MaXiDe05: checks 
Dorex2007: checks 
*** TURN *** [3c 7h 3s] [Tc]
MaXiDe05: bets $0.04
Dorex2007: calls $0.04
*** RIVER *** [3c 7h 3s Tc] [2d]
buggspray leaves the table
MaXiDe05: bets $0.08
Dorex2007: folds 
Uncalled bet ($0.08) returned to MaXiDe05
MaXiDe05 collected $0.16 from pot
*** SUMMARY ***
Total pot $0.17 | Rake $0.01 
Board [3c 7h 3s Tc 2d]
Seat 1: Pokon (small blind) folded before Flop
Seat 3: MaXiDe05 (big blind) collected ($0.16)
Seat 4: Dorex2007 folded on the River
Seat 5: HellNative folded before Flop (didn't bet)
Seat 6: FINITSXX (button) folded before Flop (didn't bet)



PokerStars Hand #237386350663:  Hold'em No Limit ($0.01/$0.02 USD) - 2022/07/15 20:59:55 PT [2022/07/15 23:59:55 ET]
Table 'Schlutia IV' 9-max Seat #5 is the button
Seat 1: Pokon ($1.96 in chips) 
Seat 3: MaXiDe05 ($2.92 in chips) 
Seat 4: Dorex2007 ($2 in chips) 
Seat 5: HellNative ($2.52 in chips) 
Seat 6: FINITSXX ($1.35 in chips) 
Seat 7: Ethomikse ($2.40 in chips) 
Seat 9: TornadeoJim ($1.17 in chips) 
FINITSXX: posts small blind $0.01
Ethomikse: posts big blind $0.02
buggspray: sits out 
Dorex2007: posts small & big blinds $0.03
*** HOLE CARDS ***
Dealt to Dorex2007 [Kh Js]
TornadeoJim: folds 
Pokon: calls $0.02
MaXiDe05: calls $0.02
Dorex2007: checks 
HellNative: folds 
FINITSXX: raises $0.03 to $0.05
Ethomikse: calls $0.03
Pokon: calls $0.03
MaXiDe05: calls $0.03
Dorex2007: folds 
*** FLOP *** [4h Tc As]
FINITSXX: checks 
Ethomikse: checks 
Pokon: checks 
MaXiDe05: checks 
*** TURN *** [4h Tc As] [8c]
FINITSXX: checks 
Ethomikse: checks 
Pokon: checks 
MaXiDe05: checks 
*** RIVER *** [4h Tc As 8c] [Td]
FINITSXX: bets $0.22
Ethomikse: folds 
Pokon: folds 
MaXiDe05: folds 
Uncalled bet ($0.22) returned to FINITSXX
FINITSXX collected $0.22 from pot
*** SUMMARY ***
Total pot $0.23 | Rake $0.01 
Board [4h Tc As 8c Td]
Seat 1: Pokon folded on the River
Seat 3: MaXiDe05 folded on the River
Seat 4: Dorex2007 folded before Flop (didn't bet)
Seat 5: HellNative (button) folded before Flop (didn't bet)
Seat 6: FINITSXX (small blind) collected ($0.22)
Seat 7: Ethomikse (big blind) folded on the River
Seat 9: TornadeoJim folded before Flop (didn't bet)



