PokerStars Hand #224056057728:  Hold'em No Limit ($0.01/$0.02 USD) - 2021/02/21 0:27:03 PT [2021/02/21 3:27:03 ET]
Table 'Brunonia V' 9-max Seat #3 is the button
Seat 1: AlexxxBogum ($2.55 in chips) 
Seat 2: zuszek85 ($0.89 in chips) 
Seat 3: Crappz ($2 in chips) 
Seat 4: VASGA ($4.96 in chips) 
Seat 5: Dorex2007 ($1.50 in chips) 
Seat 6: seakam ($2.83 in chips) 
Seat 7: sportsmen84 ($1.85 in chips) 
Seat 8: MATEMATIK ($1.89 in chips) 
Seat 9: CHABAK555 ($1.87 in chips) 
VASGA: posts small blind $0.01
Dorex2007: posts big blind $0.02
*** HOLE CARDS ***
Dealt to Dorex2007 [6h 7s]
seakam: folds 
sportsmen84: folds 
MATEMATIK: folds 
CHABAK555: folds 
AlexxxBogum: folds 
zuszek85: folds 
Crappz: folds 
VASGA: folds 
Uncalled bet ($0.01) returned to Dorex2007
Dorex2007 collected $0.02 from pot
Dorex2007: doesn't show hand 
*** SUMMARY ***
Total pot $0.02 | Rake $0 
Seat 1: AlexxxBogum folded before Flop (didn't bet)
Seat 2: zuszek85 folded before Flop (didn't bet)
Seat 3: Crappz (button) folded before Flop (didn't bet)
Seat 4: VASGA (small blind) folded before Flop
Seat 5: Dorex2007 (big blind) collected ($0.02)
Seat 6: seakam folded before Flop (didn't bet)
Seat 7: sportsmen84 folded before Flop (didn't bet)
Seat 8: MATEMATIK folded before Flop (didn't bet)
Seat 9: CHABAK555 folded before Flop (didn't bet)



PokerStars Hand #224056065316:  Hold'em No Limit ($0.01/$0.02 USD) - 2021/02/21 0:27:33 PT [2021/02/21 3:27:33 ET]
Table 'Brunonia V' 9-max Seat #4 is the button
Seat 1: AlexxxBogum ($2.55 in chips) 
Seat 2: zuszek85 ($0.89 in chips) 
Seat 3: Crappz ($2 in chips) 
Seat 4: VASGA ($4.95 in chips) 
Seat 5: Dorex2007 ($1.51 in chips) 
Seat 6: seakam ($2.83 in chips) 
Seat 7: sportsmen84 ($1.85 in chips) 
Seat 8: MATEMATIK ($1.89 in chips) 
Seat 9: CHABAK555 ($1.87 in chips) 
Dorex2007: posts small blind $0.01
seakam: posts big blind $0.02
*** HOLE CARDS ***
Dealt to Dorex2007 [Kh Ts]
sportsmen84: folds 
MATEMATIK: folds 
CHABAK555: folds 
AlexxxBogum: folds 
zuszek85: raises $0.87 to $0.89 and is all-in
Crappz: folds 
VASGA: folds 
Dorex2007: folds 
seakam: folds 
Uncalled bet ($0.87) returned to zuszek85
zuszek85 collected $0.05 from pot
*** SUMMARY ***
Total pot $0.05 | Rake $0 
Seat 1: AlexxxBogum folded before Flop (didn't bet)
Seat 2: zuszek85 collected ($0.05)
Seat 3: Crappz folded before Flop (didn't bet)
Seat 4: VASGA (button) folded before Flop (didn't bet)
Seat 5: Dorex2007 (small blind) folded before Flop
Seat 6: seakam (big blind) folded before Flop
Seat 7: sportsmen84 folded before Flop (didn't bet)
Seat 8: MATEMATIK folded before Flop (didn't bet)
Seat 9: CHABAK555 folded before Flop (didn't bet)



PokerStars Hand #224056073670:  Hold'em No Limit ($0.01/$0.02 USD) - 2021/02/21 0:28:06 PT [2021/02/21 3:28:06 ET]
Table 'Brunonia V' 9-max Seat #5 is the button
Seat 1: AlexxxBogum ($2.55 in chips) 
Seat 2: zuszek85 ($0.92 in chips) 
Seat 3: Crappz ($2 in chips) 
Seat 4: VASGA ($4.95 in chips) 
Seat 5: Dorex2007 ($1.50 in chips) 
Seat 6: seakam ($2.81 in chips) 
Seat 7: sportsmen84 ($1.85 in chips) 
Seat 8: MATEMATIK ($1.89 in chips) 
Seat 9: CHABAK555 ($1.87 in chips) 
seakam: posts small blind $0.01
sportsmen84: posts big blind $0.02
*** HOLE CARDS ***
Dealt to Dorex2007 [Ks Qh]
MATEMATIK: folds 
CHABAK555: calls $0.02
AlexxxBogum: folds 
zuszek85: folds 
Crappz: raises $0.02 to $0.04
VASGA: calls $0.04
Dorex2007: calls $0.04
seakam: calls $0.03
sportsmen84: folds 
CHABAK555: calls $0.02
*** FLOP *** [5h 5s As]
seakam: checks 
CHABAK555: checks 
Crappz: checks 
VASGA: checks 
Dorex2007: bets $0.11
seakam: folds 
CHABAK555: folds 
Crappz: folds 
VASGA: folds 
Uncalled bet ($0.11) returned to Dorex2007
Dorex2007 collected $0.21 from pot
Dorex2007: doesn't show hand 
*** SUMMARY ***
Total pot $0.22 | Rake $0.01 
Board [5h 5s As]
Seat 1: AlexxxBogum folded before Flop (didn't bet)
Seat 2: zuszek85 folded before Flop (didn't bet)
Seat 3: Crappz folded on the Flop
Seat 4: VASGA folded on the Flop
Seat 5: Dorex2007 (button) collected ($0.21)
Seat 6: seakam (small blind) folded on the Flop
Seat 7: sportsmen84 (big blind) folded before Flop
Seat 8: MATEMATIK folded before Flop (didn't bet)
Seat 9: CHABAK555 folded on the Flop



PokerStars Hand #224056085859:  Hold'em No Limit ($0.01/$0.02 USD) - 2021/02/21 0:28:54 PT [2021/02/21 3:28:54 ET]
Table 'Brunonia V' 9-max Seat #6 is the button
Seat 1: AlexxxBogum ($2.55 in chips) 
Seat 2: zuszek85 ($0.92 in chips) 
Seat 3: Crappz ($2 in chips) 
Seat 4: VASGA ($4.91 in chips) 
Seat 5: Dorex2007 ($1.67 in chips) 
Seat 6: seakam ($2.77 in chips) 
Seat 7: sportsmen84 ($1.83 in chips) 
Seat 8: MATEMATIK ($1.89 in chips) 
Seat 9: CHABAK555 ($1.83 in chips) 
sportsmen84: posts small blind $0.01
MATEMATIK: posts big blind $0.02
*** HOLE CARDS ***
Dealt to Dorex2007 [Th Jd]
CHABAK555: raises $0.02 to $0.04
AlexxxBogum: folds 
zuszek85: folds 
Crappz: folds 
VASGA: calls $0.04
Dorex2007: calls $0.04
seakam: folds 
sportsmen84: folds 
MATEMATIK: calls $0.02
*** FLOP *** [5h 5d 8s]
MATEMATIK: checks 
CHABAK555: checks 
VASGA: checks 
Dorex2007: checks 
*** TURN *** [5h 5d 8s] [7s]
MATEMATIK: checks 
CHABAK555: bets $0.10
VASGA: calls $0.10
Dorex2007: folds 
MATEMATIK: folds 
*** RIVER *** [5h 5d 8s 7s] [3c]
CHABAK555: checks 
VASGA: checks 
*** SHOW DOWN ***
CHABAK555: shows [Ah Kh] (a pair of Fives)
VASGA: mucks hand 
CHABAK555 collected $0.36 from pot
*** SUMMARY ***
Total pot $0.37 | Rake $0.01 
Board [5h 5d 8s 7s 3c]
Seat 1: AlexxxBogum folded before Flop (didn't bet)
Seat 2: zuszek85 folded before Flop (didn't bet)
Seat 3: Crappz folded before Flop (didn't bet)
Seat 4: VASGA mucked [As 4s]
Seat 5: Dorex2007 folded on the Turn
Seat 6: seakam (button) folded before Flop (didn't bet)
Seat 7: sportsmen84 (small blind) folded before Flop
Seat 8: MATEMATIK (big blind) folded on the Turn
Seat 9: CHABAK555 showed [Ah Kh] and won ($0.36) with a pair of Fives



PokerStars Hand #224056104335:  Hold'em No Limit ($0.01/$0.02 USD) - 2021/02/21 0:30:07 PT [2021/02/21 3:30:07 ET]
Table 'Brunonia V' 9-max Seat #7 is the button
Seat 1: AlexxxBogum ($2.55 in chips) 
Seat 2: zuszek85 ($0.92 in chips) 
Seat 3: Crappz ($2 in chips) 
Seat 4: VASGA ($4.77 in chips) 
Seat 5: Dorex2007 ($1.63 in chips) 
Seat 6: seakam ($2.77 in chips) 
Seat 7: sportsmen84 ($1.82 in chips) 
Seat 8: MATEMATIK ($1.96 in chips) 
Seat 9: CHABAK555 ($2.05 in chips) 
MATEMATIK: posts small blind $0.01
CHABAK555: posts big blind $0.02
*** HOLE CARDS ***
Dealt to Dorex2007 [3s Qc]
AlexxxBogum: raises $0.10 to $0.12
zuszek85: folds 
Crappz: folds 
VASGA: folds 
Dorex2007: folds 
seakam: folds 
sportsmen84: folds 
MATEMATIK: folds 
CHABAK555: folds 
Uncalled bet ($0.10) returned to AlexxxBogum
AlexxxBogum collected $0.05 from pot
AlexxxBogum: doesn't show hand 
*** SUMMARY ***
Total pot $0.05 | Rake $0 
Seat 1: AlexxxBogum collected ($0.05)
Seat 2: zuszek85 folded before Flop (didn't bet)
Seat 3: Crappz folded before Flop (didn't bet)
Seat 4: VASGA folded before Flop (didn't bet)
Seat 5: Dorex2007 folded before Flop (didn't bet)
Seat 6: seakam folded before Flop (didn't bet)
Seat 7: sportsmen84 (button) folded before Flop (didn't bet)
Seat 8: MATEMATIK (small blind) folded before Flop
Seat 9: CHABAK555 (big blind) folded before Flop



PokerStars Hand #224056110595:  Hold'em No Limit ($0.01/$0.02 USD) - 2021/02/21 0:30:32 PT [2021/02/21 3:30:32 ET]
Table 'Brunonia V' 9-max Seat #8 is the button
Seat 2: zuszek85 ($0.92 in chips) 
Seat 3: Crappz ($2 in chips) 
Seat 4: VASGA ($4.77 in chips) 
Seat 5: Dorex2007 ($1.63 in chips) 
Seat 6: seakam ($2.77 in chips) 
Seat 7: sportsmen84 ($1.82 in chips) 
Seat 8: MATEMATIK ($1.95 in chips) 
Seat 9: CHABAK555 ($2.03 in chips) 
CHABAK555: posts small blind $0.01
AlexxxBogum: is sitting out 
zuszek85: posts big blind $0.02
*** HOLE CARDS ***
Dealt to Dorex2007 [Kc 3c]
Crappz: raises $0.02 to $0.04
VASGA: folds 
Dorex2007: folds 
seakam: calls $0.04
sportsmen84: calls $0.04
MATEMATIK: calls $0.04
CHABAK555: calls $0.03
zuszek85: calls $0.02
*** FLOP *** [As 7c 3s]
CHABAK555: checks 
zuszek85: checks 
Crappz: checks 
seakam: checks 
AlexxxBogum is disconnected 
sportsmen84: checks 
MATEMATIK: checks 
*** TURN *** [As 7c 3s] [3h]
CHABAK555: checks 
zuszek85: checks 
Crappz: checks 
seakam: checks 
sportsmen84: checks 
MATEMATIK: checks 
*** RIVER *** [As 7c 3s 3h] [5d]
CHABAK555: checks 
zuszek85: checks 
Crappz: bets $0.06
seakam: folds 
sportsmen84: calls $0.06
MATEMATIK: folds 
CHABAK555: folds 
zuszek85: folds 
*** SHOW DOWN ***
Crappz: shows [5h 5c] (a full house, Fives full of Threes)
sportsmen84: mucks hand 
Crappz collected $0.35 from pot
*** SUMMARY ***
Total pot $0.36 | Rake $0.01 
Board [As 7c 3s 3h 5d]
Seat 2: zuszek85 (big blind) folded on the River
Seat 3: Crappz showed [5h 5c] and won ($0.35) with a full house, Fives full of Threes
Seat 4: VASGA folded before Flop (didn't bet)
Seat 5: Dorex2007 folded before Flop (didn't bet)
Seat 6: seakam folded on the River
Seat 7: sportsmen84 mucked [9c 9h]
Seat 8: MATEMATIK (button) folded on the River
Seat 9: CHABAK555 (small blind) folded on the River



PokerStars Hand #224056138342:  Hold'em No Limit ($0.01/$0.02 USD) - 2021/02/21 0:32:22 PT [2021/02/21 3:32:22 ET]
Table 'Brunonia V' 9-max Seat #9 is the button
Seat 2: zuszek85 ($0.88 in chips) 
Seat 3: Crappz ($2.25 in chips) 
Seat 4: VASGA ($4.77 in chips) 
Seat 5: Dorex2007 ($1.63 in chips) 
Seat 6: seakam ($2.73 in chips) 
Seat 7: sportsmen84 ($1.72 in chips) 
Seat 8: MATEMATIK ($1.91 in chips) 
Seat 9: CHABAK555 ($1.99 in chips) 
zuszek85: posts small blind $0.01
Crappz: posts big blind $0.02
*** HOLE CARDS ***
Dealt to Dorex2007 [Ah 8s]
VASGA: folds 
Dorex2007: folds 
seakam: folds 
sportsmen84: folds 
MATEMATIK has timed out
MATEMATIK: folds 
CHABAK555: folds 
zuszek85: folds 
Uncalled bet ($0.01) returned to Crappz
Crappz collected $0.02 from pot
Crappz: doesn't show hand 
*** SUMMARY ***
Total pot $0.02 | Rake $0 
Seat 2: zuszek85 (small blind) folded before Flop
Seat 3: Crappz (big blind) collected ($0.02)
Seat 4: VASGA folded before Flop (didn't bet)
Seat 5: Dorex2007 folded before Flop (didn't bet)
Seat 6: seakam folded before Flop (didn't bet)
Seat 7: sportsmen84 folded before Flop (didn't bet)
Seat 8: MATEMATIK folded before Flop (didn't bet)
Seat 9: CHABAK555 (button) folded before Flop (didn't bet)



PokerStars Hand #224056145004:  Hold'em No Limit ($0.01/$0.02 USD) - 2021/02/21 0:32:48 PT [2021/02/21 3:32:48 ET]
Table 'Brunonia V' 9-max Seat #2 is the button
Seat 2: zuszek85 ($0.87 in chips) 
Seat 3: Crappz ($2.26 in chips) 
Seat 4: VASGA ($4.77 in chips) 
Seat 5: Dorex2007 ($1.63 in chips) 
Seat 6: seakam ($2.73 in chips) 
Seat 7: sportsmen84 ($1.72 in chips) 
Seat 9: CHABAK555 ($1.99 in chips) 
Crappz: posts small blind $0.01
VASGA: posts big blind $0.02
AlexxxBogum has timed out while disconnected
AlexxxBogum: is sitting out 
*** HOLE CARDS ***
Dealt to Dorex2007 [Ks 2s]
Dorex2007: folds 
seakam: folds 
sportsmen84: folds 
CHABAK555: folds 
zuszek85: folds 
Crappz: folds 
Uncalled bet ($0.01) returned to VASGA
VASGA collected $0.02 from pot
VASGA: doesn't show hand 
*** SUMMARY ***
Total pot $0.02 | Rake $0 
Seat 2: zuszek85 (button) folded before Flop (didn't bet)
Seat 3: Crappz (small blind) folded before Flop
Seat 4: VASGA (big blind) collected ($0.02)
Seat 5: Dorex2007 folded before Flop (didn't bet)
Seat 6: seakam folded before Flop (didn't bet)
Seat 7: sportsmen84 folded before Flop (didn't bet)
Seat 9: CHABAK555 folded before Flop (didn't bet)



PokerStars Hand #224056152259:  Hold'em No Limit ($0.01/$0.02 USD) - 2021/02/21 0:33:17 PT [2021/02/21 3:33:17 ET]
Table 'Brunonia V' 9-max Seat #3 is the button
Seat 2: zuszek85 ($0.87 in chips) 
Seat 3: Crappz ($2.25 in chips) 
Seat 4: VASGA ($4.78 in chips) 
Seat 5: Dorex2007 ($1.63 in chips) 
Seat 6: seakam ($2.73 in chips) 
Seat 7: sportsmen84 ($1.72 in chips) 
Seat 8: MATEMATIK ($1.91 in chips) 
Seat 9: CHABAK555 ($1.99 in chips) 
VASGA: posts small blind $0.01
Dorex2007: posts big blind $0.02
*** HOLE CARDS ***
Dealt to Dorex2007 [8c Ac]
seakam: folds 
sportsmen84: folds 
MATEMATIK has timed out
MATEMATIK: folds 
CHABAK555: folds 
CHABAK555 leaves the table
zuszek85: folds 
Crappz: raises $0.04 to $0.06
VASGA: folds 
zyaleniyeg joins the table at seat #9 
Dorex2007: calls $0.04
*** FLOP *** [Jh 3c Jc]
Dorex2007: checks 
Crappz: checks 
*** TURN *** [Jh 3c Jc] [5d]
Dorex2007: bets $0.07
Crappz: folds 
Uncalled bet ($0.07) returned to Dorex2007
Dorex2007 collected $0.13 from pot
Dorex2007: doesn't show hand 
*** SUMMARY ***
Total pot $0.13 | Rake $0 
Board [Jh 3c Jc 5d]
Seat 2: zuszek85 folded before Flop (didn't bet)
Seat 3: Crappz (button) folded on the Turn
Seat 4: VASGA (small blind) folded before Flop
Seat 5: Dorex2007 (big blind) collected ($0.13)
Seat 6: seakam folded before Flop (didn't bet)
Seat 7: sportsmen84 folded before Flop (didn't bet)
Seat 8: MATEMATIK folded before Flop (didn't bet)
Seat 9: CHABAK555 folded before Flop (didn't bet)



PokerStars Hand #224056165527:  Hold'em No Limit ($0.01/$0.02 USD) - 2021/02/21 0:34:10 PT [2021/02/21 3:34:10 ET]
Table 'Brunonia V' 9-max Seat #4 is the button
Seat 2: zuszek85 ($0.87 in chips) 
Seat 3: Crappz ($2.19 in chips) 
Seat 4: VASGA ($4.77 in chips) 
Seat 5: Dorex2007 ($1.70 in chips) 
Seat 6: seakam ($2.73 in chips) 
Seat 7: sportsmen84 ($1.72 in chips) 
Seat 8: MATEMATIK ($1.91 in chips) 
Dorex2007: posts small blind $0.01
seakam: posts big blind $0.02
zyaleniyeg: sits out 
*** HOLE CARDS ***
Dealt to Dorex2007 [6c 3s]
sportsmen84: folds 
MATEMATIK: folds 
zuszek85: calls $0.02
Crappz: folds 
VASGA: calls $0.02
Dorex2007: folds 
seakam: checks 
*** FLOP *** [5c 7c 4d]
seakam: checks 
zuszek85: checks 
VASGA: checks 
*** TURN *** [5c 7c 4d] [5s]
seakam: checks 
zuszek85: checks 
VASGA: bets $0.04
seakam: folds 
zuszek85: folds 
Uncalled bet ($0.04) returned to VASGA
VASGA collected $0.07 from pot
VASGA: doesn't show hand 
*** SUMMARY ***
Total pot $0.07 | Rake $0 
Board [5c 7c 4d 5s]
Seat 2: zuszek85 folded on the Turn
Seat 3: Crappz folded before Flop (didn't bet)
Seat 4: VASGA (button) collected ($0.07)
Seat 5: Dorex2007 (small blind) folded before Flop
Seat 6: seakam (big blind) folded on the Turn
Seat 7: sportsmen84 folded before Flop (didn't bet)
Seat 8: MATEMATIK folded before Flop (didn't bet)



PokerStars Hand #224056176599:  Hold'em No Limit ($0.01/$0.02 USD) - 2021/02/21 0:34:54 PT [2021/02/21 3:34:54 ET]
Table 'Brunonia V' 9-max Seat #5 is the button
Seat 2: zuszek85 ($0.85 in chips) 
Seat 3: Crappz ($2.19 in chips) 
Seat 4: VASGA ($4.82 in chips) 
Seat 5: Dorex2007 ($1.69 in chips) 
Seat 6: seakam ($2.71 in chips) 
Seat 7: sportsmen84 ($1.72 in chips) 
Seat 8: MATEMATIK ($1.91 in chips) 
seakam: posts small blind $0.01
sportsmen84: posts big blind $0.02
zyaleniyeg: sits out 
*** HOLE CARDS ***
Dealt to Dorex2007 [Ac 8s]
MATEMATIK: folds 
zuszek85: folds 
Crappz: raises $0.02 to $0.04
VASGA: calls $0.04
Dorex2007: calls $0.04
seakam: folds 
sportsmen84: folds 
*** FLOP *** [Ks Js 5c]
Crappz: checks 
VASGA: checks 
Dorex2007: checks 
*** TURN *** [Ks Js 5c] [7d]
Crappz: checks 
VASGA: checks 
Dorex2007: checks 
*** RIVER *** [Ks Js 5c 7d] [Qs]
Crappz: checks 
VASGA: bets $0.07
Dorex2007: folds 
Crappz: folds 
Uncalled bet ($0.07) returned to VASGA
VASGA collected $0.14 from pot
VASGA: doesn't show hand 
*** SUMMARY ***
Total pot $0.15 | Rake $0.01 
Board [Ks Js 5c 7d Qs]
Seat 2: zuszek85 folded before Flop (didn't bet)
Seat 3: Crappz folded on the River
Seat 4: VASGA collected ($0.14)
Seat 5: Dorex2007 (button) folded on the River
Seat 6: seakam (small blind) folded before Flop
Seat 7: sportsmen84 (big blind) folded before Flop
Seat 8: MATEMATIK folded before Flop (didn't bet)



PokerStars Hand #224056188809:  Hold'em No Limit ($0.01/$0.02 USD) - 2021/02/21 0:35:42 PT [2021/02/21 3:35:42 ET]
Table 'Brunonia V' 9-max Seat #6 is the button
Seat 3: Crappz ($2.15 in chips) 
Seat 4: VASGA ($4.92 in chips) 
Seat 5: Dorex2007 ($1.65 in chips) 
Seat 6: seakam ($2.70 in chips) 
Seat 7: sportsmen84 ($1.70 in chips) 
Seat 8: MATEMATIK ($1.91 in chips) 
sportsmen84: posts small blind $0.01
MATEMATIK: posts big blind $0.02
zyaleniyeg: sits out 
*** HOLE CARDS ***
Dealt to Dorex2007 [Qs Tc]
Crappz: folds 
VASGA: raises $0.04 to $0.06
Dorex2007: folds 
seakam: folds 
sportsmen84: folds 
MATEMATIK: folds 
Uncalled bet ($0.04) returned to VASGA
VASGA collected $0.05 from pot
VASGA: doesn't show hand 
*** SUMMARY ***
Total pot $0.05 | Rake $0 
Seat 3: Crappz folded before Flop (didn't bet)
Seat 4: VASGA collected ($0.05)
Seat 5: Dorex2007 folded before Flop (didn't bet)
Seat 6: seakam (button) folded before Flop (didn't bet)
Seat 7: sportsmen84 (small blind) folded before Flop
Seat 8: MATEMATIK (big blind) folded before Flop



PokerStars Hand #224056193901:  Hold'em No Limit ($0.01/$0.02 USD) - 2021/02/21 0:36:02 PT [2021/02/21 3:36:02 ET]
Table 'Brunonia V' 9-max Seat #7 is the button
Seat 3: Crappz ($2.15 in chips) 
Seat 4: VASGA ($4.95 in chips) 
Seat 5: Dorex2007 ($1.65 in chips) 
Seat 6: seakam ($2.70 in chips) 
Seat 7: sportsmen84 ($1.69 in chips) 
Seat 8: MATEMATIK ($1.98 in chips) 
Seat 9: zyaleniyeg ($2 in chips) 
MATEMATIK: posts small blind $0.01
zyaleniyeg: posts big blind $0.02
*** HOLE CARDS ***
Dealt to Dorex2007 [Qc 6c]
Crappz: folds 
VASGA: raises $0.04 to $0.06
Dorex2007: folds 
zuszek85 is disconnected 
seakam: folds 
sportsmen84: folds 
MATEMATIK: folds 
zyaleniyeg: folds 
Uncalled bet ($0.04) returned to VASGA
VASGA collected $0.05 from pot
VASGA: doesn't show hand 
*** SUMMARY ***
Total pot $0.05 | Rake $0 
Seat 3: Crappz folded before Flop (didn't bet)
Seat 4: VASGA collected ($0.05)
Seat 5: Dorex2007 folded before Flop (didn't bet)
Seat 6: seakam folded before Flop (didn't bet)
Seat 7: sportsmen84 (button) folded before Flop (didn't bet)
Seat 8: MATEMATIK (small blind) folded before Flop
Seat 9: zyaleniyeg (big blind) folded before Flop



PokerStars Hand #224056199337:  Hold'em No Limit ($0.01/$0.02 USD) - 2021/02/21 0:36:23 PT [2021/02/21 3:36:23 ET]
Table 'Brunonia V' 9-max Seat #8 is the button
Seat 1: AlexxxBogum ($2.58 in chips) 
Seat 3: Crappz ($2.15 in chips) 
Seat 4: VASGA ($4.98 in chips) 
Seat 5: Dorex2007 ($1.65 in chips) 
Seat 6: seakam ($2.70 in chips) 
Seat 7: sportsmen84 ($1.69 in chips) 
Seat 8: MATEMATIK ($1.97 in chips) 
Seat 9: zyaleniyeg ($2 in chips) 
zyaleniyeg: posts small blind $0.01
AlexxxBogum: posts big blind $0.02
*** HOLE CARDS ***
Dealt to Dorex2007 [4h Qs]
Crappz: raises $0.04 to $0.06
VASGA: folds 
Dorex2007: folds 
seakam: folds 
sportsmen84 has timed out
sportsmen84: folds 
MATEMATIK: folds 
zyaleniyeg: folds 
AlexxxBogum: folds 
Uncalled bet ($0.04) returned to Crappz
Crappz collected $0.05 from pot
Crappz: doesn't show hand 
*** SUMMARY ***
Total pot $0.05 | Rake $0 
Seat 1: AlexxxBogum (big blind) folded before Flop
Seat 3: Crappz collected ($0.05)
Seat 4: VASGA folded before Flop (didn't bet)
Seat 5: Dorex2007 folded before Flop (didn't bet)
Seat 6: seakam folded before Flop (didn't bet)
Seat 7: sportsmen84 folded before Flop (didn't bet)
Seat 8: MATEMATIK (button) folded before Flop (didn't bet)
Seat 9: zyaleniyeg (small blind) folded before Flop



PokerStars Hand #224056207684:  Hold'em No Limit ($0.01/$0.02 USD) - 2021/02/21 0:36:56 PT [2021/02/21 3:36:56 ET]
Table 'Brunonia V' 9-max Seat #9 is the button
Seat 1: AlexxxBogum ($2.56 in chips) 
Seat 3: Crappz ($2.18 in chips) 
Seat 4: VASGA ($4.98 in chips) 
Seat 5: Dorex2007 ($1.65 in chips) 
Seat 6: seakam ($2.70 in chips) 
Seat 7: sportsmen84 ($1.69 in chips) 
Seat 8: MATEMATIK ($1.97 in chips) 
Seat 9: zyaleniyeg ($2 in chips) 
AlexxxBogum: posts small blind $0.01
Crappz: posts big blind $0.02
*** HOLE CARDS ***
Dealt to Dorex2007 [2d 8h]
VASGA: folds 
Dorex2007: folds 
seakam: raises $0.06 to $0.08
sportsmen84: calls $0.08
MATEMATIK: folds 
zyaleniyeg: folds 
AlexxxBogum: raises $0.06 to $0.14
Crappz: folds 
seakam: calls $0.06
sportsmen84: calls $0.06
*** FLOP *** [Ad Kh 9c]
AlexxxBogum: checks 
seakam: checks 
sportsmen84: bets $0.21
AlexxxBogum: folds 
seakam: folds 
Uncalled bet ($0.21) returned to sportsmen84
sportsmen84 collected $0.42 from pot
sportsmen84: doesn't show hand 
*** SUMMARY ***
Total pot $0.44 | Rake $0.02 
Board [Ad Kh 9c]
Seat 1: AlexxxBogum (small blind) folded on the Flop
Seat 3: Crappz (big blind) folded before Flop
Seat 4: VASGA folded before Flop (didn't bet)
Seat 5: Dorex2007 folded before Flop (didn't bet)
Seat 6: seakam folded on the Flop
Seat 7: sportsmen84 collected ($0.42)
Seat 8: MATEMATIK folded before Flop (didn't bet)
Seat 9: zyaleniyeg (button) folded before Flop (didn't bet)



PokerStars Hand #224056227211:  Hold'em No Limit ($0.01/$0.02 USD) - 2021/02/21 0:38:13 PT [2021/02/21 3:38:13 ET]
Table 'Brunonia V' 9-max Seat #1 is the button
Seat 1: AlexxxBogum ($2.42 in chips) 
Seat 3: Crappz ($2.16 in chips) 
Seat 4: VASGA ($4.98 in chips) 
Seat 5: Dorex2007 ($1.65 in chips) 
Seat 6: seakam ($2.56 in chips) 
Seat 7: sportsmen84 ($1.97 in chips) 
Seat 8: MATEMATIK ($1.97 in chips) 
Seat 9: zyaleniyeg ($2 in chips) 
Crappz: posts small blind $0.01
VASGA: posts big blind $0.02
*** HOLE CARDS ***
Dealt to Dorex2007 [Th 8s]
Dorex2007: folds 
seakam: folds 
sportsmen84: folds 
MATEMATIK: raises $0.04 to $0.06
zyaleniyeg: folds 
AlexxxBogum: folds 
Crappz: folds 
VASGA: calls $0.04
*** FLOP *** [As Td Jh]
VASGA: checks 
MATEMATIK: checks 
*** TURN *** [As Td Jh] [2s]
VASGA: checks 
MATEMATIK: checks 
*** RIVER *** [As Td Jh 2s] [3s]
VASGA: checks 
MATEMATIK: bets $0.04
VASGA: folds 
Uncalled bet ($0.04) returned to MATEMATIK
MATEMATIK collected $0.13 from pot
MATEMATIK: doesn't show hand 
*** SUMMARY ***
Total pot $0.13 | Rake $0 
Board [As Td Jh 2s 3s]
Seat 1: AlexxxBogum (button) folded before Flop (didn't bet)
Seat 3: Crappz (small blind) folded before Flop
Seat 4: VASGA (big blind) folded on the River
Seat 5: Dorex2007 folded before Flop (didn't bet)
Seat 6: seakam folded before Flop (didn't bet)
Seat 7: sportsmen84 folded before Flop (didn't bet)
Seat 8: MATEMATIK collected ($0.13)
Seat 9: zyaleniyeg folded before Flop (didn't bet)



PokerStars Hand #224056242556:  Hold'em No Limit ($0.01/$0.02 USD) - 2021/02/21 0:39:13 PT [2021/02/21 3:39:13 ET]
Table 'Brunonia V' 9-max Seat #3 is the button
Seat 1: AlexxxBogum ($2.42 in chips) 
Seat 2: zuszek85 ($0.85 in chips) 
Seat 3: Crappz ($2.15 in chips) 
Seat 4: VASGA ($4.92 in chips) 
Seat 5: Dorex2007 ($1.65 in chips) 
Seat 6: seakam ($2.56 in chips) 
Seat 7: sportsmen84 ($1.97 in chips) 
Seat 8: MATEMATIK ($2.04 in chips) 
Seat 9: zyaleniyeg ($2 in chips) 
VASGA: posts small blind $0.01
Dorex2007: posts big blind $0.02
zuszek85: posts small & big blinds $0.03
*** HOLE CARDS ***
Dealt to Dorex2007 [Kc 6d]
seakam: folds 
sportsmen84 has timed out
sportsmen84: folds 
MATEMATIK: folds 
zyaleniyeg: folds 
AlexxxBogum: raises $0.08 to $0.10
zuszek85: calls $0.08
Crappz: folds 
VASGA: folds 
Dorex2007: folds 
*** FLOP *** [4c Js 3h]
AlexxxBogum: bets $0.23
zuszek85: raises $0.51 to $0.74 and is all-in
AlexxxBogum: calls $0.51
*** TURN *** [4c Js 3h] [3s]
*** RIVER *** [4c Js 3h 3s] [7c]
*** SHOW DOWN ***
AlexxxBogum: shows [2c Jc] (two pair, Jacks and Threes)
zuszek85: shows [Kd Jh] (two pair, Jacks and Threes - King kicker)
zuszek85 collected $1.66 from pot
*** SUMMARY ***
Total pot $1.72 | Rake $0.06 
Board [4c Js 3h 3s 7c]
Seat 1: AlexxxBogum showed [2c Jc] and lost with two pair, Jacks and Threes
Seat 2: zuszek85 showed [Kd Jh] and won ($1.66) with two pair, Jacks and Threes
Seat 3: Crappz (button) folded before Flop (didn't bet)
Seat 4: VASGA (small blind) folded before Flop
Seat 5: Dorex2007 (big blind) folded before Flop
Seat 6: seakam folded before Flop (didn't bet)
Seat 7: sportsmen84 folded before Flop (didn't bet)
Seat 8: MATEMATIK folded before Flop (didn't bet)
Seat 9: zyaleniyeg folded before Flop (didn't bet)



PokerStars Hand #224056254852:  Hold'em No Limit ($0.01/$0.02 USD) - 2021/02/21 0:40:01 PT [2021/02/21 3:40:01 ET]
Table 'Brunonia V' 9-max Seat #4 is the button
Seat 1: AlexxxBogum ($1.58 in chips) 
Seat 2: zuszek85 ($1.66 in chips) 
Seat 3: Crappz ($2.15 in chips) 
Seat 4: VASGA ($4.91 in chips) 
Seat 5: Dorex2007 ($1.63 in chips) 
Seat 6: seakam ($2.56 in chips) 
Seat 8: MATEMATIK ($2.04 in chips) 
Seat 9: zyaleniyeg ($2 in chips) 
Dorex2007: posts small blind $0.01
seakam: posts big blind $0.02
*** HOLE CARDS ***
Dealt to Dorex2007 [Jh Ts]
MATEMATIK: folds 
zyaleniyeg: folds 
AlexxxBogum: raises $0.07 to $0.09
zuszek85: folds 
Crappz: folds 
VASGA: calls $0.09
Dorex2007: folds 
seakam: folds 
*** FLOP *** [6c 5h 6s]
AlexxxBogum: bets $0.20
VASGA: folds 
Uncalled bet ($0.20) returned to AlexxxBogum
AlexxxBogum collected $0.20 from pot
AlexxxBogum: doesn't show hand 
*** SUMMARY ***
Total pot $0.21 | Rake $0.01 
Board [6c 5h 6s]
Seat 1: AlexxxBogum collected ($0.20)
Seat 2: zuszek85 folded before Flop (didn't bet)
Seat 3: Crappz folded before Flop (didn't bet)
Seat 4: VASGA (button) folded on the Flop
Seat 5: Dorex2007 (small blind) folded before Flop
Seat 6: seakam (big blind) folded before Flop
Seat 8: MATEMATIK folded before Flop (didn't bet)
Seat 9: zyaleniyeg folded before Flop (didn't bet)



PokerStars Hand #224056264365:  Hold'em No Limit ($0.01/$0.02 USD) - 2021/02/21 0:40:39 PT [2021/02/21 3:40:39 ET]
Table 'Brunonia V' 9-max Seat #5 is the button
Seat 1: AlexxxBogum ($2 in chips) 
Seat 2: zuszek85 ($1.66 in chips) 
Seat 3: Crappz ($2.15 in chips) 
Seat 4: VASGA ($4.82 in chips) 
Seat 5: Dorex2007 ($1.62 in chips) 
Seat 6: seakam ($2.54 in chips) 
Seat 8: MATEMATIK ($2.04 in chips) 
Seat 9: zyaleniyeg ($2 in chips) 
seakam: posts small blind $0.01
MATEMATIK: posts big blind $0.02
*** HOLE CARDS ***
Dealt to Dorex2007 [3s Qd]
zyaleniyeg: folds 
AlexxxBogum: folds 
zuszek85: folds 
Crappz: raises $0.04 to $0.06
VASGA: calls $0.06
Dorex2007: folds 
seakam: folds 
MATEMATIK: calls $0.04
*** FLOP *** [6c Ac Ts]
MATEMATIK: checks 
Crappz: bets $0.06
VASGA: folds 
MATEMATIK: folds 
Uncalled bet ($0.06) returned to Crappz
Crappz collected $0.18 from pot
Crappz: doesn't show hand 
*** SUMMARY ***
Total pot $0.19 | Rake $0.01 
Board [6c Ac Ts]
Seat 1: AlexxxBogum folded before Flop (didn't bet)
Seat 2: zuszek85 folded before Flop (didn't bet)
Seat 3: Crappz collected ($0.18)
Seat 4: VASGA folded on the Flop
Seat 5: Dorex2007 (button) folded before Flop (didn't bet)
Seat 6: seakam (small blind) folded before Flop
Seat 8: MATEMATIK (big blind) folded on the Flop
Seat 9: zyaleniyeg folded before Flop (didn't bet)



PokerStars Hand #224056274147:  Hold'em No Limit ($0.01/$0.02 USD) - 2021/02/21 0:41:18 PT [2021/02/21 3:41:18 ET]
Table 'Brunonia V' 9-max Seat #6 is the button
Seat 1: AlexxxBogum ($2 in chips) 
Seat 2: zuszek85 ($1.66 in chips) 
Seat 3: Crappz ($2.27 in chips) 
Seat 4: VASGA ($4.76 in chips) 
Seat 5: Dorex2007 ($1.62 in chips) 
Seat 6: seakam ($2.53 in chips) 
Seat 8: MATEMATIK ($1.98 in chips) 
Seat 9: zyaleniyeg ($2 in chips) 
MATEMATIK: posts small blind $0.01
zyaleniyeg: posts big blind $0.02
*** HOLE CARDS ***
Dealt to Dorex2007 [2c 8h]
AlexxxBogum: folds 
zuszek85: calls $0.02
Crappz: folds 
VASGA: calls $0.02
Dorex2007: folds 
seakam: folds 
MATEMATIK: calls $0.01
zyaleniyeg: checks 
*** FLOP *** [6d 9h As]
MATEMATIK: checks 
zyaleniyeg: checks 
zuszek85: checks 
VASGA: checks 
*** TURN *** [6d 9h As] [Ad]
sportsmen84 leaves the table
MATEMATIK: checks 
zyaleniyeg: checks 
zuszek85: checks 
VASGA: checks 
*** RIVER *** [6d 9h As Ad] [7s]
MATEMATIK: checks 
zyaleniyeg: bets $0.04
zuszek85: folds 
VASGA: calls $0.04
MATEMATIK: folds 
*** SHOW DOWN ***
zyaleniyeg: shows [8c Jc] (a pair of Aces)
VASGA: shows [9c Jh] (two pair, Aces and Nines)
VASGA collected $0.15 from pot
*** SUMMARY ***
Total pot $0.16 | Rake $0.01 
Board [6d 9h As Ad 7s]
Seat 1: AlexxxBogum folded before Flop (didn't bet)
Seat 2: zuszek85 folded on the River
Seat 3: Crappz folded before Flop (didn't bet)
Seat 4: VASGA showed [9c Jh] and won ($0.15) with two pair, Aces and Nines
Seat 5: Dorex2007 folded before Flop (didn't bet)
Seat 6: seakam (button) folded before Flop (didn't bet)
Seat 8: MATEMATIK (small blind) folded on the River
Seat 9: zyaleniyeg (big blind) showed [8c Jc] and lost with a pair of Aces



PokerStars Hand #224056294211:  Hold'em No Limit ($0.01/$0.02 USD) - 2021/02/21 0:42:36 PT [2021/02/21 3:42:36 ET]
Table 'Brunonia V' 9-max Seat #8 is the button
Seat 1: AlexxxBogum ($2 in chips) 
Seat 2: zuszek85 ($1.64 in chips) 
Seat 3: Crappz ($2.27 in chips) 
Seat 4: VASGA ($4.85 in chips) 
Seat 5: Dorex2007 ($1.62 in chips) 
Seat 6: seakam ($2.53 in chips) 
Seat 8: MATEMATIK ($1.96 in chips) 
Seat 9: zyaleniyeg ($2 in chips) 
zyaleniyeg: posts small blind $0.01
AlexxxBogum: posts big blind $0.02
*** HOLE CARDS ***
Dealt to Dorex2007 [2c Tc]
zuszek85: calls $0.02
Crappz: folds 
VASGA: folds 
Dorex2007: folds 
seakam: folds 
MATEMATIK: folds 
zyaleniyeg: calls $0.01
AlexxxBogum: checks 
*** FLOP *** [Jh Kc Qd]
zyaleniyeg: checks 
AlexxxBogum: checks 
zuszek85: checks 
*** TURN *** [Jh Kc Qd] [4d]
zyaleniyeg: checks 
AlexxxBogum: bets $0.06
zuszek85: folds 
zyaleniyeg: folds 
Uncalled bet ($0.06) returned to AlexxxBogum
AlexxxBogum collected $0.06 from pot
AlexxxBogum: doesn't show hand 
*** SUMMARY ***
Total pot $0.06 | Rake $0 
Board [Jh Kc Qd 4d]
Seat 1: AlexxxBogum (big blind) collected ($0.06)
Seat 2: zuszek85 folded on the Turn
Seat 3: Crappz folded before Flop (didn't bet)
Seat 4: VASGA folded before Flop (didn't bet)
Seat 5: Dorex2007 folded before Flop (didn't bet)
Seat 6: seakam folded before Flop (didn't bet)
Seat 8: MATEMATIK (button) folded before Flop (didn't bet)
Seat 9: zyaleniyeg (small blind) folded on the Turn



PokerStars Hand #224056303454:  Hold'em No Limit ($0.01/$0.02 USD) - 2021/02/21 0:43:12 PT [2021/02/21 3:43:12 ET]
Table 'Brunonia V' 9-max Seat #9 is the button
Seat 1: AlexxxBogum ($2.04 in chips) 
Seat 2: zuszek85 ($1.62 in chips) 
Seat 3: Crappz ($2.27 in chips) 
Seat 4: VASGA ($4.85 in chips) 
Seat 5: Dorex2007 ($1.62 in chips) 
Seat 6: seakam ($2.53 in chips) 
Seat 8: MATEMATIK ($2 in chips) 
Seat 9: zyaleniyeg ($2 in chips) 
AlexxxBogum: posts small blind $0.01
zuszek85: posts big blind $0.02
*** HOLE CARDS ***
Dealt to Dorex2007 [Kc 2s]
rb1bka57 joins the table at seat #7 
Crappz: folds 
VASGA: folds 
Dorex2007: folds 
seakam: folds 
MATEMATIK: folds 
zyaleniyeg: folds 
AlexxxBogum: folds 
Uncalled bet ($0.01) returned to zuszek85
zuszek85 collected $0.02 from pot
*** SUMMARY ***
Total pot $0.02 | Rake $0 
Seat 1: AlexxxBogum (small blind) folded before Flop
Seat 2: zuszek85 (big blind) collected ($0.02)
Seat 3: Crappz folded before Flop (didn't bet)
Seat 4: VASGA folded before Flop (didn't bet)
Seat 5: Dorex2007 folded before Flop (didn't bet)
Seat 6: seakam folded before Flop (didn't bet)
Seat 8: MATEMATIK folded before Flop (didn't bet)
Seat 9: zyaleniyeg (button) folded before Flop (didn't bet)



PokerStars Hand #224056309405:  Hold'em No Limit ($0.01/$0.02 USD) - 2021/02/21 0:43:35 PT [2021/02/21 3:43:35 ET]
Table 'Brunonia V' 9-max Seat #1 is the button
Seat 1: AlexxxBogum ($2.03 in chips) 
Seat 2: zuszek85 ($1.63 in chips) 
Seat 3: Crappz ($2.27 in chips) 
Seat 4: VASGA ($4.85 in chips) 
Seat 5: Dorex2007 ($1.62 in chips) 
Seat 6: seakam ($2.53 in chips) 
Seat 8: MATEMATIK ($2 in chips) 
Seat 9: zyaleniyeg ($2 in chips) 
zuszek85: posts small blind $0.01
Crappz: posts big blind $0.02
rb1bka57: sits out 
*** HOLE CARDS ***
Dealt to Dorex2007 [Th Ac]
VASGA: folds 
Dorex2007: calls $0.02
seakam: folds 
MATEMATIK: calls $0.02
zyaleniyeg: folds 
AlexxxBogum: raises $0.08 to $0.10
zuszek85: folds 
Crappz: folds 
Dorex2007: folds 
MATEMATIK: folds 
Uncalled bet ($0.08) returned to AlexxxBogum
AlexxxBogum collected $0.09 from pot
AlexxxBogum: doesn't show hand 
*** SUMMARY ***
Total pot $0.09 | Rake $0 
Seat 1: AlexxxBogum (button) collected ($0.09)
Seat 2: zuszek85 (small blind) folded before Flop
Seat 3: Crappz (big blind) folded before Flop
Seat 4: VASGA folded before Flop (didn't bet)
Seat 5: Dorex2007 folded before Flop
Seat 6: seakam folded before Flop (didn't bet)
Seat 8: MATEMATIK folded before Flop
Seat 9: zyaleniyeg folded before Flop (didn't bet)



PokerStars Hand #224056318147:  Hold'em No Limit ($0.01/$0.02 USD) - 2021/02/21 0:44:08 PT [2021/02/21 3:44:08 ET]
Table 'Brunonia V' 9-max Seat #2 is the button
Seat 1: AlexxxBogum ($2.10 in chips) 
Seat 2: zuszek85 ($1.62 in chips) 
Seat 3: Crappz ($2.25 in chips) 
Seat 4: VASGA ($4.85 in chips) 
Seat 5: Dorex2007 ($1.60 in chips) 
Seat 6: seakam ($2.53 in chips) 
Seat 8: MATEMATIK ($1.98 in chips) 
Seat 9: zyaleniyeg ($2 in chips) 
Crappz: posts small blind $0.01
VASGA: posts big blind $0.02
rb1bka57: sits out 
*** HOLE CARDS ***
Dealt to Dorex2007 [Ks 6d]
Dorex2007: folds 
seakam: folds 
MATEMATIK: folds 
zyaleniyeg: folds 
AlexxxBogum: folds 
zuszek85: calls $0.02
Crappz: folds 
VASGA: checks 
*** FLOP *** [7h 4h Tc]
VASGA: checks 
zuszek85: bets $0.02
VASGA: calls $0.02
*** TURN *** [7h 4h Tc] [Kh]
VASGA: checks 
zuszek85: bets $0.02
VASGA: folds 
Uncalled bet ($0.02) returned to zuszek85
zuszek85 collected $0.09 from pot
*** SUMMARY ***
Total pot $0.09 | Rake $0 
Board [7h 4h Tc Kh]
Seat 1: AlexxxBogum folded before Flop (didn't bet)
Seat 2: zuszek85 (button) collected ($0.09)
Seat 3: Crappz (small blind) folded before Flop
Seat 4: VASGA (big blind) folded on the Turn
Seat 5: Dorex2007 folded before Flop (didn't bet)
Seat 6: seakam folded before Flop (didn't bet)
Seat 8: MATEMATIK folded before Flop (didn't bet)
Seat 9: zyaleniyeg folded before Flop (didn't bet)



PokerStars Hand #224056329117:  Hold'em No Limit ($0.01/$0.02 USD) - 2021/02/21 0:44:50 PT [2021/02/21 3:44:50 ET]
Table 'Brunonia V' 9-max Seat #3 is the button
Seat 1: AlexxxBogum ($2.10 in chips) 
Seat 2: zuszek85 ($1.67 in chips) 
Seat 3: Crappz ($2.24 in chips) 
Seat 4: VASGA ($4.81 in chips) 
Seat 5: Dorex2007 ($1.60 in chips) 
Seat 6: seakam ($2.53 in chips) 
Seat 8: MATEMATIK ($1.98 in chips) 
Seat 9: zyaleniyeg ($2 in chips) 
VASGA: posts small blind $0.01
Dorex2007: posts big blind $0.02
rb1bka57: sits out 
*** HOLE CARDS ***
Dealt to Dorex2007 [8s 5d]
seakam: folds 
MATEMATIK: folds 
zyaleniyeg: folds 
AlexxxBogum: raises $0.08 to $0.10
zuszek85: folds 
Crappz: folds 
VASGA: folds 
Dorex2007: folds 
Uncalled bet ($0.08) returned to AlexxxBogum
AlexxxBogum collected $0.05 from pot
AlexxxBogum: doesn't show hand 
*** SUMMARY ***
Total pot $0.05 | Rake $0 
Seat 1: AlexxxBogum collected ($0.05)
Seat 2: zuszek85 folded before Flop (didn't bet)
Seat 3: Crappz (button) folded before Flop (didn't bet)
Seat 4: VASGA (small blind) folded before Flop
Seat 5: Dorex2007 (big blind) folded before Flop
Seat 6: seakam folded before Flop (didn't bet)
Seat 8: MATEMATIK folded before Flop (didn't bet)
Seat 9: zyaleniyeg folded before Flop (didn't bet)



PokerStars Hand #224056334694:  Hold'em No Limit ($0.01/$0.02 USD) - 2021/02/21 0:45:12 PT [2021/02/21 3:45:12 ET]
Table 'Brunonia V' 9-max Seat #4 is the button
Seat 1: AlexxxBogum ($2.13 in chips) 
Seat 2: zuszek85 ($1.67 in chips) 
Seat 3: Crappz ($2.24 in chips) 
Seat 4: VASGA ($4.80 in chips) 
Seat 5: Dorex2007 ($1.58 in chips) 
Seat 6: seakam ($2.53 in chips) 
Seat 8: MATEMATIK ($1.98 in chips) 
Seat 9: zyaleniyeg ($2 in chips) 
Dorex2007: posts small blind $0.01
seakam: posts big blind $0.02
rb1bka57: sits out 
*** HOLE CARDS ***
Dealt to Dorex2007 [7h As]
MATEMATIK: folds 
zyaleniyeg has timed out
zyaleniyeg: folds 
AlexxxBogum: folds 
zuszek85: folds 
Crappz: folds 
VASGA: raises $0.04 to $0.06
Dorex2007: folds 
seakam: folds 
Uncalled bet ($0.04) returned to VASGA
VASGA collected $0.05 from pot
VASGA: doesn't show hand 
*** SUMMARY ***
Total pot $0.05 | Rake $0 
Seat 1: AlexxxBogum folded before Flop (didn't bet)
Seat 2: zuszek85 folded before Flop (didn't bet)
Seat 3: Crappz folded before Flop (didn't bet)
Seat 4: VASGA (button) collected ($0.05)
Seat 5: Dorex2007 (small blind) folded before Flop
Seat 6: seakam (big blind) folded before Flop
Seat 8: MATEMATIK folded before Flop (didn't bet)
Seat 9: zyaleniyeg folded before Flop (didn't bet)



PokerStars Hand #224056342172:  Hold'em No Limit ($0.01/$0.02 USD) - 2021/02/21 0:45:41 PT [2021/02/21 3:45:41 ET]
Table 'Brunonia V' 9-max Seat #5 is the button
Seat 1: AlexxxBogum ($2.13 in chips) 
Seat 2: zuszek85 ($1.67 in chips) 
Seat 3: Crappz ($2.24 in chips) 
Seat 4: VASGA ($4.83 in chips) 
Seat 5: Dorex2007 ($1.57 in chips) 
Seat 6: seakam ($2.51 in chips) 
Seat 7: rb1bka57 ($2 in chips) 
Seat 8: MATEMATIK ($1.98 in chips) 
Seat 9: zyaleniyeg ($2 in chips) 
seakam: posts small blind $0.01
rb1bka57: posts big blind $0.02
*** HOLE CARDS ***
Dealt to Dorex2007 [2d 6c]
MATEMATIK: raises $0.04 to $0.06
zyaleniyeg: folds 
AlexxxBogum: raises $0.06 to $0.12
zuszek85: folds 
Crappz: folds 
VASGA: calls $0.12
Dorex2007: folds 
seakam: folds 
rb1bka57: folds 
MATEMATIK: calls $0.06
*** FLOP *** [9h 5s Kd]
MATEMATIK: checks 
AlexxxBogum: checks 
VASGA: checks 
*** TURN *** [9h 5s Kd] [2s]
MATEMATIK: checks 
AlexxxBogum: bets $0.19
VASGA: calls $0.19
MATEMATIK: calls $0.19
*** RIVER *** [9h 5s Kd 2s] [9s]
MATEMATIK: checks 
AlexxxBogum: checks 
VASGA: bets $0.47
MATEMATIK: raises $1.20 to $1.67 and is all-in
AlexxxBogum: folds 
VASGA: calls $1.20
*** SHOW DOWN ***
MATEMATIK: shows [Js Qs] (a flush, Queen high)
VASGA: shows [9d Td] (three of a kind, Nines)
MATEMATIK collected $4.15 from pot
*** SUMMARY ***
Total pot $4.30 | Rake $0.15 
Board [9h 5s Kd 2s 9s]
Seat 1: AlexxxBogum folded on the River
Seat 2: zuszek85 folded before Flop (didn't bet)
Seat 3: Crappz folded before Flop (didn't bet)
Seat 4: VASGA showed [9d Td] and lost with three of a kind, Nines
Seat 5: Dorex2007 (button) folded before Flop (didn't bet)
Seat 6: seakam (small blind) folded before Flop
Seat 7: rb1bka57 (big blind) folded before Flop
Seat 8: MATEMATIK showed [Js Qs] and won ($4.15) with a flush, Queen high
Seat 9: zyaleniyeg folded before Flop (didn't bet)



PokerStars Hand #224056367554:  Hold'em No Limit ($0.01/$0.02 USD) - 2021/02/21 0:47:18 PT [2021/02/21 3:47:18 ET]
Table 'Brunonia V' 9-max Seat #6 is the button
Seat 1: AlexxxBogum ($1.82 in chips) 
Seat 2: zuszek85 ($1.67 in chips) 
Seat 3: Crappz ($2.24 in chips) 
Seat 4: VASGA ($2.85 in chips) 
Seat 5: Dorex2007 ($1.57 in chips) 
Seat 6: seakam ($2.50 in chips) 
Seat 7: rb1bka57 ($1.98 in chips) 
Seat 8: MATEMATIK ($4.15 in chips) 
Seat 9: zyaleniyeg ($2 in chips) 
rb1bka57: posts small blind $0.01
MATEMATIK: posts big blind $0.02
*** HOLE CARDS ***
Dealt to Dorex2007 [Ad 2c]
zyaleniyeg: folds 
AlexxxBogum: raises $0.08 to $0.10
zuszek85: folds 
Crappz: folds 
VASGA: calls $0.10
Dorex2007: folds 
seakam: folds 
rb1bka57: folds 
MATEMATIK: calls $0.08
*** FLOP *** [3c Td 4d]
MATEMATIK: checks 
AlexxxBogum: checks 
VASGA: checks 
*** TURN *** [3c Td 4d] [2s]
MATEMATIK: checks 
AlexxxBogum: checks 
VASGA: checks 
*** RIVER *** [3c Td 4d 2s] [3d]
MATEMATIK: checks 
AlexxxBogum: bets $0.30
VASGA: folds 
MATEMATIK: folds 
Uncalled bet ($0.30) returned to AlexxxBogum
AlexxxBogum collected $0.30 from pot
AlexxxBogum: doesn't show hand 
*** SUMMARY ***
Total pot $0.31 | Rake $0.01 
Board [3c Td 4d 2s 3d]
Seat 1: AlexxxBogum collected ($0.30)
Seat 2: zuszek85 folded before Flop (didn't bet)
Seat 3: Crappz folded before Flop (didn't bet)
Seat 4: VASGA folded on the River
Seat 5: Dorex2007 folded before Flop (didn't bet)
Seat 6: seakam (button) folded before Flop (didn't bet)
Seat 7: rb1bka57 (small blind) folded before Flop
Seat 8: MATEMATIK (big blind) folded on the River
Seat 9: zyaleniyeg folded before Flop (didn't bet)



PokerStars Hand #224056390097:  Hold'em No Limit ($0.01/$0.02 USD) - 2021/02/21 0:48:45 PT [2021/02/21 3:48:45 ET]
Table 'Brunonia V' 9-max Seat #7 is the button
Seat 1: AlexxxBogum ($2.02 in chips) 
Seat 2: zuszek85 ($1.67 in chips) 
Seat 3: Crappz ($2.24 in chips) 
Seat 4: VASGA ($2.75 in chips) 
Seat 5: Dorex2007 ($1.57 in chips) 
Seat 6: seakam ($2.50 in chips) 
Seat 7: rb1bka57 ($1.97 in chips) 
Seat 8: MATEMATIK ($4.05 in chips) 
Seat 9: zyaleniyeg ($2 in chips) 
MATEMATIK: posts small blind $0.01
zyaleniyeg: posts big blind $0.02
*** HOLE CARDS ***
Dealt to Dorex2007 [Qc Js]
AlexxxBogum: folds 
zuszek85: folds 
Crappz: raises $0.02 to $0.04
VASGA: calls $0.04
Dorex2007: calls $0.04
seakam: folds 
rb1bka57: folds 
MATEMATIK: folds 
zyaleniyeg: calls $0.02
*** FLOP *** [8h 2d 7h]
zyaleniyeg: checks 
Crappz: checks 
VASGA: checks 
Dorex2007: checks 
*** TURN *** [8h 2d 7h] [9h]
zyaleniyeg: bets $0.08
Crappz: folds 
VASGA: folds 
Dorex2007: folds 
Uncalled bet ($0.08) returned to zyaleniyeg
zyaleniyeg collected $0.16 from pot
*** SUMMARY ***
Total pot $0.17 | Rake $0.01 
Board [8h 2d 7h 9h]
Seat 1: AlexxxBogum folded before Flop (didn't bet)
Seat 2: zuszek85 folded before Flop (didn't bet)
Seat 3: Crappz folded on the Turn
Seat 4: VASGA folded on the Turn
Seat 5: Dorex2007 folded on the Turn
Seat 6: seakam folded before Flop (didn't bet)
Seat 7: rb1bka57 (button) folded before Flop (didn't bet)
Seat 8: MATEMATIK (small blind) folded before Flop
Seat 9: zyaleniyeg (big blind) collected ($0.16)



PokerStars Hand #224056408679:  Hold'em No Limit ($0.01/$0.02 USD) - 2021/02/21 0:49:46 PT [2021/02/21 3:49:46 ET]
Table 'Brunonia V' 9-max Seat #8 is the button
Seat 2: zuszek85 ($1.67 in chips) 
Seat 3: Crappz ($2.20 in chips) 
Seat 4: VASGA ($2.71 in chips) 
Seat 5: Dorex2007 ($1.53 in chips) 
Seat 6: seakam ($2.50 in chips) 
Seat 7: rb1bka57 ($1.97 in chips) 
Seat 8: MATEMATIK ($4.04 in chips) 
Seat 9: zyaleniyeg ($2.12 in chips) 
zyaleniyeg: posts small blind $0.01
AlexxxBogum: is sitting out 
zuszek85: posts big blind $0.02
*** HOLE CARDS ***
Dealt to Dorex2007 [Kc Js]
Crappz: folds 
VASGA: folds 
Dorex2007: raises $0.04 to $0.06
seakam: folds 
rb1bka57: folds 
MATEMATIK is disconnected 
MATEMATIK has timed out while disconnected
MATEMATIK: folds 
zyaleniyeg: folds 
zuszek85: folds 
Uncalled bet ($0.04) returned to Dorex2007
Dorex2007 collected $0.05 from pot
Dorex2007: doesn't show hand 
*** SUMMARY ***
Total pot $0.05 | Rake $0 
Seat 2: zuszek85 (big blind) folded before Flop
Seat 3: Crappz folded before Flop (didn't bet)
Seat 4: VASGA folded before Flop (didn't bet)
Seat 5: Dorex2007 collected ($0.05)
Seat 6: seakam folded before Flop (didn't bet)
Seat 7: rb1bka57 folded before Flop (didn't bet)
Seat 8: MATEMATIK (button) folded before Flop (didn't bet)
Seat 9: zyaleniyeg (small blind) folded before Flop



PokerStars Hand #224056417856:  Hold'em No Limit ($0.01/$0.02 USD) - 2021/02/21 0:50:21 PT [2021/02/21 3:50:21 ET]
Table 'Brunonia V' 9-max Seat #9 is the button
Seat 2: zuszek85 ($1.65 in chips) 
Seat 3: Crappz ($2.20 in chips) 
Seat 4: VASGA ($2.71 in chips) 
Seat 5: Dorex2007 ($1.56 in chips) 
Seat 6: seakam ($2.50 in chips) 
Seat 7: rb1bka57 ($1.97 in chips) 
Seat 8: MATEMATIK ($4.04 in chips) 
Seat 9: zyaleniyeg ($2.11 in chips) 
zuszek85: posts small blind $0.01
Crappz: posts big blind $0.02
*** HOLE CARDS ***
Dealt to Dorex2007 [As Qs]
VASGA: folds 
Dorex2007: raises $0.04 to $0.06
seakam: folds 
rb1bka57: folds 
MATEMATIK: folds 
zyaleniyeg: folds 
zuszek85: folds 
Crappz: folds 
Uncalled bet ($0.04) returned to Dorex2007
Dorex2007 collected $0.05 from pot
Dorex2007: doesn't show hand 
*** SUMMARY ***
Total pot $0.05 | Rake $0 
Seat 2: zuszek85 (small blind) folded before Flop
Seat 3: Crappz (big blind) folded before Flop
Seat 4: VASGA folded before Flop (didn't bet)
Seat 5: Dorex2007 collected ($0.05)
Seat 6: seakam folded before Flop (didn't bet)
Seat 7: rb1bka57 folded before Flop (didn't bet)
Seat 8: MATEMATIK folded before Flop (didn't bet)
Seat 9: zyaleniyeg (button) folded before Flop (didn't bet)



PokerStars Hand #224056427274:  Hold'em No Limit ($0.01/$0.02 USD) - 2021/02/21 0:50:58 PT [2021/02/21 3:50:58 ET]
Table 'Brunonia V' 9-max Seat #2 is the button
Seat 2: zuszek85 ($1.64 in chips) 
Seat 3: Crappz ($2.18 in chips) 
Seat 5: Dorex2007 ($1.59 in chips) 
Seat 6: seakam ($2.50 in chips) 
Seat 7: rb1bka57 ($1.97 in chips) 
Seat 8: MATEMATIK ($4.04 in chips) 
Seat 9: zyaleniyeg ($2.11 in chips) 
Crappz: posts small blind $0.01
Dorex2007: posts big blind $0.02
*** HOLE CARDS ***
Dealt to Dorex2007 [5c 4d]
seakam: folds 
rb1bka57: folds 
MATEMATIK: folds 
zyaleniyeg: folds 
zuszek85: folds 
Crappz: folds 
Uncalled bet ($0.01) returned to Dorex2007
Dorex2007 collected $0.02 from pot
Dorex2007: doesn't show hand 
*** SUMMARY ***
Total pot $0.02 | Rake $0 
Seat 2: zuszek85 (button) folded before Flop (didn't bet)
Seat 3: Crappz (small blind) folded before Flop
Seat 5: Dorex2007 (big blind) collected ($0.02)
Seat 6: seakam folded before Flop (didn't bet)
Seat 7: rb1bka57 folded before Flop (didn't bet)
Seat 8: MATEMATIK folded before Flop (didn't bet)
Seat 9: zyaleniyeg folded before Flop (didn't bet)



PokerStars Hand #224056431807:  Hold'em No Limit ($0.01/$0.02 USD) - 2021/02/21 0:51:15 PT [2021/02/21 3:51:15 ET]
Table 'Brunonia V' 9-max Seat #3 is the button
Seat 2: zuszek85 ($1.64 in chips) 
Seat 3: Crappz ($2.17 in chips) 
Seat 5: Dorex2007 ($1.60 in chips) 
Seat 6: seakam ($2.50 in chips) 
Seat 7: rb1bka57 ($1.97 in chips) 
Seat 8: MATEMATIK ($4.04 in chips) 
Seat 9: zyaleniyeg ($2.11 in chips) 
Dorex2007: posts small blind $0.01
seakam: posts big blind $0.02
*** HOLE CARDS ***
Dealt to Dorex2007 [5h 4h]
rb1bka57: folds 
MATEMATIK: folds 
zyaleniyeg: folds 
zuszek85: folds 
Crappz: folds 
Dorex2007: folds 
Uncalled bet ($0.01) returned to seakam
seakam collected $0.02 from pot
seakam: doesn't show hand 
*** SUMMARY ***
Total pot $0.02 | Rake $0 
Seat 2: zuszek85 folded before Flop (didn't bet)
Seat 3: Crappz (button) folded before Flop (didn't bet)
Seat 5: Dorex2007 (small blind) folded before Flop
Seat 6: seakam (big blind) collected ($0.02)
Seat 7: rb1bka57 folded before Flop (didn't bet)
Seat 8: MATEMATIK folded before Flop (didn't bet)
Seat 9: zyaleniyeg folded before Flop (didn't bet)



PokerStars Hand #224056434291:  Hold'em No Limit ($0.01/$0.02 USD) - 2021/02/21 0:51:25 PT [2021/02/21 3:51:25 ET]
Table 'Brunonia V' 9-max Seat #5 is the button
Seat 2: zuszek85 ($1.64 in chips) 
Seat 3: Crappz ($2.17 in chips) 
Seat 5: Dorex2007 ($1.59 in chips) 
Seat 6: seakam ($2.51 in chips) 
Seat 7: rb1bka57 ($1.97 in chips) 
Seat 8: MATEMATIK ($4.04 in chips) 
Seat 9: zyaleniyeg ($2.11 in chips) 
seakam: posts small blind $0.01
rb1bka57: posts big blind $0.02
*** HOLE CARDS ***
Dealt to Dorex2007 [4s Ad]
MATEMATIK: folds 
zyaleniyeg: folds 
zuszek85: calls $0.02
Crappz: raises $0.02 to $0.04
Dorex2007: folds 
seakam: folds 
rb1bka57: folds 
zuszek85: calls $0.02
*** FLOP *** [9h 9d 9c]
zuszek85: bets $0.02
Crappz: calls $0.02
*** TURN *** [9h 9d 9c] [Js]
zuszek85: bets $0.02
Crappz: calls $0.02
*** RIVER *** [9h 9d 9c Js] [2h]
zuszek85: bets $0.02
Crappz: raises $0.06 to $0.08
zuszek85: calls $0.06
*** SHOW DOWN ***
Crappz: shows [Jd Td] (a full house, Nines full of Jacks)
AlexxxBogum is disconnected 
zuszek85: mucks hand 
Crappz collected $0.34 from pot
*** SUMMARY ***
Total pot $0.35 | Rake $0.01 
Board [9h 9d 9c Js 2h]
Seat 2: zuszek85 mucked [8h 8c]
Seat 3: Crappz showed [Jd Td] and won ($0.34) with a full house, Nines full of Jacks
Seat 5: Dorex2007 (button) folded before Flop (didn't bet)
Seat 6: seakam (small blind) folded before Flop
Seat 7: rb1bka57 (big blind) folded before Flop
Seat 8: MATEMATIK folded before Flop (didn't bet)
Seat 9: zyaleniyeg folded before Flop (didn't bet)



PokerStars Hand #224056443093:  Hold'em No Limit ($0.01/$0.02 USD) - 2021/02/21 0:51:59 PT [2021/02/21 3:51:59 ET]
Table 'Brunonia V' 9-max Seat #6 is the button
Seat 2: zuszek85 ($1.48 in chips) 
Seat 3: Crappz ($2.35 in chips) 
Seat 5: Dorex2007 ($1.59 in chips) 
Seat 6: seakam ($2.50 in chips) 
Seat 7: rb1bka57 ($1.95 in chips) 
Seat 8: MATEMATIK ($4.04 in chips) 
Seat 9: zyaleniyeg ($2.11 in chips) 
rb1bka57: posts small blind $0.01
MATEMATIK: posts big blind $0.02
*** HOLE CARDS ***
Dealt to Dorex2007 [Ad 7c]
zyaleniyeg: folds 
zuszek85: calls $0.02
Crappz: folds 
Dorex2007: raises $0.02 to $0.04
seakam: folds 
rb1bka57: folds 
MATEMATIK: calls $0.02
zuszek85: calls $0.02
*** FLOP *** [5d Tc 5s]
MATEMATIK: checks 
zuszek85: checks 
Dorex2007: bets $0.07
MATEMATIK: calls $0.07
zuszek85: folds 
*** TURN *** [5d Tc 5s] [Kc]
MATEMATIK: checks 
Dorex2007: checks 
*** RIVER *** [5d Tc 5s Kc] [Ah]
MATEMATIK: bets $0.28
Dorex2007: calls $0.28
*** SHOW DOWN ***
MATEMATIK: shows [5h 9h] (three of a kind, Fives)
Dorex2007: mucks hand 
MATEMATIK collected $0.80 from pot
*** SUMMARY ***
Total pot $0.83 | Rake $0.03 
Board [5d Tc 5s Kc Ah]
Seat 2: zuszek85 folded on the Flop
Seat 3: Crappz folded before Flop (didn't bet)
Seat 5: Dorex2007 mucked [Ad 7c]
Seat 6: seakam (button) folded before Flop (didn't bet)
Seat 7: rb1bka57 (small blind) folded before Flop
Seat 8: MATEMATIK (big blind) showed [5h 9h] and won ($0.80) with three of a kind, Fives
Seat 9: zyaleniyeg folded before Flop (didn't bet)



PokerStars Hand #224056456118:  Hold'em No Limit ($0.01/$0.02 USD) - 2021/02/21 0:52:50 PT [2021/02/21 3:52:50 ET]
Table 'Brunonia V' 9-max Seat #7 is the button
Seat 2: zuszek85 ($1.44 in chips) 
Seat 3: Crappz ($2.35 in chips) 
Seat 5: Dorex2007 ($1.20 in chips) 
Seat 6: seakam ($2.50 in chips) 
Seat 7: rb1bka57 ($1.94 in chips) 
Seat 8: MATEMATIK ($4.45 in chips) 
Seat 9: zyaleniyeg ($2.11 in chips) 
MATEMATIK: posts small blind $0.01
zyaleniyeg: posts big blind $0.02
*** HOLE CARDS ***
Dealt to Dorex2007 [Kh 4h]
zuszek85: folds 
Crappz: folds 
Dorex2007: calls $0.02
seakam: raises $0.06 to $0.08
rb1bka57: folds 
MATEMATIK: folds 
zyaleniyeg: calls $0.06
Dorex2007: calls $0.06
*** FLOP *** [7c 9s 5h]
zyaleniyeg: checks 
Dorex2007: checks 
seakam: checks 
*** TURN *** [7c 9s 5h] [Jd]
zyaleniyeg: checks 
Dorex2007: checks 
seakam: bets $0.12
zyaleniyeg: calls $0.12
Dorex2007: folds 
*** RIVER *** [7c 9s 5h Jd] [Ad]
zyaleniyeg: checks 
seakam: checks 
*** SHOW DOWN ***
zyaleniyeg: shows [Ah Th] (a pair of Aces)
seakam: mucks hand 
zyaleniyeg collected $0.47 from pot
*** SUMMARY ***
Total pot $0.49 | Rake $0.02 
Board [7c 9s 5h Jd Ad]
Seat 2: zuszek85 folded before Flop (didn't bet)
Seat 3: Crappz folded before Flop (didn't bet)
Seat 5: Dorex2007 folded on the Turn
Seat 6: seakam mucked [Qs Js]
Seat 7: rb1bka57 (button) folded before Flop (didn't bet)
Seat 8: MATEMATIK (small blind) folded before Flop
Seat 9: zyaleniyeg (big blind) showed [Ah Th] and won ($0.47) with a pair of Aces



PokerStars Hand #224056467227:  Hold'em No Limit ($0.01/$0.02 USD) - 2021/02/21 0:53:33 PT [2021/02/21 3:53:33 ET]
Table 'Brunonia V' 9-max Seat #8 is the button
Seat 2: zuszek85 ($1.44 in chips) 
Seat 3: Crappz ($2.35 in chips) 
Seat 5: Dorex2007 ($1.12 in chips) 
Seat 6: seakam ($2.30 in chips) 
Seat 7: rb1bka57 ($2 in chips) 
Seat 8: MATEMATIK ($4.44 in chips) 
Seat 9: zyaleniyeg ($2.38 in chips) 
zyaleniyeg: posts small blind $0.01
zuszek85: posts big blind $0.02
*** HOLE CARDS ***
Dealt to Dorex2007 [7c Td]
Crappz: folds 
Dorex2007: folds 
seakam: folds 
rb1bka57: folds 
MATEMATIK: folds 
zyaleniyeg: folds 
Uncalled bet ($0.01) returned to zuszek85
zuszek85 collected $0.02 from pot
*** SUMMARY ***
Total pot $0.02 | Rake $0 
Seat 2: zuszek85 (big blind) collected ($0.02)
Seat 3: Crappz folded before Flop (didn't bet)
Seat 5: Dorex2007 folded before Flop (didn't bet)
Seat 6: seakam folded before Flop (didn't bet)
Seat 7: rb1bka57 folded before Flop (didn't bet)
Seat 8: MATEMATIK (button) folded before Flop (didn't bet)
Seat 9: zyaleniyeg (small blind) folded before Flop



PokerStars Hand #224056471028:  Hold'em No Limit ($0.01/$0.02 USD) - 2021/02/21 0:53:48 PT [2021/02/21 3:53:48 ET]
Table 'Brunonia V' 9-max Seat #9 is the button
Seat 2: zuszek85 ($1.45 in chips) 
Seat 3: Crappz ($2.35 in chips) 
Seat 5: Dorex2007 ($1.12 in chips) 
Seat 6: seakam ($2.30 in chips) 
Seat 7: rb1bka57 ($2 in chips) 
Seat 8: MATEMATIK ($4.44 in chips) 
Seat 9: zyaleniyeg ($2.37 in chips) 
zuszek85: posts small blind $0.01
Crappz: posts big blind $0.02
*** HOLE CARDS ***
Dealt to Dorex2007 [9c 7s]
Dorex2007: folds 
seakam: folds 
rb1bka57: folds 
MATEMATIK: folds 
zyaleniyeg: folds 
zuszek85: folds 
Uncalled bet ($0.01) returned to Crappz
Crappz collected $0.02 from pot
Crappz: doesn't show hand 
*** SUMMARY ***
Total pot $0.02 | Rake $0 
Seat 2: zuszek85 (small blind) folded before Flop
Seat 3: Crappz (big blind) collected ($0.02)
Seat 5: Dorex2007 folded before Flop (didn't bet)
Seat 6: seakam folded before Flop (didn't bet)
Seat 7: rb1bka57 folded before Flop (didn't bet)
Seat 8: MATEMATIK folded before Flop (didn't bet)
Seat 9: zyaleniyeg (button) folded before Flop (didn't bet)



PokerStars Hand #224056475016:  Hold'em No Limit ($0.01/$0.02 USD) - 2021/02/21 0:54:04 PT [2021/02/21 3:54:04 ET]
Table 'Brunonia V' 9-max Seat #2 is the button
Seat 2: zuszek85 ($1.44 in chips) 
Seat 3: Crappz ($2.36 in chips) 
Seat 5: Dorex2007 ($1.12 in chips) 
Seat 6: seakam ($2.30 in chips) 
Seat 7: rb1bka57 ($2 in chips) 
Seat 8: MATEMATIK ($4.44 in chips) 
Seat 9: zyaleniyeg ($2.37 in chips) 
Crappz: posts small blind $0.01
Dorex2007: posts big blind $0.02
*** HOLE CARDS ***
Dealt to Dorex2007 [5d Tc]
seakam: raises $0.06 to $0.08
rb1bka57: folds 
MATEMATIK: calls $0.08
zyaleniyeg: folds 
zuszek85: folds 
Crappz: folds 
Dorex2007: folds 
*** FLOP *** [9s 8h Qs]
seakam: bets $0.09
MATEMATIK: calls $0.09
*** TURN *** [9s 8h Qs] [2c]
seakam: bets $0.18
MATEMATIK: folds 
Uncalled bet ($0.18) returned to seakam
seakam collected $0.36 from pot
seakam: doesn't show hand 
*** SUMMARY ***
Total pot $0.37 | Rake $0.01 
Board [9s 8h Qs 2c]
Seat 2: zuszek85 (button) folded before Flop (didn't bet)
Seat 3: Crappz (small blind) folded before Flop
Seat 5: Dorex2007 (big blind) folded before Flop
Seat 6: seakam collected ($0.36)
Seat 7: rb1bka57 folded before Flop (didn't bet)
Seat 8: MATEMATIK folded on the Turn
Seat 9: zyaleniyeg folded before Flop (didn't bet)



PokerStars Hand #224056486234:  Hold'em No Limit ($0.01/$0.02 USD) - 2021/02/21 0:54:47 PT [2021/02/21 3:54:47 ET]
Table 'Brunonia V' 9-max Seat #3 is the button
Seat 2: zuszek85 ($1.44 in chips) 
Seat 3: Crappz ($2.35 in chips) 
Seat 5: Dorex2007 ($1.10 in chips) 
Seat 6: seakam ($2.49 in chips) 
Seat 7: rb1bka57 ($2 in chips) 
Seat 8: MATEMATIK ($4.27 in chips) 
Seat 9: zyaleniyeg ($2.37 in chips) 
Dorex2007: posts small blind $0.01
seakam: posts big blind $0.02
*** HOLE CARDS ***
Dealt to Dorex2007 [3s 4d]
rb1bka57: folds 
MATEMATIK: folds 
zyaleniyeg: raises $0.04 to $0.06
zuszek85: folds 
Crappz: folds 
Dorex2007: folds 
seakam: folds 
Uncalled bet ($0.04) returned to zyaleniyeg
zyaleniyeg collected $0.05 from pot
*** SUMMARY ***
Total pot $0.05 | Rake $0 
Seat 2: zuszek85 folded before Flop (didn't bet)
Seat 3: Crappz (button) folded before Flop (didn't bet)
Seat 5: Dorex2007 (small blind) folded before Flop
Seat 6: seakam (big blind) folded before Flop
Seat 7: rb1bka57 folded before Flop (didn't bet)
Seat 8: MATEMATIK folded before Flop (didn't bet)
Seat 9: zyaleniyeg collected ($0.05)



PokerStars Hand #224056491211:  Hold'em No Limit ($0.01/$0.02 USD) - 2021/02/21 0:55:07 PT [2021/02/21 3:55:07 ET]
Table 'Brunonia V' 9-max Seat #5 is the button
Seat 2: zuszek85 ($1.44 in chips) 
Seat 3: Crappz ($2.35 in chips) 
Seat 5: Dorex2007 ($1.09 in chips) 
Seat 6: seakam ($2.47 in chips) 
Seat 7: rb1bka57 ($2 in chips) 
Seat 8: MATEMATIK ($4.27 in chips) 
Seat 9: zyaleniyeg ($2.40 in chips) 
seakam: posts small blind $0.01
rb1bka57: posts big blind $0.02
*** HOLE CARDS ***
Dealt to Dorex2007 [6c 9h]
MATEMATIK: folds 
zyaleniyeg: raises $0.04 to $0.06
zuszek85: folds 
Crappz: folds 
Dorex2007: folds 
seakam: folds 
rb1bka57: folds 
Uncalled bet ($0.04) returned to zyaleniyeg
zyaleniyeg collected $0.05 from pot
*** SUMMARY ***
Total pot $0.05 | Rake $0 
Seat 2: zuszek85 folded before Flop (didn't bet)
Seat 3: Crappz folded before Flop (didn't bet)
Seat 5: Dorex2007 (button) folded before Flop (didn't bet)
Seat 6: seakam (small blind) folded before Flop
Seat 7: rb1bka57 (big blind) folded before Flop
Seat 8: MATEMATIK folded before Flop (didn't bet)
Seat 9: zyaleniyeg collected ($0.05)



PokerStars Hand #224056497197:  Hold'em No Limit ($0.01/$0.02 USD) - 2021/02/21 0:55:34 PT [2021/02/21 3:55:34 ET]
Table 'Brunonia V' 9-max Seat #6 is the button
Seat 2: zuszek85 ($1.44 in chips) 
Seat 3: Crappz ($2.35 in chips) 
Seat 5: Dorex2007 ($1.09 in chips) 
Seat 6: seakam ($2.46 in chips) 
Seat 7: rb1bka57 ($1.98 in chips) 
Seat 8: MATEMATIK ($4.27 in chips) 
Seat 9: zyaleniyeg ($2.43 in chips) 
rb1bka57: posts small blind $0.01
MATEMATIK: posts big blind $0.02
*** HOLE CARDS ***
Dealt to Dorex2007 [6h 2s]
zyaleniyeg: calls $0.02
zuszek85: calls $0.02
Crappz: folds 
Dorex2007: folds 
seakam: folds 
rb1bka57: folds 
MATEMATIK: checks 
*** FLOP *** [8h 8c Ks]
rb1bka57 leaves the table
hiker1201 joins the table at seat #7 
MATEMATIK: checks 
zyaleniyeg: checks 
zuszek85: checks 
*** TURN *** [8h 8c Ks] [Qc]
MATEMATIK: checks 
zyaleniyeg: checks 
zuszek85: checks 
*** RIVER *** [8h 8c Ks Qc] [Ac]
MATEMATIK: checks 
zyaleniyeg: bets $0.02
zuszek85: raises $0.04 to $0.06
MATEMATIK: calls $0.06
zyaleniyeg: folds 
*** SHOW DOWN ***
zuszek85: shows [5c 6c] (a flush, Ace high)
MATEMATIK: mucks hand 
zuszek85 collected $0.20 from pot
*** SUMMARY ***
Total pot $0.21 | Rake $0.01 
Board [8h 8c Ks Qc Ac]
Seat 2: zuszek85 showed [5c 6c] and won ($0.20) with a flush, Ace high
Seat 3: Crappz folded before Flop (didn't bet)
Seat 5: Dorex2007 folded before Flop (didn't bet)
Seat 6: seakam (button) folded before Flop (didn't bet)
Seat 7: rb1bka57 (small blind) folded before Flop
Seat 8: MATEMATIK (big blind) mucked [Td Ad]
Seat 9: zyaleniyeg folded on the River



PokerStars Hand #224056519855:  Hold'em No Limit ($0.01/$0.02 USD) - 2021/02/21 0:57:16 PT [2021/02/21 3:57:16 ET]
Table 'Brunonia V' 9-max Seat #8 is the button
Seat 1: AlexxxBogum ($2.02 in chips) 
Seat 2: zuszek85 ($1.56 in chips) 
Seat 4: VASGA ($2.71 in chips) 
Seat 5: Dorex2007 ($1.09 in chips) 
Seat 6: seakam ($2.46 in chips) 
Seat 7: hiker1201 ($2 in chips) 
Seat 8: MATEMATIK ($4.19 in chips) 
Seat 9: zyaleniyeg ($2.39 in chips) 
zyaleniyeg: posts small blind $0.01
AlexxxBogum: posts big blind $0.02
VASGA: posts small & big blinds $0.03
hiker1201: posts big blind $0.02
*** HOLE CARDS ***
Dealt to Dorex2007 [7h 5s]
zuszek85: folds 
VASGA: checks 
Dorex2007: folds 
seakam: folds 
hiker1201: checks 
MATEMATIK: raises $0.10 to $0.12
zyaleniyeg: folds 
AlexxxBogum: folds 
VASGA: calls $0.10
hiker1201: folds 
*** FLOP *** [Kh Js 7d]
VASGA: checks 
MATEMATIK: bets $0.15
VASGA: folds 
Uncalled bet ($0.15) returned to MATEMATIK
MATEMATIK collected $0.29 from pot
MATEMATIK: doesn't show hand 
*** SUMMARY ***
Total pot $0.30 | Rake $0.01 
Board [Kh Js 7d]
Seat 1: AlexxxBogum (big blind) folded before Flop
Seat 2: zuszek85 folded before Flop (didn't bet)
Seat 4: VASGA folded on the Flop
Seat 5: Dorex2007 folded before Flop (didn't bet)
Seat 6: seakam folded before Flop (didn't bet)
Seat 7: hiker1201 folded before Flop (didn't bet)
Seat 8: MATEMATIK (button) collected ($0.29)
Seat 9: zyaleniyeg (small blind) folded before Flop



PokerStars Hand #224056531154:  Hold'em No Limit ($0.01/$0.02 USD) - 2021/02/21 0:58:07 PT [2021/02/21 3:58:07 ET]
Table 'Brunonia V' 9-max Seat #9 is the button
Seat 1: AlexxxBogum ($2 in chips) 
Seat 2: zuszek85 ($1.56 in chips) 
Seat 3: Crappz ($2.35 in chips) 
Seat 4: VASGA ($2.58 in chips) 
Seat 5: Dorex2007 ($1.09 in chips) 
Seat 6: seakam ($2.46 in chips) 
Seat 7: hiker1201 ($1.98 in chips) 
Seat 8: MATEMATIK ($4.36 in chips) 
Seat 9: zyaleniyeg ($2.38 in chips) 
AlexxxBogum: posts small blind $0.01
zuszek85: posts big blind $0.02
*** HOLE CARDS ***
Dealt to Dorex2007 [Qh 3c]
Crappz has timed out
Crappz: folds 
VASGA: folds 
Dorex2007: folds 
seakam: folds 
hiker1201: folds 
MATEMATIK: calls $0.02
zyaleniyeg: raises $0.06 to $0.08
AlexxxBogum: folds 
zuszek85: folds 
MATEMATIK: calls $0.06
*** FLOP *** [Tc 5s Kc]
MATEMATIK: checks 
zyaleniyeg: checks 
*** TURN *** [Tc 5s Kc] [9c]
MATEMATIK: checks 
zyaleniyeg: bets $0.09
MATEMATIK: folds 
Uncalled bet ($0.09) returned to zyaleniyeg
zyaleniyeg collected $0.18 from pot
*** SUMMARY ***
Total pot $0.19 | Rake $0.01 
Board [Tc 5s Kc 9c]
Seat 1: AlexxxBogum (small blind) folded before Flop
Seat 2: zuszek85 (big blind) folded before Flop
Seat 3: Crappz folded before Flop (didn't bet)
Seat 4: VASGA folded before Flop (didn't bet)
Seat 5: Dorex2007 folded before Flop (didn't bet)
Seat 6: seakam folded before Flop (didn't bet)
Seat 7: hiker1201 folded before Flop (didn't bet)
Seat 8: MATEMATIK folded on the Turn
Seat 9: zyaleniyeg (button) collected ($0.18)



PokerStars Hand #224056548904:  Hold'em No Limit ($0.01/$0.02 USD) - 2021/02/21 0:59:27 PT [2021/02/21 3:59:27 ET]
Table 'Brunonia V' 9-max Seat #1 is the button
Seat 1: AlexxxBogum ($1.99 in chips) 
Seat 2: zuszek85 ($1.54 in chips) 
Seat 3: Crappz ($2.35 in chips) 
Seat 4: VASGA ($2.58 in chips) 
Seat 5: Dorex2007 ($1.09 in chips) 
Seat 6: seakam ($2.46 in chips) 
Seat 7: hiker1201 ($1.98 in chips) 
Seat 8: MATEMATIK ($4.28 in chips) 
Seat 9: zyaleniyeg ($2.48 in chips) 
zuszek85: posts small blind $0.01
Crappz: posts big blind $0.02
*** HOLE CARDS ***
Dealt to Dorex2007 [9c 5s]
VASGA: calls $0.02
Dorex2007: folds 
seakam: folds 
hiker1201: folds 
MATEMATIK: folds 
zyaleniyeg: folds 
AlexxxBogum: raises $0.12 to $0.14
zuszek85: folds 
Crappz: folds 
VASGA: calls $0.12
*** FLOP *** [6s 4d Qc]
VASGA: checks 
AlexxxBogum: checks 
*** TURN *** [6s 4d Qc] [5d]
VASGA: bets $0.15
AlexxxBogum: folds 
Uncalled bet ($0.15) returned to VASGA
VASGA collected $0.30 from pot
VASGA: doesn't show hand 
*** SUMMARY ***
Total pot $0.31 | Rake $0.01 
Board [6s 4d Qc 5d]
Seat 1: AlexxxBogum (button) folded on the Turn
Seat 2: zuszek85 (small blind) folded before Flop
Seat 3: Crappz (big blind) folded before Flop
Seat 4: VASGA collected ($0.30)
Seat 5: Dorex2007 folded before Flop (didn't bet)
Seat 6: seakam folded before Flop (didn't bet)
Seat 7: hiker1201 folded before Flop (didn't bet)
Seat 8: MATEMATIK folded before Flop (didn't bet)
Seat 9: zyaleniyeg folded before Flop (didn't bet)



PokerStars Hand #224056565959:  Hold'em No Limit ($0.01/$0.02 USD) - 2021/02/21 1:00:08 PT [2021/02/21 4:00:08 ET]
Table 'Brunonia V' 9-max Seat #2 is the button
Seat 1: AlexxxBogum ($1.85 in chips) 
Seat 2: zuszek85 ($1.53 in chips) 
Seat 3: Crappz ($2.33 in chips) 
Seat 4: VASGA ($2.74 in chips) 
Seat 5: Dorex2007 ($1.09 in chips) 
Seat 6: seakam ($2.46 in chips) 
Seat 7: hiker1201 ($1.98 in chips) 
Seat 8: MATEMATIK ($4.28 in chips) 
Seat 9: zyaleniyeg ($2.48 in chips) 
Crappz: posts small blind $0.01
VASGA: posts big blind $0.02
*** HOLE CARDS ***
Dealt to Dorex2007 [Td 4d]
Dorex2007: folds 
seakam: folds 
hiker1201: folds 
MATEMATIK: folds 
zyaleniyeg: raises $0.04 to $0.06
AlexxxBogum: folds 
zuszek85: folds 
Crappz: folds 
VASGA: calls $0.04
*** FLOP *** [Ks Ts 5c]
VASGA: checks 
zyaleniyeg: checks 
*** TURN *** [Ks Ts 5c] [As]
VASGA: checks 
zyaleniyeg: checks 
*** RIVER *** [Ks Ts 5c As] [9h]
VASGA: checks 
zyaleniyeg: bets $0.02
VASGA: folds 
Uncalled bet ($0.02) returned to zyaleniyeg
zyaleniyeg collected $0.13 from pot
*** SUMMARY ***
Total pot $0.13 | Rake $0 
Board [Ks Ts 5c As 9h]
Seat 1: AlexxxBogum folded before Flop (didn't bet)
Seat 2: zuszek85 (button) folded before Flop (didn't bet)
Seat 3: Crappz (small blind) folded before Flop
Seat 4: VASGA (big blind) folded on the River
Seat 5: Dorex2007 folded before Flop (didn't bet)
Seat 6: seakam folded before Flop (didn't bet)
Seat 7: hiker1201 folded before Flop (didn't bet)
Seat 8: MATEMATIK folded before Flop (didn't bet)
Seat 9: zyaleniyeg collected ($0.13)



PokerStars Hand #224056576621:  Hold'em No Limit ($0.01/$0.02 USD) - 2021/02/21 1:00:53 PT [2021/02/21 4:00:53 ET]
Table 'Brunonia V' 9-max Seat #3 is the button
Seat 1: AlexxxBogum ($1.85 in chips) 
Seat 2: zuszek85 ($1.53 in chips) 
Seat 3: Crappz ($2.32 in chips) 
Seat 4: VASGA ($2.68 in chips) 
Seat 5: Dorex2007 ($1.09 in chips) 
Seat 6: seakam ($2.46 in chips) 
Seat 7: hiker1201 ($1.98 in chips) 
Seat 8: MATEMATIK ($4.28 in chips) 
Seat 9: zyaleniyeg ($2.55 in chips) 
VASGA: posts small blind $0.01
Dorex2007: posts big blind $0.02
*** HOLE CARDS ***
Dealt to Dorex2007 [Js 4d]
seakam: folds 
hiker1201: raises $0.04 to $0.06
MATEMATIK has timed out
MATEMATIK: folds 
zyaleniyeg: folds 
AlexxxBogum: folds 
zuszek85: folds 
Crappz: folds 
VASGA: calls $0.05
Dorex2007: folds 
*** FLOP *** [As Kd 3s]
VASGA: checks 
MATEMATIK is disconnected 
hiker1201: bets $0.06
VASGA: folds 
Uncalled bet ($0.06) returned to hiker1201
hiker1201 collected $0.14 from pot
hiker1201: doesn't show hand 
*** SUMMARY ***
Total pot $0.14 | Rake $0 
Board [As Kd 3s]
Seat 1: AlexxxBogum folded before Flop (didn't bet)
Seat 2: zuszek85 folded before Flop (didn't bet)
Seat 3: Crappz (button) folded before Flop (didn't bet)
Seat 4: VASGA (small blind) folded on the Flop
Seat 5: Dorex2007 (big blind) folded before Flop
Seat 6: seakam folded before Flop (didn't bet)
Seat 7: hiker1201 collected ($0.14)
Seat 8: MATEMATIK folded before Flop (didn't bet)
Seat 9: zyaleniyeg folded before Flop (didn't bet)



PokerStars Hand #224056593153:  Hold'em No Limit ($0.01/$0.02 USD) - 2021/02/21 1:01:59 PT [2021/02/21 4:01:59 ET]
Table 'Brunonia V' 9-max Seat #4 is the button
Seat 1: AlexxxBogum ($1.85 in chips) 
Seat 2: zuszek85 ($1.53 in chips) 
Seat 3: Crappz ($2.32 in chips) 
Seat 4: VASGA ($2.62 in chips) 
Seat 5: Dorex2007 ($1.07 in chips) 
Seat 6: seakam ($2.46 in chips) 
Seat 7: hiker1201 ($2.06 in chips) 
Seat 9: zyaleniyeg ($2.55 in chips) 
Dorex2007: posts small blind $0.01
seakam: posts big blind $0.02
*** HOLE CARDS ***
Dealt to Dorex2007 [Qd Ah]
hiker1201: folds 
zyaleniyeg: folds 
AlexxxBogum: raises $0.08 to $0.10
zuszek85: folds 
Crappz: folds 
VASGA: folds 
Dorex2007: calls $0.09
seakam: calls $0.08
*** FLOP *** [Td 6s 9d]
Dorex2007: bets $0.15
seakam: calls $0.15
AlexxxBogum: folds 
*** TURN *** [Td 6s 9d] [9s]
Dorex2007: bets $0.58
seakam: raises $0.58 to $1.16
Dorex2007: folds 
Uncalled bet ($0.58) returned to seakam
seakam collected $1.70 from pot
seakam: doesn't show hand 
*** SUMMARY ***
Total pot $1.76 | Rake $0.06 
Board [Td 6s 9d 9s]
Seat 1: AlexxxBogum folded on the Flop
Seat 2: zuszek85 folded before Flop (didn't bet)
Seat 3: Crappz folded before Flop (didn't bet)
Seat 4: VASGA (button) folded before Flop (didn't bet)
Seat 5: Dorex2007 (small blind) folded on the Turn
Seat 6: seakam (big blind) collected ($1.70)
Seat 7: hiker1201 folded before Flop (didn't bet)
Seat 9: zyaleniyeg folded before Flop (didn't bet)



PokerStars Hand #224056609442:  Hold'em No Limit ($0.01/$0.02 USD) - 2021/02/21 1:03:03 PT [2021/02/21 4:03:03 ET]
Table 'Brunonia V' 9-max Seat #5 is the button
Seat 1: AlexxxBogum ($2 in chips) 
Seat 2: zuszek85 ($1.53 in chips) 
Seat 3: Crappz ($2.32 in chips) 
Seat 4: VASGA ($2.62 in chips) 
Seat 5: Dorex2007 ($0.24 in chips) 
Seat 6: seakam ($3.33 in chips) 
Seat 7: hiker1201 ($2.06 in chips) 
Seat 8: MATEMATIK ($4.28 in chips) 
Seat 9: zyaleniyeg ($2.55 in chips) 
seakam: posts small blind $0.01
hiker1201: posts big blind $0.02
*** HOLE CARDS ***
Dealt to Dorex2007 [6d 6h]
MATEMATIK has timed out
MATEMATIK: folds 
zyaleniyeg: raises $0.04 to $0.06
AlexxxBogum: folds 
zuszek85: folds 
Crappz: folds 
VASGA: folds 
Dorex2007: folds 
seakam: folds 
hiker1201: folds 
Uncalled bet ($0.04) returned to zyaleniyeg
zyaleniyeg collected $0.05 from pot
*** SUMMARY ***
Total pot $0.05 | Rake $0 
Seat 1: AlexxxBogum folded before Flop (didn't bet)
Seat 2: zuszek85 folded before Flop (didn't bet)
Seat 3: Crappz folded before Flop (didn't bet)
Seat 4: VASGA folded before Flop (didn't bet)
Seat 5: Dorex2007 (button) folded before Flop (didn't bet)
Seat 6: seakam (small blind) folded before Flop
Seat 7: hiker1201 (big blind) folded before Flop
Seat 8: MATEMATIK folded before Flop (didn't bet)
Seat 9: zyaleniyeg collected ($0.05)



PokerStars Hand #224056617085:  Hold'em No Limit ($0.01/$0.02 USD) - 2021/02/21 1:03:32 PT [2021/02/21 4:03:32 ET]
Table 'Brunonia V' 9-max Seat #6 is the button
Seat 1: AlexxxBogum ($2 in chips) 
Seat 2: zuszek85 ($1.53 in chips) 
Seat 3: Crappz ($2.32 in chips) 
Seat 4: VASGA ($2.62 in chips) 
Seat 5: Dorex2007 ($1.92 in chips) 
Seat 6: seakam ($3.32 in chips) 
Seat 7: hiker1201 ($2.04 in chips) 
Seat 8: MATEMATIK ($4.28 in chips) 
Seat 9: zyaleniyeg ($2.58 in chips) 
hiker1201: posts small blind $0.01
MATEMATIK: posts big blind $0.02
*** HOLE CARDS ***
Dealt to Dorex2007 [Ah 9h]
zyaleniyeg: folds 
AlexxxBogum: folds 
zuszek85: folds 
Crappz: folds 
VASGA: raises $0.04 to $0.06
Dorex2007: calls $0.06
seakam: folds 
hiker1201: calls $0.05
MATEMATIK: folds 
*** FLOP *** [Th 5c 8d]
hiker1201: bets $0.10
VASGA: calls $0.10
Dorex2007: folds 
*** TURN *** [Th 5c 8d] [5h]
hiker1201: bets $0.10
VASGA: raises $0.59 to $0.69
hiker1201: calls $0.59
*** RIVER *** [Th 5c 8d 5h] [Qd]
hiker1201: checks 
VASGA: bets $0.86
hiker1201: calls $0.86
*** SHOW DOWN ***
VASGA: shows [7s 5s] (three of a kind, Fives)
hiker1201: mucks hand 
VASGA collected $3.38 from pot
*** SUMMARY ***
Total pot $3.50 | Rake $0.12 
Board [Th 5c 8d 5h Qd]
Seat 1: AlexxxBogum folded before Flop (didn't bet)
Seat 2: zuszek85 folded before Flop (didn't bet)
Seat 3: Crappz folded before Flop (didn't bet)
Seat 4: VASGA showed [7s 5s] and won ($3.38) with three of a kind, Fives
Seat 5: Dorex2007 folded on the Flop
Seat 6: seakam (button) folded before Flop (didn't bet)
Seat 7: hiker1201 (small blind) mucked [Kc Tc]
Seat 8: MATEMATIK (big blind) folded before Flop
Seat 9: zyaleniyeg folded before Flop (didn't bet)



PokerStars Hand #224056642653:  Hold'em No Limit ($0.01/$0.02 USD) - 2021/02/21 1:05:10 PT [2021/02/21 4:05:10 ET]
Table 'Brunonia V' 9-max Seat #7 is the button
Seat 1: AlexxxBogum ($2 in chips) 
Seat 2: zuszek85 ($1.53 in chips) 
Seat 3: Crappz ($2.32 in chips) 
Seat 4: VASGA ($4.29 in chips) 
Seat 5: Dorex2007 ($1.86 in chips) 
Seat 6: seakam ($3.32 in chips) 
Seat 7: hiker1201 ($0.33 in chips) 
Seat 9: zyaleniyeg ($2.58 in chips) 
MATEMATIK has timed out
MATEMATIK: is sitting out 
zyaleniyeg: posts small blind $0.01
AlexxxBogum: posts big blind $0.02
*** HOLE CARDS ***
Dealt to Dorex2007 [4c 5d]
zuszek85: calls $0.02
Crappz: folds 
VASGA: folds 
Dorex2007: folds 
MATEMATIK is disconnected 
seakam: folds 
hiker1201: folds 
zyaleniyeg: raises $0.02 to $0.04
AlexxxBogum: raises $0.08 to $0.12
zuszek85: folds 
zyaleniyeg: calls $0.08
*** FLOP *** [Kd 7h 2h]
zyaleniyeg: checks 
AlexxxBogum: checks 
*** TURN *** [Kd 7h 2h] [6s]
zyaleniyeg: bets $0.08
AlexxxBogum: raises $0.08 to $0.16
zyaleniyeg: calls $0.08
*** RIVER *** [Kd 7h 2h 6s] [Ac]
zyaleniyeg: checks 
AlexxxBogum: bets $0.28
zyaleniyeg: folds 
Uncalled bet ($0.28) returned to AlexxxBogum
AlexxxBogum collected $0.56 from pot
AlexxxBogum: doesn't show hand 
*** SUMMARY ***
Total pot $0.58 | Rake $0.02 
Board [Kd 7h 2h 6s Ac]
Seat 1: AlexxxBogum (big blind) collected ($0.56)
Seat 2: zuszek85 folded before Flop
Seat 3: Crappz folded before Flop (didn't bet)
Seat 4: VASGA folded before Flop (didn't bet)
Seat 5: Dorex2007 folded before Flop (didn't bet)
Seat 6: seakam folded before Flop (didn't bet)
Seat 7: hiker1201 (button) folded before Flop (didn't bet)
Seat 9: zyaleniyeg (small blind) folded on the River



PokerStars Hand #224056657478:  Hold'em No Limit ($0.01/$0.02 USD) - 2021/02/21 1:06:06 PT [2021/02/21 4:06:06 ET]
Table 'Brunonia V' 9-max Seat #9 is the button
Seat 1: AlexxxBogum ($2.28 in chips) 
Seat 2: zuszek85 ($1.51 in chips) 
Seat 3: Crappz ($2.32 in chips) 
Seat 4: VASGA ($4.29 in chips) 
Seat 5: Dorex2007 ($1.86 in chips) 
Seat 6: seakam ($3.32 in chips) 
Seat 7: hiker1201 ($2 in chips) 
Seat 9: zyaleniyeg ($2.30 in chips) 
AlexxxBogum: posts small blind $0.01
zuszek85: posts big blind $0.02
MATEMATIK: sits out 
*** HOLE CARDS ***
Dealt to Dorex2007 [Ah 6d]
Crappz: folds 
VASGA: calls $0.02
Dorex2007: folds 
seakam: raises $0.06 to $0.08
hiker1201: folds 
zyaleniyeg: calls $0.08
AlexxxBogum: folds 
zuszek85: folds 
VASGA: calls $0.06
*** FLOP *** [5s Qc 6h]
VASGA: checks 
seakam: checks 
zyaleniyeg: checks 
*** TURN *** [5s Qc 6h] [8c]
VASGA: checks 
seakam: bets $0.17
zyaleniyeg: calls $0.17
VASGA: calls $0.17
*** RIVER *** [5s Qc 6h 8c] [7d]
VASGA: checks 
seakam: bets $0.38
zyaleniyeg: folds 
VASGA: folds 
Uncalled bet ($0.38) returned to seakam
seakam collected $0.75 from pot
seakam: doesn't show hand 
*** SUMMARY ***
Total pot $0.78 | Rake $0.03 
Board [5s Qc 6h 8c 7d]
Seat 1: AlexxxBogum (small blind) folded before Flop
Seat 2: zuszek85 (big blind) folded before Flop
Seat 3: Crappz folded before Flop (didn't bet)
Seat 4: VASGA folded on the River
Seat 5: Dorex2007 folded before Flop (didn't bet)
Seat 6: seakam collected ($0.75)
Seat 7: hiker1201 folded before Flop (didn't bet)
Seat 9: zyaleniyeg (button) folded on the River



PokerStars Hand #224056671257:  Hold'em No Limit ($0.01/$0.02 USD) - 2021/02/21 1:06:59 PT [2021/02/21 4:06:59 ET]
Table 'Brunonia V' 9-max Seat #1 is the button
Seat 1: AlexxxBogum ($2.27 in chips) 
Seat 2: zuszek85 ($1.49 in chips) 
Seat 3: Crappz ($2.32 in chips) 
Seat 4: VASGA ($4.04 in chips) 
Seat 5: Dorex2007 ($1.86 in chips) 
Seat 6: seakam ($3.82 in chips) 
Seat 7: hiker1201 ($2 in chips) 
Seat 9: zyaleniyeg ($2.05 in chips) 
zuszek85: posts small blind $0.01
Crappz: posts big blind $0.02
MATEMATIK: sits out 
*** HOLE CARDS ***
Dealt to Dorex2007 [Ts 2h]
VASGA: folds 
Dorex2007: folds 
seakam: raises $0.06 to $0.08
hiker1201: folds 
zyaleniyeg: folds 
AlexxxBogum: folds 
zuszek85: folds 
Crappz: folds 
Uncalled bet ($0.06) returned to seakam
seakam collected $0.05 from pot
seakam: doesn't show hand 
*** SUMMARY ***
Total pot $0.05 | Rake $0 
Seat 1: AlexxxBogum (button) folded before Flop (didn't bet)
Seat 2: zuszek85 (small blind) folded before Flop
Seat 3: Crappz (big blind) folded before Flop
Seat 4: VASGA folded before Flop (didn't bet)
Seat 5: Dorex2007 folded before Flop (didn't bet)
Seat 6: seakam collected ($0.05)
Seat 7: hiker1201 folded before Flop (didn't bet)
Seat 9: zyaleniyeg folded before Flop (didn't bet)



PokerStars Hand #224056676073:  Hold'em No Limit ($0.01/$0.02 USD) - 2021/02/21 1:07:16 PT [2021/02/21 4:07:16 ET]
Table 'Brunonia V' 9-max Seat #2 is the button
Seat 1: AlexxxBogum ($2.27 in chips) 
Seat 2: zuszek85 ($1.48 in chips) 
Seat 3: Crappz ($2.30 in chips) 
Seat 4: VASGA ($4.04 in chips) 
Seat 5: Dorex2007 ($1.86 in chips) 
Seat 6: seakam ($3.85 in chips) 
Seat 7: hiker1201 ($2 in chips) 
Seat 9: zyaleniyeg ($2.05 in chips) 
Crappz: posts small blind $0.01
VASGA: posts big blind $0.02
MATEMATIK: sits out 
*** HOLE CARDS ***
Dealt to Dorex2007 [4h 4s]
Dorex2007: folds 
seakam: folds 
hiker1201: folds 
zyaleniyeg: raises $0.04 to $0.06
AlexxxBogum: raises $0.08 to $0.14
zuszek85: folds 
Crappz: folds 
VASGA: folds 
zyaleniyeg: calls $0.08
*** FLOP *** [Kh 2c 3s]
zyaleniyeg: checks 
AlexxxBogum: checks 
*** TURN *** [Kh 2c 3s] [4c]
zyaleniyeg: bets $0.09
AlexxxBogum: calls $0.09
*** RIVER *** [Kh 2c 3s 4c] [3h]
zyaleniyeg: bets $0.24
AlexxxBogum: folds 
Uncalled bet ($0.24) returned to zyaleniyeg
zyaleniyeg collected $0.47 from pot
*** SUMMARY ***
Total pot $0.49 | Rake $0.02 
Board [Kh 2c 3s 4c 3h]
Seat 1: AlexxxBogum folded on the River
Seat 2: zuszek85 (button) folded before Flop (didn't bet)
Seat 3: Crappz (small blind) folded before Flop
Seat 4: VASGA (big blind) folded before Flop
Seat 5: Dorex2007 folded before Flop (didn't bet)
Seat 6: seakam folded before Flop (didn't bet)
Seat 7: hiker1201 folded before Flop (didn't bet)
Seat 9: zyaleniyeg collected ($0.47)



PokerStars Hand #224056685841:  Hold'em No Limit ($0.01/$0.02 USD) - 2021/02/21 1:07:54 PT [2021/02/21 4:07:54 ET]
Table 'Brunonia V' 9-max Seat #3 is the button
Seat 1: AlexxxBogum ($2.04 in chips) 
Seat 2: zuszek85 ($1.48 in chips) 
Seat 3: Crappz ($2.29 in chips) 
Seat 4: VASGA ($4.02 in chips) 
Seat 5: Dorex2007 ($1.86 in chips) 
Seat 6: seakam ($3.85 in chips) 
Seat 7: hiker1201 ($2 in chips) 
Seat 9: zyaleniyeg ($2.29 in chips) 
VASGA: posts small blind $0.01
Dorex2007: posts big blind $0.02
MATEMATIK: sits out 
*** HOLE CARDS ***
Dealt to Dorex2007 [8s 3c]
seakam: folds 
hiker1201: folds 
zyaleniyeg: folds 
AlexxxBogum: folds 
zuszek85 is disconnected 
zuszek85 has timed out while being disconnected
zuszek85: folds 
Crappz: folds 
VASGA: raises $0.04 to $0.06
Dorex2007: folds 
Uncalled bet ($0.04) returned to VASGA
VASGA collected $0.04 from pot
VASGA: doesn't show hand 
*** SUMMARY ***
Total pot $0.04 | Rake $0 
Seat 1: AlexxxBogum folded before Flop (didn't bet)
Seat 2: zuszek85 folded before Flop (didn't bet)
Seat 3: Crappz (button) folded before Flop (didn't bet)
Seat 4: VASGA (small blind) collected ($0.04)
Seat 5: Dorex2007 (big blind) folded before Flop
Seat 6: seakam folded before Flop (didn't bet)
Seat 7: hiker1201 folded before Flop (didn't bet)
Seat 9: zyaleniyeg folded before Flop (didn't bet)



PokerStars Hand #224056694434:  Hold'em No Limit ($0.01/$0.02 USD) - 2021/02/21 1:08:26 PT [2021/02/21 4:08:26 ET]
Table 'Brunonia V' 9-max Seat #4 is the button
Seat 1: AlexxxBogum ($2.04 in chips) 
Seat 2: zuszek85 ($1.48 in chips) 
Seat 3: Crappz ($2.29 in chips) 
Seat 4: VASGA ($4.04 in chips) 
Seat 5: Dorex2007 ($1.84 in chips) 
Seat 6: seakam ($3.85 in chips) 
Seat 7: hiker1201 ($2 in chips) 
Seat 9: zyaleniyeg ($2.29 in chips) 
Dorex2007: posts small blind $0.01
seakam: posts big blind $0.02
MATEMATIK has timed out
MATEMATIK: is sitting out 
*** HOLE CARDS ***
Dealt to Dorex2007 [Kc 9h]
hiker1201: raises $0.04 to $0.06
zyaleniyeg: folds 
AlexxxBogum: folds 
zuszek85: folds 
Crappz: folds 
VASGA: calls $0.06
Dorex2007: folds 
seakam: folds 
*** FLOP *** [Qc Js Kh]
hiker1201: bets $0.07
VASGA: calls $0.07
*** TURN *** [Qc Js Kh] [3s]
hiker1201: bets $0.06
VASGA: folds 
Uncalled bet ($0.06) returned to hiker1201
hiker1201 collected $0.28 from pot
hiker1201: doesn't show hand 
*** SUMMARY ***
Total pot $0.29 | Rake $0.01 
Board [Qc Js Kh 3s]
Seat 1: AlexxxBogum folded before Flop (didn't bet)
Seat 2: zuszek85 folded before Flop (didn't bet)
Seat 3: Crappz folded before Flop (didn't bet)
Seat 4: VASGA (button) folded on the Turn
Seat 5: Dorex2007 (small blind) folded before Flop
Seat 6: seakam (big blind) folded before Flop
Seat 7: hiker1201 collected ($0.28)
Seat 9: zyaleniyeg folded before Flop (didn't bet)



PokerStars Hand #224056705363:  Hold'em No Limit ($0.01/$0.02 USD) - 2021/02/21 1:09:08 PT [2021/02/21 4:09:08 ET]
Table 'Brunonia V' 9-max Seat #5 is the button
Seat 1: AlexxxBogum ($2.04 in chips) 
Seat 2: zuszek85 ($1.48 in chips) 
Seat 3: Crappz ($2.29 in chips) 
Seat 4: VASGA ($3.91 in chips) 
Seat 5: Dorex2007 ($1.83 in chips) 
Seat 6: seakam ($3.83 in chips) 
Seat 7: hiker1201 ($2.15 in chips) 
Seat 9: zyaleniyeg ($2.29 in chips) 
seakam: posts small blind $0.01
hiker1201: posts big blind $0.02
*** HOLE CARDS ***
Dealt to Dorex2007 [6d 4d]
zyaleniyeg: folds 
AlexxxBogum: folds 
zuszek85: folds 
Crappz: raises $0.04 to $0.06
VASGA: calls $0.06
Dorex2007: folds 
seakam: calls $0.05
hiker1201: calls $0.04
*** FLOP *** [2c 3s 7s]
seakam: checks 
hiker1201: checks 
Crappz: bets $0.12
VASGA: calls $0.12
seakam: folds 
hiker1201: folds 
*** TURN *** [2c 3s 7s] [6h]
Crappz: bets $0.23
VASGA: calls $0.23
*** RIVER *** [2c 3s 7s 6h] [5h]
Crappz: bets $0.08
VASGA: calls $0.08
*** SHOW DOWN ***
Crappz: shows [Th Ts] (a pair of Tens)
VASGA: shows [Jh Jd] (a pair of Jacks)
VASGA collected $1.06 from pot
*** SUMMARY ***
Total pot $1.10 | Rake $0.04 
Board [2c 3s 7s 6h 5h]
Seat 1: AlexxxBogum folded before Flop (didn't bet)
Seat 2: zuszek85 folded before Flop (didn't bet)
Seat 3: Crappz showed [Th Ts] and lost with a pair of Tens
Seat 4: VASGA showed [Jh Jd] and won ($1.06) with a pair of Jacks
Seat 5: Dorex2007 (button) folded before Flop (didn't bet)
Seat 6: seakam (small blind) folded on the Flop
Seat 7: hiker1201 (big blind) folded on the Flop
Seat 9: zyaleniyeg folded before Flop (didn't bet)



PokerStars Hand #224056718285:  Hold'em No Limit ($0.01/$0.02 USD) - 2021/02/21 1:09:57 PT [2021/02/21 4:09:57 ET]
Table 'Brunonia V' 9-max Seat #6 is the button
Seat 1: AlexxxBogum ($2.04 in chips) 
Seat 2: zuszek85 ($1.48 in chips) 
Seat 3: Crappz ($2 in chips) 
Seat 4: VASGA ($4.48 in chips) 
Seat 5: Dorex2007 ($1.83 in chips) 
Seat 6: seakam ($3.77 in chips) 
Seat 7: hiker1201 ($2.09 in chips) 
hiker1201: posts small blind $0.01
zyaleniyeg: is sitting out 
AlexxxBogum: posts big blind $0.02
*** HOLE CARDS ***
Dealt to Dorex2007 [Ks 8c]
zuszek85: folds 
Crappz: raises $0.04 to $0.06
VASGA: calls $0.06
Dorex2007: folds 
seakam: folds 
hiker1201: folds 
AlexxxBogum: raises $0.08 to $0.14
Crappz: folds 
VASGA: calls $0.08
*** FLOP *** [6s 2s 9s]
AlexxxBogum: bets $0.17
VASGA: folds 
Uncalled bet ($0.17) returned to AlexxxBogum
AlexxxBogum collected $0.34 from pot
AlexxxBogum: doesn't show hand 
*** SUMMARY ***
Total pot $0.35 | Rake $0.01 
Board [6s 2s 9s]
Seat 1: AlexxxBogum (big blind) collected ($0.34)
Seat 2: zuszek85 folded before Flop (didn't bet)
Seat 3: Crappz folded before Flop
Seat 4: VASGA folded on the Flop
Seat 5: Dorex2007 folded before Flop (didn't bet)
Seat 6: seakam (button) folded before Flop (didn't bet)
Seat 7: hiker1201 (small blind) folded before Flop



PokerStars Hand #224056726467:  Hold'em No Limit ($0.01/$0.02 USD) - 2021/02/21 1:10:27 PT [2021/02/21 4:10:27 ET]
Table 'Brunonia V' 9-max Seat #7 is the button
Seat 1: AlexxxBogum ($2.24 in chips) 
Seat 2: zuszek85 ($1.48 in chips) 
Seat 3: Crappz ($2 in chips) 
Seat 4: VASGA ($4.34 in chips) 
Seat 5: Dorex2007 ($1.83 in chips) 
Seat 6: seakam ($3.77 in chips) 
Seat 7: hiker1201 ($2.08 in chips) 
AlexxxBogum: posts small blind $0.01
zuszek85: posts big blind $0.02
*** HOLE CARDS ***
Dealt to Dorex2007 [4d 9h]
Crappz: folds 
VASGA: folds 
Dorex2007: folds 
seakam: folds 
hiker1201: raises $0.04 to $0.06
AlexxxBogum: raises $0.08 to $0.14
zuszek85: folds 
hiker1201: calls $0.08
*** FLOP *** [2d 9c 9d]
AlexxxBogum: checks 
hiker1201: checks 
*** TURN *** [2d 9c 9d] [2h]
AlexxxBogum: bets $0.29
hiker1201: calls $0.29
*** RIVER *** [2d 9c 9d 2h] [Td]
AlexxxBogum: bets $0.42
hiker1201: raises $0.85 to $1.27
AlexxxBogum: folds 
Uncalled bet ($0.85) returned to hiker1201
hiker1201 collected $1.66 from pot
hiker1201: doesn't show hand 
*** SUMMARY ***
Total pot $1.72 | Rake $0.06 
Board [2d 9c 9d 2h Td]
Seat 1: AlexxxBogum (small blind) folded on the River
Seat 2: zuszek85 (big blind) folded before Flop
Seat 3: Crappz folded before Flop (didn't bet)
Seat 4: VASGA folded before Flop (didn't bet)
Seat 5: Dorex2007 folded before Flop (didn't bet)
Seat 6: seakam folded before Flop (didn't bet)
Seat 7: hiker1201 (button) collected ($1.66)



PokerStars Hand #224056740017:  Hold'em No Limit ($0.01/$0.02 USD) - 2021/02/21 1:11:19 PT [2021/02/21 4:11:19 ET]
Table 'Brunonia V' 9-max Seat #1 is the button
Seat 1: AlexxxBogum ($1.39 in chips) 
Seat 2: zuszek85 ($1.46 in chips) 
Seat 3: Crappz ($2 in chips) 
Seat 4: VASGA ($4.34 in chips) 
Seat 5: Dorex2007 ($1.83 in chips) 
Seat 6: seakam ($3.77 in chips) 
Seat 7: hiker1201 ($2.89 in chips) 
zuszek85: posts small blind $0.01
Crappz: posts big blind $0.02
MATEMATIK: sits out 
zyaleniyeg: sits out 
*** HOLE CARDS ***
Dealt to Dorex2007 [2d Ts]
VASGA: folds 
Dorex2007: folds 
seakam: folds 
hiker1201: folds 
AlexxxBogum: folds 
zuszek85: calls $0.01
Crappz: checks 
*** FLOP *** [5d Kc 8d]
zuszek85: checks 
Crappz: bets $0.04
zuszek85: folds 
Uncalled bet ($0.04) returned to Crappz
Crappz collected $0.04 from pot
Crappz: doesn't show hand 
*** SUMMARY ***
Total pot $0.04 | Rake $0 
Board [5d Kc 8d]
Seat 1: AlexxxBogum (button) folded before Flop (didn't bet)
Seat 2: zuszek85 (small blind) folded on the Flop
Seat 3: Crappz (big blind) collected ($0.04)
Seat 4: VASGA folded before Flop (didn't bet)
Seat 5: Dorex2007 folded before Flop (didn't bet)
Seat 6: seakam folded before Flop (didn't bet)
Seat 7: hiker1201 folded before Flop (didn't bet)



PokerStars Hand #224056747775:  Hold'em No Limit ($0.01/$0.02 USD) - 2021/02/21 1:11:48 PT [2021/02/21 4:11:48 ET]
Table 'Brunonia V' 9-max Seat #2 is the button
Seat 1: AlexxxBogum ($2 in chips) 
Seat 2: zuszek85 ($1.44 in chips) 
Seat 3: Crappz ($2.02 in chips) 
Seat 4: VASGA ($4.34 in chips) 
Seat 5: Dorex2007 ($1.83 in chips) 
Seat 6: seakam ($3.77 in chips) 
Seat 7: hiker1201 ($2.89 in chips) 
Crappz: posts small blind $0.01
VASGA: posts big blind $0.02
MATEMATIK: sits out 
zyaleniyeg: sits out 
*** HOLE CARDS ***
Dealt to Dorex2007 [Jc 5h]
Dorex2007: folds 
seakam: folds 
hiker1201: folds 
AlexxxBogum: raises $0.08 to $0.10
zuszek85: folds 
Crappz: folds 
VASGA: calls $0.08
*** FLOP *** [Ad Js 4d]
VASGA: checks 
AlexxxBogum: bets $0.20
VASGA: folds 
Uncalled bet ($0.20) returned to AlexxxBogum
AlexxxBogum collected $0.20 from pot
AlexxxBogum: doesn't show hand 
*** SUMMARY ***
Total pot $0.21 | Rake $0.01 
Board [Ad Js 4d]
Seat 1: AlexxxBogum collected ($0.20)
Seat 2: zuszek85 (button) folded before Flop (didn't bet)
Seat 3: Crappz (small blind) folded before Flop
Seat 4: VASGA (big blind) folded on the Flop
Seat 5: Dorex2007 folded before Flop (didn't bet)
Seat 6: seakam folded before Flop (didn't bet)
Seat 7: hiker1201 folded before Flop (didn't bet)



PokerStars Hand #224056756668:  Hold'em No Limit ($0.01/$0.02 USD) - 2021/02/21 1:12:22 PT [2021/02/21 4:12:22 ET]
Table 'Brunonia V' 9-max Seat #3 is the button
Seat 1: AlexxxBogum ($2.10 in chips) 
Seat 2: zuszek85 ($1.44 in chips) 
Seat 3: Crappz ($2.01 in chips) 
Seat 4: VASGA ($4.24 in chips) 
Seat 5: Dorex2007 ($1.83 in chips) 
Seat 6: seakam ($3.77 in chips) 
Seat 7: hiker1201 ($2.89 in chips) 
VASGA: posts small blind $0.01
Dorex2007: posts big blind $0.02
MATEMATIK: sits out 
zyaleniyeg: sits out 
*** HOLE CARDS ***
Dealt to Dorex2007 [Qh 8c]
seakam: raises $0.06 to $0.08
hiker1201: folds 
AlexxxBogum: folds 
zuszek85: folds 
Crappz: folds 
VASGA: folds 
Dorex2007: folds 
Uncalled bet ($0.06) returned to seakam
seakam collected $0.05 from pot
seakam: doesn't show hand 
*** SUMMARY ***
Total pot $0.05 | Rake $0 
Seat 1: AlexxxBogum folded before Flop (didn't bet)
Seat 2: zuszek85 folded before Flop (didn't bet)
Seat 3: Crappz (button) folded before Flop (didn't bet)
Seat 4: VASGA (small blind) folded before Flop
Seat 5: Dorex2007 (big blind) folded before Flop
Seat 6: seakam collected ($0.05)
Seat 7: hiker1201 folded before Flop (didn't bet)



PokerStars Hand #224056761732:  Hold'em No Limit ($0.01/$0.02 USD) - 2021/02/21 1:12:41 PT [2021/02/21 4:12:41 ET]
Table 'Brunonia V' 9-max Seat #4 is the button
Seat 1: AlexxxBogum ($2.10 in chips) 
Seat 2: zuszek85 ($1.44 in chips) 
Seat 3: Crappz ($2.01 in chips) 
Seat 4: VASGA ($4.23 in chips) 
Seat 5: Dorex2007 ($1.81 in chips) 
Seat 7: hiker1201 ($2.89 in chips) 
Dorex2007: posts small blind $0.01
seakam: is sitting out 
hiker1201: posts big blind $0.02
MATEMATIK: sits out 
zyaleniyeg: sits out 
*** HOLE CARDS ***
Dealt to Dorex2007 [4h Qd]
AlexxxBogum: folds 
zuszek85: folds 
seakam leaves the table
Crappz: raises $0.04 to $0.06
VASGA: folds 
Dorex2007: folds 
hiker1201: folds 
Uncalled bet ($0.04) returned to Crappz
Crappz collected $0.05 from pot
Crappz: doesn't show hand 
*** SUMMARY ***
Total pot $0.05 | Rake $0 
Seat 1: AlexxxBogum folded before Flop (didn't bet)
Seat 2: zuszek85 folded before Flop (didn't bet)
Seat 3: Crappz collected ($0.05)
Seat 4: VASGA (button) folded before Flop (didn't bet)
Seat 5: Dorex2007 (small blind) folded before Flop
Seat 7: hiker1201 (big blind) folded before Flop



PokerStars Hand #224056766997:  Hold'em No Limit ($0.01/$0.02 USD) - 2021/02/21 1:13:01 PT [2021/02/21 4:13:01 ET]
Table 'Brunonia V' 9-max Seat #5 is the button
Seat 1: AlexxxBogum ($2.10 in chips) 
Seat 2: zuszek85 ($1.44 in chips) 
Seat 3: Crappz ($2.04 in chips) 
Seat 4: VASGA ($4.23 in chips) 
Seat 5: Dorex2007 ($1.80 in chips) 
Seat 7: hiker1201 ($2.87 in chips) 
Seat 8: MATEMATIK ($4.26 in chips) 
hiker1201: posts small blind $0.01
MATEMATIK: posts big blind $0.02
zyaleniyeg: sits out 
*** HOLE CARDS ***
Dealt to Dorex2007 [5h 8h]
AlexxxBogum: raises $0.10 to $0.12
zuszek85: folds 
Crappz: folds 
VASGA: folds 
Dorex2007: folds 
hiker1201: folds 
MATEMATIK: folds 
Uncalled bet ($0.10) returned to AlexxxBogum
AlexxxBogum collected $0.05 from pot
AlexxxBogum: doesn't show hand 
*** SUMMARY ***
Total pot $0.05 | Rake $0 
Seat 1: AlexxxBogum collected ($0.05)
Seat 2: zuszek85 folded before Flop (didn't bet)
Seat 3: Crappz folded before Flop (didn't bet)
Seat 4: VASGA folded before Flop (didn't bet)
Seat 5: Dorex2007 (button) folded before Flop (didn't bet)
Seat 7: hiker1201 (small blind) folded before Flop
Seat 8: MATEMATIK (big blind) folded before Flop



PokerStars Hand #224056772562:  Hold'em No Limit ($0.01/$0.02 USD) - 2021/02/21 1:13:22 PT [2021/02/21 4:13:22 ET]
Table 'Brunonia V' 9-max Seat #7 is the button
Seat 1: AlexxxBogum ($2.13 in chips) 
Seat 2: zuszek85 ($1.44 in chips) 
Seat 3: Crappz ($2.04 in chips) 
Seat 4: VASGA ($4.23 in chips) 
Seat 5: Dorex2007 ($1.80 in chips) 
Seat 7: hiker1201 ($2.86 in chips) 
Seat 8: MATEMATIK ($4.24 in chips) 
Seat 9: zyaleniyeg ($2.29 in chips) 
MATEMATIK: posts small blind $0.01
zyaleniyeg: posts big blind $0.02
*** HOLE CARDS ***
Dealt to Dorex2007 [Qc Ac]
AlexxxBogum: raises $0.10 to $0.12
zuszek85: folds 
Crappz: folds 
VASGA: folds 
Dorex2007: calls $0.12
hiker1201: folds 
MATEMATIK: folds 
zyaleniyeg: folds 
*** FLOP *** [4d 3d Jd]
AlexxxBogum: checks 
Dorex2007: bets $0.26
AlexxxBogum: raises $0.26 to $0.52
Dorex2007: calls $0.26
*** TURN *** [4d 3d Jd] [Jh]
AlexxxBogum: bets $1.26
Dorex2007: folds 
Uncalled bet ($1.26) returned to AlexxxBogum
AlexxxBogum collected $1.26 from pot
AlexxxBogum: doesn't show hand 
*** SUMMARY ***
Total pot $1.31 | Rake $0.05 
Board [4d 3d Jd Jh]
Seat 1: AlexxxBogum collected ($1.26)
Seat 2: zuszek85 folded before Flop (didn't bet)
Seat 3: Crappz folded before Flop (didn't bet)
Seat 4: VASGA folded before Flop (didn't bet)
Seat 5: Dorex2007 folded on the Turn
Seat 7: hiker1201 (button) folded before Flop (didn't bet)
Seat 8: MATEMATIK (small blind) folded before Flop
Seat 9: zyaleniyeg (big blind) folded before Flop



PokerStars Hand #224056796113:  Hold'em No Limit ($0.01/$0.02 USD) - 2021/02/21 1:14:49 PT [2021/02/21 4:14:49 ET]
Table 'Brunonia V' 9-max Seat #8 is the button
Seat 1: AlexxxBogum ($2.75 in chips) 
Seat 2: zuszek85 ($1.44 in chips) 
Seat 3: Crappz ($2.04 in chips) 
Seat 4: VASGA ($4.23 in chips) 
Seat 5: Dorex2007 ($1.16 in chips) 
Seat 7: hiker1201 ($2.86 in chips) 
Seat 8: MATEMATIK ($4.23 in chips) 
Seat 9: zyaleniyeg ($2.27 in chips) 
zyaleniyeg: posts small blind $0.01
AlexxxBogum: posts big blind $0.02
*** HOLE CARDS ***
Dealt to Dorex2007 [2h Ts]
zuszek85: folds 
Crappz: folds 
VASGA: folds 
Dorex2007: folds 
hiker1201: folds 
MATEMATIK: raises $0.04 to $0.06
zyaleniyeg: folds 
AlexxxBogum: folds 
Uncalled bet ($0.04) returned to MATEMATIK
MATEMATIK collected $0.05 from pot
MATEMATIK: doesn't show hand 
*** SUMMARY ***
Total pot $0.05 | Rake $0 
Seat 1: AlexxxBogum (big blind) folded before Flop
Seat 2: zuszek85 folded before Flop (didn't bet)
Seat 3: Crappz folded before Flop (didn't bet)
Seat 4: VASGA folded before Flop (didn't bet)
Seat 5: Dorex2007 folded before Flop (didn't bet)
Seat 7: hiker1201 folded before Flop (didn't bet)
Seat 8: MATEMATIK (button) collected ($0.05)
Seat 9: zyaleniyeg (small blind) folded before Flop



PokerStars Hand #224056800418:  Hold'em No Limit ($0.01/$0.02 USD) - 2021/02/21 1:15:05 PT [2021/02/21 4:15:05 ET]
Table 'Brunonia V' 9-max Seat #9 is the button
Seat 1: AlexxxBogum ($2.73 in chips) 
Seat 2: zuszek85 ($1.44 in chips) 
Seat 3: Crappz ($2.04 in chips) 
Seat 4: VASGA ($4.23 in chips) 
Seat 5: Dorex2007 ($1.16 in chips) 
Seat 7: hiker1201 ($2.86 in chips) 
Seat 8: MATEMATIK ($4.26 in chips) 
Seat 9: zyaleniyeg ($2.26 in chips) 
AlexxxBogum: posts small blind $0.01
zuszek85: posts big blind $0.02
*** HOLE CARDS ***
Dealt to Dorex2007 [Jc 6h]
Crappz: folds 
VASGA: folds 
Dorex2007: folds 
hiker1201: folds 
MATEMATIK: raises $0.05 to $0.07
zyaleniyeg: folds 
AlexxxBogum: folds 
zuszek85: folds 
Uncalled bet ($0.05) returned to MATEMATIK
MATEMATIK collected $0.05 from pot
MATEMATIK: doesn't show hand 
*** SUMMARY ***
Total pot $0.05 | Rake $0 
Seat 1: AlexxxBogum (small blind) folded before Flop
Seat 2: zuszek85 (big blind) folded before Flop
Seat 3: Crappz folded before Flop (didn't bet)
Seat 4: VASGA folded before Flop (didn't bet)
Seat 5: Dorex2007 folded before Flop (didn't bet)
Seat 7: hiker1201 folded before Flop (didn't bet)
Seat 8: MATEMATIK collected ($0.05)
Seat 9: zyaleniyeg (button) folded before Flop (didn't bet)



PokerStars Hand #224056806941:  Hold'em No Limit ($0.01/$0.02 USD) - 2021/02/21 1:15:29 PT [2021/02/21 4:15:29 ET]
Table 'Brunonia V' 9-max Seat #1 is the button
Seat 1: AlexxxBogum ($2.72 in chips) 
Seat 2: zuszek85 ($1.42 in chips) 
Seat 3: Crappz ($2.04 in chips) 
Seat 4: VASGA ($4.23 in chips) 
Seat 5: Dorex2007 ($1.16 in chips) 
Seat 7: hiker1201 ($2.86 in chips) 
Seat 8: MATEMATIK ($4.29 in chips) 
Seat 9: zyaleniyeg ($2.26 in chips) 
zuszek85: posts small blind $0.01
Crappz: posts big blind $0.02
*** HOLE CARDS ***
Dealt to Dorex2007 [Qc Ah]
VASGA: folds 
Dorex2007: raises $0.02 to $0.04
sportsmen84 joins the table at seat #6 
hiker1201: folds 
MATEMATIK: calls $0.04
zyaleniyeg: calls $0.04
AlexxxBogum: folds 
zuszek85: folds 
Crappz: calls $0.02
*** FLOP *** [2c 8c 9d]
Crappz: checks 
Dorex2007: checks 
MATEMATIK: bets $0.08
zyaleniyeg: folds 
Crappz: calls $0.08
Dorex2007: folds 
*** TURN *** [2c 8c 9d] [9c]
Crappz: checks 
MATEMATIK: bets $0.16
Crappz: folds 
Uncalled bet ($0.16) returned to MATEMATIK
MATEMATIK collected $0.32 from pot
MATEMATIK: doesn't show hand 
*** SUMMARY ***
Total pot $0.33 | Rake $0.01 
Board [2c 8c 9d 9c]
Seat 1: AlexxxBogum (button) folded before Flop (didn't bet)
Seat 2: zuszek85 (small blind) folded before Flop
Seat 3: Crappz (big blind) folded on the Turn
Seat 4: VASGA folded before Flop (didn't bet)
Seat 5: Dorex2007 folded on the Flop
Seat 7: hiker1201 folded before Flop (didn't bet)
Seat 8: MATEMATIK collected ($0.32)
Seat 9: zyaleniyeg folded on the Flop



PokerStars Hand #224056821220:  Hold'em No Limit ($0.01/$0.02 USD) - 2021/02/21 1:16:23 PT [2021/02/21 4:16:23 ET]
Table 'Brunonia V' 9-max Seat #2 is the button
Seat 1: AlexxxBogum ($2.72 in chips) 
Seat 2: zuszek85 ($1.41 in chips) 
Seat 3: Crappz ($2 in chips) 
Seat 4: VASGA ($4.23 in chips) 
Seat 5: Dorex2007 ($1.92 in chips) 
Seat 7: hiker1201 ($2.86 in chips) 
Seat 8: MATEMATIK ($4.49 in chips) 
Seat 9: zyaleniyeg ($2.22 in chips) 
Crappz: posts small blind $0.01
VASGA: posts big blind $0.02
sportsmen84: sits out 
*** HOLE CARDS ***
Dealt to Dorex2007 [2s 7h]
Dorex2007: folds 
hiker1201: folds 
MATEMATIK: folds 
zyaleniyeg has timed out
zyaleniyeg: folds 
AlexxxBogum: folds 
zuszek85: folds 
Crappz: raises $0.04 to $0.06
VASGA: calls $0.04
*** FLOP *** [4d Ks Jd]
Crappz: checks 
VASGA: bets $0.06
Crappz: folds 
Uncalled bet ($0.06) returned to VASGA
VASGA collected $0.12 from pot
VASGA: doesn't show hand 
*** SUMMARY ***
Total pot $0.12 | Rake $0 
Board [4d Ks Jd]
Seat 1: AlexxxBogum folded before Flop (didn't bet)
Seat 2: zuszek85 (button) folded before Flop (didn't bet)
Seat 3: Crappz (small blind) folded on the Flop
Seat 4: VASGA (big blind) collected ($0.12)
Seat 5: Dorex2007 folded before Flop (didn't bet)
Seat 7: hiker1201 folded before Flop (didn't bet)
Seat 8: MATEMATIK folded before Flop (didn't bet)
Seat 9: zyaleniyeg folded before Flop (didn't bet)



PokerStars Hand #224056833045:  Hold'em No Limit ($0.01/$0.02 USD) - 2021/02/21 1:17:06 PT [2021/02/21 4:17:06 ET]
Table 'Brunonia V' 9-max Seat #3 is the button
Seat 1: AlexxxBogum ($2.72 in chips) 
Seat 2: zuszek85 ($1.41 in chips) 
Seat 3: Crappz ($2 in chips) 
Seat 4: VASGA ($4.29 in chips) 
Seat 5: Dorex2007 ($1.92 in chips) 
Seat 7: hiker1201 ($2.86 in chips) 
Seat 8: MATEMATIK ($4.49 in chips) 
Seat 9: zyaleniyeg ($2.22 in chips) 
VASGA: posts small blind $0.01
Dorex2007: posts big blind $0.02
sportsmen84: sits out 
*** HOLE CARDS ***
Dealt to Dorex2007 [Ts 7h]
hiker1201: folds 
MATEMATIK: folds 
zyaleniyeg: folds 
AlexxxBogum: folds 
zuszek85: folds 
Crappz: raises $0.04 to $0.06
VASGA: folds 
Dorex2007: folds 
Uncalled bet ($0.04) returned to Crappz
Crappz collected $0.05 from pot
Crappz: doesn't show hand 
*** SUMMARY ***
Total pot $0.05 | Rake $0 
Seat 1: AlexxxBogum folded before Flop (didn't bet)
Seat 2: zuszek85 folded before Flop (didn't bet)
Seat 3: Crappz (button) collected ($0.05)
Seat 4: VASGA (small blind) folded before Flop
Seat 5: Dorex2007 (big blind) folded before Flop
Seat 7: hiker1201 folded before Flop (didn't bet)
Seat 8: MATEMATIK folded before Flop (didn't bet)
Seat 9: zyaleniyeg folded before Flop (didn't bet)



PokerStars Hand #224056837271:  Hold'em No Limit ($0.01/$0.02 USD) - 2021/02/21 1:17:22 PT [2021/02/21 4:17:22 ET]
Table 'Brunonia V' 9-max Seat #4 is the button
Seat 1: AlexxxBogum ($2.72 in chips) 
Seat 2: zuszek85 ($1.41 in chips) 
Seat 3: Crappz ($2.03 in chips) 
Seat 4: VASGA ($4.28 in chips) 
Seat 5: Dorex2007 ($1.90 in chips) 
Seat 6: sportsmen84 ($2 in chips) 
Seat 7: hiker1201 ($2.86 in chips) 
Seat 8: MATEMATIK ($4.49 in chips) 
Seat 9: zyaleniyeg ($2.22 in chips) 
Dorex2007: posts small blind $0.01
sportsmen84: posts big blind $0.02
*** HOLE CARDS ***
Dealt to Dorex2007 [Ks 9d]
hiker1201: folds 
MATEMATIK: folds 
zyaleniyeg: folds 
AlexxxBogum: folds 
zuszek85: folds 
Crappz: folds 
VASGA: calls $0.02
Dorex2007: folds 
sportsmen84: checks 
*** FLOP *** [8c Kh Ah]
sportsmen84: checks 
VASGA: checks 
*** TURN *** [8c Kh Ah] [Ad]
sportsmen84: checks 
VASGA: checks 
*** RIVER *** [8c Kh Ah Ad] [2h]
sportsmen84: checks 
VASGA: checks 
*** SHOW DOWN ***
sportsmen84: shows [7c Td] (a pair of Aces)
VASGA: mucks hand 
sportsmen84 collected $0.05 from pot
*** SUMMARY ***
Total pot $0.05 | Rake $0 
Board [8c Kh Ah Ad 2h]
Seat 1: AlexxxBogum folded before Flop (didn't bet)
Seat 2: zuszek85 folded before Flop (didn't bet)
Seat 3: Crappz folded before Flop (didn't bet)
Seat 4: VASGA (button) mucked [6h 4c]
Seat 5: Dorex2007 (small blind) folded before Flop
Seat 6: sportsmen84 (big blind) showed [7c Td] and won ($0.05) with a pair of Aces
Seat 7: hiker1201 folded before Flop (didn't bet)
Seat 8: MATEMATIK folded before Flop (didn't bet)
Seat 9: zyaleniyeg folded before Flop (didn't bet)



PokerStars Hand #224056846292:  Hold'em No Limit ($0.01/$0.02 USD) - 2021/02/21 1:17:55 PT [2021/02/21 4:17:55 ET]
Table 'Brunonia V' 9-max Seat #5 is the button
Seat 1: AlexxxBogum ($2.72 in chips) 
Seat 2: zuszek85 ($1.41 in chips) 
Seat 3: Crappz ($2.03 in chips) 
Seat 4: VASGA ($4.26 in chips) 
Seat 5: Dorex2007 ($1.89 in chips) 
Seat 6: sportsmen84 ($2.03 in chips) 
Seat 7: hiker1201 ($2.86 in chips) 
Seat 8: MATEMATIK ($4.49 in chips) 
Seat 9: zyaleniyeg ($2.22 in chips) 
sportsmen84: posts small blind $0.01
hiker1201: posts big blind $0.02
*** HOLE CARDS ***
Dealt to Dorex2007 [7c Qc]
MATEMATIK: folds 
zyaleniyeg: folds 
AlexxxBogum: raises $0.10 to $0.12
zuszek85: folds 
Crappz: folds 
VASGA: calls $0.12
Dorex2007: folds 
sportsmen84: folds 
hiker1201: calls $0.10
*** FLOP *** [6h 5h 6c]
hiker1201: checks 
AlexxxBogum: checks 
VASGA: checks 
*** TURN *** [6h 5h 6c] [Kc]
hiker1201: checks 
AlexxxBogum: bets $0.36
VASGA: folds 
hiker1201: folds 
Uncalled bet ($0.36) returned to AlexxxBogum
AlexxxBogum collected $0.36 from pot
AlexxxBogum: doesn't show hand 
*** SUMMARY ***
Total pot $0.37 | Rake $0.01 
Board [6h 5h 6c Kc]
Seat 1: AlexxxBogum collected ($0.36)
Seat 2: zuszek85 folded before Flop (didn't bet)
Seat 3: Crappz folded before Flop (didn't bet)
Seat 4: VASGA folded on the Turn
Seat 5: Dorex2007 (button) folded before Flop (didn't bet)
Seat 6: sportsmen84 (small blind) folded before Flop
Seat 7: hiker1201 (big blind) folded on the Turn
Seat 8: MATEMATIK folded before Flop (didn't bet)
Seat 9: zyaleniyeg folded before Flop (didn't bet)



PokerStars Hand #224056877181:  Hold'em No Limit ($0.01/$0.02 USD) - 2021/02/21 1:19:18 PT [2021/02/21 4:19:18 ET]
Table 'Brunonia V' 9-max Seat #6 is the button
Seat 1: AlexxxBogum ($2.96 in chips) 
Seat 2: zuszek85 ($1.41 in chips) 
Seat 3: Crappz ($2.03 in chips) 
Seat 4: VASGA ($4.14 in chips) 
Seat 5: Dorex2007 ($1.89 in chips) 
Seat 6: sportsmen84 ($2.02 in chips) 
Seat 7: hiker1201 ($2.74 in chips) 
Seat 8: MATEMATIK ($4.49 in chips) 
Seat 9: zyaleniyeg ($2.22 in chips) 
hiker1201: posts small blind $0.01
MATEMATIK: posts big blind $0.02
*** HOLE CARDS ***
Dealt to Dorex2007 [7d 6h]
zyaleniyeg: folds 
AlexxxBogum: folds 
zuszek85: folds 
Crappz: folds 
VASGA: folds 
Dorex2007: folds 
sportsmen84: folds 
hiker1201: raises $0.02 to $0.04
MATEMATIK: folds 
Uncalled bet ($0.02) returned to hiker1201
hiker1201 collected $0.04 from pot
hiker1201: doesn't show hand 
*** SUMMARY ***
Total pot $0.04 | Rake $0 
Seat 1: AlexxxBogum folded before Flop (didn't bet)
Seat 2: zuszek85 folded before Flop (didn't bet)
Seat 3: Crappz folded before Flop (didn't bet)
Seat 4: VASGA folded before Flop (didn't bet)
Seat 5: Dorex2007 folded before Flop (didn't bet)
Seat 6: sportsmen84 (button) folded before Flop (didn't bet)
Seat 7: hiker1201 (small blind) collected ($0.04)
Seat 8: MATEMATIK (big blind) folded before Flop
Seat 9: zyaleniyeg folded before Flop (didn't bet)



PokerStars Hand #224056880758:  Hold'em No Limit ($0.01/$0.02 USD) - 2021/02/21 1:19:31 PT [2021/02/21 4:19:31 ET]
Table 'Brunonia V' 9-max Seat #7 is the button
Seat 1: AlexxxBogum ($2.96 in chips) 
Seat 2: zuszek85 ($1.41 in chips) 
Seat 3: Crappz ($2.03 in chips) 
Seat 4: VASGA ($4.14 in chips) 
Seat 5: Dorex2007 ($1.89 in chips) 
Seat 6: sportsmen84 ($2.02 in chips) 
Seat 7: hiker1201 ($2.76 in chips) 
Seat 8: MATEMATIK ($4.47 in chips) 
Seat 9: zyaleniyeg ($2.22 in chips) 
MATEMATIK: posts small blind $0.01
zyaleniyeg: posts big blind $0.02
*** HOLE CARDS ***
Dealt to Dorex2007 [Jc Td]
AlexxxBogum: folds 
zuszek85: folds 
Crappz: raises $0.04 to $0.06
VASGA: calls $0.06
Dorex2007: calls $0.06
sportsmen84: folds 
hiker1201: folds 
MATEMATIK: folds 
zyaleniyeg: folds 
*** FLOP *** [7s Ad 6d]
Crappz: checks 
VASGA: bets $0.10
Dorex2007: folds 
Crappz: folds 
Uncalled bet ($0.10) returned to VASGA
VASGA collected $0.20 from pot
VASGA: doesn't show hand 
*** SUMMARY ***
Total pot $0.21 | Rake $0.01 
Board [7s Ad 6d]
Seat 1: AlexxxBogum folded before Flop (didn't bet)
Seat 2: zuszek85 folded before Flop (didn't bet)
Seat 3: Crappz folded on the Flop
Seat 4: VASGA collected ($0.20)
Seat 5: Dorex2007 folded on the Flop
Seat 6: sportsmen84 folded before Flop (didn't bet)
Seat 7: hiker1201 (button) folded before Flop (didn't bet)
Seat 8: MATEMATIK (small blind) folded before Flop
Seat 9: zyaleniyeg (big blind) folded before Flop



PokerStars Hand #224056893180:  Hold'em No Limit ($0.01/$0.02 USD) - 2021/02/21 1:20:17 PT [2021/02/21 4:20:17 ET]
Table 'Brunonia V' 9-max Seat #8 is the button
Seat 1: AlexxxBogum ($2.96 in chips) 
Seat 2: zuszek85 ($1.41 in chips) 
Seat 3: Crappz ($2 in chips) 
Seat 4: VASGA ($4.28 in chips) 
Seat 5: Dorex2007 ($1.83 in chips) 
Seat 6: sportsmen84 ($2.02 in chips) 
Seat 7: hiker1201 ($2.76 in chips) 
Seat 8: MATEMATIK ($4.46 in chips) 
Seat 9: zyaleniyeg ($2.20 in chips) 
zyaleniyeg: posts small blind $0.01
AlexxxBogum: posts big blind $0.02
*** HOLE CARDS ***
Dealt to Dorex2007 [Ts 3c]
zuszek85: folds 
Crappz: folds 
VASGA: calls $0.02
Dorex2007: folds 
sportsmen84: folds 
hiker1201: calls $0.02
MATEMATIK: folds 
zyaleniyeg: folds 
AlexxxBogum: checks 
*** FLOP *** [2d Th As]
AlexxxBogum: checks 
VASGA: checks 
hiker1201: checks 
*** TURN *** [2d Th As] [5s]
AlexxxBogum: bets $0.07
VASGA: folds 
hiker1201: calls $0.07
*** RIVER *** [2d Th As 5s] [Ac]
AlexxxBogum: bets $0.20
hiker1201: calls $0.20
*** SHOW DOWN ***
AlexxxBogum: shows [Tc 8s] (two pair, Aces and Tens)
hiker1201: shows [5d 5h] (a full house, Fives full of Aces)
hiker1201 collected $0.59 from pot
*** SUMMARY ***
Total pot $0.61 | Rake $0.02 
Board [2d Th As 5s Ac]
Seat 1: AlexxxBogum (big blind) showed [Tc 8s] and lost with two pair, Aces and Tens
Seat 2: zuszek85 folded before Flop (didn't bet)
Seat 3: Crappz folded before Flop (didn't bet)
Seat 4: VASGA folded on the Turn
Seat 5: Dorex2007 folded before Flop (didn't bet)
Seat 6: sportsmen84 folded before Flop (didn't bet)
Seat 7: hiker1201 showed [5d 5h] and won ($0.59) with a full house, Fives full of Aces
Seat 8: MATEMATIK (button) folded before Flop (didn't bet)
Seat 9: zyaleniyeg (small blind) folded before Flop



PokerStars Hand #224056908113:  Hold'em No Limit ($0.01/$0.02 USD) - 2021/02/21 1:21:12 PT [2021/02/21 4:21:12 ET]
Table 'Brunonia V' 9-max Seat #9 is the button
Seat 1: AlexxxBogum ($2.67 in chips) 
Seat 2: zuszek85 ($1.41 in chips) 
Seat 3: Crappz ($2 in chips) 
Seat 4: VASGA ($4.26 in chips) 
Seat 5: Dorex2007 ($1.83 in chips) 
Seat 6: sportsmen84 ($2.02 in chips) 
Seat 7: hiker1201 ($3.06 in chips) 
Seat 8: MATEMATIK ($4.46 in chips) 
Seat 9: zyaleniyeg ($2.19 in chips) 
AlexxxBogum: posts small blind $0.01
zuszek85: posts big blind $0.02
*** HOLE CARDS ***
Dealt to Dorex2007 [2c Th]
Crappz: folds 
VASGA: calls $0.02
Dorex2007: folds 
sportsmen84: calls $0.02
hiker1201: folds 
MATEMATIK: folds 
zyaleniyeg: calls $0.02
AlexxxBogum: folds 
zuszek85: checks 
*** FLOP *** [Qd 7c 2h]
zuszek85: bets $0.02
VASGA: folds 
sportsmen84: calls $0.02
zyaleniyeg: folds 
*** TURN *** [Qd 7c 2h] [2d]
zuszek85: bets $0.02
sportsmen84: calls $0.02
*** RIVER *** [Qd 7c 2h 2d] [Kd]
zuszek85: bets $0.02
sportsmen84: calls $0.02
*** SHOW DOWN ***
zuszek85: shows [Kc Qs] (two pair, Kings and Queens)
sportsmen84: mucks hand 
zuszek85 collected $0.20 from pot
*** SUMMARY ***
Total pot $0.21 | Rake $0.01 
Board [Qd 7c 2h 2d Kd]
Seat 1: AlexxxBogum (small blind) folded before Flop
Seat 2: zuszek85 (big blind) showed [Kc Qs] and won ($0.20) with two pair, Kings and Queens
Seat 3: Crappz folded before Flop (didn't bet)
Seat 4: VASGA folded on the Flop
Seat 5: Dorex2007 folded before Flop (didn't bet)
Seat 6: sportsmen84 mucked [4h 4c]
Seat 7: hiker1201 folded before Flop (didn't bet)
Seat 8: MATEMATIK folded before Flop (didn't bet)
Seat 9: zyaleniyeg (button) folded on the Flop



PokerStars Hand #224056919538:  Hold'em No Limit ($0.01/$0.02 USD) - 2021/02/21 1:21:54 PT [2021/02/21 4:21:54 ET]
Table 'Brunonia V' 9-max Seat #1 is the button
Seat 1: AlexxxBogum ($2.66 in chips) 
Seat 2: zuszek85 ($1.53 in chips) 
Seat 3: Crappz ($2 in chips) 
Seat 4: VASGA ($4.24 in chips) 
Seat 5: Dorex2007 ($1.83 in chips) 
Seat 6: sportsmen84 ($1.94 in chips) 
Seat 7: hiker1201 ($3.06 in chips) 
Seat 8: MATEMATIK ($4.46 in chips) 
Seat 9: zyaleniyeg ($2.17 in chips) 
zuszek85: posts small blind $0.01
Crappz: posts big blind $0.02
*** HOLE CARDS ***
Dealt to Dorex2007 [6h 4c]
VASGA: folds 
Dorex2007: folds 
sportsmen84: raises $0.04 to $0.06
hiker1201: folds 
MATEMATIK: folds 
zyaleniyeg: folds 
AlexxxBogum: folds 
zuszek85: folds 
Crappz: folds 
Uncalled bet ($0.04) returned to sportsmen84
sportsmen84 collected $0.05 from pot
sportsmen84: doesn't show hand 
*** SUMMARY ***
Total pot $0.05 | Rake $0 
Seat 1: AlexxxBogum (button) folded before Flop (didn't bet)
Seat 2: zuszek85 (small blind) folded before Flop
Seat 3: Crappz (big blind) folded before Flop
Seat 4: VASGA folded before Flop (didn't bet)
Seat 5: Dorex2007 folded before Flop (didn't bet)
Seat 6: sportsmen84 collected ($0.05)
Seat 7: hiker1201 folded before Flop (didn't bet)
Seat 8: MATEMATIK folded before Flop (didn't bet)
Seat 9: zyaleniyeg folded before Flop (didn't bet)



PokerStars Hand #224056923328:  Hold'em No Limit ($0.01/$0.02 USD) - 2021/02/21 1:22:08 PT [2021/02/21 4:22:08 ET]
Table 'Brunonia V' 9-max Seat #2 is the button
Seat 1: AlexxxBogum ($2.66 in chips) 
Seat 2: zuszek85 ($1.52 in chips) 
Seat 3: Crappz ($2 in chips) 
Seat 4: VASGA ($4.24 in chips) 
Seat 5: Dorex2007 ($1.83 in chips) 
Seat 6: sportsmen84 ($1.97 in chips) 
Seat 7: hiker1201 ($3.06 in chips) 
Seat 8: MATEMATIK ($4.46 in chips) 
Seat 9: zyaleniyeg ($2.17 in chips) 
Crappz: posts small blind $0.01
VASGA: posts big blind $0.02
*** HOLE CARDS ***
Dealt to Dorex2007 [8s As]
Dorex2007: calls $0.02
sportsmen84: folds 
hiker1201: folds 
MATEMATIK: folds 
zyaleniyeg: folds 
AlexxxBogum: raises $0.10 to $0.12
zuszek85: folds 
Crappz: folds 
VASGA: calls $0.10
Dorex2007: folds 
*** FLOP *** [2s 9h 3h]
VASGA: checks 
AlexxxBogum: checks 
*** TURN *** [2s 9h 3h] [8d]
VASGA: bets $0.13
AlexxxBogum: folds 
Uncalled bet ($0.13) returned to VASGA
VASGA collected $0.26 from pot
VASGA: doesn't show hand 
*** SUMMARY ***
Total pot $0.27 | Rake $0.01 
Board [2s 9h 3h 8d]
Seat 1: AlexxxBogum folded on the Turn
Seat 2: zuszek85 (button) folded before Flop (didn't bet)
Seat 3: Crappz (small blind) folded before Flop
Seat 4: VASGA (big blind) collected ($0.26)
Seat 5: Dorex2007 folded before Flop
Seat 6: sportsmen84 folded before Flop (didn't bet)
Seat 7: hiker1201 folded before Flop (didn't bet)
Seat 8: MATEMATIK folded before Flop (didn't bet)
Seat 9: zyaleniyeg folded before Flop (didn't bet)



PokerStars Hand #224056938274:  Hold'em No Limit ($0.01/$0.02 USD) - 2021/02/21 1:23:03 PT [2021/02/21 4:23:03 ET]
Table 'Brunonia V' 9-max Seat #3 is the button
Seat 1: AlexxxBogum ($2.54 in chips) 
Seat 2: zuszek85 ($1.52 in chips) 
Seat 3: Crappz ($2 in chips) 
Seat 4: VASGA ($4.38 in chips) 
Seat 5: Dorex2007 ($1.81 in chips) 
Seat 6: sportsmen84 ($1.97 in chips) 
Seat 7: hiker1201 ($3.06 in chips) 
Seat 8: MATEMATIK ($4.46 in chips) 
Seat 9: zyaleniyeg ($2.17 in chips) 
VASGA: posts small blind $0.01
Dorex2007: posts big blind $0.02
*** HOLE CARDS ***
Dealt to Dorex2007 [6h 2h]
sportsmen84: folds 
hiker1201: folds 
MATEMATIK: calls $0.02
zyaleniyeg: folds 
AlexxxBogum: raises $0.10 to $0.12
zuszek85: folds 
Crappz: folds 
VASGA: folds 
Dorex2007: folds 
MATEMATIK: folds 
Uncalled bet ($0.10) returned to AlexxxBogum
AlexxxBogum collected $0.07 from pot
AlexxxBogum: doesn't show hand 
*** SUMMARY ***
Total pot $0.07 | Rake $0 
Seat 1: AlexxxBogum collected ($0.07)
Seat 2: zuszek85 folded before Flop (didn't bet)
Seat 3: Crappz (button) folded before Flop (didn't bet)
Seat 4: VASGA (small blind) folded before Flop
Seat 5: Dorex2007 (big blind) folded before Flop
Seat 6: sportsmen84 folded before Flop (didn't bet)
Seat 7: hiker1201 folded before Flop (didn't bet)
Seat 8: MATEMATIK folded before Flop
Seat 9: zyaleniyeg folded before Flop (didn't bet)



PokerStars Hand #224056943488:  Hold'em No Limit ($0.01/$0.02 USD) - 2021/02/21 1:23:22 PT [2021/02/21 4:23:22 ET]
Table 'Brunonia V' 9-max Seat #4 is the button
Seat 1: AlexxxBogum ($2.59 in chips) 
Seat 2: zuszek85 ($1.52 in chips) 
Seat 3: Crappz ($2 in chips) 
Seat 4: VASGA ($4.37 in chips) 
Seat 5: Dorex2007 ($1.79 in chips) 
Seat 6: sportsmen84 ($1.97 in chips) 
Seat 7: hiker1201 ($3.06 in chips) 
Seat 8: MATEMATIK ($4.44 in chips) 
Seat 9: zyaleniyeg ($2.17 in chips) 
Dorex2007: posts small blind $0.01
sportsmen84: posts big blind $0.02
*** HOLE CARDS ***
Dealt to Dorex2007 [2h As]
hiker1201: folds 
MATEMATIK: folds 
zyaleniyeg: folds 
AlexxxBogum: folds 
zuszek85: folds 
Crappz: folds 
VASGA: raises $0.04 to $0.06
Dorex2007: folds 
sportsmen84: folds 
Uncalled bet ($0.04) returned to VASGA
VASGA collected $0.05 from pot
VASGA: doesn't show hand 
*** SUMMARY ***
Total pot $0.05 | Rake $0 
Seat 1: AlexxxBogum folded before Flop (didn't bet)
Seat 2: zuszek85 folded before Flop (didn't bet)
Seat 3: Crappz folded before Flop (didn't bet)
Seat 4: VASGA (button) collected ($0.05)
Seat 5: Dorex2007 (small blind) folded before Flop
Seat 6: sportsmen84 (big blind) folded before Flop
Seat 7: hiker1201 folded before Flop (didn't bet)
Seat 8: MATEMATIK folded before Flop (didn't bet)
Seat 9: zyaleniyeg folded before Flop (didn't bet)



PokerStars Hand #224056950144:  Hold'em No Limit ($0.01/$0.02 USD) - 2021/02/21 1:23:46 PT [2021/02/21 4:23:46 ET]
Table 'Brunonia V' 9-max Seat #5 is the button
Seat 1: AlexxxBogum ($2.59 in chips) 
Seat 2: zuszek85 ($1.52 in chips) 
Seat 3: Crappz ($2 in chips) 
Seat 4: VASGA ($4.40 in chips) 
Seat 5: Dorex2007 ($1.78 in chips) 
Seat 6: sportsmen84 ($1.95 in chips) 
Seat 7: hiker1201 ($3.06 in chips) 
Seat 8: MATEMATIK ($4.44 in chips) 
Seat 9: zyaleniyeg ($2.17 in chips) 
sportsmen84: posts small blind $0.01
hiker1201: posts big blind $0.02
*** HOLE CARDS ***
Dealt to Dorex2007 [3d 4h]
MATEMATIK: folds 
zyaleniyeg: folds 
AlexxxBogum: folds 
zuszek85: calls $0.02
Crappz: folds 
VASGA: calls $0.02
Dorex2007: folds 
sportsmen84: calls $0.01
hiker1201: raises $0.06 to $0.08
zuszek85: calls $0.06
VASGA: calls $0.06
sportsmen84: calls $0.06
*** FLOP *** [Qd Kd 8d]
sportsmen84: checks 
hiker1201: bets $0.12
zuszek85: folds 
VASGA: folds 
sportsmen84: calls $0.12
*** TURN *** [Qd Kd 8d] [Js]
sportsmen84: checks 
hiker1201: checks 
*** RIVER *** [Qd Kd 8d Js] [4c]
sportsmen84: bets $0.22
hiker1201: calls $0.22
*** SHOW DOWN ***
sportsmen84: shows [Jd Kh] (two pair, Kings and Jacks)
hiker1201: mucks hand 
sportsmen84 collected $0.96 from pot
*** SUMMARY ***
Total pot $1 | Rake $0.04 
Board [Qd Kd 8d Js 4c]
Seat 1: AlexxxBogum folded before Flop (didn't bet)
Seat 2: zuszek85 folded on the Flop
Seat 3: Crappz folded before Flop (didn't bet)
Seat 4: VASGA folded on the Flop
Seat 5: Dorex2007 (button) folded before Flop (didn't bet)
Seat 6: sportsmen84 (small blind) showed [Jd Kh] and won ($0.96) with two pair, Kings and Jacks
Seat 7: hiker1201 (big blind) mucked [Qs Ah]
Seat 8: MATEMATIK folded before Flop (didn't bet)
Seat 9: zyaleniyeg folded before Flop (didn't bet)



PokerStars Hand #224056975481:  Hold'em No Limit ($0.01/$0.02 USD) - 2021/02/21 1:25:19 PT [2021/02/21 4:25:19 ET]
Table 'Brunonia V' 9-max Seat #6 is the button
Seat 1: AlexxxBogum ($2.59 in chips) 
Seat 2: zuszek85 ($1.44 in chips) 
Seat 3: Crappz ($2 in chips) 
Seat 4: VASGA ($4.32 in chips) 
Seat 5: Dorex2007 ($1.78 in chips) 
Seat 6: sportsmen84 ($2.49 in chips) 
Seat 7: hiker1201 ($2.64 in chips) 
Seat 8: MATEMATIK ($4.44 in chips) 
Seat 9: zyaleniyeg ($2.17 in chips) 
hiker1201: posts small blind $0.01
MATEMATIK: posts big blind $0.02
*** HOLE CARDS ***
Dealt to Dorex2007 [7h Qd]
zyaleniyeg: raises $0.04 to $0.06
AlexxxBogum: folds 
zuszek85: calls $0.06
Crappz: folds 
VASGA: raises $0.21 to $0.27
Dorex2007: folds 
sportsmen84: folds 
hiker1201: folds 
MATEMATIK: folds 
zyaleniyeg: folds 
zuszek85: calls $0.21
*** FLOP *** [6d 8c Js]
zuszek85: checks 
VASGA: bets $0.31
zuszek85: folds 
Uncalled bet ($0.31) returned to VASGA
VASGA collected $0.61 from pot
VASGA: doesn't show hand 
*** SUMMARY ***
Total pot $0.63 | Rake $0.02 
Board [6d 8c Js]
Seat 1: AlexxxBogum folded before Flop (didn't bet)
Seat 2: zuszek85 folded on the Flop
Seat 3: Crappz folded before Flop (didn't bet)
Seat 4: VASGA collected ($0.61)
Seat 5: Dorex2007 folded before Flop (didn't bet)
Seat 6: sportsmen84 (button) folded before Flop (didn't bet)
Seat 7: hiker1201 (small blind) folded before Flop
Seat 8: MATEMATIK (big blind) folded before Flop
Seat 9: zyaleniyeg folded before Flop



PokerStars Hand #224056983127:  Hold'em No Limit ($0.01/$0.02 USD) - 2021/02/21 1:25:47 PT [2021/02/21 4:25:47 ET]
Table 'Brunonia V' 9-max Seat #7 is the button
Seat 1: AlexxxBogum ($2.59 in chips) 
Seat 2: zuszek85 ($1.17 in chips) 
Seat 3: Crappz ($2 in chips) 
Seat 4: VASGA ($4.66 in chips) 
Seat 5: Dorex2007 ($1.78 in chips) 
Seat 6: sportsmen84 ($2.49 in chips) 
Seat 7: hiker1201 ($2.63 in chips) 
Seat 8: MATEMATIK ($4.42 in chips) 
Seat 9: zyaleniyeg ($2.11 in chips) 
MATEMATIK: posts small blind $0.01
zyaleniyeg: posts big blind $0.02
*** HOLE CARDS ***
Dealt to Dorex2007 [Qh 2s]
AlexxxBogum: raises $0.10 to $0.12
zuszek85: calls $0.12
Crappz: folds 
VASGA: folds 
Dorex2007: folds 
sportsmen84: folds 
hiker1201: folds 
MATEMATIK: folds 
zyaleniyeg: folds 
*** FLOP *** [Ah 6h 6c]
AlexxxBogum: bets $0.26
zuszek85: folds 
Uncalled bet ($0.26) returned to AlexxxBogum
AlexxxBogum collected $0.26 from pot
AlexxxBogum: doesn't show hand 
*** SUMMARY ***
Total pot $0.27 | Rake $0.01 
Board [Ah 6h 6c]
Seat 1: AlexxxBogum collected ($0.26)
Seat 2: zuszek85 folded on the Flop
Seat 3: Crappz folded before Flop (didn't bet)
Seat 4: VASGA folded before Flop (didn't bet)
Seat 5: Dorex2007 folded before Flop (didn't bet)
Seat 6: sportsmen84 folded before Flop (didn't bet)
Seat 7: hiker1201 (button) folded before Flop (didn't bet)
Seat 8: MATEMATIK (small blind) folded before Flop
Seat 9: zyaleniyeg (big blind) folded before Flop



PokerStars Hand #224056989983:  Hold'em No Limit ($0.01/$0.02 USD) - 2021/02/21 1:26:12 PT [2021/02/21 4:26:12 ET]
Table 'Brunonia V' 9-max Seat #8 is the button
Seat 1: AlexxxBogum ($2.73 in chips) 
Seat 2: zuszek85 ($1.05 in chips) 
Seat 3: Crappz ($2 in chips) 
Seat 4: VASGA ($4.66 in chips) 
Seat 5: Dorex2007 ($1.78 in chips) 
Seat 6: sportsmen84 ($2.49 in chips) 
Seat 7: hiker1201 ($2.63 in chips) 
Seat 8: MATEMATIK ($4.41 in chips) 
Seat 9: zyaleniyeg ($2.09 in chips) 
zyaleniyeg: posts small blind $0.01
AlexxxBogum: posts big blind $0.02
*** HOLE CARDS ***
Dealt to Dorex2007 [5s 8h]
zuszek85: calls $0.02
Crappz: folds 
VASGA: folds 
Dorex2007: folds 
sportsmen84: folds 
hiker1201: folds 
MATEMATIK: folds 
zyaleniyeg: calls $0.01
AlexxxBogum: checks 
*** FLOP *** [Ks 6d 7d]
zyaleniyeg: bets $0.02
AlexxxBogum: folds 
zuszek85: folds 
Uncalled bet ($0.02) returned to zyaleniyeg
zyaleniyeg collected $0.06 from pot
*** SUMMARY ***
Total pot $0.06 | Rake $0 
Board [Ks 6d 7d]
Seat 1: AlexxxBogum (big blind) folded on the Flop
Seat 2: zuszek85 folded on the Flop
Seat 3: Crappz folded before Flop (didn't bet)
Seat 4: VASGA folded before Flop (didn't bet)
Seat 5: Dorex2007 folded before Flop (didn't bet)
Seat 6: sportsmen84 folded before Flop (didn't bet)
Seat 7: hiker1201 folded before Flop (didn't bet)
Seat 8: MATEMATIK (button) folded before Flop (didn't bet)
Seat 9: zyaleniyeg (small blind) collected ($0.06)



PokerStars Hand #224056998133:  Hold'em No Limit ($0.01/$0.02 USD) - 2021/02/21 1:26:42 PT [2021/02/21 4:26:42 ET]
Table 'Brunonia V' 9-max Seat #9 is the button
Seat 1: AlexxxBogum ($2.71 in chips) 
Seat 2: zuszek85 ($1.03 in chips) 
Seat 3: Crappz ($2 in chips) 
Seat 4: VASGA ($4.66 in chips) 
Seat 5: Dorex2007 ($1.78 in chips) 
Seat 6: sportsmen84 ($2.49 in chips) 
Seat 7: hiker1201 ($2.63 in chips) 
Seat 8: MATEMATIK ($4.41 in chips) 
Seat 9: zyaleniyeg ($2.13 in chips) 
AlexxxBogum: posts small blind $0.01
zuszek85: posts big blind $0.02
*** HOLE CARDS ***
Dealt to Dorex2007 [9c 3s]
Crappz: folds 
VASGA: folds 
Dorex2007: folds 
sportsmen84: folds 
hiker1201: folds 
MATEMATIK: folds 
zyaleniyeg: folds 
AlexxxBogum: raises $0.10 to $0.12
zuszek85: folds 
Uncalled bet ($0.10) returned to AlexxxBogum
AlexxxBogum collected $0.04 from pot
AlexxxBogum: doesn't show hand 
*** SUMMARY ***
Total pot $0.04 | Rake $0 
Seat 1: AlexxxBogum (small blind) collected ($0.04)
Seat 2: zuszek85 (big blind) folded before Flop
Seat 3: Crappz folded before Flop (didn't bet)
Seat 4: VASGA folded before Flop (didn't bet)
Seat 5: Dorex2007 folded before Flop (didn't bet)
Seat 6: sportsmen84 folded before Flop (didn't bet)
Seat 7: hiker1201 folded before Flop (didn't bet)
Seat 8: MATEMATIK folded before Flop (didn't bet)
Seat 9: zyaleniyeg (button) folded before Flop (didn't bet)



PokerStars Hand #224057002505:  Hold'em No Limit ($0.01/$0.02 USD) - 2021/02/21 1:26:58 PT [2021/02/21 4:26:58 ET]
Table 'Brunonia V' 9-max Seat #1 is the button
Seat 1: AlexxxBogum ($2.73 in chips) 
Seat 2: zuszek85 ($1.01 in chips) 
Seat 3: Crappz ($2 in chips) 
Seat 4: VASGA ($4.66 in chips) 
Seat 5: Dorex2007 ($1.78 in chips) 
Seat 6: sportsmen84 ($2.49 in chips) 
Seat 7: hiker1201 ($2.63 in chips) 
Seat 8: MATEMATIK ($4.41 in chips) 
Seat 9: zyaleniyeg ($2.13 in chips) 
zuszek85: posts small blind $0.01
Crappz: posts big blind $0.02
*** HOLE CARDS ***
Dealt to Dorex2007 [4h 9s]
VASGA: folds 
Dorex2007: folds 
sportsmen84: folds 
hiker1201: folds 
MATEMATIK has timed out
MATEMATIK: folds 
zyaleniyeg: folds 
AlexxxBogum: raises $0.08 to $0.10
zuszek85: folds 
Crappz: folds 
Uncalled bet ($0.08) returned to AlexxxBogum
AlexxxBogum collected $0.05 from pot
AlexxxBogum: doesn't show hand 
*** SUMMARY ***
Total pot $0.05 | Rake $0 
Seat 1: AlexxxBogum (button) collected ($0.05)
Seat 2: zuszek85 (small blind) folded before Flop
Seat 3: Crappz (big blind) folded before Flop
Seat 4: VASGA folded before Flop (didn't bet)
Seat 5: Dorex2007 folded before Flop (didn't bet)
Seat 6: sportsmen84 folded before Flop (didn't bet)
Seat 7: hiker1201 folded before Flop (didn't bet)
Seat 8: MATEMATIK folded before Flop (didn't bet)
Seat 9: zyaleniyeg folded before Flop (didn't bet)



PokerStars Hand #224057010231:  Hold'em No Limit ($0.01/$0.02 USD) - 2021/02/21 1:27:26 PT [2021/02/21 4:27:26 ET]
Table 'Brunonia V' 9-max Seat #2 is the button
Seat 1: AlexxxBogum ($2.76 in chips) 
Seat 2: zuszek85 ($1 in chips) 
Seat 3: Crappz ($2 in chips) 
Seat 4: VASGA ($4.66 in chips) 
Seat 5: Dorex2007 ($1.78 in chips) 
Seat 6: sportsmen84 ($2.49 in chips) 
Seat 7: hiker1201 ($2.63 in chips) 
Seat 9: zyaleniyeg ($2.13 in chips) 
Crappz: posts small blind $0.01
VASGA: posts big blind $0.02
*** HOLE CARDS ***
Dealt to Dorex2007 [9h Jh]
Dorex2007: raises $0.02 to $0.04
sportsmen84: folds 
hiker1201: folds 
zyaleniyeg: folds 
AlexxxBogum: folds 
zuszek85: calls $0.04
Crappz: folds 
VASGA: folds 
*** FLOP *** [5s 2h 4s]
Dorex2007: checks 
zuszek85: bets $0.04
Dorex2007: folds 
Uncalled bet ($0.04) returned to zuszek85
zuszek85 collected $0.11 from pot
*** SUMMARY ***
Total pot $0.11 | Rake $0 
Board [5s 2h 4s]
Seat 1: AlexxxBogum folded before Flop (didn't bet)
Seat 2: zuszek85 (button) collected ($0.11)
Seat 3: Crappz (small blind) folded before Flop
Seat 4: VASGA (big blind) folded before Flop
Seat 5: Dorex2007 folded on the Flop
Seat 6: sportsmen84 folded before Flop (didn't bet)
Seat 7: hiker1201 folded before Flop (didn't bet)
Seat 9: zyaleniyeg folded before Flop (didn't bet)



PokerStars Hand #224057019393:  Hold'em No Limit ($0.01/$0.02 USD) - 2021/02/21 1:28:00 PT [2021/02/21 4:28:00 ET]
Table 'Brunonia V' 9-max Seat #3 is the button
Seat 1: AlexxxBogum ($2.76 in chips) 
Seat 2: zuszek85 ($1.07 in chips) 
Seat 3: Crappz ($2 in chips) 
Seat 4: VASGA ($4.64 in chips) 
Seat 5: Dorex2007 ($1.74 in chips) 
Seat 6: sportsmen84 ($2.49 in chips) 
Seat 7: hiker1201 ($2.63 in chips) 
Seat 9: zyaleniyeg ($2.13 in chips) 
VASGA: posts small blind $0.01
Dorex2007: posts big blind $0.02
*** HOLE CARDS ***
Dealt to Dorex2007 [Jc 5s]
sportsmen84: folds 
hiker1201: folds 
zyaleniyeg: raises $0.04 to $0.06
AlexxxBogum: folds 
zuszek85: folds 
Crappz: folds 
VASGA: calls $0.05
Dorex2007: folds 
*** FLOP *** [9s 7c 4h]
VASGA: bets $0.07
zyaleniyeg: folds 
Uncalled bet ($0.07) returned to VASGA
VASGA collected $0.14 from pot
VASGA: doesn't show hand 
*** SUMMARY ***
Total pot $0.14 | Rake $0 
Board [9s 7c 4h]
Seat 1: AlexxxBogum folded before Flop (didn't bet)
Seat 2: zuszek85 folded before Flop (didn't bet)
Seat 3: Crappz (button) folded before Flop (didn't bet)
Seat 4: VASGA (small blind) collected ($0.14)
Seat 5: Dorex2007 (big blind) folded before Flop
Seat 6: sportsmen84 folded before Flop (didn't bet)
Seat 7: hiker1201 folded before Flop (didn't bet)
Seat 9: zyaleniyeg folded on the Flop



PokerStars Hand #224057025718:  Hold'em No Limit ($0.01/$0.02 USD) - 2021/02/21 1:28:24 PT [2021/02/21 4:28:24 ET]
Table 'Brunonia V' 9-max Seat #4 is the button
Seat 1: AlexxxBogum ($2.76 in chips) 
Seat 2: zuszek85 ($1.07 in chips) 
Seat 3: Crappz ($2 in chips) 
Seat 4: VASGA ($4.72 in chips) 
Seat 5: Dorex2007 ($1.72 in chips) 
Seat 6: sportsmen84 ($2.49 in chips) 
Seat 7: hiker1201 ($2.63 in chips) 
Seat 9: zyaleniyeg ($2.07 in chips) 
Dorex2007: posts small blind $0.01
sportsmen84: posts big blind $0.02
*** HOLE CARDS ***
Dealt to Dorex2007 [4d As]
hiker1201: raises $0.04 to $0.06
zyaleniyeg: calls $0.06
AlexxxBogum: folds 
zuszek85: folds 
Crappz: folds 
VASGA: folds 
Dorex2007: folds 
sportsmen84: folds 
*** FLOP *** [Js 6h 9h]
hiker1201: bets $0.07
zyaleniyeg: calls $0.07
*** TURN *** [Js 6h 9h] [Kh]
hiker1201: bets $0.08
zyaleniyeg: calls $0.08
*** RIVER *** [Js 6h 9h Kh] [5c]
hiker1201: bets $0.08
zyaleniyeg: raises $0.08 to $0.16
hiker1201: calls $0.08
*** SHOW DOWN ***
zyaleniyeg: shows [9s 9c] (three of a kind, Nines)
hiker1201: mucks hand 
zyaleniyeg collected $0.74 from pot
*** SUMMARY ***
Total pot $0.77 | Rake $0.03 
Board [Js 6h 9h Kh 5c]
Seat 1: AlexxxBogum folded before Flop (didn't bet)
Seat 2: zuszek85 folded before Flop (didn't bet)
Seat 3: Crappz folded before Flop (didn't bet)
Seat 4: VASGA (button) folded before Flop (didn't bet)
Seat 5: Dorex2007 (small blind) folded before Flop
Seat 6: sportsmen84 (big blind) folded before Flop
Seat 7: hiker1201 mucked [Ad Ks]
Seat 9: zyaleniyeg showed [9s 9c] and won ($0.74) with three of a kind, Nines



PokerStars Hand #224057040951:  Hold'em No Limit ($0.01/$0.02 USD) - 2021/02/21 1:29:20 PT [2021/02/21 4:29:20 ET]
Table 'Brunonia V' 9-max Seat #5 is the button
Seat 1: AlexxxBogum ($2.76 in chips) 
Seat 2: zuszek85 ($1.07 in chips) 
Seat 3: Crappz ($2 in chips) 
Seat 4: VASGA ($4.72 in chips) 
Seat 5: Dorex2007 ($1.71 in chips) 
Seat 6: sportsmen84 ($2.47 in chips) 
Seat 7: hiker1201 ($2.26 in chips) 
Seat 8: MATEMATIK ($4.41 in chips) 
Seat 9: zyaleniyeg ($2.44 in chips) 
sportsmen84: posts small blind $0.01
hiker1201: posts big blind $0.02
*** HOLE CARDS ***
Dealt to Dorex2007 [7c 3d]
MATEMATIK: folds 
zyaleniyeg: folds 
AlexxxBogum: folds 
zuszek85: folds 
Crappz: folds 
VASGA: raises $0.04 to $0.06
Dorex2007: folds 
sportsmen84: folds 
hiker1201: folds 
Uncalled bet ($0.04) returned to VASGA
VASGA collected $0.05 from pot
VASGA: doesn't show hand 
*** SUMMARY ***
Total pot $0.05 | Rake $0 
Seat 1: AlexxxBogum folded before Flop (didn't bet)
Seat 2: zuszek85 folded before Flop (didn't bet)
Seat 3: Crappz folded before Flop (didn't bet)
Seat 4: VASGA collected ($0.05)
Seat 5: Dorex2007 (button) folded before Flop (didn't bet)
Seat 6: sportsmen84 (small blind) folded before Flop
Seat 7: hiker1201 (big blind) folded before Flop
Seat 8: MATEMATIK folded before Flop (didn't bet)
Seat 9: zyaleniyeg folded before Flop (didn't bet)



PokerStars Hand #224057047777:  Hold'em No Limit ($0.01/$0.02 USD) - 2021/02/21 1:29:45 PT [2021/02/21 4:29:45 ET]
Table 'Brunonia V' 9-max Seat #6 is the button
Seat 1: AlexxxBogum ($2.76 in chips) 
Seat 2: zuszek85 ($1.07 in chips) 
Seat 3: Crappz ($2 in chips) 
Seat 4: VASGA ($4.75 in chips) 
Seat 5: Dorex2007 ($1.71 in chips) 
Seat 6: sportsmen84 ($2.46 in chips) 
Seat 7: hiker1201 ($2.24 in chips) 
Seat 8: MATEMATIK ($4.41 in chips) 
Seat 9: zyaleniyeg ($2.44 in chips) 
hiker1201: posts small blind $0.01
MATEMATIK: posts big blind $0.02
*** HOLE CARDS ***
Dealt to Dorex2007 [2s Th]
zyaleniyeg: folds 
AlexxxBogum: raises $0.09 to $0.11
zuszek85: folds 
Crappz: folds 
VASGA: folds 
Dorex2007: folds 
sportsmen84: folds 
hiker1201: folds 
MATEMATIK: folds 
Uncalled bet ($0.09) returned to AlexxxBogum
AlexxxBogum collected $0.05 from pot
AlexxxBogum: doesn't show hand 
*** SUMMARY ***
Total pot $0.05 | Rake $0 
Seat 1: AlexxxBogum collected ($0.05)
Seat 2: zuszek85 folded before Flop (didn't bet)
Seat 3: Crappz folded before Flop (didn't bet)
Seat 4: VASGA folded before Flop (didn't bet)
Seat 5: Dorex2007 folded before Flop (didn't bet)
Seat 6: sportsmen84 (button) folded before Flop (didn't bet)
Seat 7: hiker1201 (small blind) folded before Flop
Seat 8: MATEMATIK (big blind) folded before Flop
Seat 9: zyaleniyeg folded before Flop (didn't bet)



PokerStars Hand #224057054811:  Hold'em No Limit ($0.01/$0.02 USD) - 2021/02/21 1:30:10 PT [2021/02/21 4:30:10 ET]
Table 'Brunonia V' 9-max Seat #7 is the button
Seat 1: AlexxxBogum ($2.79 in chips) 
Seat 2: zuszek85 ($1.07 in chips) 
Seat 3: Crappz ($2 in chips) 
Seat 4: VASGA ($4.75 in chips) 
Seat 5: Dorex2007 ($1.71 in chips) 
Seat 6: sportsmen84 ($2.46 in chips) 
Seat 7: hiker1201 ($2.23 in chips) 
Seat 8: MATEMATIK ($4.39 in chips) 
Seat 9: zyaleniyeg ($2.44 in chips) 
MATEMATIK: posts small blind $0.01
zyaleniyeg: posts big blind $0.02
*** HOLE CARDS ***
Dealt to Dorex2007 [Qs As]
AlexxxBogum: folds 
zuszek85: folds 
Crappz: folds 
VASGA: calls $0.02
Dorex2007: raises $0.04 to $0.06
sportsmen84: folds 
hiker1201: folds 
MATEMATIK: calls $0.05
zyaleniyeg: folds 
VASGA: calls $0.04
*** FLOP *** [5c Td Jc]
MATEMATIK: checks 
VASGA: checks 
Dorex2007: bets $0.10
MATEMATIK: calls $0.10
VASGA: calls $0.10
*** TURN *** [5c Td Jc] [Kh]
MATEMATIK: checks 
VASGA: checks 
Dorex2007: checks 
*** RIVER *** [5c Td Jc Kh] [Kd]
MATEMATIK: checks 
VASGA: checks 
Dorex2007: bets $0.24
MATEMATIK: calls $0.24
VASGA: folds 
*** SHOW DOWN ***
Dorex2007: shows [Qs As] (a straight, Ten to Ace)
MATEMATIK: mucks hand 
Dorex2007 collected $0.95 from pot
*** SUMMARY ***
Total pot $0.98 | Rake $0.03 
Board [5c Td Jc Kh Kd]
Seat 1: AlexxxBogum folded before Flop (didn't bet)
Seat 2: zuszek85 folded before Flop (didn't bet)
Seat 3: Crappz folded before Flop (didn't bet)
Seat 4: VASGA folded on the River
Seat 5: Dorex2007 showed [Qs As] and won ($0.95) with a straight, Ten to Ace
Seat 6: sportsmen84 folded before Flop (didn't bet)
Seat 7: hiker1201 (button) folded before Flop (didn't bet)
Seat 8: MATEMATIK (small blind) mucked [8h Jh]
Seat 9: zyaleniyeg (big blind) folded before Flop



PokerStars Hand #224057075841:  Hold'em No Limit ($0.01/$0.02 USD) - 2021/02/21 1:31:27 PT [2021/02/21 4:31:27 ET]
Table 'Brunonia V' 9-max Seat #8 is the button
Seat 1: AlexxxBogum ($2.79 in chips) 
Seat 2: zuszek85 ($1.07 in chips) 
Seat 3: Crappz ($2 in chips) 
Seat 4: VASGA ($4.59 in chips) 
Seat 5: Dorex2007 ($2.26 in chips) 
Seat 6: sportsmen84 ($2.46 in chips) 
Seat 7: hiker1201 ($2.23 in chips) 
Seat 8: MATEMATIK ($3.99 in chips) 
Seat 9: zyaleniyeg ($2.42 in chips) 
zyaleniyeg: posts small blind $0.01
AlexxxBogum: posts big blind $0.02
*** HOLE CARDS ***
Dealt to Dorex2007 [Js 3d]
zuszek85: calls $0.02
Crappz: raises $0.04 to $0.06
VASGA: calls $0.06
Dorex2007: folds 
sportsmen84: folds 
hiker1201: folds 
MATEMATIK: folds 
zyaleniyeg: folds 
AlexxxBogum: folds 
zuszek85: calls $0.04
*** FLOP *** [9c 4d Ad]
zuszek85: checks 
Crappz: checks 
VASGA: checks 
*** TURN *** [9c 4d Ad] [2h]
zuszek85: checks 
Crappz: checks 
VASGA: checks 
*** RIVER *** [9c 4d Ad 2h] [7c]
zuszek85: checks 
Crappz: checks 
VASGA: checks 
*** SHOW DOWN ***
zuszek85: shows [Jc Qs] (high card Ace)
Crappz: shows [8c 8d] (a pair of Eights)
VASGA: mucks hand 
Crappz collected $0.20 from pot
*** SUMMARY ***
Total pot $0.21 | Rake $0.01 
Board [9c 4d Ad 2h 7c]
Seat 1: AlexxxBogum (big blind) folded before Flop
Seat 2: zuszek85 showed [Jc Qs] and lost with high card Ace
Seat 3: Crappz showed [8c 8d] and won ($0.20) with a pair of Eights
Seat 4: VASGA mucked [3c 6c]
Seat 5: Dorex2007 folded before Flop (didn't bet)
Seat 6: sportsmen84 folded before Flop (didn't bet)
Seat 7: hiker1201 folded before Flop (didn't bet)
Seat 8: MATEMATIK (button) folded before Flop (didn't bet)
Seat 9: zyaleniyeg (small blind) folded before Flop



PokerStars Hand #224057086896:  Hold'em No Limit ($0.01/$0.02 USD) - 2021/02/21 1:32:07 PT [2021/02/21 4:32:07 ET]
Table 'Brunonia V' 9-max Seat #9 is the button
Seat 1: AlexxxBogum ($2.77 in chips) 
Seat 2: zuszek85 ($1.01 in chips) 
Seat 3: Crappz ($2.14 in chips) 
Seat 4: VASGA ($4.53 in chips) 
Seat 5: Dorex2007 ($2.26 in chips) 
Seat 6: sportsmen84 ($2.46 in chips) 
Seat 7: hiker1201 ($2.23 in chips) 
Seat 8: MATEMATIK ($3.99 in chips) 
Seat 9: zyaleniyeg ($2.41 in chips) 
AlexxxBogum: posts small blind $0.01
zuszek85: posts big blind $0.02
*** HOLE CARDS ***
Dealt to Dorex2007 [6h Ad]
Crappz: folds 
VASGA: folds 
Dorex2007: folds 
sportsmen84: folds 
hiker1201: folds 
MATEMATIK: folds 
zyaleniyeg: folds 
AlexxxBogum: folds 
Uncalled bet ($0.01) returned to zuszek85
zuszek85 collected $0.02 from pot
*** SUMMARY ***
Total pot $0.02 | Rake $0 
Seat 1: AlexxxBogum (small blind) folded before Flop
Seat 2: zuszek85 (big blind) collected ($0.02)
Seat 3: Crappz folded before Flop (didn't bet)
Seat 4: VASGA folded before Flop (didn't bet)
Seat 5: Dorex2007 folded before Flop (didn't bet)
Seat 6: sportsmen84 folded before Flop (didn't bet)
Seat 7: hiker1201 folded before Flop (didn't bet)
Seat 8: MATEMATIK folded before Flop (didn't bet)
Seat 9: zyaleniyeg (button) folded before Flop (didn't bet)



PokerStars Hand #224057091171:  Hold'em No Limit ($0.01/$0.02 USD) - 2021/02/21 1:32:22 PT [2021/02/21 4:32:22 ET]
Table 'Brunonia V' 9-max Seat #1 is the button
Seat 1: AlexxxBogum ($2.76 in chips) 
Seat 2: zuszek85 ($1.02 in chips) 
Seat 3: Crappz ($2.14 in chips) 
Seat 4: VASGA ($4.53 in chips) 
Seat 5: Dorex2007 ($2.26 in chips) 
Seat 6: sportsmen84 ($2.46 in chips) 
Seat 7: hiker1201 ($2.23 in chips) 
Seat 8: MATEMATIK ($3.99 in chips) 
Seat 9: zyaleniyeg ($2.41 in chips) 
zuszek85: posts small blind $0.01
Crappz: posts big blind $0.02
*** HOLE CARDS ***
Dealt to Dorex2007 [Jd 8c]
VASGA: calls $0.02
Dorex2007: folds 
sportsmen84: folds 
hiker1201: folds 
MATEMATIK: folds 
zyaleniyeg: folds 
AlexxxBogum: raises $0.08 to $0.10
zuszek85: calls $0.09
Crappz: folds 
VASGA: calls $0.08
*** FLOP *** [Qd Qc Ks]
zuszek85: checks 
VASGA: checks 
AlexxxBogum: checks 
*** TURN *** [Qd Qc Ks] [4c]
zuszek85: checks 
VASGA: checks 
AlexxxBogum: checks 
*** RIVER *** [Qd Qc Ks 4c] [8s]
zuszek85: checks 
VASGA: checks 
AlexxxBogum: bets $0.21
zuszek85: folds 
VASGA: folds 
Uncalled bet ($0.21) returned to AlexxxBogum
AlexxxBogum collected $0.31 from pot
AlexxxBogum: doesn't show hand 
*** SUMMARY ***
Total pot $0.32 | Rake $0.01 
Board [Qd Qc Ks 4c 8s]
Seat 1: AlexxxBogum (button) collected ($0.31)
Seat 2: zuszek85 (small blind) folded on the River
Seat 3: Crappz (big blind) folded before Flop
Seat 4: VASGA folded on the River
Seat 5: Dorex2007 folded before Flop (didn't bet)
Seat 6: sportsmen84 folded before Flop (didn't bet)
Seat 7: hiker1201 folded before Flop (didn't bet)
Seat 8: MATEMATIK folded before Flop (didn't bet)
Seat 9: zyaleniyeg folded before Flop (didn't bet)



PokerStars Hand #224057106679:  Hold'em No Limit ($0.01/$0.02 USD) - 2021/02/21 1:33:18 PT [2021/02/21 4:33:18 ET]
Table 'Brunonia V' 9-max Seat #2 is the button
Seat 1: AlexxxBogum ($2.97 in chips) 
Seat 2: zuszek85 ($0.92 in chips) 
Seat 3: Crappz ($2.12 in chips) 
Seat 4: VASGA ($4.43 in chips) 
Seat 5: Dorex2007 ($2.26 in chips) 
Seat 6: sportsmen84 ($2.46 in chips) 
Seat 7: hiker1201 ($2.23 in chips) 
Seat 8: MATEMATIK ($3.99 in chips) 
Seat 9: zyaleniyeg ($2.41 in chips) 
Crappz: posts small blind $0.01
VASGA: posts big blind $0.02
*** HOLE CARDS ***
Dealt to Dorex2007 [Td 9h]
Dorex2007: folds 
sportsmen84: folds 
hiker1201: raises $0.04 to $0.06
MATEMATIK: folds 
zyaleniyeg: folds 
AlexxxBogum: folds 
zuszek85: folds 
Crappz: folds 
VASGA: calls $0.04
*** FLOP *** [7h Qh Qd]
VASGA: checks 
hiker1201: bets $0.07
VASGA: folds 
Uncalled bet ($0.07) returned to hiker1201
hiker1201 collected $0.13 from pot
hiker1201: doesn't show hand 
*** SUMMARY ***
Total pot $0.13 | Rake $0 
Board [7h Qh Qd]
Seat 1: AlexxxBogum folded before Flop (didn't bet)
Seat 2: zuszek85 (button) folded before Flop (didn't bet)
Seat 3: Crappz (small blind) folded before Flop
Seat 4: VASGA (big blind) folded on the Flop
Seat 5: Dorex2007 folded before Flop (didn't bet)
Seat 6: sportsmen84 folded before Flop (didn't bet)
Seat 7: hiker1201 collected ($0.13)
Seat 8: MATEMATIK folded before Flop (didn't bet)
Seat 9: zyaleniyeg folded before Flop (didn't bet)



PokerStars Hand #224057115914:  Hold'em No Limit ($0.01/$0.02 USD) - 2021/02/21 1:33:51 PT [2021/02/21 4:33:51 ET]
Table 'Brunonia V' 9-max Seat #3 is the button
Seat 1: AlexxxBogum ($2.97 in chips) 
Seat 2: zuszek85 ($0.92 in chips) 
Seat 3: Crappz ($2.11 in chips) 
Seat 4: VASGA ($4.37 in chips) 
Seat 5: Dorex2007 ($2.26 in chips) 
Seat 6: sportsmen84 ($2.46 in chips) 
Seat 7: hiker1201 ($2.30 in chips) 
Seat 8: MATEMATIK ($3.99 in chips) 
Seat 9: zyaleniyeg ($2.41 in chips) 
VASGA: posts small blind $0.01
Dorex2007: posts big blind $0.02
*** HOLE CARDS ***
Dealt to Dorex2007 [9h 6s]
sportsmen84: folds 
hiker1201: folds 
MATEMATIK: folds 
zyaleniyeg: folds 
AlexxxBogum has timed out
AlexxxBogum: folds 
zuszek85: folds 
Crappz: folds 
VASGA: folds 
Uncalled bet ($0.01) returned to Dorex2007
Dorex2007 collected $0.02 from pot
Dorex2007: doesn't show hand 
*** SUMMARY ***
Total pot $0.02 | Rake $0 
Seat 1: AlexxxBogum folded before Flop (didn't bet)
Seat 2: zuszek85 folded before Flop (didn't bet)
Seat 3: Crappz (button) folded before Flop (didn't bet)
Seat 4: VASGA (small blind) folded before Flop
Seat 5: Dorex2007 (big blind) collected ($0.02)
Seat 6: sportsmen84 folded before Flop (didn't bet)
Seat 7: hiker1201 folded before Flop (didn't bet)
Seat 8: MATEMATIK folded before Flop (didn't bet)
Seat 9: zyaleniyeg folded before Flop (didn't bet)



PokerStars Hand #224057122442:  Hold'em No Limit ($0.01/$0.02 USD) - 2021/02/21 1:34:15 PT [2021/02/21 4:34:15 ET]
Table 'Brunonia V' 9-max Seat #4 is the button
Seat 2: zuszek85 ($0.92 in chips) 
Seat 3: Crappz ($2.11 in chips) 
Seat 4: VASGA ($4.36 in chips) 
Seat 5: Dorex2007 ($2.27 in chips) 
Seat 6: sportsmen84 ($2.46 in chips) 
Seat 7: hiker1201 ($2.30 in chips) 
Seat 8: MATEMATIK ($3.99 in chips) 
Seat 9: zyaleniyeg ($2.41 in chips) 
Dorex2007: posts small blind $0.01
sportsmen84: posts big blind $0.02
*** HOLE CARDS ***
Dealt to Dorex2007 [Kd 2h]
hiker1201: folds 
MATEMATIK: folds 
zyaleniyeg has timed out
zyaleniyeg: folds 
zuszek85: calls $0.02
Crappz: folds 
VASGA: calls $0.02
Dorex2007: folds 
sportsmen84: checks 
*** FLOP *** [6d 7h Td]
sportsmen84: checks 
zuszek85: checks 
VASGA: checks 
*** TURN *** [6d 7h Td] [2s]
sportsmen84: checks 
zuszek85: checks 
VASGA: checks 
*** RIVER *** [6d 7h Td 2s] [7s]
sportsmen84: checks 
zuszek85: checks 
VASGA: checks 
*** SHOW DOWN ***
sportsmen84: shows [Jh 9h] (a pair of Sevens)
zuszek85: shows [9d Qd] (a pair of Sevens - Queen kicker)
VASGA: shows [Kc Ad] (a pair of Sevens - Ace kicker)
VASGA collected $0.07 from pot
*** SUMMARY ***
Total pot $0.07 | Rake $0 
Board [6d 7h Td 2s 7s]
Seat 2: zuszek85 showed [9d Qd] and lost with a pair of Sevens
Seat 3: Crappz folded before Flop (didn't bet)
Seat 4: VASGA (button) showed [Kc Ad] and won ($0.07) with a pair of Sevens
Seat 5: Dorex2007 (small blind) folded before Flop
Seat 6: sportsmen84 (big blind) showed [Jh 9h] and lost with a pair of Sevens
Seat 7: hiker1201 folded before Flop (didn't bet)
Seat 8: MATEMATIK folded before Flop (didn't bet)
Seat 9: zyaleniyeg folded before Flop (didn't bet)



PokerStars Hand #224057135832:  Hold'em No Limit ($0.01/$0.02 USD) - 2021/02/21 1:35:03 PT [2021/02/21 4:35:03 ET]
Table 'Brunonia V' 9-max Seat #5 is the button
Seat 1: AlexxxBogum ($2.97 in chips) 
Seat 2: zuszek85 ($0.90 in chips) 
Seat 3: Crappz ($2.11 in chips) 
Seat 4: VASGA ($4.41 in chips) 
Seat 5: Dorex2007 ($2.26 in chips) 
Seat 6: sportsmen84 ($2.44 in chips) 
Seat 7: hiker1201 ($2.30 in chips) 
Seat 8: MATEMATIK ($3.99 in chips) 
sportsmen84: posts small blind $0.01
hiker1201: posts big blind $0.02
*** HOLE CARDS ***
Dealt to Dorex2007 [7c 9s]
MATEMATIK: raises $0.04 to $0.06
AlexxxBogum: folds 
zuszek85: folds 
Crappz: calls $0.06
VASGA: calls $0.06
Dorex2007: folds 
sportsmen84: folds 
hiker1201: folds 
*** FLOP *** [2c Kd Tc]
MATEMATIK: bets $0.10
Crappz: folds 
VASGA: folds 
Uncalled bet ($0.10) returned to MATEMATIK
MATEMATIK collected $0.20 from pot
MATEMATIK: doesn't show hand 
*** SUMMARY ***
Total pot $0.21 | Rake $0.01 
Board [2c Kd Tc]
Seat 1: AlexxxBogum folded before Flop (didn't bet)
Seat 2: zuszek85 folded before Flop (didn't bet)
Seat 3: Crappz folded on the Flop
Seat 4: VASGA folded on the Flop
Seat 5: Dorex2007 (button) folded before Flop (didn't bet)
Seat 6: sportsmen84 (small blind) folded before Flop
Seat 7: hiker1201 (big blind) folded before Flop
Seat 8: MATEMATIK collected ($0.20)



PokerStars Hand #224057145349:  Hold'em No Limit ($0.01/$0.02 USD) - 2021/02/21 1:35:37 PT [2021/02/21 4:35:37 ET]
Table 'Brunonia V' 9-max Seat #6 is the button
Seat 1: AlexxxBogum ($2.97 in chips) 
Seat 2: zuszek85 ($0.90 in chips) 
Seat 3: Crappz ($2.05 in chips) 
Seat 4: VASGA ($4.35 in chips) 
Seat 5: Dorex2007 ($2.26 in chips) 
Seat 6: sportsmen84 ($2.43 in chips) 
Seat 7: hiker1201 ($2.28 in chips) 
Seat 8: MATEMATIK ($4.13 in chips) 
hiker1201: posts small blind $0.01
MATEMATIK: posts big blind $0.02
*** HOLE CARDS ***
Dealt to Dorex2007 [5s 8d]
AlexxxBogum: folds 
zuszek85: folds 
Crappz: raises $0.04 to $0.06
VASGA: folds 
Dorex2007: folds 
sportsmen84: folds 
hiker1201: folds 
MATEMATIK: folds 
Uncalled bet ($0.04) returned to Crappz
Crappz collected $0.05 from pot
Crappz: doesn't show hand 
*** SUMMARY ***
Total pot $0.05 | Rake $0 
Seat 1: AlexxxBogum folded before Flop (didn't bet)
Seat 2: zuszek85 folded before Flop (didn't bet)
Seat 3: Crappz collected ($0.05)
Seat 4: VASGA folded before Flop (didn't bet)
Seat 5: Dorex2007 folded before Flop (didn't bet)
Seat 6: sportsmen84 (button) folded before Flop (didn't bet)
Seat 7: hiker1201 (small blind) folded before Flop
Seat 8: MATEMATIK (big blind) folded before Flop



PokerStars Hand #224057150749:  Hold'em No Limit ($0.01/$0.02 USD) - 2021/02/21 1:35:56 PT [2021/02/21 4:35:56 ET]
Table 'Brunonia V' 9-max Seat #7 is the button
Seat 1: AlexxxBogum ($2.97 in chips) 
Seat 2: zuszek85 ($0.90 in chips) 
Seat 3: Crappz ($2.08 in chips) 
Seat 4: VASGA ($4.35 in chips) 
Seat 5: Dorex2007 ($2.26 in chips) 
Seat 6: sportsmen84 ($2.43 in chips) 
Seat 7: hiker1201 ($2.27 in chips) 
Seat 8: MATEMATIK ($4.11 in chips) 
MATEMATIK: posts small blind $0.01
AlexxxBogum: posts big blind $0.02
*** HOLE CARDS ***
Dealt to Dorex2007 [Td 8h]
zuszek85: folds 
Crappz: raises $0.04 to $0.06
VASGA: folds 
Dorex2007: folds 
sportsmen84: calls $0.06
hiker1201: folds 
MATEMATIK is disconnected 
MATEMATIK has timed out while disconnected
MATEMATIK: folds 
AlexxxBogum: raises $0.08 to $0.14
Crappz: calls $0.08
sportsmen84: calls $0.08
*** FLOP *** [9s Th 3d]
AlexxxBogum: bets $0.20
Crappz: calls $0.20
sportsmen84: folds 
*** TURN *** [9s Th 3d] [Qd]
AlexxxBogum: bets $0.80
zyaleniyeg leaves the table
Crappz: calls $0.80
*** RIVER *** [9s Th 3d Qd] [5h]
AlexxxBogum: checks 
Crappz: checks 
*** SHOW DOWN ***
AlexxxBogum: shows [Jh As] (high card Ace)
Crappz: shows [Jd Jc] (a pair of Jacks)
Crappz collected $2.34 from pot
*** SUMMARY ***
Total pot $2.43 | Rake $0.09 
Board [9s Th 3d Qd 5h]
Seat 1: AlexxxBogum (big blind) showed [Jh As] and lost with high card Ace
Seat 2: zuszek85 folded before Flop (didn't bet)
Seat 3: Crappz showed [Jd Jc] and won ($2.34) with a pair of Jacks
Seat 4: VASGA folded before Flop (didn't bet)
Seat 5: Dorex2007 folded before Flop (didn't bet)
Seat 6: sportsmen84 folded on the Flop
Seat 7: hiker1201 (button) folded before Flop (didn't bet)
Seat 8: MATEMATIK (small blind) folded before Flop



PokerStars Hand #224057188188:  Hold'em No Limit ($0.01/$0.02 USD) - 2021/02/21 1:38:09 PT [2021/02/21 4:38:09 ET]
Table 'Brunonia V' 9-max Seat #8 is the button
Seat 1: AlexxxBogum ($1.83 in chips) 
Seat 2: zuszek85 ($0.90 in chips) 
Seat 3: Crappz ($3.28 in chips) 
Seat 4: VASGA ($4.35 in chips) 
Seat 5: Dorex2007 ($2.26 in chips) 
Seat 6: sportsmen84 ($2.29 in chips) 
Seat 7: hiker1201 ($2.27 in chips) 
Seat 8: MATEMATIK ($4.10 in chips) 
AlexxxBogum: posts small blind $0.01
zuszek85: posts big blind $0.02
*** HOLE CARDS ***
Dealt to Dorex2007 [9h 8s]
Crappz: folds 
VASGA: folds 
Dorex2007: folds 
sportsmen84: raises $0.04 to $0.06
hiker1201: folds 
MATEMATIK: folds 
AlexxxBogum: raises $0.14 to $0.20
zuszek85: folds 
sportsmen84: calls $0.14
*** FLOP *** [4d Tc 6h]
AlexxxBogum: checks 
sportsmen84: checks 
*** TURN *** [4d Tc 6h] [9d]
AlexxxBogum: checks 
sportsmen84: checks 
*** RIVER *** [4d Tc 6h 9d] [7s]
AlexxxBogum: bets $0.41
sportsmen84: folds 
Uncalled bet ($0.41) returned to AlexxxBogum
AlexxxBogum collected $0.41 from pot
AlexxxBogum: doesn't show hand 
*** SUMMARY ***
Total pot $0.42 | Rake $0.01 
Board [4d Tc 6h 9d 7s]
Seat 1: AlexxxBogum (small blind) collected ($0.41)
Seat 2: zuszek85 (big blind) folded before Flop
Seat 3: Crappz folded before Flop (didn't bet)
Seat 4: VASGA folded before Flop (didn't bet)
Seat 5: Dorex2007 folded before Flop (didn't bet)
Seat 6: sportsmen84 folded on the River
Seat 7: hiker1201 folded before Flop (didn't bet)
Seat 8: MATEMATIK (button) folded before Flop (didn't bet)



PokerStars Hand #224057209437:  Hold'em No Limit ($0.01/$0.02 USD) - 2021/02/21 1:39:26 PT [2021/02/21 4:39:26 ET]
Table 'Brunonia V' 9-max Seat #1 is the button
Seat 1: AlexxxBogum ($2.04 in chips) 
Seat 2: zuszek85 ($0.88 in chips) 
Seat 3: Crappz ($3.28 in chips) 
Seat 4: VASGA ($4.35 in chips) 
Seat 5: Dorex2007 ($2.26 in chips) 
Seat 6: sportsmen84 ($2.09 in chips) 
Seat 7: hiker1201 ($2.27 in chips) 
Seat 8: MATEMATIK ($4.10 in chips) 
zuszek85: posts small blind $0.01
Crappz: posts big blind $0.02
*** HOLE CARDS ***
Dealt to Dorex2007 [Kd 8c]
Wabrss joins the table at seat #9 
VASGA: folds 
Dorex2007: folds 
sportsmen84: folds 
hiker1201: folds 
MATEMATIK: folds 
AlexxxBogum: raises $0.11 to $0.13
zuszek85: folds 
Crappz: folds 
Uncalled bet ($0.11) returned to AlexxxBogum
AlexxxBogum collected $0.05 from pot
AlexxxBogum: doesn't show hand 
*** SUMMARY ***
Total pot $0.05 | Rake $0 
Seat 1: AlexxxBogum (button) collected ($0.05)
Seat 2: zuszek85 (small blind) folded before Flop
Seat 3: Crappz (big blind) folded before Flop
Seat 4: VASGA folded before Flop (didn't bet)
Seat 5: Dorex2007 folded before Flop (didn't bet)
Seat 6: sportsmen84 folded before Flop (didn't bet)
Seat 7: hiker1201 folded before Flop (didn't bet)
Seat 8: MATEMATIK folded before Flop (didn't bet)



PokerStars Hand #224057214310:  Hold'em No Limit ($0.01/$0.02 USD) - 2021/02/21 1:39:44 PT [2021/02/21 4:39:44 ET]
Table 'Brunonia V' 9-max Seat #2 is the button
Seat 1: AlexxxBogum ($2.07 in chips) 
Seat 2: zuszek85 ($0.87 in chips) 
Seat 3: Crappz ($3.26 in chips) 
Seat 4: VASGA ($4.35 in chips) 
Seat 5: Dorex2007 ($2.26 in chips) 
Seat 6: sportsmen84 ($2.09 in chips) 
Seat 7: hiker1201 ($2.27 in chips) 
Seat 8: MATEMATIK ($4.10 in chips) 
Seat 9: Wabrss ($1.60 in chips) 
Crappz: posts small blind $0.01
VASGA: posts big blind $0.02
Wabrss: posts big blind $0.02
*** HOLE CARDS ***
Dealt to Dorex2007 [5d 3c]
Dorex2007: folds 
sportsmen84: folds 
hiker1201: folds 
MATEMATIK: folds 
Wabrss: checks 
AlexxxBogum: folds 
zuszek85: folds 
Crappz: folds 
VASGA: checks 
*** FLOP *** [Ts 3s Ks]
VASGA: checks 
Wabrss: bets $0.05
VASGA: folds 
Uncalled bet ($0.05) returned to Wabrss
Wabrss collected $0.05 from pot
Wabrss: doesn't show hand 
*** SUMMARY ***
Total pot $0.05 | Rake $0 
Board [Ts 3s Ks]
Seat 1: AlexxxBogum folded before Flop (didn't bet)
Seat 2: zuszek85 (button) folded before Flop (didn't bet)
Seat 3: Crappz (small blind) folded before Flop
Seat 4: VASGA (big blind) folded on the Flop
Seat 5: Dorex2007 folded before Flop (didn't bet)
Seat 6: sportsmen84 folded before Flop (didn't bet)
Seat 7: hiker1201 folded before Flop (didn't bet)
Seat 8: MATEMATIK folded before Flop (didn't bet)
Seat 9: Wabrss collected ($0.05)



PokerStars Hand #224057223184:  Hold'em No Limit ($0.01/$0.02 USD) - 2021/02/21 1:40:15 PT [2021/02/21 4:40:15 ET]
Table 'Brunonia V' 9-max Seat #3 is the button
Seat 1: AlexxxBogum ($2.07 in chips) 
Seat 2: zuszek85 ($0.87 in chips) 
Seat 3: Crappz ($3.25 in chips) 
Seat 4: VASGA ($4.33 in chips) 
Seat 5: Dorex2007 ($2.26 in chips) 
Seat 6: sportsmen84 ($2.09 in chips) 
Seat 7: hiker1201 ($2.27 in chips) 
Seat 8: MATEMATIK ($4.10 in chips) 
Seat 9: Wabrss ($1.63 in chips) 
VASGA: posts small blind $0.01
Dorex2007: posts big blind $0.02
*** HOLE CARDS ***
Dealt to Dorex2007 [2c Ad]
sportsmen84: folds 
hiker1201: folds 
MATEMATIK: folds 
Wabrss: calls $0.02
AlexxxBogum: raises $0.08 to $0.10
zuszek85: folds 
Crappz: folds 
VASGA: folds 
Dorex2007: folds 
Wabrss: calls $0.08
*** FLOP *** [Td Kc 3h]
Wabrss: checks 
AlexxxBogum: checks 
*** TURN *** [Td Kc 3h] [Ts]
Wabrss: bets $0.11
AlexxxBogum: raises $0.44 to $0.55
Wabrss: calls $0.44
*** RIVER *** [Td Kc 3h Ts] [As]
Wabrss: checks 
AlexxxBogum: bets $1.28
Wabrss: folds 
Uncalled bet ($1.28) returned to AlexxxBogum
AlexxxBogum collected $1.28 from pot
AlexxxBogum: doesn't show hand 
*** SUMMARY ***
Total pot $1.33 | Rake $0.05 
Board [Td Kc 3h Ts As]
Seat 1: AlexxxBogum collected ($1.28)
Seat 2: zuszek85 folded before Flop (didn't bet)
Seat 3: Crappz (button) folded before Flop (didn't bet)
Seat 4: VASGA (small blind) folded before Flop
Seat 5: Dorex2007 (big blind) folded before Flop
Seat 6: sportsmen84 folded before Flop (didn't bet)
Seat 7: hiker1201 folded before Flop (didn't bet)
Seat 8: MATEMATIK folded before Flop (didn't bet)
Seat 9: Wabrss folded on the River



PokerStars Hand #224057239271:  Hold'em No Limit ($0.01/$0.02 USD) - 2021/02/21 1:41:12 PT [2021/02/21 4:41:12 ET]
Table 'Brunonia V' 9-max Seat #4 is the button
Seat 1: AlexxxBogum ($2.70 in chips) 
Seat 2: zuszek85 ($0.87 in chips) 
Seat 3: Crappz ($3.25 in chips) 
Seat 4: VASGA ($4.32 in chips) 
Seat 5: Dorex2007 ($2.24 in chips) 
Seat 6: sportsmen84 ($2.09 in chips) 
Seat 7: hiker1201 ($2.27 in chips) 
Seat 8: MATEMATIK ($4.10 in chips) 
Seat 9: Wabrss ($0.98 in chips) 
Dorex2007: posts small blind $0.01
sportsmen84: posts big blind $0.02
*** HOLE CARDS ***
Dealt to Dorex2007 [Ad 9d]
hiker1201: folds 
MATEMATIK: calls $0.02
Wabrss: folds 
AlexxxBogum: raises $0.11 to $0.13
zuszek85: folds 
Crappz: folds 
VASGA: folds 
Dorex2007: folds 
sportsmen84: folds 
MATEMATIK: folds 
Uncalled bet ($0.11) returned to AlexxxBogum
AlexxxBogum collected $0.07 from pot
AlexxxBogum: doesn't show hand 
*** SUMMARY ***
Total pot $0.07 | Rake $0 
Seat 1: AlexxxBogum collected ($0.07)
Seat 2: zuszek85 folded before Flop (didn't bet)
Seat 3: Crappz folded before Flop (didn't bet)
Seat 4: VASGA (button) folded before Flop (didn't bet)
Seat 5: Dorex2007 (small blind) folded before Flop
Seat 6: sportsmen84 (big blind) folded before Flop
Seat 7: hiker1201 folded before Flop (didn't bet)
Seat 8: MATEMATIK folded before Flop
Seat 9: Wabrss folded before Flop (didn't bet)



PokerStars Hand #224057246193:  Hold'em No Limit ($0.01/$0.02 USD) - 2021/02/21 1:41:36 PT [2021/02/21 4:41:36 ET]
Table 'Brunonia V' 9-max Seat #5 is the button
Seat 1: AlexxxBogum ($2.75 in chips) 
Seat 2: zuszek85 ($0.87 in chips) 
Seat 3: Crappz ($3.25 in chips) 
Seat 4: VASGA ($4.32 in chips) 
Seat 5: Dorex2007 ($2.23 in chips) 
Seat 6: sportsmen84 ($2.07 in chips) 
Seat 7: hiker1201 ($2.27 in chips) 
Seat 8: MATEMATIK ($4.08 in chips) 
Seat 9: Wabrss ($0.98 in chips) 
sportsmen84: posts small blind $0.01
hiker1201: posts big blind $0.02
*** HOLE CARDS ***
Dealt to Dorex2007 [3c 6d]
MATEMATIK has timed out
MATEMATIK: folds 
Wabrss: raises $0.04 to $0.06
AlexxxBogum: raises $0.08 to $0.14
zuszek85: folds 
Crappz: folds 
VASGA: folds 
Dorex2007: folds 
sportsmen84: calls $0.13
hiker1201: folds 
Wabrss: calls $0.08
*** FLOP *** [Tc Qc Jc]
sportsmen84: checks 
Wabrss: bets $0.42
AlexxxBogum: raises $1.26 to $1.68
sportsmen84: folds 
Wabrss: calls $0.42 and is all-in
Uncalled bet ($0.84) returned to AlexxxBogum
*** TURN *** [Tc Qc Jc] [Ah]
*** RIVER *** [Tc Qc Jc Ah] [2c]
*** SHOW DOWN ***
Wabrss: shows [Ks Qd] (a straight, Ten to Ace)
AlexxxBogum: shows [Kh Qs] (a straight, Ten to Ace)
Wabrss collected $1.03 from pot
AlexxxBogum collected $1.02 from pot
*** SUMMARY ***
Total pot $2.12 | Rake $0.07 
Board [Tc Qc Jc Ah 2c]
Seat 1: AlexxxBogum showed [Kh Qs] and won ($1.02) with a straight, Ten to Ace
Seat 2: zuszek85 folded before Flop (didn't bet)
Seat 3: Crappz folded before Flop (didn't bet)
Seat 4: VASGA folded before Flop (didn't bet)
Seat 5: Dorex2007 (button) folded before Flop (didn't bet)
Seat 6: sportsmen84 (small blind) folded on the Flop
Seat 7: hiker1201 (big blind) folded before Flop
Seat 8: MATEMATIK folded before Flop (didn't bet)
Seat 9: Wabrss showed [Ks Qd] and won ($1.03) with a straight, Ten to Ace



PokerStars Hand #224057259889:  Hold'em No Limit ($0.01/$0.02 USD) - 2021/02/21 1:42:24 PT [2021/02/21 4:42:24 ET]
Table 'Brunonia V' 9-max Seat #6 is the button
Seat 1: AlexxxBogum ($2.79 in chips) 
Seat 2: zuszek85 ($0.87 in chips) 
Seat 3: Crappz ($3.25 in chips) 
Seat 4: VASGA ($4.32 in chips) 
Seat 5: Dorex2007 ($2.23 in chips) 
Seat 6: sportsmen84 ($1.93 in chips) 
Seat 7: hiker1201 ($2.25 in chips) 
Seat 8: MATEMATIK ($4.08 in chips) 
Seat 9: Wabrss ($1.03 in chips) 
hiker1201: posts small blind $0.01
MATEMATIK: posts big blind $0.02
*** HOLE CARDS ***
Dealt to Dorex2007 [7h Qs]
Wabrss: folds 
AlexxxBogum: folds 
zuszek85: folds 
Crappz: raises $0.04 to $0.06
VASGA: calls $0.06
Dorex2007: folds 
sportsmen84: folds 
hiker1201: calls $0.05
MATEMATIK: folds 
*** FLOP *** [9s 2d 7c]
hiker1201: checks 
Crappz: bets $0.10
VASGA: calls $0.10
hiker1201: folds 
*** TURN *** [9s 2d 7c] [Qh]
Crappz: checks 
VASGA: bets $0.20
Crappz: folds 
Uncalled bet ($0.20) returned to VASGA
VASGA collected $0.39 from pot
VASGA: doesn't show hand 
*** SUMMARY ***
Total pot $0.40 | Rake $0.01 
Board [9s 2d 7c Qh]
Seat 1: AlexxxBogum folded before Flop (didn't bet)
Seat 2: zuszek85 folded before Flop (didn't bet)
Seat 3: Crappz folded on the Turn
Seat 4: VASGA collected ($0.39)
Seat 5: Dorex2007 folded before Flop (didn't bet)
Seat 6: sportsmen84 (button) folded before Flop (didn't bet)
Seat 7: hiker1201 (small blind) folded on the Flop
Seat 8: MATEMATIK (big blind) folded before Flop
Seat 9: Wabrss folded before Flop (didn't bet)



PokerStars Hand #224057272784:  Hold'em No Limit ($0.01/$0.02 USD) - 2021/02/21 1:43:09 PT [2021/02/21 4:43:09 ET]
Table 'Brunonia V' 9-max Seat #7 is the button
Seat 1: AlexxxBogum ($2.79 in chips) 
Seat 2: zuszek85 ($0.87 in chips) 
Seat 3: Crappz ($3.09 in chips) 
Seat 4: VASGA ($4.55 in chips) 
Seat 5: Dorex2007 ($2.23 in chips) 
Seat 6: sportsmen84 ($1.93 in chips) 
Seat 7: hiker1201 ($2.19 in chips) 
Seat 8: MATEMATIK ($4.06 in chips) 
Seat 9: Wabrss ($1.03 in chips) 
MATEMATIK: posts small blind $0.01
Wabrss: posts big blind $0.02
*** HOLE CARDS ***
Dealt to Dorex2007 [6d Qs]
AlexxxBogum: folds 
zuszek85: folds 
Crappz: folds 
VASGA: folds 
Dorex2007: folds 
sportsmen84: raises $0.02 to $0.04
hiker1201: folds 
MATEMATIK: folds 
Wabrss: calls $0.02
*** FLOP *** [3d 5s 7h]
Wabrss: checks 
sportsmen84: bets $0.04
Wabrss: raises $0.04 to $0.08
sportsmen84: calls $0.04
*** TURN *** [3d 5s 7h] [Jh]
Wabrss: bets $0.12
sportsmen84: calls $0.12
*** RIVER *** [3d 5s 7h Jh] [Qc]
Wabrss: checks 
sportsmen84: checks 
*** SHOW DOWN ***
Wabrss: shows [3h 9h] (a pair of Threes)
sportsmen84: shows [8s 7s] (a pair of Sevens)
sportsmen84 collected $0.47 from pot
*** SUMMARY ***
Total pot $0.49 | Rake $0.02 
Board [3d 5s 7h Jh Qc]
Seat 1: AlexxxBogum folded before Flop (didn't bet)
Seat 2: zuszek85 folded before Flop (didn't bet)
Seat 3: Crappz folded before Flop (didn't bet)
Seat 4: VASGA folded before Flop (didn't bet)
Seat 5: Dorex2007 folded before Flop (didn't bet)
Seat 6: sportsmen84 showed [8s 7s] and won ($0.47) with a pair of Sevens
Seat 7: hiker1201 (button) folded before Flop (didn't bet)
Seat 8: MATEMATIK (small blind) folded before Flop
Seat 9: Wabrss (big blind) showed [3h 9h] and lost with a pair of Threes



PokerStars Hand #224057285338:  Hold'em No Limit ($0.01/$0.02 USD) - 2021/02/21 1:43:53 PT [2021/02/21 4:43:53 ET]
Table 'Brunonia V' 9-max Seat #8 is the button
Seat 1: AlexxxBogum ($2.79 in chips) 
Seat 2: zuszek85 ($0.87 in chips) 
Seat 3: Crappz ($3.09 in chips) 
Seat 4: VASGA ($4.55 in chips) 
Seat 5: Dorex2007 ($2.23 in chips) 
Seat 6: sportsmen84 ($2.16 in chips) 
Seat 7: hiker1201 ($2.19 in chips) 
Seat 8: MATEMATIK ($4.05 in chips) 
Seat 9: Wabrss ($0.79 in chips) 
Wabrss: posts small blind $0.01
AlexxxBogum: posts big blind $0.02
*** HOLE CARDS ***
Dealt to Dorex2007 [5h 2s]
zuszek85: folds 
Crappz: folds 
VASGA: calls $0.02
Dorex2007: folds 
sportsmen84: raises $0.16 to $0.18
hiker1201: folds 
MATEMATIK: folds 
Wabrss: calls $0.17
AlexxxBogum: folds 
VASGA: calls $0.16
*** FLOP *** [Qd Jd 3c]
Wabrss: checks 
VASGA: checks 
sportsmen84: bets $0.54
Wabrss: raises $0.07 to $0.61 and is all-in
VASGA: folds 
sportsmen84: calls $0.07
*** TURN *** [Qd Jd 3c] [6s]
*** RIVER *** [Qd Jd 3c 6s] [8d]
*** SHOW DOWN ***
Wabrss: shows [4d 9d] (a flush, Queen high)
sportsmen84: shows [Ks Kc] (a pair of Kings)
hiker1201 leaves the table
Wabrss collected $1.72 from pot
*** SUMMARY ***
Total pot $1.78 | Rake $0.06 
Board [Qd Jd 3c 6s 8d]
Seat 1: AlexxxBogum (big blind) folded before Flop
Seat 2: zuszek85 folded before Flop (didn't bet)
Seat 3: Crappz folded before Flop (didn't bet)
Seat 4: VASGA folded on the Flop
Seat 5: Dorex2007 folded before Flop (didn't bet)
Seat 6: sportsmen84 showed [Ks Kc] and lost with a pair of Kings
Seat 7: hiker1201 folded before Flop (didn't bet)
Seat 8: MATEMATIK (button) folded before Flop (didn't bet)
Seat 9: Wabrss (small blind) showed [4d 9d] and won ($1.72) with a flush, Queen high



PokerStars Hand #224057301368:  Hold'em No Limit ($0.01/$0.02 USD) - 2021/02/21 1:44:48 PT [2021/02/21 4:44:48 ET]
Table 'Brunonia V' 9-max Seat #9 is the button
Seat 1: AlexxxBogum ($2.77 in chips) 
Seat 2: zuszek85 ($0.87 in chips) 
Seat 3: Crappz ($3.09 in chips) 
Seat 4: VASGA ($4.37 in chips) 
Seat 5: Dorex2007 ($2.23 in chips) 
Seat 6: sportsmen84 ($1.37 in chips) 
Seat 8: MATEMATIK ($4.05 in chips) 
Seat 9: Wabrss ($1.72 in chips) 
AlexxxBogum: posts small blind $0.01
zuszek85: posts big blind $0.02
*** HOLE CARDS ***
Dealt to Dorex2007 [5s Jc]
Crappz: folds 
VASGA: folds 
Dorex2007: folds 
sportsmen84: raises $0.04 to $0.06
MATEMATIK: calls $0.06
Wabrss: calls $0.06
AlexxxBogum: folds 
zuszek85: folds 
*** FLOP *** [7d Tc Ks]
whatdoyouknow joins the table at seat #7 
sportsmen84: checks 
MATEMATIK: bets $0.14
Wabrss: calls $0.14
sportsmen84: calls $0.14
*** TURN *** [7d Tc Ks] [4h]
zuszek85 leaves the table
sportsmen84: checks 
MATEMATIK: bets $0.28
Wabrss: folds 
sportsmen84: folds 
Uncalled bet ($0.28) returned to MATEMATIK
MATEMATIK collected $0.61 from pot
MATEMATIK: doesn't show hand 
*** SUMMARY ***
Total pot $0.63 | Rake $0.02 
Board [7d Tc Ks 4h]
Seat 1: AlexxxBogum (small blind) folded before Flop
Seat 2: zuszek85 (big blind) folded before Flop
Seat 3: Crappz folded before Flop (didn't bet)
Seat 4: VASGA folded before Flop (didn't bet)
Seat 5: Dorex2007 folded before Flop (didn't bet)
Seat 6: sportsmen84 folded on the Turn
Seat 8: MATEMATIK collected ($0.61)
Seat 9: Wabrss (button) folded on the Turn



PokerStars Hand #224057324523:  Hold'em No Limit ($0.01/$0.02 USD) - 2021/02/21 1:46:08 PT [2021/02/21 4:46:08 ET]
Table 'Brunonia V' 9-max Seat #1 is the button
Seat 1: AlexxxBogum ($2.76 in chips) 
Seat 3: Crappz ($3.09 in chips) 
Seat 4: VASGA ($4.37 in chips) 
Seat 5: Dorex2007 ($2.23 in chips) 
Seat 6: sportsmen84 ($1.17 in chips) 
Seat 8: MATEMATIK ($4.46 in chips) 
Seat 9: Wabrss ($1.52 in chips) 
Crappz: posts small blind $0.01
VASGA: posts big blind $0.02
whatdoyouknow: sits out 
*** HOLE CARDS ***
Dealt to Dorex2007 [2h Qh]
Dorex2007: folds 
sportsmen84: folds 
MATEMATIK: folds 
Wabrss: folds 
AlexxxBogum: folds 
Crappz: folds 
Uncalled bet ($0.01) returned to VASGA
VASGA collected $0.02 from pot
VASGA: doesn't show hand 
*** SUMMARY ***
Total pot $0.02 | Rake $0 
Seat 1: AlexxxBogum (button) folded before Flop (didn't bet)
Seat 3: Crappz (small blind) folded before Flop
Seat 4: VASGA (big blind) collected ($0.02)
Seat 5: Dorex2007 folded before Flop (didn't bet)
Seat 6: sportsmen84 folded before Flop (didn't bet)
Seat 8: MATEMATIK folded before Flop (didn't bet)
Seat 9: Wabrss folded before Flop (didn't bet)



PokerStars Hand #224057328605:  Hold'em No Limit ($0.01/$0.02 USD) - 2021/02/21 1:46:22 PT [2021/02/21 4:46:22 ET]
Table 'Brunonia V' 9-max Seat #3 is the button
Seat 1: AlexxxBogum ($2.76 in chips) 
Seat 3: Crappz ($3.08 in chips) 
Seat 4: VASGA ($4.38 in chips) 
Seat 5: Dorex2007 ($2.23 in chips) 
Seat 6: sportsmen84 ($1.17 in chips) 
Seat 8: MATEMATIK ($4.46 in chips) 
Seat 9: Wabrss ($1.52 in chips) 
VASGA: posts small blind $0.01
Dorex2007: posts big blind $0.02
whatdoyouknow: sits out 
*** HOLE CARDS ***
Dealt to Dorex2007 [2d 6d]
sportsmen84: folds 
MATEMATIK: folds 
Wabrss: raises $0.04 to $0.06
AlexxxBogum: folds 
Crappz: calls $0.06
Eric9910 joins the table at seat #2 
VASGA: calls $0.05
Dorex2007: folds 
*** FLOP *** [Qs 6c 8d]
VASGA: checks 
Wabrss: checks 
Crappz: bets $0.12
VASGA: folds 
Wabrss: calls $0.12
*** TURN *** [Qs 6c 8d] [4s]
Wabrss: checks 
Crappz: checks 
*** RIVER *** [Qs 6c 8d 4s] [9c]
Wabrss: checks 
Crappz: checks 
*** SHOW DOWN ***
Wabrss: shows [4d Ad] (a pair of Fours)
Crappz: mucks hand 
Wabrss collected $0.42 from pot
*** SUMMARY ***
Total pot $0.44 | Rake $0.02 
Board [Qs 6c 8d 4s 9c]
Seat 1: AlexxxBogum folded before Flop (didn't bet)
Seat 3: Crappz (button) mucked [Js Ah]
Seat 4: VASGA (small blind) folded on the Flop
Seat 5: Dorex2007 (big blind) folded before Flop
Seat 6: sportsmen84 folded before Flop (didn't bet)
Seat 8: MATEMATIK folded before Flop (didn't bet)
Seat 9: Wabrss showed [4d Ad] and won ($0.42) with a pair of Fours



PokerStars Hand #224057346910:  Hold'em No Limit ($0.01/$0.02 USD) - 2021/02/21 1:47:24 PT [2021/02/21 4:47:24 ET]
Table 'Brunonia V' 9-max Seat #4 is the button
Seat 1: AlexxxBogum ($2.76 in chips) 
Seat 3: Crappz ($2.90 in chips) 
Seat 4: VASGA ($4.32 in chips) 
Seat 5: Dorex2007 ($2.21 in chips) 
Seat 6: sportsmen84 ($1.17 in chips) 
Seat 8: MATEMATIK ($4.46 in chips) 
Seat 9: Wabrss ($1.76 in chips) 
Dorex2007: posts small blind $0.01
sportsmen84: posts big blind $0.02
whatdoyouknow: sits out 
Eric9910: sits out 
*** HOLE CARDS ***
Dealt to Dorex2007 [6h Ad]
MATEMATIK has timed out
MATEMATIK: folds 
Wabrss: folds 
AlexxxBogum: raises $0.10 to $0.12
Crappz: folds 
VASGA: calls $0.12
Dorex2007: folds 
sportsmen84: folds 
*** FLOP *** [8s 2c Qd]
AlexxxBogum: bets $0.26
VASGA: calls $0.26
*** TURN *** [8s 2c Qd] [9s]
AlexxxBogum: checks 
VASGA: bets $0.38
AlexxxBogum: folds 
Uncalled bet ($0.38) returned to VASGA
MATEMATIK is disconnected 
VASGA collected $0.76 from pot
VASGA: doesn't show hand 
*** SUMMARY ***
Total pot $0.79 | Rake $0.03 
Board [8s 2c Qd 9s]
Seat 1: AlexxxBogum folded on the Turn
Seat 3: Crappz folded before Flop (didn't bet)
Seat 4: VASGA (button) collected ($0.76)
Seat 5: Dorex2007 (small blind) folded before Flop
Seat 6: sportsmen84 (big blind) folded before Flop
Seat 8: MATEMATIK folded before Flop (didn't bet)
Seat 9: Wabrss folded before Flop (didn't bet)



PokerStars Hand #224057361532:  Hold'em No Limit ($0.01/$0.02 USD) - 2021/02/21 1:48:14 PT [2021/02/21 4:48:14 ET]
Table 'Brunonia V' 9-max Seat #5 is the button
Seat 1: AlexxxBogum ($2.38 in chips) 
Seat 3: Crappz ($2.90 in chips) 
Seat 4: VASGA ($4.70 in chips) 
Seat 5: Dorex2007 ($2.20 in chips) 
Seat 6: sportsmen84 ($1.15 in chips) 
Seat 7: whatdoyouknow ($2 in chips) 
Seat 8: MATEMATIK ($4.46 in chips) 
Seat 9: Wabrss ($1.76 in chips) 
sportsmen84: posts small blind $0.01
whatdoyouknow: posts big blind $0.02
Eric9910: sits out 
*** HOLE CARDS ***
Dealt to Dorex2007 [4h Qc]
MATEMATIK has timed out while disconnected
MATEMATIK: folds 
Wabrss: folds 
AlexxxBogum: folds 
Crappz: raises $0.04 to $0.06
VASGA: folds 
Dorex2007: folds 
sportsmen84: folds 
whatdoyouknow: calls $0.04
*** FLOP *** [Qh Ac Kh]
whatdoyouknow: checks 
Crappz: checks 
*** TURN *** [Qh Ac Kh] [6c]
whatdoyouknow: checks 
Crappz: bets $0.07
whatdoyouknow: folds 
Uncalled bet ($0.07) returned to Crappz
Crappz collected $0.13 from pot
Crappz: doesn't show hand 
*** SUMMARY ***
Total pot $0.13 | Rake $0 
Board [Qh Ac Kh 6c]
Seat 1: AlexxxBogum folded before Flop (didn't bet)
Seat 3: Crappz collected ($0.13)
Seat 4: VASGA folded before Flop (didn't bet)
Seat 5: Dorex2007 (button) folded before Flop (didn't bet)
Seat 6: sportsmen84 (small blind) folded before Flop
Seat 7: whatdoyouknow (big blind) folded on the Turn
Seat 8: MATEMATIK folded before Flop (didn't bet)
Seat 9: Wabrss folded before Flop (didn't bet)



PokerStars Hand #224057370859:  Hold'em No Limit ($0.01/$0.02 USD) - 2021/02/21 1:48:46 PT [2021/02/21 4:48:46 ET]
Table 'Brunonia V' 9-max Seat #6 is the button
Seat 1: AlexxxBogum ($2.38 in chips) 
Seat 3: Crappz ($2.97 in chips) 
Seat 4: VASGA ($4.70 in chips) 
Seat 5: Dorex2007 ($2.20 in chips) 
Seat 6: sportsmen84 ($1.14 in chips) 
Seat 7: whatdoyouknow ($1.94 in chips) 
Seat 9: Wabrss ($1.76 in chips) 
whatdoyouknow: posts small blind $0.01
Wabrss: posts big blind $0.02
Eric9910: sits out 
*** HOLE CARDS ***
Dealt to Dorex2007 [7d Qh]
AlexxxBogum: raises $0.10 to $0.12
Crappz: folds 
VASGA: folds 
Dorex2007: folds 
sportsmen84: folds 
whatdoyouknow: folds 
Wabrss: raises $0.25 to $0.37
AlexxxBogum: folds 
Uncalled bet ($0.25) returned to Wabrss
Wabrss collected $0.25 from pot
Wabrss: doesn't show hand 
*** SUMMARY ***
Total pot $0.25 | Rake $0 
Seat 1: AlexxxBogum folded before Flop
Seat 3: Crappz folded before Flop (didn't bet)
Seat 4: VASGA folded before Flop (didn't bet)
Seat 5: Dorex2007 folded before Flop (didn't bet)
Seat 6: sportsmen84 (button) folded before Flop (didn't bet)
Seat 7: whatdoyouknow (small blind) folded before Flop
Seat 9: Wabrss (big blind) collected ($0.25)



PokerStars Hand #224057379249:  Hold'em No Limit ($0.01/$0.02 USD) - 2021/02/21 1:49:15 PT [2021/02/21 4:49:15 ET]
Table 'Brunonia V' 9-max Seat #7 is the button
Seat 1: AlexxxBogum ($2.26 in chips) 
Seat 3: Crappz ($2.97 in chips) 
Seat 4: VASGA ($4.70 in chips) 
Seat 5: Dorex2007 ($2.20 in chips) 
Seat 6: sportsmen84 ($1.14 in chips) 
Seat 7: whatdoyouknow ($1.93 in chips) 
Seat 9: Wabrss ($1.89 in chips) 
Wabrss: posts small blind $0.01
AlexxxBogum: posts big blind $0.02
Eric9910: sits out 
*** HOLE CARDS ***
Dealt to Dorex2007 [7s Ks]
Crappz: folds 
VASGA: folds 
Dorex2007: calls $0.02
sportsmen84: folds 
whatdoyouknow: folds 
Wabrss: calls $0.01
AlexxxBogum: checks 
*** FLOP *** [2s 8d 3h]
Wabrss: checks 
AlexxxBogum: checks 
Dorex2007: checks 
*** TURN *** [2s 8d 3h] [Ac]
Wabrss: checks 
AlexxxBogum: checks 
Dorex2007: bets $0.06
Wabrss: calls $0.06
AlexxxBogum: folds 
*** RIVER *** [2s 8d 3h Ac] [4d]
Wabrss: bets $0.17
Dorex2007: folds 
Uncalled bet ($0.17) returned to Wabrss
Wabrss collected $0.17 from pot
Wabrss: doesn't show hand 
*** SUMMARY ***
Total pot $0.18 | Rake $0.01 
Board [2s 8d 3h Ac 4d]
Seat 1: AlexxxBogum (big blind) folded on the Turn
Seat 3: Crappz folded before Flop (didn't bet)
Seat 4: VASGA folded before Flop (didn't bet)
Seat 5: Dorex2007 folded on the River
Seat 6: sportsmen84 folded before Flop (didn't bet)
Seat 7: whatdoyouknow (button) folded before Flop (didn't bet)
Seat 9: Wabrss (small blind) collected ($0.17)



PokerStars Hand #224057394366:  Hold'em No Limit ($0.01/$0.02 USD) - 2021/02/21 1:50:07 PT [2021/02/21 4:50:07 ET]
Table 'Brunonia V' 9-max Seat #9 is the button
Seat 1: AlexxxBogum ($2.24 in chips) 
Seat 2: Eric9910 ($1.80 in chips) 
Seat 3: Crappz ($2.97 in chips) 
Seat 4: VASGA ($4.70 in chips) 
Seat 5: Dorex2007 ($2.12 in chips) 
Seat 6: sportsmen84 ($1.14 in chips) 
Seat 7: whatdoyouknow ($1.93 in chips) 
Seat 9: Wabrss ($1.98 in chips) 
AlexxxBogum: posts small blind $0.01
Eric9910: posts big blind $0.02
*** HOLE CARDS ***
Dealt to Dorex2007 [8d 5c]
Crappz: folds 
VASGA: folds 
Dorex2007: folds 
sportsmen84: raises $0.04 to $0.06
whatdoyouknow: folds 
Wabrss: folds 
AlexxxBogum: folds 
Eric9910: calls $0.04
*** FLOP *** [Ks Jd 8h]
Eric9910: checks 
sportsmen84: checks 
*** TURN *** [Ks Jd 8h] [6d]
Eric9910: bets $0.04
sportsmen84: calls $0.04
*** RIVER *** [Ks Jd 8h 6d] [6s]
Eric9910: checks 
sportsmen84: checks 
*** SHOW DOWN ***
Eric9910: shows [Qc Jc] (two pair, Jacks and Sixes)
sportsmen84: mucks hand 
Eric9910 collected $0.20 from pot
*** SUMMARY ***
Total pot $0.21 | Rake $0.01 
Board [Ks Jd 8h 6d 6s]
Seat 1: AlexxxBogum (small blind) folded before Flop
Seat 2: Eric9910 (big blind) showed [Qc Jc] and won ($0.20) with two pair, Jacks and Sixes
Seat 3: Crappz folded before Flop (didn't bet)
Seat 4: VASGA folded before Flop (didn't bet)
Seat 5: Dorex2007 folded before Flop (didn't bet)
Seat 6: sportsmen84 mucked [Ts Tc]
Seat 7: whatdoyouknow folded before Flop (didn't bet)
Seat 9: Wabrss (button) folded before Flop (didn't bet)



PokerStars Hand #224057409906:  Hold'em No Limit ($0.01/$0.02 USD) - 2021/02/21 1:51:00 PT [2021/02/21 4:51:00 ET]
Table 'Brunonia V' 9-max Seat #1 is the button
Seat 1: AlexxxBogum ($2.23 in chips) 
Seat 2: Eric9910 ($1.90 in chips) 
Seat 3: Crappz ($2.97 in chips) 
Seat 4: VASGA ($4.70 in chips) 
Seat 5: Dorex2007 ($2.12 in chips) 
Seat 6: sportsmen84 ($1.04 in chips) 
Seat 7: whatdoyouknow ($1.93 in chips) 
Seat 9: Wabrss ($1.98 in chips) 
Eric9910: posts small blind $0.01
Crappz: posts big blind $0.02
*** HOLE CARDS ***
Dealt to Dorex2007 [Jd 9c]
VASGA: folds 
Dorex2007: folds 
sportsmen84: folds 
whatdoyouknow: folds 
Wabrss: raises $0.04 to $0.06
AlexxxBogum: raises $0.04 to $0.10
Eric9910: folds 
Crappz: folds 
Wabrss: raises $0.23 to $0.33
AlexxxBogum: calls $0.23
*** FLOP *** [Td Tc Th]
Wabrss: bets $0.67
AlexxxBogum: raises $1.23 to $1.90 and is all-in
Wabrss: calls $0.98 and is all-in
Uncalled bet ($0.25) returned to AlexxxBogum
*** TURN *** [Td Tc Th] [7c]
*** RIVER *** [Td Tc Th 7c] [2c]
*** SHOW DOWN ***
Wabrss: shows [Ah Ac] (a full house, Tens full of Aces)
AlexxxBogum: shows [Kc Js] (three of a kind, Tens)
Wabrss collected $3.85 from pot
AlexxxBogum cashed out the hand for $0.02
*** SUMMARY ***
Total pot $3.99 | Rake $0.14 
Board [Td Tc Th 7c 2c]
Seat 1: AlexxxBogum (button) showed [Kc Js] and lost with three of a kind, Tens (cashed out).
Seat 2: Eric9910 (small blind) folded before Flop
Seat 3: Crappz (big blind) folded before Flop
Seat 4: VASGA folded before Flop (didn't bet)
Seat 5: Dorex2007 folded before Flop (didn't bet)
Seat 6: sportsmen84 folded before Flop (didn't bet)
Seat 7: whatdoyouknow folded before Flop (didn't bet)
Seat 9: Wabrss showed [Ah Ac] and won ($3.85) with a full house, Tens full of Aces



PokerStars Hand #224057433090:  Hold'em No Limit ($0.01/$0.02 USD) - 2021/02/21 1:52:18 PT [2021/02/21 4:52:18 ET]
Table 'Brunonia V' 9-max Seat #2 is the button
Seat 1: AlexxxBogum ($0.27 in chips) 
Seat 2: Eric9910 ($1.89 in chips) 
Seat 3: Crappz ($2.95 in chips) 
Seat 4: VASGA ($4.70 in chips) 
Seat 5: Dorex2007 ($2.12 in chips) 
Seat 6: sportsmen84 ($1.04 in chips) 
Seat 7: whatdoyouknow ($1.93 in chips) 
Seat 9: Wabrss ($3.85 in chips) 
Crappz: posts small blind $0.01
VASGA: posts big blind $0.02
*** HOLE CARDS ***
Dealt to Dorex2007 [6h Kc]
Dorex2007: folds 
sportsmen84: folds 
whatdoyouknow: raises $0.04 to $0.06
Wabrss is disconnected 
Wabrss has timed out while disconnected
Wabrss: folds 
AlexxxBogum: raises $0.08 to $0.14
Eric9910: folds 
Crappz: folds 
VASGA: calls $0.12
whatdoyouknow: calls $0.08
*** FLOP *** [5h 2d 9h]
VASGA: checks 
whatdoyouknow: checks 
AlexxxBogum: bets $0.13 and is all-in
VASGA: calls $0.13
whatdoyouknow: calls $0.13
*** TURN *** [5h 2d 9h] [2s]
VASGA: checks 
whatdoyouknow: checks 
*** RIVER *** [5h 2d 9h 2s] [5c]
VASGA: checks 
whatdoyouknow: checks 
*** SHOW DOWN ***
VASGA: shows [3c Ac] (two pair, Fives and Deuces)
whatdoyouknow: shows [Tc Ad] (two pair, Fives and Deuces)
AlexxxBogum: shows [9c As] (two pair, Nines and Fives)
AlexxxBogum collected $0.79 from pot
*** SUMMARY ***
Total pot $0.82 | Rake $0.03 
Board [5h 2d 9h 2s 5c]
Seat 1: AlexxxBogum showed [9c As] and won ($0.79) with two pair, Nines and Fives
Seat 2: Eric9910 (button) folded before Flop (didn't bet)
Seat 3: Crappz (small blind) folded before Flop
Seat 4: VASGA (big blind) showed [3c Ac] and lost with two pair, Fives and Deuces
Seat 5: Dorex2007 folded before Flop (didn't bet)
Seat 6: sportsmen84 folded before Flop (didn't bet)
Seat 7: whatdoyouknow showed [Tc Ad] and lost with two pair, Fives and Deuces
Seat 9: Wabrss folded before Flop (didn't bet)



PokerStars Hand #224057452252:  Hold'em No Limit ($0.01/$0.02 USD) - 2021/02/21 1:53:22 PT [2021/02/21 4:53:22 ET]
Table 'Brunonia V' 9-max Seat #3 is the button
Seat 1: AlexxxBogum ($2 in chips) 
Seat 2: Eric9910 ($1.89 in chips) 
Seat 3: Crappz ($2.94 in chips) 
Seat 4: VASGA ($4.43 in chips) 
Seat 5: Dorex2007 ($2.12 in chips) 
Seat 6: sportsmen84 ($1.04 in chips) 
Seat 7: whatdoyouknow ($1.66 in chips) 
VASGA: posts small blind $0.01
Dorex2007: posts big blind $0.02
*** HOLE CARDS ***
Dealt to Dorex2007 [Kc Js]
sportsmen84: folds 
whatdoyouknow: folds 
AlexxxBogum: raises $0.08 to $0.10
Eric9910: folds 
Crappz: calls $0.10
VASGA: folds 
Dorex2007: calls $0.08
*** FLOP *** [Qc 3s 7s]
Dorex2007: checks 
AlexxxBogum: checks 
Crappz: bets $0.15
Dorex2007: folds 
AlexxxBogum: folds 
Uncalled bet ($0.15) returned to Crappz
Crappz collected $0.30 from pot
Crappz: doesn't show hand 
*** SUMMARY ***
Total pot $0.31 | Rake $0.01 
Board [Qc 3s 7s]
Seat 1: AlexxxBogum folded on the Flop
Seat 2: Eric9910 folded before Flop (didn't bet)
Seat 3: Crappz (button) collected ($0.30)
Seat 4: VASGA (small blind) folded before Flop
Seat 5: Dorex2007 (big blind) folded on the Flop
Seat 6: sportsmen84 folded before Flop (didn't bet)
Seat 7: whatdoyouknow folded before Flop (didn't bet)



PokerStars Hand #224057470574:  Hold'em No Limit ($0.01/$0.02 USD) - 2021/02/21 1:54:24 PT [2021/02/21 4:54:24 ET]
Table 'Brunonia V' 9-max Seat #4 is the button
Seat 1: AlexxxBogum ($1.90 in chips) 
Seat 2: Eric9910 ($1.89 in chips) 
Seat 3: Crappz ($3.14 in chips) 
Seat 4: VASGA ($4.42 in chips) 
Seat 5: Dorex2007 ($2.02 in chips) 
Seat 6: sportsmen84 ($1.04 in chips) 
Seat 7: whatdoyouknow ($1.71 in chips) 
Dorex2007: posts small blind $0.01
sportsmen84: posts big blind $0.02
*** HOLE CARDS ***
Dealt to Dorex2007 [9h 6s]
whatdoyouknow: folds 
AlexxxBogum: raises $0.10 to $0.12
Eric9910: folds 
Crappz: folds 
VASGA: folds 
Dorex2007: folds 
sportsmen84: folds 
Uncalled bet ($0.10) returned to AlexxxBogum
AlexxxBogum collected $0.05 from pot
AlexxxBogum: doesn't show hand 
*** SUMMARY ***
Total pot $0.05 | Rake $0 
Seat 1: AlexxxBogum collected ($0.05)
Seat 2: Eric9910 folded before Flop (didn't bet)
Seat 3: Crappz folded before Flop (didn't bet)
Seat 4: VASGA (button) folded before Flop (didn't bet)
Seat 5: Dorex2007 (small blind) folded before Flop
Seat 6: sportsmen84 (big blind) folded before Flop
Seat 7: whatdoyouknow folded before Flop (didn't bet)



PokerStars Hand #224057476966:  Hold'em No Limit ($0.01/$0.02 USD) - 2021/02/21 1:54:45 PT [2021/02/21 4:54:45 ET]
Table 'Brunonia V' 9-max Seat #5 is the button
Seat 1: AlexxxBogum ($1.93 in chips) 
Seat 2: Eric9910 ($1.89 in chips) 
Seat 3: Crappz ($3.14 in chips) 
Seat 4: VASGA ($4.42 in chips) 
Seat 5: Dorex2007 ($2.01 in chips) 
Seat 6: sportsmen84 ($1.02 in chips) 
Seat 7: whatdoyouknow ($1.71 in chips) 
sportsmen84: posts small blind $0.01
whatdoyouknow: posts big blind $0.02
*** HOLE CARDS ***
Dealt to Dorex2007 [3c As]
AlexxxBogum: raises $0.08 to $0.10
Eric9910: folds 
Crappz: folds 
VASGA: folds 
Dorex2007: folds 
sportsmen84: folds 
whatdoyouknow: calls $0.08
*** FLOP *** [Jd 6h Js]
whatdoyouknow: checks 
AlexxxBogum: checks 
*** TURN *** [Jd 6h Js] [Jh]
whatdoyouknow: checks 
AlexxxBogum: bets $0.20
whatdoyouknow: calls $0.20
*** RIVER *** [Jd 6h Js Jh] [Th]
whatdoyouknow: checks 
AlexxxBogum: bets $1.63 and is all-in
whatdoyouknow: folds 
Uncalled bet ($1.63) returned to AlexxxBogum
AlexxxBogum collected $0.59 from pot
AlexxxBogum: doesn't show hand 
*** SUMMARY ***
Total pot $0.61 | Rake $0.02 
Board [Jd 6h Js Jh Th]
Seat 1: AlexxxBogum collected ($0.59)
Seat 2: Eric9910 folded before Flop (didn't bet)
Seat 3: Crappz folded before Flop (didn't bet)
Seat 4: VASGA folded before Flop (didn't bet)
Seat 5: Dorex2007 (button) folded before Flop (didn't bet)
Seat 6: sportsmen84 (small blind) folded before Flop
Seat 7: whatdoyouknow (big blind) folded on the River



PokerStars Hand #224057491169:  Hold'em No Limit ($0.01/$0.02 USD) - 2021/02/21 1:55:38 PT [2021/02/21 4:55:38 ET]
Table 'Brunonia V' 9-max Seat #6 is the button
Seat 1: AlexxxBogum ($2.22 in chips) 
Seat 2: Eric9910 ($1.89 in chips) 
Seat 3: Crappz ($3.14 in chips) 
Seat 4: VASGA ($4.42 in chips) 
Seat 5: Dorex2007 ($2.01 in chips) 
Seat 6: sportsmen84 ($1.01 in chips) 
Seat 7: whatdoyouknow ($1.41 in chips) 
whatdoyouknow: posts small blind $0.01
AlexxxBogum: posts big blind $0.02
*** HOLE CARDS ***
Dealt to Dorex2007 [3h Qh]
Eric9910: raises $0.04 to $0.06
Crappz: folds 
VASGA: folds 
Dorex2007: folds 
sportsmen84: folds 
whatdoyouknow: folds 
AlexxxBogum: raises $0.06 to $0.12
Eric9910: raises $0.20 to $0.32
AlexxxBogum: folds 
Uncalled bet ($0.20) returned to Eric9910
Eric9910 collected $0.25 from pot
Eric9910: doesn't show hand 
*** SUMMARY ***
Total pot $0.25 | Rake $0 
Seat 1: AlexxxBogum (big blind) folded before Flop
Seat 2: Eric9910 collected ($0.25)
Seat 3: Crappz folded before Flop (didn't bet)
Seat 4: VASGA folded before Flop (didn't bet)
Seat 5: Dorex2007 folded before Flop (didn't bet)
Seat 6: sportsmen84 (button) folded before Flop (didn't bet)
Seat 7: whatdoyouknow (small blind) folded before Flop



PokerStars Hand #224057497285:  Hold'em No Limit ($0.01/$0.02 USD) - 2021/02/21 1:56:03 PT [2021/02/21 4:56:03 ET]
Table 'Brunonia V' 9-max Seat #7 is the button
Seat 1: AlexxxBogum ($2.10 in chips) 
Seat 2: Eric9910 ($2.02 in chips) 
Seat 3: Crappz ($3.14 in chips) 
Seat 4: VASGA ($4.42 in chips) 
Seat 5: Dorex2007 ($2.01 in chips) 
Seat 6: sportsmen84 ($1.01 in chips) 
Seat 7: whatdoyouknow ($1.40 in chips) 
AlexxxBogum: posts small blind $0.01
Eric9910: posts big blind $0.02
*** HOLE CARDS ***
Dealt to Dorex2007 [2s 4c]
Crappz: folds 
VASGA: calls $0.02
Dorex2007: folds 
sportsmen84: folds 
whatdoyouknow: folds 
AlexxxBogum: raises $0.10 to $0.12
Eric9910: calls $0.10
VASGA: calls $0.10
*** FLOP *** [4h 2c 3h]
AlexxxBogum: checks 
Eric9910: checks 
VASGA: checks 
*** TURN *** [4h 2c 3h] [6c]
AlexxxBogum: bets $0.35
Eric9910: calls $0.35
VASGA: folds 
*** RIVER *** [4h 2c 3h 6c] [Ad]
AlexxxBogum: bets $1.02
Eric9910: folds 
Uncalled bet ($1.02) returned to AlexxxBogum
AlexxxBogum collected $1.02 from pot
AlexxxBogum: doesn't show hand 
*** SUMMARY ***
Total pot $1.06 | Rake $0.04 
Board [4h 2c 3h 6c Ad]
Seat 1: AlexxxBogum (small blind) collected ($1.02)
Seat 2: Eric9910 (big blind) folded on the River
Seat 3: Crappz folded before Flop (didn't bet)
Seat 4: VASGA folded on the Turn
Seat 5: Dorex2007 folded before Flop (didn't bet)
Seat 6: sportsmen84 folded before Flop (didn't bet)
Seat 7: whatdoyouknow (button) folded before Flop (didn't bet)



PokerStars Hand #224057511890:  Hold'em No Limit ($0.01/$0.02 USD) - 2021/02/21 1:57:01 PT [2021/02/21 4:57:01 ET]
Table 'Brunonia V' 9-max Seat #1 is the button
Seat 1: AlexxxBogum ($2.65 in chips) 
Seat 2: Eric9910 ($1.55 in chips) 
Seat 3: Crappz ($3.14 in chips) 
Seat 4: VASGA ($4.30 in chips) 
Seat 5: Dorex2007 ($2.01 in chips) 
Seat 6: sportsmen84 ($1.01 in chips) 
Seat 7: whatdoyouknow ($1.40 in chips) 
Seat 8: MATEMATIK ($4.46 in chips) 
Eric9910: posts small blind $0.01
Crappz: posts big blind $0.02
MATEMATIK: posts small & big blinds $0.03
*** HOLE CARDS ***
Dealt to Dorex2007 [Ad 7c]
VASGA: folds 
Dorex2007: folds 
sportsmen84: folds 
whatdoyouknow: raises $0.04 to $0.06
MATEMATIK: calls $0.04
AlexxxBogum: folds 
Eric9910: folds 
Crappz: calls $0.04
*** FLOP *** [9d 3c Ah]
Crappz: checks 
whatdoyouknow: checks 
MATEMATIK: checks 
*** TURN *** [9d 3c Ah] [3s]
Crappz: checks 
whatdoyouknow: checks 
MATEMATIK: checks 
*** RIVER *** [9d 3c Ah 3s] [5h]
Crappz: checks 
whatdoyouknow: checks 
MATEMATIK: checks 
*** SHOW DOWN ***
Crappz: shows [Js Kd] (a pair of Threes)
whatdoyouknow: shows [Kc Qc] (a pair of Threes - Ace+King+Queen kicker)
MATEMATIK: mucks hand 
whatdoyouknow collected $0.19 from pot
*** SUMMARY ***
Total pot $0.20 | Rake $0.01 
Board [9d 3c Ah 3s 5h]
Seat 1: AlexxxBogum (button) folded before Flop (didn't bet)
Seat 2: Eric9910 (small blind) folded before Flop
Seat 3: Crappz (big blind) showed [Js Kd] and lost with a pair of Threes
Seat 4: VASGA folded before Flop (didn't bet)
Seat 5: Dorex2007 folded before Flop (didn't bet)
Seat 6: sportsmen84 folded before Flop (didn't bet)
Seat 7: whatdoyouknow showed [Kc Qc] and won ($0.19) with a pair of Threes
Seat 8: MATEMATIK mucked [Jh Qh]



PokerStars Hand #224057526351:  Hold'em No Limit ($0.01/$0.02 USD) - 2021/02/21 1:57:59 PT [2021/02/21 4:57:59 ET]
Table 'Brunonia V' 9-max Seat #2 is the button
Seat 1: AlexxxBogum ($2.65 in chips) 
Seat 2: Eric9910 ($1.54 in chips) 
Seat 3: Crappz ($3.08 in chips) 
Seat 4: VASGA ($4.30 in chips) 
Seat 5: Dorex2007 ($2.01 in chips) 
Seat 6: sportsmen84 ($1.01 in chips) 
Seat 7: whatdoyouknow ($1.53 in chips) 
Seat 8: MATEMATIK ($4.39 in chips) 
Crappz: posts small blind $0.01
VASGA: posts big blind $0.02
*** HOLE CARDS ***
Dealt to Dorex2007 [3h 8h]
Dorex2007: folds 
sportsmen84: folds 
whatdoyouknow: folds 
MATEMATIK: folds 
AlexxxBogum: folds 
Eric9910: folds 
Crappz: folds 
Uncalled bet ($0.01) returned to VASGA
VASGA collected $0.02 from pot
VASGA: doesn't show hand 
*** SUMMARY ***
Total pot $0.02 | Rake $0 
Seat 1: AlexxxBogum folded before Flop (didn't bet)
Seat 2: Eric9910 (button) folded before Flop (didn't bet)
Seat 3: Crappz (small blind) folded before Flop
Seat 4: VASGA (big blind) collected ($0.02)
Seat 5: Dorex2007 folded before Flop (didn't bet)
Seat 6: sportsmen84 folded before Flop (didn't bet)
Seat 7: whatdoyouknow folded before Flop (didn't bet)
Seat 8: MATEMATIK folded before Flop (didn't bet)



PokerStars Hand #224057531088:  Hold'em No Limit ($0.01/$0.02 USD) - 2021/02/21 1:58:18 PT [2021/02/21 4:58:18 ET]
Table 'Brunonia V' 9-max Seat #3 is the button
Seat 1: AlexxxBogum ($2.65 in chips) 
Seat 2: Eric9910 ($1.54 in chips) 
Seat 3: Crappz ($3.07 in chips) 
Seat 4: VASGA ($4.31 in chips) 
Seat 5: Dorex2007 ($2.01 in chips) 
Seat 6: sportsmen84 ($1.01 in chips) 
Seat 7: whatdoyouknow ($1.53 in chips) 
Seat 8: MATEMATIK ($4.39 in chips) 
VASGA: posts small blind $0.01
Dorex2007: posts big blind $0.02
*** HOLE CARDS ***
Dealt to Dorex2007 [2d 8h]
sportsmen84: folds 
whatdoyouknow: folds 
MATEMATIK: folds 
AlexxxBogum: raises $0.10 to $0.12
Eric9910: folds 
Crappz: folds 
VASGA: folds 
Dorex2007: folds 
Uncalled bet ($0.10) returned to AlexxxBogum
AlexxxBogum collected $0.05 from pot
AlexxxBogum: doesn't show hand 
*** SUMMARY ***
Total pot $0.05 | Rake $0 
Seat 1: AlexxxBogum collected ($0.05)
Seat 2: Eric9910 folded before Flop (didn't bet)
Seat 3: Crappz (button) folded before Flop (didn't bet)
Seat 4: VASGA (small blind) folded before Flop
Seat 5: Dorex2007 (big blind) folded before Flop
Seat 6: sportsmen84 folded before Flop (didn't bet)
Seat 7: whatdoyouknow folded before Flop (didn't bet)
Seat 8: MATEMATIK folded before Flop (didn't bet)



PokerStars Hand #224057535139:  Hold'em No Limit ($0.01/$0.02 USD) - 2021/02/21 1:58:34 PT [2021/02/21 4:58:34 ET]
Table 'Brunonia V' 9-max Seat #4 is the button
Seat 1: AlexxxBogum ($2.68 in chips) 
Seat 2: Eric9910 ($1.54 in chips) 
Seat 3: Crappz ($3.07 in chips) 
Seat 4: VASGA ($4.30 in chips) 
Seat 5: Dorex2007 ($1.99 in chips) 
Seat 6: sportsmen84 ($1.01 in chips) 
Seat 7: whatdoyouknow ($1.53 in chips) 
Seat 8: MATEMATIK ($4.39 in chips) 
Dorex2007: posts small blind $0.01
sportsmen84: posts big blind $0.02
*** HOLE CARDS ***
Dealt to Dorex2007 [9h Ks]
whatdoyouknow: folds 
MATEMATIK: folds 
AlexxxBogum: raises $0.10 to $0.12
Eric9910: raises $0.22 to $0.34
Crappz: folds 
VASGA: folds 
Dorex2007: folds 
sportsmen84: folds 
AlexxxBogum: folds 
Uncalled bet ($0.22) returned to Eric9910
Eric9910 collected $0.27 from pot
Eric9910: doesn't show hand 
*** SUMMARY ***
Total pot $0.27 | Rake $0 
Seat 1: AlexxxBogum folded before Flop
Seat 2: Eric9910 collected ($0.27)
Seat 3: Crappz folded before Flop (didn't bet)
Seat 4: VASGA (button) folded before Flop (didn't bet)
Seat 5: Dorex2007 (small blind) folded before Flop
Seat 6: sportsmen84 (big blind) folded before Flop
Seat 7: whatdoyouknow folded before Flop (didn't bet)
Seat 8: MATEMATIK folded before Flop (didn't bet)



PokerStars Hand #224057542313:  Hold'em No Limit ($0.01/$0.02 USD) - 2021/02/21 1:59:02 PT [2021/02/21 4:59:02 ET]
Table 'Brunonia V' 9-max Seat #5 is the button
Seat 1: AlexxxBogum ($2.56 in chips) 
Seat 2: Eric9910 ($1.69 in chips) 
Seat 3: Crappz ($3.07 in chips) 
Seat 4: VASGA ($4.30 in chips) 
Seat 5: Dorex2007 ($1.98 in chips) 
Seat 6: sportsmen84 ($0.99 in chips) 
Seat 7: whatdoyouknow ($1.53 in chips) 
Seat 8: MATEMATIK ($4.39 in chips) 
sportsmen84: posts small blind $0.01
whatdoyouknow: posts big blind $0.02
*** HOLE CARDS ***
Dealt to Dorex2007 [5d 6h]
MATEMATIK: folds 
AlexxxBogum: folds 
Eric9910: raises $0.04 to $0.06
Crappz: calls $0.06
VASGA: calls $0.06
Dorex2007: folds 
sportsmen84: folds 
whatdoyouknow: calls $0.04
*** FLOP *** [4h Qh Td]
whatdoyouknow: checks 
Eric9910: checks 
Crappz: bets $0.12
VASGA: folds 
whatdoyouknow: calls $0.12
Eric9910: folds 
*** TURN *** [4h Qh Td] [As]
whatdoyouknow: checks 
Crappz: bets $0.24
whatdoyouknow: calls $0.24
*** RIVER *** [4h Qh Td As] [Kd]
whatdoyouknow: bets $1.11 and is all-in
Crappz: folds 
Uncalled bet ($1.11) returned to whatdoyouknow
whatdoyouknow collected $0.94 from pot
whatdoyouknow: doesn't show hand 
*** SUMMARY ***
Total pot $0.97 | Rake $0.03 
Board [4h Qh Td As Kd]
Seat 1: AlexxxBogum folded before Flop (didn't bet)
Seat 2: Eric9910 folded on the Flop
Seat 3: Crappz folded on the River
Seat 4: VASGA folded on the Flop
Seat 5: Dorex2007 (button) folded before Flop (didn't bet)
Seat 6: sportsmen84 (small blind) folded before Flop
Seat 7: whatdoyouknow (big blind) collected ($0.94)
Seat 8: MATEMATIK folded before Flop (didn't bet)



PokerStars Hand #224057557771:  Hold'em No Limit ($0.01/$0.02 USD) - 2021/02/21 2:00:03 PT [2021/02/21 5:00:03 ET]
Table 'Brunonia V' 9-max Seat #6 is the button
Seat 1: AlexxxBogum ($2.56 in chips) 
Seat 2: Eric9910 ($1.63 in chips) 
Seat 3: Crappz ($2.65 in chips) 
Seat 4: VASGA ($4.24 in chips) 
Seat 5: Dorex2007 ($1.98 in chips) 
Seat 6: sportsmen84 ($0.98 in chips) 
Seat 7: whatdoyouknow ($2.05 in chips) 
Seat 8: MATEMATIK ($4.39 in chips) 
whatdoyouknow: posts small blind $0.01
MATEMATIK: posts big blind $0.02
*** HOLE CARDS ***
Dealt to Dorex2007 [2h Kh]
AlexxxBogum has timed out
AlexxxBogum: folds 
Eric9910: folds 
Crappz: folds 
VASGA: raises $0.04 to $0.06
Dorex2007: folds 
sportsmen84: calls $0.06
whatdoyouknow: folds 
MATEMATIK: folds 
*** FLOP *** [8c Ah 5c]
VASGA: checks 
sportsmen84: checks 
*** TURN *** [8c Ah 5c] [Qc]
VASGA: checks 
sportsmen84: checks 
*** RIVER *** [8c Ah 5c Qc] [4h]
VASGA: checks 
sportsmen84: checks 
*** SHOW DOWN ***
VASGA: shows [Tc 9d] (high card Ace)
sportsmen84: shows [Jc Kd] (high card Ace - King kicker)
sportsmen84 collected $0.14 from pot
*** SUMMARY ***
Total pot $0.15 | Rake $0.01 
Board [8c Ah 5c Qc 4h]
Seat 1: AlexxxBogum folded before Flop (didn't bet)
Seat 2: Eric9910 folded before Flop (didn't bet)
Seat 3: Crappz folded before Flop (didn't bet)
Seat 4: VASGA showed [Tc 9d] and lost with high card Ace
Seat 5: Dorex2007 folded before Flop (didn't bet)
Seat 6: sportsmen84 (button) showed [Jc Kd] and won ($0.14) with high card Ace
Seat 7: whatdoyouknow (small blind) folded before Flop
Seat 8: MATEMATIK (big blind) folded before Flop



