PokerStars Hand #237570355392:  Hold'em No Limit ($0.02/$0.05 USD) - 2022/07/24 20:25:13 PT [2022/07/24 23:25:13 ET]
Table 'Kiso' 9-max Seat #5 is the button
Seat 1: cups00013 ($5.98 in chips) 
Seat 2: AGVsmarT ($3.75 in chips) 
Seat 3: kimikiwi87 ($6.07 in chips) 
Seat 4: Dorex2007 ($5 in chips) 
Seat 5: cubicroot ($4.77 in chips) 
Seat 6: Manuelito180 ($8.98 in chips) 
Seat 7: VLNZL ($1.45 in chips) 
Seat 8: Lilykat23 ($9.08 in chips) 
Seat 9: pinbotani ($5.36 in chips) 
Manuelito180: posts small blind $0.02
VLNZL: posts big blind $0.05
Dorex2007: posts big blind $0.05
*** HOLE CARDS ***
Dealt to Dorex2007 [Th 4d]
Lilykat23: raises $0.05 to $0.10
pinbotani: folds 
cups00013: raises $0.05 to $0.15
AGVsmarT: folds 
kimikiwi87: folds 
Dorex2007: folds 
cubicroot: folds 
Manuelito180: folds 
VLNZL: folds 
Lilykat23: calls $0.05
*** FLOP *** [4c 7c Qh]
Lilykat23: checks 
cups00013: bets $0.20
Lilykat23: folds 
Uncalled bet ($0.20) returned to cups00013
cups00013 collected $0.40 from pot
*** SUMMARY ***
Total pot $0.42 | Rake $0.02 
Board [4c 7c Qh]
Seat 1: cups00013 collected ($0.40)
Seat 2: AGVsmarT folded before Flop (didn't bet)
Seat 3: kimikiwi87 folded before Flop (didn't bet)
Seat 4: Dorex2007 folded before Flop (didn't bet)
Seat 5: cubicroot (button) folded before Flop (didn't bet)
Seat 6: Manuelito180 (small blind) folded before Flop
Seat 7: VLNZL (big blind) folded before Flop
Seat 8: Lilykat23 folded on the Flop
Seat 9: pinbotani folded before Flop (didn't bet)



PokerStars Hand #237570361221:  Hold'em No Limit ($0.02/$0.05 USD) - 2022/07/24 20:25:53 PT [2022/07/24 23:25:53 ET]
Table 'Kiso' 9-max Seat #6 is the button
Seat 1: cups00013 ($6.23 in chips) 
Seat 2: AGVsmarT ($3.75 in chips) 
Seat 3: kimikiwi87 ($6.07 in chips) 
Seat 4: Dorex2007 ($5 in chips) 
Seat 5: cubicroot ($4.77 in chips) 
Seat 6: Manuelito180 ($8.96 in chips) 
Seat 7: VLNZL ($1.40 in chips) 
Seat 8: Lilykat23 ($8.93 in chips) 
Seat 9: pinbotani ($5.36 in chips) 
VLNZL: posts small blind $0.02
Lilykat23: posts big blind $0.05
*** HOLE CARDS ***
Dealt to Dorex2007 [7d 2d]
pinbotani: folds 
cups00013: raises $0.10 to $0.15
AGVsmarT: folds 
kimikiwi87: folds 
Dorex2007: folds 
cubicroot: folds 
Manuelito180: calls $0.15
VLNZL: calls $0.13
Lilykat23: calls $0.10
*** FLOP *** [Td 4c Ts]
VLNZL: checks 
Lilykat23: checks 
cups00013: bets $0.29
Manuelito180: calls $0.29
VLNZL: folds 
Lilykat23: folds 
*** TURN *** [Td 4c Ts] [9d]
cups00013: checks 
Manuelito180: checks 
*** RIVER *** [Td 4c Ts 9d] [3d]
cups00013: checks 
Manuelito180: bets $0.56
cups00013: calls $0.56
*** SHOW DOWN ***
Manuelito180: shows [Qs Kd] (a pair of Tens)
cups00013: shows [Ks Kc] (two pair, Kings and Tens)
cups00013 collected $2.20 from pot
*** SUMMARY ***
Total pot $2.30 | Rake $0.10 
Board [Td 4c Ts 9d 3d]
Seat 1: cups00013 showed [Ks Kc] and won ($2.20) with two pair, Kings and Tens
Seat 2: AGVsmarT folded before Flop (didn't bet)
Seat 3: kimikiwi87 folded before Flop (didn't bet)
Seat 4: Dorex2007 folded before Flop (didn't bet)
Seat 5: cubicroot folded before Flop (didn't bet)
Seat 6: Manuelito180 (button) showed [Qs Kd] and lost with a pair of Tens
Seat 7: VLNZL (small blind) folded on the Flop
Seat 8: Lilykat23 (big blind) folded on the Flop
Seat 9: pinbotani folded before Flop (didn't bet)



PokerStars Hand #237570370755:  Hold'em No Limit ($0.02/$0.05 USD) - 2022/07/24 20:26:56 PT [2022/07/24 23:26:56 ET]
Table 'Kiso' 9-max Seat #7 is the button
Seat 1: cups00013 ($7.43 in chips) 
Seat 2: AGVsmarT ($3.75 in chips) 
Seat 3: kimikiwi87 ($6.07 in chips) 
Seat 4: Dorex2007 ($5 in chips) 
Seat 5: cubicroot ($4.77 in chips) 
Seat 6: Manuelito180 ($7.96 in chips) 
Seat 7: VLNZL ($1.25 in chips) 
Seat 8: Lilykat23 ($8.78 in chips) 
Seat 9: pinbotani ($5.36 in chips) 
Lilykat23: posts small blind $0.02
pinbotani: posts big blind $0.05
*** HOLE CARDS ***
Dealt to Dorex2007 [Tc 7c]
cups00013: folds 
AGVsmarT: folds 
kimikiwi87: folds 
Dorex2007: folds 
cubicroot: folds 
Manuelito180: folds 
VLNZL: calls $0.05
Lilykat23: calls $0.03
pinbotani: checks 
*** FLOP *** [6d Th Kd]
Lilykat23: checks 
pinbotani: checks 
VLNZL: checks 
*** TURN *** [6d Th Kd] [Ah]
Lilykat23: checks 
pinbotani: checks 
VLNZL: checks 
*** RIVER *** [6d Th Kd Ah] [6c]
Lilykat23: checks 
pinbotani: bets $0.07
VLNZL: folds 
Lilykat23: folds 
Uncalled bet ($0.07) returned to pinbotani
pinbotani collected $0.14 from pot
*** SUMMARY ***
Total pot $0.15 | Rake $0.01 
Board [6d Th Kd Ah 6c]
Seat 1: cups00013 folded before Flop (didn't bet)
Seat 2: AGVsmarT folded before Flop (didn't bet)
Seat 3: kimikiwi87 folded before Flop (didn't bet)
Seat 4: Dorex2007 folded before Flop (didn't bet)
Seat 5: cubicroot folded before Flop (didn't bet)
Seat 6: Manuelito180 folded before Flop (didn't bet)
Seat 7: VLNZL (button) folded on the River
Seat 8: Lilykat23 (small blind) folded on the River
Seat 9: pinbotani (big blind) collected ($0.14)



PokerStars Hand #237570381901:  Hold'em No Limit ($0.02/$0.05 USD) - 2022/07/24 20:28:05 PT [2022/07/24 23:28:05 ET]
Table 'Kiso' 9-max Seat #8 is the button
Seat 1: cups00013 ($7.43 in chips) 
Seat 2: AGVsmarT ($3.75 in chips) 
Seat 3: kimikiwi87 ($6.07 in chips) 
Seat 4: Dorex2007 ($5 in chips) 
Seat 5: cubicroot ($4.77 in chips) 
Seat 6: Manuelito180 ($7.96 in chips) 
Seat 7: VLNZL ($1.20 in chips) 
Seat 8: Lilykat23 ($8.73 in chips) 
Seat 9: pinbotani ($5.45 in chips) 
pinbotani: posts small blind $0.02
cups00013: posts big blind $0.05
*** HOLE CARDS ***
Dealt to Dorex2007 [2d 7c]
AGVsmarT: folds 
kimikiwi87: folds 
Dorex2007: folds 
cubicroot: folds 
Manuelito180: folds 
VLNZL: folds 
Lilykat23: raises $0.10 to $0.15
pinbotani: folds 
cups00013: folds 
Uncalled bet ($0.10) returned to Lilykat23
Lilykat23 collected $0.12 from pot
*** SUMMARY ***
Total pot $0.12 | Rake $0 
Seat 1: cups00013 (big blind) folded before Flop
Seat 2: AGVsmarT folded before Flop (didn't bet)
Seat 3: kimikiwi87 folded before Flop (didn't bet)
Seat 4: Dorex2007 folded before Flop (didn't bet)
Seat 5: cubicroot folded before Flop (didn't bet)
Seat 6: Manuelito180 folded before Flop (didn't bet)
Seat 7: VLNZL folded before Flop (didn't bet)
Seat 8: Lilykat23 (button) collected ($0.12)
Seat 9: pinbotani (small blind) folded before Flop



PokerStars Hand #237570385143:  Hold'em No Limit ($0.02/$0.05 USD) - 2022/07/24 20:28:27 PT [2022/07/24 23:28:27 ET]
Table 'Kiso' 9-max Seat #9 is the button
Seat 1: cups00013 ($7.38 in chips) 
Seat 2: AGVsmarT ($3.75 in chips) 
Seat 3: kimikiwi87 ($6.07 in chips) 
Seat 4: Dorex2007 ($5 in chips) 
Seat 5: cubicroot ($4.77 in chips) 
Seat 6: Manuelito180 ($7.96 in chips) 
Seat 7: VLNZL ($1.20 in chips) 
Seat 8: Lilykat23 ($8.80 in chips) 
Seat 9: pinbotani ($5.43 in chips) 
cups00013: posts small blind $0.02
AGVsmarT: posts big blind $0.05
*** HOLE CARDS ***
Dealt to Dorex2007 [Kc 8s]
kimikiwi87: folds 
Dorex2007: folds 
cubicroot: folds 
Manuelito180: raises $0.10 to $0.15
VLNZL: calls $0.15
Lilykat23: raises $0.10 to $0.25
pinbotani: folds 
cups00013: folds 
AGVsmarT: folds 
Manuelito180: calls $0.10
VLNZL: folds 
*** FLOP *** [3c Td 6d]
Manuelito180: checks 
Lilykat23: checks 
*** TURN *** [3c Td 6d] [9s]
Manuelito180: bets $0.69
Lilykat23: raises $0.69 to $1.38
Manuelito180: calls $0.69
*** RIVER *** [3c Td 6d 9s] [Ah]
Manuelito180: checks 
Lilykat23: bets $0.05
Manuelito180: calls $0.05
*** SHOW DOWN ***
Lilykat23: shows [Ts Th] (three of a kind, Tens)
Manuelito180: mucks hand 
Lilykat23 collected $3.43 from pot
*** SUMMARY ***
Total pot $3.58 | Rake $0.15 
Board [3c Td 6d 9s Ah]
Seat 1: cups00013 (small blind) folded before Flop
Seat 2: AGVsmarT (big blind) folded before Flop
Seat 3: kimikiwi87 folded before Flop (didn't bet)
Seat 4: Dorex2007 folded before Flop (didn't bet)
Seat 5: cubicroot folded before Flop (didn't bet)
Seat 6: Manuelito180 mucked [Qd Jd]
Seat 7: VLNZL folded before Flop
Seat 8: Lilykat23 showed [Ts Th] and won ($3.43) with three of a kind, Tens
Seat 9: pinbotani (button) folded before Flop (didn't bet)



PokerStars Hand #237570396666:  Hold'em No Limit ($0.02/$0.05 USD) - 2022/07/24 20:29:45 PT [2022/07/24 23:29:45 ET]
Table 'Kiso' 9-max Seat #1 is the button
Seat 1: cups00013 ($7.36 in chips) 
Seat 2: AGVsmarT ($3.70 in chips) 
Seat 4: Dorex2007 ($5 in chips) 
Seat 5: cubicroot ($4.77 in chips) 
Seat 6: Manuelito180 ($6.28 in chips) 
Seat 7: VLNZL ($1.05 in chips) 
Seat 8: Lilykat23 ($10.55 in chips) 
Seat 9: pinbotani ($5.43 in chips) 
AGVsmarT: posts small blind $0.02
kimikiwi87: is sitting out 
kimikiwi87 leaves the table
Dorex2007: posts big blind $0.05
*** HOLE CARDS ***
Dealt to Dorex2007 [8c Jc]
cubicroot: folds 
Manuelito180: raises $0.10 to $0.15
VLNZL: folds 
Lilykat23: folds 
pinbotani: folds 
cups00013: folds 
AGVsmarT: folds 
Dorex2007: folds 
Uncalled bet ($0.10) returned to Manuelito180
Manuelito180 collected $0.12 from pot
*** SUMMARY ***
Total pot $0.12 | Rake $0 
Seat 1: cups00013 (button) folded before Flop (didn't bet)
Seat 2: AGVsmarT (small blind) folded before Flop
Seat 4: Dorex2007 (big blind) folded before Flop
Seat 5: cubicroot folded before Flop (didn't bet)
Seat 6: Manuelito180 collected ($0.12)
Seat 7: VLNZL folded before Flop (didn't bet)
Seat 8: Lilykat23 folded before Flop (didn't bet)
Seat 9: pinbotani folded before Flop (didn't bet)



PokerStars Hand #237570400074:  Hold'em No Limit ($0.02/$0.05 USD) - 2022/07/24 20:30:08 PT [2022/07/24 23:30:08 ET]
Table 'Kiso' 9-max Seat #2 is the button
Seat 1: cups00013 ($7.36 in chips) 
Seat 2: AGVsmarT ($3.68 in chips) 
Seat 4: Dorex2007 ($5 in chips) 
Seat 5: cubicroot ($4.77 in chips) 
Seat 6: Manuelito180 ($6.35 in chips) 
Seat 7: VLNZL ($1.05 in chips) 
Seat 8: Lilykat23 ($10.55 in chips) 
Seat 9: pinbotani ($5.43 in chips) 
Dorex2007: posts small blind $0.02
cubicroot: posts big blind $0.05
*** HOLE CARDS ***
Dealt to Dorex2007 [3c 7d]
Manuelito180: folds 
VLNZL: calls $0.05
Lilykat23: calls $0.05
pinbotani: folds 
cups00013: folds 
AGVsmarT: folds 
Dorex2007: folds 
cubicroot: checks 
*** FLOP *** [4c 4d 2d]
RisingChaoz joins the table at seat #3 
cubicroot: checks 
VLNZL: checks 
Lilykat23: bets $0.05
cubicroot: calls $0.05
VLNZL: calls $0.05
*** TURN *** [4c 4d 2d] [9c]
cubicroot: checks 
VLNZL: checks 
Lilykat23: bets $0.15
cubicroot: calls $0.15
VLNZL: calls $0.15
*** RIVER *** [4c 4d 2d 9c] [4h]
cubicroot: checks 
VLNZL: checks 
Lilykat23: bets $0.74
cubicroot: folds 
VLNZL: folds 
Uncalled bet ($0.74) returned to Lilykat23
Lilykat23 collected $0.74 from pot
*** SUMMARY ***
Total pot $0.77 | Rake $0.03 
Board [4c 4d 2d 9c 4h]
Seat 1: cups00013 folded before Flop (didn't bet)
Seat 2: AGVsmarT (button) folded before Flop (didn't bet)
Seat 4: Dorex2007 (small blind) folded before Flop
Seat 5: cubicroot (big blind) folded on the River
Seat 6: Manuelito180 folded before Flop (didn't bet)
Seat 7: VLNZL folded on the River
Seat 8: Lilykat23 collected ($0.74)
Seat 9: pinbotani folded before Flop (didn't bet)



PokerStars Hand #237570414467:  Hold'em No Limit ($0.02/$0.05 USD) - 2022/07/24 20:31:41 PT [2022/07/24 23:31:41 ET]
Table 'Kiso' 9-max Seat #4 is the button
Seat 1: cups00013 ($7.36 in chips) 
Seat 2: AGVsmarT ($3.68 in chips) 
Seat 4: Dorex2007 ($5 in chips) 
Seat 5: cubicroot ($4.52 in chips) 
Seat 6: Manuelito180 ($6.35 in chips) 
Seat 7: VLNZL ($0.80 in chips) 
Seat 8: Lilykat23 ($11.04 in chips) 
Seat 9: pinbotani ($5.43 in chips) 
cubicroot: posts small blind $0.02
Manuelito180: posts big blind $0.05
RisingChaoz: sits out 
*** HOLE CARDS ***
Dealt to Dorex2007 [2h 9c]
VLNZL: calls $0.05
Lilykat23: folds 
pinbotani: folds 
cups00013: raises $0.15 to $0.20
AGVsmarT: folds 
Dorex2007: folds 
cubicroot: folds 
Manuelito180: calls $0.15
VLNZL: calls $0.15
*** FLOP *** [4c Qc 7s]
Manuelito180: bets $0.29
VLNZL: folds 
VLNZL leaves the table
cups00013: raises $0.59 to $0.88
Manuelito180: calls $0.59
*** TURN *** [4c Qc 7s] [Kc]
Manuelito180: checks 
cups00013: checks 
*** RIVER *** [4c Qc 7s Kc] [Tc]
Manuelito180: checks 
cups00013: checks 
*** SHOW DOWN ***
Manuelito180: shows [Qh Ks] (two pair, Kings and Queens)
cups00013: mucks hand 
Manuelito180 collected $2.28 from pot
*** SUMMARY ***
Total pot $2.38 | Rake $0.10 
Board [4c Qc 7s Kc Tc]
Seat 1: cups00013 mucked [Ad Qd]
Seat 2: AGVsmarT folded before Flop (didn't bet)
Seat 4: Dorex2007 (button) folded before Flop (didn't bet)
Seat 5: cubicroot (small blind) folded before Flop
Seat 6: Manuelito180 (big blind) showed [Qh Ks] and won ($2.28) with two pair, Kings and Queens
Seat 7: VLNZL folded on the Flop
Seat 8: Lilykat23 folded before Flop (didn't bet)
Seat 9: pinbotani folded before Flop (didn't bet)



PokerStars Hand #237570422638:  Hold'em No Limit ($0.02/$0.05 USD) - 2022/07/24 20:32:37 PT [2022/07/24 23:32:37 ET]
Table 'Kiso' 9-max Seat #5 is the button
Seat 1: cups00013 ($6.28 in chips) 
Seat 2: AGVsmarT ($3.68 in chips) 
Seat 4: Dorex2007 ($5 in chips) 
Seat 5: cubicroot ($4.50 in chips) 
Seat 6: Manuelito180 ($7.55 in chips) 
Seat 9: pinbotani ($5.43 in chips) 
Manuelito180: posts small blind $0.02
Lilykat23: is sitting out 
pinbotani: posts big blind $0.05
RisingChaoz: sits out 
*** HOLE CARDS ***
Dealt to Dorex2007 [9c Qd]
cups00013: folds 
Lilykat23 leaves the table
AGVsmarT: folds 
Dorex2007: folds 
cubicroot: folds 
Manuelito180: folds 
Uncalled bet ($0.03) returned to pinbotani
pinbotani collected $0.04 from pot
*** SUMMARY ***
Total pot $0.04 | Rake $0 
Seat 1: cups00013 folded before Flop (didn't bet)
Seat 2: AGVsmarT folded before Flop (didn't bet)
Seat 4: Dorex2007 folded before Flop (didn't bet)
Seat 5: cubicroot (button) folded before Flop (didn't bet)
Seat 6: Manuelito180 (small blind) folded before Flop
Seat 9: pinbotani (big blind) collected ($0.04)



PokerStars Hand #237570424832:  Hold'em No Limit ($0.02/$0.05 USD) - 2022/07/24 20:32:52 PT [2022/07/24 23:32:52 ET]
Table 'Kiso' 9-max Seat #6 is the button
Seat 1: cups00013 ($6.28 in chips) 
Seat 2: AGVsmarT ($3.68 in chips) 
Seat 4: Dorex2007 ($5 in chips) 
Seat 5: cubicroot ($4.50 in chips) 
Seat 6: Manuelito180 ($7.53 in chips) 
Seat 9: pinbotani ($5.45 in chips) 
pinbotani: posts small blind $0.02
cups00013: posts big blind $0.05
RisingChaoz: sits out 
*** HOLE CARDS ***
Dealt to Dorex2007 [3s 6h]
AGVsmarT: calls $0.05
Dorex2007: folds 
cubicroot: folds 
Manuelito180: raises $0.10 to $0.15
pinbotani: folds 
cups00013: folds 
AGVsmarT: folds 
Uncalled bet ($0.10) returned to Manuelito180
Manuelito180 collected $0.17 from pot
*** SUMMARY ***
Total pot $0.17 | Rake $0 
Seat 1: cups00013 (big blind) folded before Flop
Seat 2: AGVsmarT folded before Flop
Seat 4: Dorex2007 folded before Flop (didn't bet)
Seat 5: cubicroot folded before Flop (didn't bet)
Seat 6: Manuelito180 (button) collected ($0.17)
Seat 9: pinbotani (small blind) folded before Flop



PokerStars Hand #237570431117:  Hold'em No Limit ($0.02/$0.05 USD) - 2022/07/24 20:33:14 PT [2022/07/24 23:33:14 ET]
Table 'Kiso' 9-max Seat #9 is the button
Seat 1: cups00013 ($6.23 in chips) 
Seat 2: AGVsmarT ($3.63 in chips) 
Seat 4: Dorex2007 ($5 in chips) 
Seat 5: cubicroot ($4.50 in chips) 
Seat 6: Manuelito180 ($7.65 in chips) 
Seat 9: pinbotani ($5.43 in chips) 
cups00013: posts small blind $0.02
AGVsmarT: posts big blind $0.05
RisingChaoz: sits out 
*** HOLE CARDS ***
Dealt to Dorex2007 [3d 6s]
Douglinhass joins the table at seat #7 
Dorex2007 has timed out
Dorex2007: folds 
cubicroot: folds 
Manuelito180: folds 
pinbotani: folds 
cups00013: folds 
Uncalled bet ($0.03) returned to AGVsmarT
AGVsmarT collected $0.04 from pot
*** SUMMARY ***
Total pot $0.04 | Rake $0 
Seat 1: cups00013 (small blind) folded before Flop
Seat 2: AGVsmarT (big blind) collected ($0.04)
Seat 4: Dorex2007 folded before Flop (didn't bet)
Seat 5: cubicroot folded before Flop (didn't bet)
Seat 6: Manuelito180 folded before Flop (didn't bet)
Seat 9: pinbotani (button) folded before Flop (didn't bet)



PokerStars Hand #237570434178:  Hold'em No Limit ($0.02/$0.05 USD) - 2022/07/24 20:33:36 PT [2022/07/24 23:33:36 ET]
Table 'Kiso' 9-max Seat #1 is the button
Seat 1: cups00013 ($6.21 in chips) 
Seat 2: AGVsmarT ($3.65 in chips) 
Seat 3: RisingChaoz ($4.02 in chips) 
Seat 4: Dorex2007 ($5 in chips) 
Seat 5: cubicroot ($4.50 in chips) 
Seat 6: Manuelito180 ($7.65 in chips) 
Seat 7: Douglinhass ($4 in chips) 
Seat 9: pinbotani ($5.43 in chips) 
AGVsmarT: posts small blind $0.02
RisingChaoz: posts big blind $0.05
Douglinhass: posts big blind $0.05
*** HOLE CARDS ***
Dealt to Dorex2007 [7h 7c]
Maffort21 joins the table at seat #8 
Dorex2007: calls $0.05
cubicroot has timed out
cubicroot: folds 
Manuelito180: raises $0.10 to $0.15
Douglinhass: calls $0.10
pinbotani: folds 
cups00013: folds 
AGVsmarT: calls $0.13
RisingChaoz: folds 
Dorex2007: calls $0.10
*** FLOP *** [5d 4d Ah]
AGVsmarT: checks 
Dorex2007: checks 
Manuelito180: bets $0.31
Douglinhass: calls $0.31
AGVsmarT: folds 
Dorex2007: folds 
*** TURN *** [5d 4d Ah] [8d]
Manuelito180: checks 
Douglinhass: checks 
*** RIVER *** [5d 4d Ah 8d] [2s]
Manuelito180: bets $0.70
Douglinhass: raises $2.84 to $3.54 and is all-in
Manuelito180: calls $2.84
*** SHOW DOWN ***
Douglinhass: shows [3d Kd] (a flush, King high)
Manuelito180: shows [3s As] (a straight, Ace to Five)
Douglinhass collected $8 from pot
*** SUMMARY ***
Total pot $8.35 | Rake $0.35 
Board [5d 4d Ah 8d 2s]
Seat 1: cups00013 (button) folded before Flop (didn't bet)
Seat 2: AGVsmarT (small blind) folded on the Flop
Seat 3: RisingChaoz (big blind) folded before Flop
Seat 4: Dorex2007 folded on the Flop
Seat 5: cubicroot folded before Flop (didn't bet)
Seat 6: Manuelito180 showed [3s As] and lost with a straight, Ace to Five
Seat 7: Douglinhass showed [3d Kd] and won ($8) with a flush, King high
Seat 9: pinbotani folded before Flop (didn't bet)



PokerStars Hand #237570449481:  Hold'em No Limit ($0.02/$0.05 USD) - 2022/07/24 20:35:21 PT [2022/07/24 23:35:21 ET]
Table 'Kiso' 9-max Seat #2 is the button
Seat 1: cups00013 ($6.21 in chips) 
Seat 2: AGVsmarT ($3.50 in chips) 
Seat 3: RisingChaoz ($3.97 in chips) 
Seat 4: Dorex2007 ($5 in chips) 
Seat 5: cubicroot ($4.50 in chips) 
Seat 6: Manuelito180 ($3.65 in chips) 
Seat 7: Douglinhass ($8 in chips) 
Seat 8: Maffort21 ($5 in chips) 
Seat 9: pinbotani ($5.43 in chips) 
RisingChaoz: posts small blind $0.02
Dorex2007: posts big blind $0.05
Maffort21: posts big blind $0.05
*** HOLE CARDS ***
Dealt to Dorex2007 [As 2h]
cubicroot: calls $0.05
Manuelito180: folds 
Douglinhass: folds 
Douglinhass leaves the table
Maffort21: checks 
pinbotani: folds 
cups00013: folds 
AGVsmarT: folds 
RisingChaoz: calls $0.03
Dorex2007: checks 
*** FLOP *** [Th 6h 2s]
RisingChaoz: checks 
Dorex2007: checks 
cubicroot: checks 
Maffort21: bets $0.10
RisingChaoz: folds 
Dorex2007: folds 
cubicroot: folds 
Uncalled bet ($0.10) returned to Maffort21
Maffort21 collected $0.19 from pot
*** SUMMARY ***
Total pot $0.20 | Rake $0.01 
Board [Th 6h 2s]
Seat 1: cups00013 folded before Flop (didn't bet)
Seat 2: AGVsmarT (button) folded before Flop (didn't bet)
Seat 3: RisingChaoz (small blind) folded on the Flop
Seat 4: Dorex2007 (big blind) folded on the Flop
Seat 5: cubicroot folded on the Flop
Seat 6: Manuelito180 folded before Flop (didn't bet)
Seat 7: Douglinhass folded before Flop (didn't bet)
Seat 8: Maffort21 collected ($0.19)
Seat 9: pinbotani folded before Flop (didn't bet)



PokerStars Hand #237570456834:  Hold'em No Limit ($0.02/$0.05 USD) - 2022/07/24 20:36:12 PT [2022/07/24 23:36:12 ET]
Table 'Kiso' 9-max Seat #3 is the button
Seat 1: cups00013 ($6.21 in chips) 
Seat 2: AGVsmarT ($3.50 in chips) 
Seat 3: RisingChaoz ($3.92 in chips) 
Seat 4: Dorex2007 ($5 in chips) 
Seat 5: cubicroot ($4.45 in chips) 
Seat 6: Manuelito180 ($5 in chips) 
Seat 8: Maffort21 ($5.14 in chips) 
Seat 9: pinbotani ($5.43 in chips) 
Dorex2007: posts small blind $0.02
cubicroot: posts big blind $0.05
*** HOLE CARDS ***
Dealt to Dorex2007 [Tc 7s]
Manuelito180: folds 
Maffort21: folds 
pinbotani: raises $0.10 to $0.15
cups00013: calls $0.15
AGVsmarT: folds 
RisingChaoz: calls $0.15
Dorex2007: folds 
cubicroot: calls $0.10
*** FLOP *** [Qc Kh Th]
cubicroot: checks 
pinbotani: checks 
cups00013: checks 
RisingChaoz: bets $0.05
cubicroot: raises $4.25 to $4.30 and is all-in
pinbotani: folds 
cups00013: folds 
RisingChaoz: folds 
Uncalled bet ($4.25) returned to cubicroot
cubicroot collected $0.69 from pot
*** SUMMARY ***
Total pot $0.72 | Rake $0.03 
Board [Qc Kh Th]
Seat 1: cups00013 folded on the Flop
Seat 2: AGVsmarT folded before Flop (didn't bet)
Seat 3: RisingChaoz (button) folded on the Flop
Seat 4: Dorex2007 (small blind) folded before Flop
Seat 5: cubicroot (big blind) collected ($0.69)
Seat 6: Manuelito180 folded before Flop (didn't bet)
Seat 8: Maffort21 folded before Flop (didn't bet)
Seat 9: pinbotani folded on the Flop



PokerStars Hand #237570470810:  Hold'em No Limit ($0.02/$0.05 USD) - 2022/07/24 20:36:55 PT [2022/07/24 23:36:55 ET]
Table 'Kiso' 9-max Seat #4 is the button
Seat 1: cups00013 ($6.06 in chips) 
Seat 2: AGVsmarT ($3.50 in chips) 
Seat 3: RisingChaoz ($3.72 in chips) 
Seat 4: Dorex2007 ($5 in chips) 
Seat 5: cubicroot ($4.94 in chips) 
Seat 6: Manuelito180 ($5 in chips) 
Seat 8: Maffort21 ($5.14 in chips) 
Seat 9: pinbotani ($5.28 in chips) 
cubicroot: posts small blind $0.02
Manuelito180: posts big blind $0.05
*** HOLE CARDS ***
Dealt to Dorex2007 [6h Ac]
Maffort21: folds 
pinbotani: folds 
cups00013: calls $0.05
AGVsmarT: folds 
RisingChaoz: calls $0.05
Dorex2007: folds 
cubicroot: calls $0.03
Manuelito180: checks 
*** FLOP *** [9h Jd 6d]
cubicroot: checks 
Manuelito180: checks 
cups00013: checks 
RisingChaoz: checks 
*** TURN *** [9h Jd 6d] [4c]
cubicroot: checks 
Manuelito180: checks 
cups00013: checks 
RisingChaoz: checks 
*** RIVER *** [9h Jd 6d 4c] [7d]
cubicroot: checks 
Manuelito180: checks 
cups00013: checks 
RisingChaoz: bets $0.10
cubicroot: folds 
Manuelito180: folds 
cups00013: folds 
Uncalled bet ($0.10) returned to RisingChaoz
RisingChaoz collected $0.19 from pot
*** SUMMARY ***
Total pot $0.20 | Rake $0.01 
Board [9h Jd 6d 4c 7d]
Seat 1: cups00013 folded on the River
Seat 2: AGVsmarT folded before Flop (didn't bet)
Seat 3: RisingChaoz collected ($0.19)
Seat 4: Dorex2007 (button) folded before Flop (didn't bet)
Seat 5: cubicroot (small blind) folded on the River
Seat 6: Manuelito180 (big blind) folded on the River
Seat 8: Maffort21 folded before Flop (didn't bet)
Seat 9: pinbotani folded before Flop (didn't bet)



PokerStars Hand #237570480103:  Hold'em No Limit ($0.02/$0.05 USD) - 2022/07/24 20:37:59 PT [2022/07/24 23:37:59 ET]
Table 'Kiso' 9-max Seat #5 is the button
Seat 1: cups00013 ($6.01 in chips) 
Seat 2: AGVsmarT ($3.50 in chips) 
Seat 3: RisingChaoz ($3.86 in chips) 
Seat 4: Dorex2007 ($5 in chips) 
Seat 5: cubicroot ($4.89 in chips) 
Seat 6: Manuelito180 ($4.95 in chips) 
Seat 8: Maffort21 ($5.14 in chips) 
Seat 9: pinbotani ($5.28 in chips) 
Manuelito180: posts small blind $0.02
Maffort21: posts big blind $0.05
*** HOLE CARDS ***
Dealt to Dorex2007 [3s 8h]
pinbotani: folds 
cups00013: folds 
Luigiams joins the table at seat #7 
AGVsmarT: folds 
RisingChaoz: raises $0.05 to $0.10
Dorex2007: folds 
cubicroot: calls $0.10
Manuelito180: calls $0.08
Maffort21: calls $0.05
*** FLOP *** [6d Qc Ts]
Manuelito180: checks 
Maffort21: checks 
RisingChaoz: bets $0.10
cubicroot: raises $0.10 to $0.20
Manuelito180: folds 
Maffort21: folds 
RisingChaoz: calls $0.10
*** TURN *** [6d Qc Ts] [Ah]
RisingChaoz: bets $0.10
cubicroot: calls $0.10
*** RIVER *** [6d Qc Ts Ah] [7h]
RisingChaoz: bets $0.30
cubicroot: calls $0.30
*** SHOW DOWN ***
RisingChaoz: shows [As Td] (two pair, Aces and Tens)
cubicroot: mucks hand 
RisingChaoz collected $1.53 from pot
*** SUMMARY ***
Total pot $1.60 | Rake $0.07 
Board [6d Qc Ts Ah 7h]
Seat 1: cups00013 folded before Flop (didn't bet)
Seat 2: AGVsmarT folded before Flop (didn't bet)
Seat 3: RisingChaoz showed [As Td] and won ($1.53) with two pair, Aces and Tens
Seat 4: Dorex2007 folded before Flop (didn't bet)
Seat 5: cubicroot (button) mucked [Kc Tc]
Seat 6: Manuelito180 (small blind) folded on the Flop
Seat 8: Maffort21 (big blind) folded on the Flop
Seat 9: pinbotani folded before Flop (didn't bet)



PokerStars Hand #237570488912:  Hold'em No Limit ($0.02/$0.05 USD) - 2022/07/24 20:39:01 PT [2022/07/24 23:39:01 ET]
Table 'Kiso' 9-max Seat #6 is the button
Seat 1: cups00013 ($6.01 in chips) 
Seat 2: AGVsmarT ($3.50 in chips) 
Seat 3: RisingChaoz ($4.69 in chips) 
Seat 4: Dorex2007 ($5 in chips) 
Seat 5: cubicroot ($4.19 in chips) 
Seat 6: Manuelito180 ($4.85 in chips) 
Seat 8: Maffort21 ($5.04 in chips) 
Seat 9: pinbotani ($5.28 in chips) 
Maffort21: posts small blind $0.02
pinbotani: posts big blind $0.05
*** HOLE CARDS ***
Dealt to Dorex2007 [9d 9s]
cups00013: folds 
AGVsmarT: calls $0.05
RisingChaoz: folds 
Dorex2007: raises $0.10 to $0.15
cubicroot: folds 
Manuelito180: folds 
Maffort21: calls $0.13
pinbotani: folds 
AGVsmarT: calls $0.10
*** FLOP *** [6d 8s 5h]
Maffort21: checks 
AGVsmarT: checks 
Dorex2007: bets $0.48
Maffort21: folds 
AGVsmarT: folds 
Uncalled bet ($0.48) returned to Dorex2007
Dorex2007 collected $0.48 from pot
*** SUMMARY ***
Total pot $0.50 | Rake $0.02 
Board [6d 8s 5h]
Seat 1: cups00013 folded before Flop (didn't bet)
Seat 2: AGVsmarT folded on the Flop
Seat 3: RisingChaoz folded before Flop (didn't bet)
Seat 4: Dorex2007 collected ($0.48)
Seat 5: cubicroot folded before Flop (didn't bet)
Seat 6: Manuelito180 (button) folded before Flop (didn't bet)
Seat 8: Maffort21 (small blind) folded on the Flop
Seat 9: pinbotani (big blind) folded before Flop



PokerStars Hand #237570494793:  Hold'em No Limit ($0.02/$0.05 USD) - 2022/07/24 20:39:42 PT [2022/07/24 23:39:42 ET]
Table 'Kiso' 9-max Seat #8 is the button
Seat 2: AGVsmarT ($3.35 in chips) 
Seat 3: RisingChaoz ($4.69 in chips) 
Seat 4: Dorex2007 ($5.33 in chips) 
Seat 5: cubicroot ($4.19 in chips) 
Seat 6: Manuelito180 ($4.85 in chips) 
Seat 8: Maffort21 ($4.89 in chips) 
Seat 9: pinbotani ($5.23 in chips) 
pinbotani: posts small blind $0.02
cups00013: is sitting out 
AGVsmarT: posts big blind $0.05
Luigiams: sits out 
*** HOLE CARDS ***
Dealt to Dorex2007 [As 2s]
RisingChaoz: folds 
cups00013 leaves the table
Dorex2007: calls $0.05
cubicroot: folds 
Manuelito180: folds 
Maffort21: calls $0.05
pinbotani: folds 
AGVsmarT: checks 
*** FLOP *** [6s Th 7s]
AGVsmarT: checks 
Dorex2007: bets $0.11
mr.maicon163 joins the table at seat #1 
Maffort21: calls $0.11
AGVsmarT: folds 
*** TURN *** [6s Th 7s] [Jc]
Dorex2007: checks 
Maffort21: bets $0.18
Dorex2007: calls $0.18
*** RIVER *** [6s Th 7s Jc] [2d]
Dorex2007: bets $0.20
Maffort21: calls $0.20
*** SHOW DOWN ***
Dorex2007: shows [As 2s] (a pair of Deuces)
Maffort21: shows [Qc 7c] (a pair of Sevens)
Maffort21 collected $1.10 from pot
*** SUMMARY ***
Total pot $1.15 | Rake $0.05 
Board [6s Th 7s Jc 2d]
Seat 2: AGVsmarT (big blind) folded on the Flop
Seat 3: RisingChaoz folded before Flop (didn't bet)
Seat 4: Dorex2007 showed [As 2s] and lost with a pair of Deuces
Seat 5: cubicroot folded before Flop (didn't bet)
Seat 6: Manuelito180 folded before Flop (didn't bet)
Seat 8: Maffort21 (button) showed [Qc 7c] and won ($1.10) with a pair of Sevens
Seat 9: pinbotani (small blind) folded before Flop



PokerStars Hand #237570509820:  Hold'em No Limit ($0.02/$0.05 USD) - 2022/07/24 20:41:29 PT [2022/07/24 23:41:29 ET]
Table 'Kiso' 9-max Seat #9 is the button
Seat 2: AGVsmarT ($3.30 in chips) 
Seat 3: RisingChaoz ($4.69 in chips) 
Seat 4: Dorex2007 ($5 in chips) 
Seat 5: cubicroot ($4.19 in chips) 
Seat 6: Manuelito180 ($4.85 in chips) 
Seat 8: Maffort21 ($5.45 in chips) 
Seat 9: pinbotani ($5.21 in chips) 
AGVsmarT: posts small blind $0.02
RisingChaoz: posts big blind $0.05
Luigiams: sits out 
*** HOLE CARDS ***
Dealt to Dorex2007 [Kh 7d]
Dorex2007: folds 
cubicroot: folds 
Manuelito180: folds 
Maffort21: folds 
pinbotani: folds 
AGVsmarT: folds 
Uncalled bet ($0.03) returned to RisingChaoz
RisingChaoz collected $0.04 from pot
*** SUMMARY ***
Total pot $0.04 | Rake $0 
Seat 2: AGVsmarT (small blind) folded before Flop
Seat 3: RisingChaoz (big blind) collected ($0.04)
Seat 4: Dorex2007 folded before Flop (didn't bet)
Seat 5: cubicroot folded before Flop (didn't bet)
Seat 6: Manuelito180 folded before Flop (didn't bet)
Seat 8: Maffort21 folded before Flop (didn't bet)
Seat 9: pinbotani (button) folded before Flop (didn't bet)



PokerStars Hand #237570511203:  Hold'em No Limit ($0.02/$0.05 USD) - 2022/07/24 20:41:39 PT [2022/07/24 23:41:39 ET]
Table 'Kiso' 9-max Seat #2 is the button
Seat 1: mr.maicon163 ($2.02 in chips) 
Seat 2: AGVsmarT ($3.28 in chips) 
Seat 3: RisingChaoz ($4.71 in chips) 
Seat 4: Dorex2007 ($5 in chips) 
Seat 5: cubicroot ($4.19 in chips) 
Seat 6: Manuelito180 ($4.85 in chips) 
Seat 8: Maffort21 ($5.45 in chips) 
Seat 9: pinbotani ($5.21 in chips) 
RisingChaoz: posts small blind $0.02
Dorex2007: posts big blind $0.05
Luigiams: sits out 
mr.maicon163: posts big blind $0.05
*** HOLE CARDS ***
Dealt to Dorex2007 [Th Tc]
cubicroot: folds 
Manuelito180: folds 
Maffort21: folds 
pinbotani: folds 
mr.maicon163: raises $0.05 to $0.10
AGVsmarT: folds 
RisingChaoz: calls $0.08
Dorex2007: calls $0.05
*** FLOP *** [9s 7c 7d]
RisingChaoz: bets $0.10
Dorex2007: calls $0.10
mr.maicon163: calls $0.10
*** TURN *** [9s 7c 7d] [7h]
RisingChaoz: bets $0.35
Dorex2007: calls $0.35
mr.maicon163: raises $1.47 to $1.82 and is all-in
RisingChaoz: calls $1.47
Dorex2007: folds 
*** RIVER *** [9s 7c 7d 7h] [4c]
*** SHOW DOWN ***
RisingChaoz: shows [9d Jh] (a full house, Sevens full of Nines)
mr.maicon163: shows [Ah As] (a full house, Sevens full of Aces)
mr.maicon163 collected $4.40 from pot
RisingChaoz cashed out the hand for $0.21
*** SUMMARY ***
Total pot $4.59 | Rake $0.19 
Board [9s 7c 7d 7h 4c]
Seat 1: mr.maicon163 showed [Ah As] and won ($4.40) with a full house, Sevens full of Aces
Seat 2: AGVsmarT (button) folded before Flop (didn't bet)
Seat 3: RisingChaoz (small blind) showed [9d Jh] and lost with a full house, Sevens full of Nines (cashed out).
Seat 4: Dorex2007 (big blind) folded on the Turn
Seat 5: cubicroot folded before Flop (didn't bet)
Seat 6: Manuelito180 folded before Flop (didn't bet)
Seat 8: Maffort21 folded before Flop (didn't bet)
Seat 9: pinbotani folded before Flop (didn't bet)



PokerStars Hand #237570521115:  Hold'em No Limit ($0.02/$0.05 USD) - 2022/07/24 20:42:37 PT [2022/07/24 23:42:37 ET]
Table 'Kiso' 9-max Seat #3 is the button
Seat 1: mr.maicon163 ($4.40 in chips) 
Seat 2: AGVsmarT ($3.28 in chips) 
Seat 3: RisingChaoz ($2.90 in chips) 
Seat 4: Dorex2007 ($5 in chips) 
Seat 5: cubicroot ($4.19 in chips) 
Seat 6: Manuelito180 ($4.85 in chips) 
Seat 8: Maffort21 ($5.45 in chips) 
Seat 9: pinbotani ($5.21 in chips) 
Dorex2007: posts small blind $0.02
cubicroot: posts big blind $0.05
Luigiams: sits out 
*** HOLE CARDS ***
Dealt to Dorex2007 [Jc 9c]
Manuelito180: folds 
Maffort21: folds 
pinbotani: folds 
mr.maicon163: folds 
AGVsmarT: folds 
RisingChaoz: folds 
Dorex2007: folds 
Uncalled bet ($0.03) returned to cubicroot
cubicroot collected $0.04 from pot
*** SUMMARY ***
Total pot $0.04 | Rake $0 
Seat 1: mr.maicon163 folded before Flop (didn't bet)
Seat 2: AGVsmarT folded before Flop (didn't bet)
Seat 3: RisingChaoz (button) folded before Flop (didn't bet)
Seat 4: Dorex2007 (small blind) folded before Flop
Seat 5: cubicroot (big blind) collected ($0.04)
Seat 6: Manuelito180 folded before Flop (didn't bet)
Seat 8: Maffort21 folded before Flop (didn't bet)
Seat 9: pinbotani folded before Flop (didn't bet)



PokerStars Hand #237570523189:  Hold'em No Limit ($0.02/$0.05 USD) - 2022/07/24 20:42:52 PT [2022/07/24 23:42:52 ET]
Table 'Kiso' 9-max Seat #4 is the button
Seat 1: mr.maicon163 ($4.40 in chips) 
Seat 2: AGVsmarT ($3.28 in chips) 
Seat 3: RisingChaoz ($2.90 in chips) 
Seat 4: Dorex2007 ($5 in chips) 
Seat 5: cubicroot ($4.21 in chips) 
Seat 6: Manuelito180 ($4.85 in chips) 
Seat 8: Maffort21 ($5.45 in chips) 
Seat 9: pinbotani ($5.21 in chips) 
cubicroot: posts small blind $0.02
Manuelito180: posts big blind $0.05
Luigiams: sits out 
*** HOLE CARDS ***
Dealt to Dorex2007 [6s 8s]
Maffort21: raises $0.05 to $0.10
pinbotani: folds 
mr.maicon163: calls $0.10
AGVsmarT: folds 
RisingChaoz: folds 
Dorex2007: folds 
cubicroot: calls $0.08
Manuelito180: folds 
*** FLOP *** [3d 3c 3h]
cubicroot: checks 
Maffort21: checks 
mr.maicon163: checks 
*** TURN *** [3d 3c 3h] [Qc]
cubicroot: checks 
Maffort21: bets $0.17
mr.maicon163: folds 
cubicroot: folds 
Uncalled bet ($0.17) returned to Maffort21
Maffort21 collected $0.34 from pot
*** SUMMARY ***
Total pot $0.35 | Rake $0.01 
Board [3d 3c 3h Qc]
Seat 1: mr.maicon163 folded on the Turn
Seat 2: AGVsmarT folded before Flop (didn't bet)
Seat 3: RisingChaoz folded before Flop (didn't bet)
Seat 4: Dorex2007 (button) folded before Flop (didn't bet)
Seat 5: cubicroot (small blind) folded on the Turn
Seat 6: Manuelito180 (big blind) folded before Flop
Seat 8: Maffort21 collected ($0.34)
Seat 9: pinbotani folded before Flop (didn't bet)



PokerStars Hand #237570530391:  Hold'em No Limit ($0.02/$0.05 USD) - 2022/07/24 20:43:44 PT [2022/07/24 23:43:44 ET]
Table 'Kiso' 9-max Seat #5 is the button
Seat 1: mr.maicon163 ($4.30 in chips) 
Seat 2: AGVsmarT ($3.28 in chips) 
Seat 3: RisingChaoz ($2.90 in chips) 
Seat 4: Dorex2007 ($5 in chips) 
Seat 5: cubicroot ($4.11 in chips) 
Seat 6: Manuelito180 ($4.80 in chips) 
Seat 7: Luigiams ($5 in chips) 
Seat 8: Maffort21 ($5.69 in chips) 
Seat 9: pinbotani ($5.21 in chips) 
Manuelito180: posts small blind $0.02
Luigiams: posts big blind $0.05
*** HOLE CARDS ***
Dealt to Dorex2007 [Td 6h]
Maffort21: folds 
pinbotani: folds 
mr.maicon163: raises $0.05 to $0.10
AGVsmarT: folds 
RisingChaoz: folds 
Dorex2007: folds 
cubicroot: folds 
Manuelito180: folds 
Luigiams: folds 
Uncalled bet ($0.05) returned to mr.maicon163
mr.maicon163 collected $0.12 from pot
*** SUMMARY ***
Total pot $0.12 | Rake $0 
Seat 1: mr.maicon163 collected ($0.12)
Seat 2: AGVsmarT folded before Flop (didn't bet)
Seat 3: RisingChaoz folded before Flop (didn't bet)
Seat 4: Dorex2007 folded before Flop (didn't bet)
Seat 5: cubicroot (button) folded before Flop (didn't bet)
Seat 6: Manuelito180 (small blind) folded before Flop
Seat 7: Luigiams (big blind) folded before Flop
Seat 8: Maffort21 folded before Flop (didn't bet)
Seat 9: pinbotani folded before Flop (didn't bet)



PokerStars Hand #237570532632:  Hold'em No Limit ($0.02/$0.05 USD) - 2022/07/24 20:44:01 PT [2022/07/24 23:44:01 ET]
Table 'Kiso' 9-max Seat #6 is the button
Seat 1: mr.maicon163 ($4.37 in chips) 
Seat 2: AGVsmarT ($3.28 in chips) 
Seat 3: RisingChaoz ($2.90 in chips) 
Seat 4: Dorex2007 ($5 in chips) 
Seat 5: cubicroot ($4.11 in chips) 
Seat 6: Manuelito180 ($4.78 in chips) 
Seat 7: Luigiams ($4.95 in chips) 
Seat 8: Maffort21 ($5.69 in chips) 
Seat 9: pinbotani ($5.21 in chips) 
Luigiams: posts small blind $0.02
Maffort21: posts big blind $0.05
*** HOLE CARDS ***
Dealt to Dorex2007 [Kh 9d]
pinbotani: folds 
mr.maicon163: folds 
AGVsmarT: folds 
RisingChaoz: raises $0.05 to $0.10
Dorex2007: folds 
cubicroot: folds 
Manuelito180: folds 
Luigiams: folds 
Maffort21: calls $0.05
*** FLOP *** [4c As 9s]
Maffort21: checks 
RisingChaoz: bets $0.05
Maffort21: raises $0.15 to $0.20
mr.maicon163 is disconnected 
RisingChaoz: calls $0.15
*** TURN *** [4c As 9s] [Jc]
Maffort21: checks 
RisingChaoz: checks 
*** RIVER *** [4c As 9s Jc] [Ac]
Maffort21: bets $0.29
RisingChaoz: calls $0.29
*** SHOW DOWN ***
Maffort21: shows [Qh Th] (a pair of Aces)
RisingChaoz: shows [Ks Kd] (two pair, Aces and Kings)
RisingChaoz collected $1.15 from pot
*** SUMMARY ***
Total pot $1.20 | Rake $0.05 
Board [4c As 9s Jc Ac]
Seat 1: mr.maicon163 folded before Flop (didn't bet)
Seat 2: AGVsmarT folded before Flop (didn't bet)
Seat 3: RisingChaoz showed [Ks Kd] and won ($1.15) with two pair, Aces and Kings
Seat 4: Dorex2007 folded before Flop (didn't bet)
Seat 5: cubicroot folded before Flop (didn't bet)
Seat 6: Manuelito180 (button) folded before Flop (didn't bet)
Seat 7: Luigiams (small blind) folded before Flop
Seat 8: Maffort21 (big blind) showed [Qh Th] and lost with a pair of Aces
Seat 9: pinbotani folded before Flop (didn't bet)



PokerStars Hand #237570538974:  Hold'em No Limit ($0.02/$0.05 USD) - 2022/07/24 20:44:47 PT [2022/07/24 23:44:47 ET]
Table 'Kiso' 9-max Seat #7 is the button
Seat 1: mr.maicon163 ($4.37 in chips) 
Seat 2: AGVsmarT ($3.28 in chips) 
Seat 3: RisingChaoz ($3.46 in chips) 
Seat 4: Dorex2007 ($5 in chips) 
Seat 5: cubicroot ($4.11 in chips) 
Seat 6: Manuelito180 ($4.78 in chips) 
Seat 7: Luigiams ($4.93 in chips) 
Seat 8: Maffort21 ($5.10 in chips) 
Seat 9: pinbotani ($5.21 in chips) 
Maffort21: posts small blind $0.02
pinbotani: posts big blind $0.05
*** HOLE CARDS ***
Dealt to Dorex2007 [9h 8d]
mr.maicon163: calls $0.05
AGVsmarT: calls $0.05
RisingChaoz: folds 
Dorex2007: folds 
cubicroot has timed out
cubicroot: folds 
Manuelito180: folds 
Luigiams: folds 
Maffort21: calls $0.03
pinbotani: checks 
*** FLOP *** [8c 8s Kc]
Maffort21: checks 
pinbotani: checks 
mr.maicon163: bets $0.09
AGVsmarT: calls $0.09
Maffort21: folds 
pinbotani: folds 
*** TURN *** [8c 8s Kc] [9c]
mr.maicon163: checks 
AGVsmarT: bets $0.18
mr.maicon163: calls $0.18
*** RIVER *** [8c 8s Kc 9c] [3h]
mr.maicon163: checks 
AGVsmarT: bets $0.71
mr.maicon163: folds 
Uncalled bet ($0.71) returned to AGVsmarT
AGVsmarT collected $0.71 from pot
*** SUMMARY ***
Total pot $0.74 | Rake $0.03 
Board [8c 8s Kc 9c 3h]
Seat 1: mr.maicon163 folded on the River
Seat 2: AGVsmarT collected ($0.71)
Seat 3: RisingChaoz folded before Flop (didn't bet)
Seat 4: Dorex2007 folded before Flop (didn't bet)
Seat 5: cubicroot folded before Flop (didn't bet)
Seat 6: Manuelito180 folded before Flop (didn't bet)
Seat 7: Luigiams (button) folded before Flop (didn't bet)
Seat 8: Maffort21 (small blind) folded on the Flop
Seat 9: pinbotani (big blind) folded on the Flop



PokerStars Hand #237570547438:  Hold'em No Limit ($0.02/$0.05 USD) - 2022/07/24 20:45:49 PT [2022/07/24 23:45:49 ET]
Table 'Kiso' 9-max Seat #8 is the button
Seat 1: mr.maicon163 ($4.05 in chips) 
Seat 2: AGVsmarT ($3.67 in chips) 
Seat 3: RisingChaoz ($3.46 in chips) 
Seat 4: Dorex2007 ($5 in chips) 
Seat 5: cubicroot ($4.11 in chips) 
Seat 6: Manuelito180 ($4.78 in chips) 
Seat 7: Luigiams ($4.93 in chips) 
Seat 8: Maffort21 ($5.05 in chips) 
Seat 9: pinbotani ($5.16 in chips) 
pinbotani: posts small blind $0.02
mr.maicon163: posts big blind $0.05
*** HOLE CARDS ***
Dealt to Dorex2007 [3h Kh]
AGVsmarT: raises $0.12 to $0.17
RisingChaoz: folds 
Dorex2007: folds 
cubicroot: folds 
Manuelito180: calls $0.17
Luigiams: folds 
Maffort21: folds 
pinbotani: folds 
mr.maicon163: folds 
*** FLOP *** [2d 5d 7d]
AGVsmarT: bets $0.20
Manuelito180: calls $0.20
*** TURN *** [2d 5d 7d] [5s]
AGVsmarT: bets $0.15
Manuelito180: raises $0.50 to $0.65
AGVsmarT: calls $0.50
*** RIVER *** [2d 5d 7d 5s] [Js]
AGVsmarT: checks 
Manuelito180: bets $3.76 and is all-in
AGVsmarT: folds 
Uncalled bet ($3.76) returned to Manuelito180
Manuelito180 collected $2.02 from pot
*** SUMMARY ***
Total pot $2.11 | Rake $0.09 
Board [2d 5d 7d 5s Js]
Seat 1: mr.maicon163 (big blind) folded before Flop
Seat 2: AGVsmarT folded on the River
Seat 3: RisingChaoz folded before Flop (didn't bet)
Seat 4: Dorex2007 folded before Flop (didn't bet)
Seat 5: cubicroot folded before Flop (didn't bet)
Seat 6: Manuelito180 collected ($2.02)
Seat 7: Luigiams folded before Flop (didn't bet)
Seat 8: Maffort21 (button) folded before Flop (didn't bet)
Seat 9: pinbotani (small blind) folded before Flop



PokerStars Hand #237570554740:  Hold'em No Limit ($0.02/$0.05 USD) - 2022/07/24 20:46:42 PT [2022/07/24 23:46:42 ET]
Table 'Kiso' 9-max Seat #9 is the button
Seat 1: mr.maicon163 ($4 in chips) 
Seat 2: AGVsmarT ($4.65 in chips) 
Seat 3: RisingChaoz ($3.46 in chips) 
Seat 4: Dorex2007 ($5 in chips) 
Seat 5: cubicroot ($4.11 in chips) 
Seat 6: Manuelito180 ($5.78 in chips) 
Seat 7: Luigiams ($4.93 in chips) 
Seat 8: Maffort21 ($5.05 in chips) 
Seat 9: pinbotani ($5.14 in chips) 
mr.maicon163: posts small blind $0.02
AGVsmarT: posts big blind $0.05
*** HOLE CARDS ***
Dealt to Dorex2007 [Ad 7c]
RisingChaoz: calls $0.05
Dorex2007: folds 
cubicroot: folds 
Manuelito180: calls $0.05
Luigiams: raises $0.15 to $0.20
Maffort21: calls $0.20
pinbotani: folds 
mr.maicon163: folds 
AGVsmarT: calls $0.15
RisingChaoz: calls $0.15
Manuelito180: calls $0.15
*** FLOP *** [Ah 7d 6d]
AGVsmarT: checks 
RisingChaoz: checks 
Manuelito180: bets $0.49
Luigiams: calls $0.49
Maffort21: folds 
AGVsmarT: folds 
RisingChaoz: folds 
*** TURN *** [Ah 7d 6d] [6h]
Manuelito180: checks 
Luigiams: bets $0.50
Manuelito180: calls $0.50
*** RIVER *** [Ah 7d 6d 6h] [2s]
Manuelito180: checks 
Luigiams: checks 
*** SHOW DOWN ***
Manuelito180: shows [5d 4d] (a pair of Sixes)
Luigiams: shows [Jh Ac] (two pair, Aces and Sixes)
Luigiams collected $2.88 from pot
*** SUMMARY ***
Total pot $3 | Rake $0.12 
Board [Ah 7d 6d 6h 2s]
Seat 1: mr.maicon163 (small blind) folded before Flop
Seat 2: AGVsmarT (big blind) folded on the Flop
Seat 3: RisingChaoz folded on the Flop
Seat 4: Dorex2007 folded before Flop (didn't bet)
Seat 5: cubicroot folded before Flop (didn't bet)
Seat 6: Manuelito180 showed [5d 4d] and lost with a pair of Sixes
Seat 7: Luigiams showed [Jh Ac] and won ($2.88) with two pair, Aces and Sixes
Seat 8: Maffort21 folded on the Flop
Seat 9: pinbotani (button) folded before Flop (didn't bet)



PokerStars Hand #237570562674:  Hold'em No Limit ($0.02/$0.05 USD) - 2022/07/24 20:47:41 PT [2022/07/24 23:47:41 ET]
Table 'Kiso' 9-max Seat #1 is the button
Seat 1: mr.maicon163 ($3.98 in chips) 
Seat 2: AGVsmarT ($4.45 in chips) 
Seat 3: RisingChaoz ($3.26 in chips) 
Seat 4: Dorex2007 ($5 in chips) 
Seat 5: cubicroot ($4.11 in chips) 
Seat 6: Manuelito180 ($4.59 in chips) 
Seat 7: Luigiams ($6.62 in chips) 
Seat 8: Maffort21 ($4.85 in chips) 
Seat 9: pinbotani ($5.14 in chips) 
AGVsmarT: posts small blind $0.02
RisingChaoz: posts big blind $0.05
*** HOLE CARDS ***
Dealt to Dorex2007 [6c 7c]
Dorex2007: folds 
cubicroot: folds 
Manuelito180: folds 
Luigiams: folds 
Maffort21: raises $0.05 to $0.10
pinbotani: raises $0.35 to $0.45
mr.maicon163: folds 
AGVsmarT: folds 
RisingChaoz: calls $0.40
Maffort21: calls $0.35
*** FLOP *** [Qd Kc 4h]
RisingChaoz: bets $0.20
Maffort21: calls $0.20
pinbotani: raises $0.40 to $0.60
RisingChaoz: calls $0.40
Maffort21: calls $0.40
*** TURN *** [Qd Kc 4h] [6d]
RisingChaoz: bets $2.21 and is all-in
Maffort21: folds 
pinbotani: calls $2.21
*** RIVER *** [Qd Kc 4h 6d] [9d]
*** SHOW DOWN ***
RisingChaoz: shows [Qh 4d] (two pair, Queens and Fours)
pinbotani: shows [Kd Kh] (three of a kind, Kings)
pinbotani collected $7.28 from pot
*** SUMMARY ***
Total pot $7.59 | Rake $0.31 
Board [Qd Kc 4h 6d 9d]
Seat 1: mr.maicon163 (button) folded before Flop (didn't bet)
Seat 2: AGVsmarT (small blind) folded before Flop
Seat 3: RisingChaoz (big blind) showed [Qh 4d] and lost with two pair, Queens and Fours
Seat 4: Dorex2007 folded before Flop (didn't bet)
Seat 5: cubicroot folded before Flop (didn't bet)
Seat 6: Manuelito180 folded before Flop (didn't bet)
Seat 7: Luigiams folded before Flop (didn't bet)
Seat 8: Maffort21 folded on the Turn
Seat 9: pinbotani showed [Kd Kh] and won ($7.28) with three of a kind, Kings



PokerStars Hand #237570586429:  Hold'em No Limit ($0.02/$0.05 USD) - 2022/07/24 20:48:46 PT [2022/07/24 23:48:46 ET]
Table 'Kiso' 9-max Seat #2 is the button
Seat 1: mr.maicon163 ($3.98 in chips) 
Seat 2: AGVsmarT ($4.43 in chips) 
Seat 4: Dorex2007 ($5 in chips) 
Seat 5: cubicroot ($4.11 in chips) 
Seat 6: Manuelito180 ($4.59 in chips) 
Seat 7: Luigiams ($6.62 in chips) 
Seat 8: Maffort21 ($3.80 in chips) 
Seat 9: pinbotani ($9.16 in chips) 
Dorex2007: posts small blind $0.02
cubicroot: posts big blind $0.05
*** HOLE CARDS ***
Dealt to Dorex2007 [9d Js]
Manuelito180: folds 
Luigiams: folds 
Maffort21: folds 
pinbotani: raises $0.10 to $0.15
RisingChaoz leaves the table
mr.maicon163: calls $0.15
AGVsmarT: calls $0.15
PanicJX joins the table at seat #3 
Dorex2007: folds 
cubicroot: folds 
*** FLOP *** [6s 2s 7s]
pinbotani: checks 
mr.maicon163: bets $0.25
AGVsmarT: calls $0.25
pinbotani: folds 
*** TURN *** [6s 2s 7s] [Ac]
mr.maicon163: checks 
AGVsmarT: bets $0.50
mr.maicon163: calls $0.50
*** RIVER *** [6s 2s 7s Ac] [7d]
mr.maicon163: checks 
AGVsmarT: checks 
*** SHOW DOWN ***
mr.maicon163: shows [Jh 8s] (a pair of Sevens)
AGVsmarT: shows [9s 9c] (two pair, Nines and Sevens)
AGVsmarT collected $1.94 from pot
*** SUMMARY ***
Total pot $2.02 | Rake $0.08 
Board [6s 2s 7s Ac 7d]
Seat 1: mr.maicon163 showed [Jh 8s] and lost with a pair of Sevens
Seat 2: AGVsmarT (button) showed [9s 9c] and won ($1.94) with two pair, Nines and Sevens
Seat 4: Dorex2007 (small blind) folded before Flop
Seat 5: cubicroot (big blind) folded before Flop
Seat 6: Manuelito180 folded before Flop (didn't bet)
Seat 7: Luigiams folded before Flop (didn't bet)
Seat 8: Maffort21 folded before Flop (didn't bet)
Seat 9: pinbotani folded on the Flop



PokerStars Hand #237570594040:  Hold'em No Limit ($0.02/$0.05 USD) - 2022/07/24 20:49:43 PT [2022/07/24 23:49:43 ET]
Table 'Kiso' 9-max Seat #4 is the button
Seat 1: mr.maicon163 ($3.08 in chips) 
Seat 2: AGVsmarT ($5.47 in chips) 
Seat 4: Dorex2007 ($5 in chips) 
Seat 5: cubicroot ($4.06 in chips) 
Seat 6: Manuelito180 ($4.59 in chips) 
Seat 7: Luigiams ($6.62 in chips) 
Seat 8: Maffort21 ($3.80 in chips) 
Seat 9: pinbotani ($9.01 in chips) 
cubicroot: posts small blind $0.02
Manuelito180: posts big blind $0.05
PanicJX: sits out 
*** HOLE CARDS ***
Dealt to Dorex2007 [9h 7d]
Luigiams: calls $0.05
Maffort21: calls $0.05
pinbotani: folds 
mr.maicon163: folds 
mr.maicon163 leaves the table
AGVsmarT: folds 
geniuss joins the table at seat #1 
Dorex2007: folds 
cubicroot: calls $0.03
Manuelito180: checks 
*** FLOP *** [8c Jd Th]
cubicroot: checks 
Manuelito180: checks 
Luigiams: checks 
Maffort21: checks 
*** TURN *** [8c Jd Th] [2h]
cubicroot: checks 
Manuelito180: bets $0.19
Luigiams: folds 
Maffort21: folds 
cubicroot: folds 
Uncalled bet ($0.19) returned to Manuelito180
Manuelito180 collected $0.19 from pot
*** SUMMARY ***
Total pot $0.20 | Rake $0.01 
Board [8c Jd Th 2h]
Seat 1: mr.maicon163 folded before Flop (didn't bet)
Seat 2: AGVsmarT folded before Flop (didn't bet)
Seat 4: Dorex2007 (button) folded before Flop (didn't bet)
Seat 5: cubicroot (small blind) folded on the Turn
Seat 6: Manuelito180 (big blind) collected ($0.19)
Seat 7: Luigiams folded on the Turn
Seat 8: Maffort21 folded on the Turn
Seat 9: pinbotani folded before Flop (didn't bet)



PokerStars Hand #237570601408:  Hold'em No Limit ($0.02/$0.05 USD) - 2022/07/24 20:50:38 PT [2022/07/24 23:50:38 ET]
Table 'Kiso' 9-max Seat #5 is the button
Seat 2: AGVsmarT ($5.47 in chips) 
Seat 4: Dorex2007 ($5 in chips) 
Seat 5: cubicroot ($4.01 in chips) 
Seat 6: Manuelito180 ($4.73 in chips) 
Seat 7: Luigiams ($6.57 in chips) 
Seat 8: Maffort21 ($3.75 in chips) 
Seat 9: pinbotani ($9.01 in chips) 
Manuelito180: posts small blind $0.02
Luigiams: posts big blind $0.05
geniuss: sits out 
PanicJX: sits out 
*** HOLE CARDS ***
Dealt to Dorex2007 [9c 9d]
Maffort21: folds 
pinbotani: folds 
pinbotani leaves the table
AGVsmarT: raises $0.12 to $0.17
Dorex2007: calls $0.17
cubicroot: folds 
Manuelito180: folds 
Luigiams: calls $0.12
*** FLOP *** [8c 3c Ts]
Luigiams: checks 
AGVsmarT: checks 
Dorex2007: checks 
*** TURN *** [8c 3c Ts] [Tc]
Luigiams: checks 
AGVsmarT: checks 
Dorex2007: checks 
*** RIVER *** [8c 3c Ts Tc] [4s]
Luigiams: checks 
AGVsmarT: checks 
Dorex2007: checks 
*** SHOW DOWN ***
Luigiams: shows [Kh Qd] (a pair of Tens)
AGVsmarT: mucks hand 
Dorex2007: shows [9c 9d] (two pair, Tens and Nines)
Dorex2007 collected $0.51 from pot
*** SUMMARY ***
Total pot $0.53 | Rake $0.02 
Board [8c 3c Ts Tc 4s]
Seat 2: AGVsmarT mucked [Kd Jd]
Seat 4: Dorex2007 showed [9c 9d] and won ($0.51) with two pair, Tens and Nines
Seat 5: cubicroot (button) folded before Flop (didn't bet)
Seat 6: Manuelito180 (small blind) folded before Flop
Seat 7: Luigiams (big blind) showed [Kh Qd] and lost with a pair of Tens
Seat 8: Maffort21 folded before Flop (didn't bet)
Seat 9: pinbotani folded before Flop (didn't bet)



PokerStars Hand #237570608706:  Hold'em No Limit ($0.02/$0.05 USD) - 2022/07/24 20:51:32 PT [2022/07/24 23:51:32 ET]
Table 'Kiso' 9-max Seat #6 is the button
Seat 2: AGVsmarT ($5.30 in chips) 
Seat 4: Dorex2007 ($5.34 in chips) 
Seat 5: cubicroot ($4.01 in chips) 
Seat 6: Manuelito180 ($4.71 in chips) 
Seat 7: Luigiams ($6.40 in chips) 
Seat 8: Maffort21 ($3.75 in chips) 
Luigiams: posts small blind $0.02
Maffort21: posts big blind $0.05
geniuss: sits out 
PanicJX: sits out 
*** HOLE CARDS ***
Dealt to Dorex2007 [Qc 6s]
AGVsmarT: folds 
Dorex2007 has timed out
Dorex2007: folds 
cubicroot: folds 
Manuelito180: folds 
Luigiams: calls $0.03
Maffort21: checks 
*** FLOP *** [2d Kc 6c]
Luigiams: bets $0.10
Maffort21: calls $0.10
*** TURN *** [2d Kc 6c] [7d]
Luigiams: bets $0.10
Maffort21: calls $0.10
*** RIVER *** [2d Kc 6c 7d] [Kh]
Luigiams: bets $0.30
Maffort21: folds 
Uncalled bet ($0.30) returned to Luigiams
Luigiams collected $0.48 from pot
*** SUMMARY ***
Total pot $0.50 | Rake $0.02 
Board [2d Kc 6c 7d Kh]
Seat 2: AGVsmarT folded before Flop (didn't bet)
Seat 4: Dorex2007 folded before Flop (didn't bet)
Seat 5: cubicroot folded before Flop (didn't bet)
Seat 6: Manuelito180 (button) folded before Flop (didn't bet)
Seat 7: Luigiams (small blind) collected ($0.48)
Seat 8: Maffort21 (big blind) folded on the River



PokerStars Hand #237570622096:  Hold'em No Limit ($0.02/$0.05 USD) - 2022/07/24 20:53:11 PT [2022/07/24 23:53:11 ET]
Table 'Kiso' 9-max Seat #8 is the button
Seat 1: geniuss ($5 in chips) 
Seat 2: AGVsmarT ($5.20 in chips) 
Seat 4: Dorex2007 ($5.34 in chips) 
Seat 5: cubicroot ($4.01 in chips) 
Seat 6: Manuelito180 ($4.71 in chips) 
Seat 7: Luigiams ($6.53 in chips) 
Seat 8: Maffort21 ($3.74 in chips) 
geniuss: posts small blind $0.02
AGVsmarT: posts big blind $0.05
PanicJX: sits out 
*** HOLE CARDS ***
Dealt to Dorex2007 [Qd 2s]
Dorex2007: folds 
cubicroot has timed out
cubicroot: folds 
Manuelito180: folds 
Ruan metal joins the table at seat #9 
Luigiams: calls $0.05
Maffort21: calls $0.05
geniuss: folds 
AGVsmarT: raises $0.17 to $0.22
Luigiams: folds 
Maffort21: calls $0.17
*** FLOP *** [6c 2h 4s]
AGVsmarT: bets $0.20
Maffort21: calls $0.20
*** TURN *** [6c 2h 4s] [4d]
AGVsmarT: checks 
Maffort21: bets $0.87
AGVsmarT: folds 
Uncalled bet ($0.87) returned to Maffort21
Maffort21 collected $0.87 from pot
*** SUMMARY ***
Total pot $0.91 | Rake $0.04 
Board [6c 2h 4s 4d]
Seat 1: geniuss (small blind) folded before Flop
Seat 2: AGVsmarT (big blind) folded on the Turn
Seat 4: Dorex2007 folded before Flop (didn't bet)
Seat 5: cubicroot folded before Flop (didn't bet)
Seat 6: Manuelito180 folded before Flop (didn't bet)
Seat 7: Luigiams folded before Flop
Seat 8: Maffort21 (button) collected ($0.87)



PokerStars Hand #237570630984:  Hold'em No Limit ($0.02/$0.05 USD) - 2022/07/24 20:54:17 PT [2022/07/24 23:54:17 ET]
Table 'Kiso' 9-max Seat #1 is the button
Seat 1: geniuss ($5 in chips) 
Seat 2: AGVsmarT ($4.78 in chips) 
Seat 3: PanicJX ($5 in chips) 
Seat 4: Dorex2007 ($5.34 in chips) 
Seat 5: cubicroot ($4.01 in chips) 
Seat 6: Manuelito180 ($4.71 in chips) 
Seat 7: Luigiams ($6.48 in chips) 
Seat 8: Maffort21 ($4.19 in chips) 
AGVsmarT: posts small blind $0.02
PanicJX: posts big blind $0.05
Ruan metal: sits out 
*** HOLE CARDS ***
Dealt to Dorex2007 [Ad 2h]
Dorex2007: folds 
cubicroot: folds 
Manuelito180: raises $0.10 to $0.15
Luigiams: folds 
Maffort21: folds 
geniuss: folds 
AGVsmarT: folds 
PanicJX: folds 
Uncalled bet ($0.10) returned to Manuelito180
Manuelito180 collected $0.12 from pot
*** SUMMARY ***
Total pot $0.12 | Rake $0 
Seat 1: geniuss (button) folded before Flop (didn't bet)
Seat 2: AGVsmarT (small blind) folded before Flop
Seat 3: PanicJX (big blind) folded before Flop
Seat 4: Dorex2007 folded before Flop (didn't bet)
Seat 5: cubicroot folded before Flop (didn't bet)
Seat 6: Manuelito180 collected ($0.12)
Seat 7: Luigiams folded before Flop (didn't bet)
Seat 8: Maffort21 folded before Flop (didn't bet)



PokerStars Hand #237570634474:  Hold'em No Limit ($0.02/$0.05 USD) - 2022/07/24 20:54:43 PT [2022/07/24 23:54:43 ET]
Table 'Kiso' 9-max Seat #2 is the button
Seat 1: geniuss ($5 in chips) 
Seat 2: AGVsmarT ($4.76 in chips) 
Seat 3: PanicJX ($4.95 in chips) 
Seat 4: Dorex2007 ($5.34 in chips) 
Seat 5: cubicroot ($5 in chips) 
Seat 6: Manuelito180 ($4.78 in chips) 
Seat 7: Luigiams ($6.48 in chips) 
Seat 8: Maffort21 ($4.19 in chips) 
PanicJX: posts small blind $0.02
Dorex2007: posts big blind $0.05
Ruan metal: sits out 
*** HOLE CARDS ***
Dealt to Dorex2007 [3d Th]
cubicroot: folds 
Manuelito180: folds 
Luigiams: folds 
Maffort21: raises $0.05 to $0.10
geniuss: folds 
AGVsmarT: calls $0.10
PanicJX: folds 
Dorex2007: folds 
*** FLOP *** [Kc Jc Qs]
Maffort21: checks 
AGVsmarT: checks 
*** TURN *** [Kc Jc Qs] [3s]
Maffort21: checks 
AGVsmarT: checks 
*** RIVER *** [Kc Jc Qs 3s] [2h]
Maffort21: checks 
AGVsmarT: checks 
*** SHOW DOWN ***
Maffort21: shows [3c 6c] (a pair of Threes)
AGVsmarT: mucks hand 
Maffort21 collected $0.26 from pot
*** SUMMARY ***
Total pot $0.27 | Rake $0.01 
Board [Kc Jc Qs 3s 2h]
Seat 1: geniuss folded before Flop (didn't bet)
Seat 2: AGVsmarT (button) mucked [4c 5s]
Seat 3: PanicJX (small blind) folded before Flop
Seat 4: Dorex2007 (big blind) folded before Flop
Seat 5: cubicroot folded before Flop (didn't bet)
Seat 6: Manuelito180 folded before Flop (didn't bet)
Seat 7: Luigiams folded before Flop (didn't bet)
Seat 8: Maffort21 showed [3c 6c] and won ($0.26) with a pair of Threes



PokerStars Hand #237570639140:  Hold'em No Limit ($0.02/$0.05 USD) - 2022/07/24 20:55:22 PT [2022/07/24 23:55:22 ET]
Table 'Kiso' 9-max Seat #3 is the button
Seat 1: geniuss ($5 in chips) 
Seat 2: AGVsmarT ($4.66 in chips) 
Seat 3: PanicJX ($4.93 in chips) 
Seat 4: Dorex2007 ($5.29 in chips) 
Seat 5: cubicroot ($5 in chips) 
Seat 6: Manuelito180 ($4.78 in chips) 
Seat 7: Luigiams ($6.48 in chips) 
Seat 8: Maffort21 ($4.35 in chips) 
Dorex2007: posts small blind $0.02
cubicroot: posts big blind $0.05
Ruan metal: sits out 
*** HOLE CARDS ***
Dealt to Dorex2007 [6h 6s]
Manuelito180: folds 
Luigiams: folds 
Maffort21: raises $0.05 to $0.10
geniuss: folds 
AGVsmarT: folds 
PanicJX: folds 
Dorex2007: calls $0.08
cubicroot: folds 
*** FLOP *** [Js 7c 5d]
Dorex2007: bets $0.12
Maffort21: calls $0.12
*** TURN *** [Js 7c 5d] [Kh]
Dorex2007: checks 
Maffort21: checks 
*** RIVER *** [Js 7c 5d Kh] [9c]
Dorex2007: bets $0.05
Maffort21: raises $0.25 to $0.30
Dorex2007: folds 
Uncalled bet ($0.25) returned to Maffort21
Maffort21 collected $0.57 from pot
*** SUMMARY ***
Total pot $0.59 | Rake $0.02 
Board [Js 7c 5d Kh 9c]
Seat 1: geniuss folded before Flop (didn't bet)
Seat 2: AGVsmarT folded before Flop (didn't bet)
Seat 3: PanicJX (button) folded before Flop (didn't bet)
Seat 4: Dorex2007 (small blind) folded on the River
Seat 5: cubicroot (big blind) folded before Flop
Seat 6: Manuelito180 folded before Flop (didn't bet)
Seat 7: Luigiams folded before Flop (didn't bet)
Seat 8: Maffort21 collected ($0.57)



PokerStars Hand #237570644314:  Hold'em No Limit ($0.02/$0.05 USD) - 2022/07/24 20:56:09 PT [2022/07/24 23:56:09 ET]
Table 'Kiso' 9-max Seat #4 is the button
Seat 1: geniuss ($5 in chips) 
Seat 2: AGVsmarT ($4.66 in chips) 
Seat 3: PanicJX ($4.93 in chips) 
Seat 4: Dorex2007 ($5.02 in chips) 
Seat 5: cubicroot ($4.95 in chips) 
Seat 6: Manuelito180 ($4.78 in chips) 
Seat 7: Luigiams ($6.48 in chips) 
Seat 8: Maffort21 ($4.65 in chips) 
cubicroot: posts small blind $0.02
Manuelito180: posts big blind $0.05
Ruan metal: sits out 
*** HOLE CARDS ***
Dealt to Dorex2007 [2d 7s]
Luigiams: folds 
Maffort21: raises $0.10 to $0.15
geniuss: folds 
AGVsmarT: folds 
PanicJX: folds 
Dorex2007: folds 
cubicroot: folds 
Manuelito180: folds 
Uncalled bet ($0.10) returned to Maffort21
Maffort21 collected $0.12 from pot
*** SUMMARY ***
Total pot $0.12 | Rake $0 
Seat 1: geniuss folded before Flop (didn't bet)
Seat 2: AGVsmarT folded before Flop (didn't bet)
Seat 3: PanicJX folded before Flop (didn't bet)
Seat 4: Dorex2007 (button) folded before Flop (didn't bet)
Seat 5: cubicroot (small blind) folded before Flop
Seat 6: Manuelito180 (big blind) folded before Flop
Seat 7: Luigiams folded before Flop (didn't bet)
Seat 8: Maffort21 collected ($0.12)



PokerStars Hand #237570646026:  Hold'em No Limit ($0.02/$0.05 USD) - 2022/07/24 20:56:24 PT [2022/07/24 23:56:24 ET]
Table 'Kiso' 9-max Seat #5 is the button
Seat 1: geniuss ($5 in chips) 
Seat 2: AGVsmarT ($4.66 in chips) 
Seat 3: PanicJX ($4.93 in chips) 
Seat 4: Dorex2007 ($5.02 in chips) 
Seat 5: cubicroot ($4.93 in chips) 
Seat 6: Manuelito180 ($4.73 in chips) 
Seat 7: Luigiams ($6.48 in chips) 
Seat 8: Maffort21 ($4.72 in chips) 
Manuelito180: posts small blind $0.02
Luigiams: posts big blind $0.05
Ruan metal: sits out 
*** HOLE CARDS ***
Dealt to Dorex2007 [Ks 7d]
Maffort21: folds 
geniuss: folds 
AGVsmarT: calls $0.05
PanicJX: raises $0.20 to $0.25
Dorex2007: folds 
cubicroot: folds 
Manuelito180: folds 
Luigiams: folds 
AGVsmarT: folds 
Uncalled bet ($0.20) returned to PanicJX
PanicJX collected $0.17 from pot
*** SUMMARY ***
Total pot $0.17 | Rake $0 
Seat 1: geniuss folded before Flop (didn't bet)
Seat 2: AGVsmarT folded before Flop
Seat 3: PanicJX collected ($0.17)
Seat 4: Dorex2007 folded before Flop (didn't bet)
Seat 5: cubicroot (button) folded before Flop (didn't bet)
Seat 6: Manuelito180 (small blind) folded before Flop
Seat 7: Luigiams (big blind) folded before Flop
Seat 8: Maffort21 folded before Flop (didn't bet)



PokerStars Hand #237570650028:  Hold'em No Limit ($0.02/$0.05 USD) - 2022/07/24 20:56:59 PT [2022/07/24 23:56:59 ET]
Table 'Kiso' 9-max Seat #6 is the button
Seat 1: geniuss ($5 in chips) 
Seat 2: AGVsmarT ($4.61 in chips) 
Seat 3: PanicJX ($5.05 in chips) 
Seat 4: Dorex2007 ($5.02 in chips) 
Seat 5: cubicroot ($4.93 in chips) 
Seat 6: Manuelito180 ($4.71 in chips) 
Seat 7: Luigiams ($6.43 in chips) 
Seat 8: Maffort21 ($4.72 in chips) 
Luigiams: posts small blind $0.02
Maffort21: posts big blind $0.05
Ruan metal: sits out 
*** HOLE CARDS ***
Dealt to Dorex2007 [2d 5c]
geniuss: folds 
AGVsmarT: folds 
AGVsmarT leaves the table
PanicJX: folds 
Dorex2007: folds 
cubicroot: folds 
Manuelito180: raises $0.10 to $0.15
Luigiams: calls $0.13
Maffort21: calls $0.10
*** FLOP *** [5s 2c Jh]
Luigiams: checks 
Maffort21: checks 
Manuelito180: checks 
*** TURN *** [5s 2c Jh] [4d]
Luigiams: checks 
Maffort21: checks 
Manuelito180: checks 
*** RIVER *** [5s 2c Jh 4d] [Th]
Luigiams: checks 
Maffort21: checks 
Manuelito180: bets $0.21
Luigiams: calls $0.21
Maffort21: calls $0.21
*** SHOW DOWN ***
Manuelito180: shows [Kh Td] (a pair of Tens)
Luigiams: mucks hand 
Maffort21: mucks hand 
Manuelito180 collected $1.04 from pot
*** SUMMARY ***
Total pot $1.08 | Rake $0.04 
Board [5s 2c Jh 4d Th]
Seat 1: geniuss folded before Flop (didn't bet)
Seat 2: AGVsmarT folded before Flop (didn't bet)
Seat 3: PanicJX folded before Flop (didn't bet)
Seat 4: Dorex2007 folded before Flop (didn't bet)
Seat 5: cubicroot folded before Flop (didn't bet)
Seat 6: Manuelito180 (button) showed [Kh Td] and won ($1.04) with a pair of Tens
Seat 7: Luigiams (small blind) mucked [Tc Qc]
Seat 8: Maffort21 (big blind) mucked [6h Ks]



PokerStars Hand #237570657237:  Hold'em No Limit ($0.02/$0.05 USD) - 2022/07/24 20:58:05 PT [2022/07/24 23:58:05 ET]
Table 'Kiso' 9-max Seat #7 is the button
Seat 1: geniuss ($5 in chips) 
Seat 3: PanicJX ($5.05 in chips) 
Seat 4: Dorex2007 ($5.02 in chips) 
Seat 5: cubicroot ($4.93 in chips) 
Seat 6: Manuelito180 ($5.39 in chips) 
Seat 7: Luigiams ($6.07 in chips) 
Seat 8: Maffort21 ($4.36 in chips) 
Seat 9: Ruan metal ($5 in chips) 
MikeThaType69 joins the table at seat #2 
Maffort21: posts small blind $0.02
Ruan metal: posts big blind $0.05
*** HOLE CARDS ***
Dealt to Dorex2007 [4c Ah]
geniuss: folds 
PanicJX: folds 
Dorex2007: folds 
cubicroot: folds 
Manuelito180: folds 
Luigiams: raises $0.05 to $0.10
Maffort21: calls $0.08
Ruan metal: calls $0.05
*** FLOP *** [4s 8d 2c]
Maffort21: checks 
Ruan metal: checks 
Luigiams: checks 
*** TURN *** [4s 8d 2c] [7s]
Maffort21: bets $0.14
Ruan metal: calls $0.14
Luigiams: calls $0.14
*** RIVER *** [4s 8d 2c 7s] [2s]
Maffort21: checks 
Ruan metal: bets $0.34
Luigiams: folds 
Maffort21: folds 
Uncalled bet ($0.34) returned to Ruan metal
Ruan metal collected $0.69 from pot
*** SUMMARY ***
Total pot $0.72 | Rake $0.03 
Board [4s 8d 2c 7s 2s]
Seat 1: geniuss folded before Flop (didn't bet)
Seat 3: PanicJX folded before Flop (didn't bet)
Seat 4: Dorex2007 folded before Flop (didn't bet)
Seat 5: cubicroot folded before Flop (didn't bet)
Seat 6: Manuelito180 folded before Flop (didn't bet)
Seat 7: Luigiams (button) folded on the River
Seat 8: Maffort21 (small blind) folded on the River
Seat 9: Ruan metal (big blind) collected ($0.69)



PokerStars Hand #237570663458:  Hold'em No Limit ($0.02/$0.05 USD) - 2022/07/24 20:59:03 PT [2022/07/24 23:59:03 ET]
Table 'Kiso' 9-max Seat #8 is the button
Seat 1: geniuss ($5 in chips) 
Seat 3: PanicJX ($5.05 in chips) 
Seat 4: Dorex2007 ($5.02 in chips) 
Seat 5: cubicroot ($4.93 in chips) 
Seat 6: Manuelito180 ($5.39 in chips) 
Seat 7: Luigiams ($5.83 in chips) 
Seat 8: Maffort21 ($4.12 in chips) 
Seat 9: Ruan metal ($5.45 in chips) 
Ruan metal: posts small blind $0.02
geniuss: posts big blind $0.05
MikeThaType69: sits out 
*** HOLE CARDS ***
Dealt to Dorex2007 [Kc Ah]
PanicJX: folds 
Dorex2007: raises $0.15 to $0.20
cubicroot: folds 
Manuelito180: folds 
Luigiams: folds 
Maffort21: folds 
Ruan metal: folds 
geniuss: folds 
Uncalled bet ($0.15) returned to Dorex2007
Dorex2007 collected $0.12 from pot
*** SUMMARY ***
Total pot $0.12 | Rake $0 
Seat 1: geniuss (big blind) folded before Flop
Seat 3: PanicJX folded before Flop (didn't bet)
Seat 4: Dorex2007 collected ($0.12)
Seat 5: cubicroot folded before Flop (didn't bet)
Seat 6: Manuelito180 folded before Flop (didn't bet)
Seat 7: Luigiams folded before Flop (didn't bet)
Seat 8: Maffort21 (button) folded before Flop (didn't bet)
Seat 9: Ruan metal (small blind) folded before Flop



PokerStars Hand #237570666380:  Hold'em No Limit ($0.02/$0.05 USD) - 2022/07/24 20:59:30 PT [2022/07/24 23:59:30 ET]
Table 'Kiso' 9-max Seat #9 is the button
Seat 1: geniuss ($5 in chips) 
Seat 2: MikeThaType69 ($2 in chips) 
Seat 3: PanicJX ($5.05 in chips) 
Seat 4: Dorex2007 ($5.09 in chips) 
Seat 5: cubicroot ($4.93 in chips) 
Seat 6: Manuelito180 ($5.39 in chips) 
Seat 7: Luigiams ($5.83 in chips) 
Seat 8: Maffort21 ($4.12 in chips) 
Seat 9: Ruan metal ($5.43 in chips) 
geniuss: posts small blind $0.02
MikeThaType69: posts big blind $0.05
*** HOLE CARDS ***
Dealt to Dorex2007 [Qd Ks]
PanicJX: folds 
Dorex2007: raises $0.05 to $0.10
cubicroot: folds 
Manuelito180: calls $0.10
Luigiams: calls $0.10
Maffort21: calls $0.10
Ruan metal: folds 
geniuss: folds 
MikeThaType69: calls $0.05
*** FLOP *** [8c 8h 2h]
MikeThaType69: checks 
Dorex2007: checks 
Manuelito180: checks 
Luigiams: checks 
Maffort21: checks 
*** TURN *** [8c 8h 2h] [Td]
MikeThaType69: checks 
Dorex2007: checks 
Manuelito180: checks 
Luigiams: checks 
Maffort21: checks 
*** RIVER *** [8c 8h 2h Td] [6s]
MikeThaType69: checks 
Dorex2007: checks 
Manuelito180: checks 
Luigiams: checks 
Maffort21: checks 
*** SHOW DOWN ***
MikeThaType69: shows [Kh 3h] (a pair of Eights)
Dorex2007: shows [Qd Ks] (a pair of Eights - King+Queen kicker)
Manuelito180: shows [Qs Ac] (a pair of Eights - Ace kicker)
Luigiams: mucks hand 
Maffort21: mucks hand 
Manuelito180 collected $0.50 from pot
*** SUMMARY ***
Total pot $0.52 | Rake $0.02 
Board [8c 8h 2h Td 6s]
Seat 1: geniuss (small blind) folded before Flop
Seat 2: MikeThaType69 (big blind) showed [Kh 3h] and lost with a pair of Eights
Seat 3: PanicJX folded before Flop (didn't bet)
Seat 4: Dorex2007 showed [Qd Ks] and lost with a pair of Eights
Seat 5: cubicroot folded before Flop (didn't bet)
Seat 6: Manuelito180 showed [Qs Ac] and won ($0.50) with a pair of Eights
Seat 7: Luigiams mucked [9h Jh]
Seat 8: Maffort21 mucked [4s Ad]
Seat 9: Ruan metal (button) folded before Flop (didn't bet)



