PokerStars Hand #228145204257:  Hold'em No Limit ($0.01/$0.02 USD) - 2021/07/08 11:05:36 PT [2021/07/08 14:05:36 ET]
Table 'Alkmene IV' 9-max Seat #7 is the button
Seat 1: Avtor73 ($2 in chips) 
Seat 2: Dong42069 ($2.13 in chips) 
Seat 3: 3ptPoker ($1.97 in chips) 
Seat 4: h1_tech_1mba ($2.72 in chips) 
Seat 5: bone163 ($1.69 in chips) 
Seat 6: Dorex2007 ($2 in chips) 
Seat 7: Tavrus32 ($2.39 in chips) 
Seat 9: secret1977 ($5.58 in chips) 
secret1977: posts small blind $0.01
Avtor73: posts big blind $0.02
Dorex2007: posts big blind $0.02
*** HOLE CARDS ***
Dealt to Dorex2007 [5c 7h]
Dong42069: folds 
3ptPoker: folds 
h1_tech_1mba: raises $0.06 to $0.08
bone163: folds 
Dorex2007: folds 
Tavrus32: folds 
secret1977: folds 
Avtor73: folds 
Uncalled bet ($0.06) returned to h1_tech_1mba
h1_tech_1mba collected $0.07 from pot
h1_tech_1mba: doesn't show hand 
*** SUMMARY ***
Total pot $0.07 | Rake $0 
Seat 1: Avtor73 (big blind) folded before Flop
Seat 2: Dong42069 folded before Flop (didn't bet)
Seat 3: 3ptPoker folded before Flop (didn't bet)
Seat 4: h1_tech_1mba collected ($0.07)
Seat 5: bone163 folded before Flop (didn't bet)
Seat 6: Dorex2007 folded before Flop (didn't bet)
Seat 7: Tavrus32 (button) folded before Flop (didn't bet)
Seat 9: secret1977 (small blind) folded before Flop



PokerStars Hand #228145213137:  Hold'em No Limit ($0.01/$0.02 USD) - 2021/07/08 11:05:58 PT [2021/07/08 14:05:58 ET]
Table 'Alkmene IV' 9-max Seat #9 is the button
Seat 1: Avtor73 ($2 in chips) 
Seat 2: Dong42069 ($2.13 in chips) 
Seat 3: 3ptPoker ($1.97 in chips) 
Seat 4: h1_tech_1mba ($2.77 in chips) 
Seat 5: bone163 ($1.69 in chips) 
Seat 6: Dorex2007 ($1.98 in chips) 
Seat 7: Tavrus32 ($2.39 in chips) 
Seat 9: secret1977 ($5.57 in chips) 
Avtor73: posts small blind $0.01
Dong42069: posts big blind $0.02
*** HOLE CARDS ***
Dealt to Dorex2007 [3c 5s]
3ptPoker: folds 
h1_tech_1mba: folds 
bone163: folds 
Dorex2007: folds 
Tavrus32: raises $0.04 to $0.06
secret1977: calls $0.06
Avtor73: folds 
Dong42069: calls $0.04
*** FLOP *** [Th Kc Td]
Dong42069: checks 
Tavrus32: checks 
secret1977: checks 
*** TURN *** [Th Kc Td] [7c]
Dong42069: bets $0.11
Tiltacion26 joins the table at seat #8 
Tavrus32: folds 
secret1977: folds 
Uncalled bet ($0.11) returned to Dong42069
Dong42069 collected $0.18 from pot
Dong42069: doesn't show hand 
*** SUMMARY ***
Total pot $0.19 | Rake $0.01 
Board [Th Kc Td 7c]
Seat 1: Avtor73 (small blind) folded before Flop
Seat 2: Dong42069 (big blind) collected ($0.18)
Seat 3: 3ptPoker folded before Flop (didn't bet)
Seat 4: h1_tech_1mba folded before Flop (didn't bet)
Seat 5: bone163 folded before Flop (didn't bet)
Seat 6: Dorex2007 folded before Flop (didn't bet)
Seat 7: Tavrus32 folded on the Turn
Seat 9: secret1977 (button) folded on the Turn



PokerStars Hand #228145230380:  Hold'em No Limit ($0.01/$0.02 USD) - 2021/07/08 11:06:40 PT [2021/07/08 14:06:40 ET]
Table 'Alkmene IV' 9-max Seat #1 is the button
Seat 1: Avtor73 ($2 in chips) 
Seat 2: Dong42069 ($2.25 in chips) 
Seat 3: 3ptPoker ($1.97 in chips) 
Seat 4: h1_tech_1mba ($2.77 in chips) 
Seat 5: bone163 ($1.69 in chips) 
Seat 6: Dorex2007 ($1.98 in chips) 
Seat 7: Tavrus32 ($2.33 in chips) 
Seat 9: secret1977 ($5.51 in chips) 
Dong42069: posts small blind $0.01
3ptPoker: posts big blind $0.02
Tiltacion26: sits out 
*** HOLE CARDS ***
Dealt to Dorex2007 [6c 7h]
h1_tech_1mba: folds 
bone163: folds 
Dorex2007: folds 
Tavrus32: folds 
secret1977: folds 
Avtor73: raises $0.04 to $0.06
Dong42069: folds 
3ptPoker: folds 
Uncalled bet ($0.04) returned to Avtor73
Avtor73 collected $0.05 from pot
Avtor73: doesn't show hand 
*** SUMMARY ***
Total pot $0.05 | Rake $0 
Seat 1: Avtor73 (button) collected ($0.05)
Seat 2: Dong42069 (small blind) folded before Flop
Seat 3: 3ptPoker (big blind) folded before Flop
Seat 4: h1_tech_1mba folded before Flop (didn't bet)
Seat 5: bone163 folded before Flop (didn't bet)
Seat 6: Dorex2007 folded before Flop (didn't bet)
Seat 7: Tavrus32 folded before Flop (didn't bet)
Seat 9: secret1977 folded before Flop (didn't bet)



PokerStars Hand #228145241224:  Hold'em No Limit ($0.01/$0.02 USD) - 2021/07/08 11:07:06 PT [2021/07/08 14:07:06 ET]
Table 'Alkmene IV' 9-max Seat #2 is the button
Seat 1: Avtor73 ($2.03 in chips) 
Seat 2: Dong42069 ($2.24 in chips) 
Seat 3: 3ptPoker ($1.95 in chips) 
Seat 5: bone163 ($1.69 in chips) 
Seat 6: Dorex2007 ($1.98 in chips) 
Seat 7: Tavrus32 ($2.33 in chips) 
Seat 9: secret1977 ($5.51 in chips) 
3ptPoker: posts small blind $0.01
bone163: posts big blind $0.02
Tiltacion26: sits out 
*** HOLE CARDS ***
Dealt to Dorex2007 [Tc 8h]
Dorex2007: folds 
Tavrus32: folds 
secret1977: folds 
Avtor73: raises $0.04 to $0.06
Dong42069: folds 
3ptPoker: folds 
bone163: folds 
Uncalled bet ($0.04) returned to Avtor73
Avtor73 collected $0.05 from pot
Avtor73: doesn't show hand 
*** SUMMARY ***
Total pot $0.05 | Rake $0 
Seat 1: Avtor73 collected ($0.05)
Seat 2: Dong42069 (button) folded before Flop (didn't bet)
Seat 3: 3ptPoker (small blind) folded before Flop
Seat 5: bone163 (big blind) folded before Flop
Seat 6: Dorex2007 folded before Flop (didn't bet)
Seat 7: Tavrus32 folded before Flop (didn't bet)
Seat 9: secret1977 folded before Flop (didn't bet)



PokerStars Hand #228145253419:  Hold'em No Limit ($0.01/$0.02 USD) - 2021/07/08 11:07:27 PT [2021/07/08 14:07:27 ET]
Table 'Alkmene IV' 9-max Seat #3 is the button
Seat 1: Avtor73 ($2.06 in chips) 
Seat 2: Dong42069 ($2.24 in chips) 
Seat 3: 3ptPoker ($1.94 in chips) 
Seat 5: bone163 ($1.67 in chips) 
Seat 6: Dorex2007 ($1.98 in chips) 
Seat 7: Tavrus32 ($2.33 in chips) 
Seat 9: secret1977 ($5.51 in chips) 
bone163: posts small blind $0.01
Dorex2007: posts big blind $0.02
Tiltacion26: sits out 
*** HOLE CARDS ***
Dealt to Dorex2007 [Ac Ad]
Tavrus32: folds 
secret1977: folds 
Avtor73: folds 
Dong42069: folds 
3ptPoker: folds 
bone163: folds 
Uncalled bet ($0.01) returned to Dorex2007
Dorex2007 collected $0.02 from pot
Dorex2007: doesn't show hand 
*** SUMMARY ***
Total pot $0.02 | Rake $0 
Seat 1: Avtor73 folded before Flop (didn't bet)
Seat 2: Dong42069 folded before Flop (didn't bet)
Seat 3: 3ptPoker (button) folded before Flop (didn't bet)
Seat 5: bone163 (small blind) folded before Flop
Seat 6: Dorex2007 (big blind) collected ($0.02)
Seat 7: Tavrus32 folded before Flop (didn't bet)
Seat 9: secret1977 folded before Flop (didn't bet)



PokerStars Hand #228145258937:  Hold'em No Limit ($0.01/$0.02 USD) - 2021/07/08 11:07:40 PT [2021/07/08 14:07:40 ET]
Table 'Alkmene IV' 9-max Seat #5 is the button
Seat 1: Avtor73 ($2.06 in chips) 
Seat 2: Dong42069 ($2.24 in chips) 
Seat 3: 3ptPoker ($1.94 in chips) 
Seat 5: bone163 ($1.66 in chips) 
Seat 6: Dorex2007 ($1.99 in chips) 
Seat 7: Tavrus32 ($2.33 in chips) 
Seat 9: secret1977 ($5.51 in chips) 
Dorex2007: posts small blind $0.01
Tavrus32: posts big blind $0.02
Tiltacion26: sits out 
*** HOLE CARDS ***
Dealt to Dorex2007 [Qd 8s]
secret1977: folds 
Avtor73: raises $0.04 to $0.06
Dong42069: folds 
3ptPoker: folds 
bone163: folds 
Dorex2007: folds 
Tavrus32: calls $0.04
*** FLOP *** [8h 9d 3s]
Tavrus32: checks 
Avtor73: bets $0.13
Tavrus32: folds 
Uncalled bet ($0.13) returned to Avtor73
Avtor73 collected $0.13 from pot
Avtor73: doesn't show hand 
*** SUMMARY ***
Total pot $0.13 | Rake $0 
Board [8h 9d 3s]
Seat 1: Avtor73 collected ($0.13)
Seat 2: Dong42069 folded before Flop (didn't bet)
Seat 3: 3ptPoker folded before Flop (didn't bet)
Seat 5: bone163 (button) folded before Flop (didn't bet)
Seat 6: Dorex2007 (small blind) folded before Flop
Seat 7: Tavrus32 (big blind) folded on the Flop
Seat 9: secret1977 folded before Flop (didn't bet)



PokerStars Hand #228145271121:  Hold'em No Limit ($0.01/$0.02 USD) - 2021/07/08 11:08:10 PT [2021/07/08 14:08:10 ET]
Table 'Alkmene IV' 9-max Seat #6 is the button
Seat 1: Avtor73 ($2.13 in chips) 
Seat 2: Dong42069 ($2.24 in chips) 
Seat 3: 3ptPoker ($1.94 in chips) 
Seat 5: bone163 ($1.66 in chips) 
Seat 6: Dorex2007 ($1.98 in chips) 
Seat 7: Tavrus32 ($2.27 in chips) 
Seat 8: Tiltacion26 ($2 in chips) 
Seat 9: secret1977 ($5.51 in chips) 
Tavrus32: posts small blind $0.01
Tiltacion26: posts big blind $0.02
*** HOLE CARDS ***
Dealt to Dorex2007 [Td 3d]
secret1977: folds 
Avtor73: raises $0.04 to $0.06
Dong42069: folds 
3ptPoker: folds 
bone163: folds 
Dorex2007: folds 
Tavrus32: folds 
Tiltacion26: folds 
Uncalled bet ($0.04) returned to Avtor73
Avtor73 collected $0.05 from pot
Avtor73: doesn't show hand 
*** SUMMARY ***
Total pot $0.05 | Rake $0 
Seat 1: Avtor73 collected ($0.05)
Seat 2: Dong42069 folded before Flop (didn't bet)
Seat 3: 3ptPoker folded before Flop (didn't bet)
Seat 5: bone163 folded before Flop (didn't bet)
Seat 6: Dorex2007 (button) folded before Flop (didn't bet)
Seat 7: Tavrus32 (small blind) folded before Flop
Seat 8: Tiltacion26 (big blind) folded before Flop
Seat 9: secret1977 folded before Flop (didn't bet)



PokerStars Hand #228145278942:  Hold'em No Limit ($0.01/$0.02 USD) - 2021/07/08 11:08:29 PT [2021/07/08 14:08:29 ET]
Table 'Alkmene IV' 9-max Seat #7 is the button
Seat 1: Avtor73 ($2.16 in chips) 
Seat 2: Dong42069 ($2.24 in chips) 
Seat 3: 3ptPoker ($1.94 in chips) 
Seat 5: bone163 ($1.66 in chips) 
Seat 6: Dorex2007 ($1.98 in chips) 
Seat 7: Tavrus32 ($2.26 in chips) 
Seat 8: Tiltacion26 ($1.98 in chips) 
Seat 9: secret1977 ($5.51 in chips) 
Tiltacion26: posts small blind $0.01
secret1977: posts big blind $0.02
*** HOLE CARDS ***
Dealt to Dorex2007 [2d 2s]
Avtor73: raises $0.04 to $0.06
Dong42069: folds 
3ptPoker: folds 
bone163: folds 
Dorex2007: folds 
Tavrus32: folds 
Tiltacion26: folds 
secret1977: folds 
Uncalled bet ($0.04) returned to Avtor73
Avtor73 collected $0.05 from pot
Avtor73: doesn't show hand 
*** SUMMARY ***
Total pot $0.05 | Rake $0 
Seat 1: Avtor73 collected ($0.05)
Seat 2: Dong42069 folded before Flop (didn't bet)
Seat 3: 3ptPoker folded before Flop (didn't bet)
Seat 5: bone163 folded before Flop (didn't bet)
Seat 6: Dorex2007 folded before Flop (didn't bet)
Seat 7: Tavrus32 (button) folded before Flop (didn't bet)
Seat 8: Tiltacion26 (small blind) folded before Flop
Seat 9: secret1977 (big blind) folded before Flop



PokerStars Hand #228145291748:  Hold'em No Limit ($0.01/$0.02 USD) - 2021/07/08 11:09:00 PT [2021/07/08 14:09:00 ET]
Table 'Alkmene IV' 9-max Seat #8 is the button
Seat 2: Dong42069 ($2.24 in chips) 
Seat 3: 3ptPoker ($1.94 in chips) 
Seat 5: bone163 ($1.66 in chips) 
Seat 6: Dorex2007 ($1.98 in chips) 
Seat 7: Tavrus32 ($2.26 in chips) 
Seat 8: Tiltacion26 ($1.97 in chips) 
Seat 9: secret1977 ($5.49 in chips) 
secret1977: posts small blind $0.01
Avtor73: is sitting out 
Dong42069: posts big blind $0.02
*** HOLE CARDS ***
Dealt to Dorex2007 [Ks 3d]
Avtor73 leaves the table
3ptPoker: folds 
bone163: folds 
Dorex2007: folds 
Tavrus32: folds 
Tiltacion26: folds 
secret1977: folds 
Uncalled bet ($0.01) returned to Dong42069
Dong42069 collected $0.02 from pot
Dong42069: doesn't show hand 
*** SUMMARY ***
Total pot $0.02 | Rake $0 
Seat 2: Dong42069 (big blind) collected ($0.02)
Seat 3: 3ptPoker folded before Flop (didn't bet)
Seat 5: bone163 folded before Flop (didn't bet)
Seat 6: Dorex2007 folded before Flop (didn't bet)
Seat 7: Tavrus32 folded before Flop (didn't bet)
Seat 8: Tiltacion26 (button) folded before Flop (didn't bet)
Seat 9: secret1977 (small blind) folded before Flop



PokerStars Hand #228145300541:  Hold'em No Limit ($0.01/$0.02 USD) - 2021/07/08 11:09:21 PT [2021/07/08 14:09:21 ET]
Table 'Alkmene IV' 9-max Seat #9 is the button
Seat 2: Dong42069 ($2.25 in chips) 
Seat 3: 3ptPoker ($1.94 in chips) 
Seat 5: bone163 ($1.66 in chips) 
Seat 6: Dorex2007 ($1.98 in chips) 
Seat 7: Tavrus32 ($2.26 in chips) 
Seat 8: Tiltacion26 ($1.97 in chips) 
Seat 9: secret1977 ($5.48 in chips) 
Dong42069: posts small blind $0.01
3ptPoker: posts big blind $0.02
*** HOLE CARDS ***
Dealt to Dorex2007 [9c 2s]
bone163: raises $0.05 to $0.07
Dorex2007: folds 
Tavrus32: folds 
Tiltacion26: calls $0.07
secret1977: calls $0.07
Dong42069: folds 
3ptPoker: calls $0.05
*** FLOP *** [Tc 6h 8d]
3ptPoker: checks 
bone163: bets $0.28
Tiltacion26: folds 
secret1977: folds 
69predato865 joins the table at seat #1 
3ptPoker: folds 
Uncalled bet ($0.28) returned to bone163
bone163 collected $0.28 from pot
bone163: doesn't show hand 
*** SUMMARY ***
Total pot $0.29 | Rake $0.01 
Board [Tc 6h 8d]
Seat 2: Dong42069 (small blind) folded before Flop
Seat 3: 3ptPoker (big blind) folded on the Flop
Seat 5: bone163 collected ($0.28)
Seat 6: Dorex2007 folded before Flop (didn't bet)
Seat 7: Tavrus32 folded before Flop (didn't bet)
Seat 8: Tiltacion26 folded on the Flop
Seat 9: secret1977 (button) folded on the Flop



PokerStars Hand #228145317936:  Hold'em No Limit ($0.01/$0.02 USD) - 2021/07/08 11:10:04 PT [2021/07/08 14:10:04 ET]
Table 'Alkmene IV' 9-max Seat #2 is the button
Seat 2: Dong42069 ($2.24 in chips) 
Seat 3: 3ptPoker ($1.87 in chips) 
Seat 5: bone163 ($1.87 in chips) 
Seat 6: Dorex2007 ($1.98 in chips) 
Seat 7: Tavrus32 ($2.26 in chips) 
Seat 8: Tiltacion26 ($1.90 in chips) 
Seat 9: secret1977 ($5.41 in chips) 
3ptPoker: posts small blind $0.01
bone163: posts big blind $0.02
69predato865: sits out 
*** HOLE CARDS ***
Dealt to Dorex2007 [Ac 4s]
Dorex2007: folds 
Tavrus32: folds 
Tiltacion26: folds 
secret1977: calls $0.02
Dong42069: raises $0.04 to $0.06
3ptPoker: folds 
bone163: calls $0.04
secret1977: calls $0.04
*** FLOP *** [Qd 2c 4h]
bone163: checks 
secret1977: checks 
Dong42069: checks 
*** TURN *** [Qd 2c 4h] [8d]
bone163: checks 
secret1977: checks 
Dong42069: bets $0.12
bone163: folds 
secret1977: folds 
Uncalled bet ($0.12) returned to Dong42069
Dong42069 collected $0.18 from pot
Dong42069: doesn't show hand 
*** SUMMARY ***
Total pot $0.19 | Rake $0.01 
Board [Qd 2c 4h 8d]
Seat 2: Dong42069 (button) collected ($0.18)
Seat 3: 3ptPoker (small blind) folded before Flop
Seat 5: bone163 (big blind) folded on the Turn
Seat 6: Dorex2007 folded before Flop (didn't bet)
Seat 7: Tavrus32 folded before Flop (didn't bet)
Seat 8: Tiltacion26 folded before Flop (didn't bet)
Seat 9: secret1977 folded on the Turn



PokerStars Hand #228145334044:  Hold'em No Limit ($0.01/$0.02 USD) - 2021/07/08 11:10:44 PT [2021/07/08 14:10:44 ET]
Table 'Alkmene IV' 9-max Seat #3 is the button
Seat 2: Dong42069 ($2.36 in chips) 
Seat 3: 3ptPoker ($1.86 in chips) 
Seat 5: bone163 ($1.81 in chips) 
Seat 6: Dorex2007 ($1.98 in chips) 
Seat 7: Tavrus32 ($2.26 in chips) 
Seat 8: Tiltacion26 ($1.90 in chips) 
Seat 9: secret1977 ($5.35 in chips) 
bone163: posts small blind $0.01
Dorex2007: posts big blind $0.02
69predato865: sits out 
*** HOLE CARDS ***
Dealt to Dorex2007 [Js Td]
Tavrus32: folds 
Tiltacion26: folds 
secret1977: raises $0.06 to $0.08
Dong42069: folds 
3ptPoker: folds 
bone163: folds 
Dorex2007: folds 
Uncalled bet ($0.06) returned to secret1977
secret1977 collected $0.05 from pot
secret1977: doesn't show hand 
*** SUMMARY ***
Total pot $0.05 | Rake $0 
Seat 2: Dong42069 folded before Flop (didn't bet)
Seat 3: 3ptPoker (button) folded before Flop (didn't bet)
Seat 5: bone163 (small blind) folded before Flop
Seat 6: Dorex2007 (big blind) folded before Flop
Seat 7: Tavrus32 folded before Flop (didn't bet)
Seat 8: Tiltacion26 folded before Flop (didn't bet)
Seat 9: secret1977 collected ($0.05)



PokerStars Hand #228145343533:  Hold'em No Limit ($0.01/$0.02 USD) - 2021/07/08 11:11:06 PT [2021/07/08 14:11:06 ET]
Table 'Alkmene IV' 9-max Seat #5 is the button
Seat 2: Dong42069 ($2.36 in chips) 
Seat 3: 3ptPoker ($1.86 in chips) 
Seat 5: bone163 ($1.80 in chips) 
Seat 6: Dorex2007 ($1.96 in chips) 
Seat 7: Tavrus32 ($2.26 in chips) 
Seat 8: Tiltacion26 ($1.90 in chips) 
Seat 9: secret1977 ($5.38 in chips) 
Dorex2007: posts small blind $0.01
Tavrus32: posts big blind $0.02
69predato865: sits out 
*** HOLE CARDS ***
Dealt to Dorex2007 [2c Qc]
Tiltacion26: folds 
secret1977: folds 
Dong42069: folds 
h1_tech_1mba said, "\10,63"
h1_tech_1mba said, "+,"
h1_tech_1mba said, "6+3"
h1_tech_1mba said, "62"
3ptPoker: folds 
h1_tech_1mba said, "*"
bone163: raises $0.02 to $0.04
Dorex2007: folds 
Tavrus32: raises $0.14 to $0.18
bone163: folds 
Uncalled bet ($0.14) returned to Tavrus32
Tavrus32 collected $0.09 from pot
Tavrus32: doesn't show hand 
*** SUMMARY ***
Total pot $0.09 | Rake $0 
Seat 2: Dong42069 folded before Flop (didn't bet)
Seat 3: 3ptPoker folded before Flop (didn't bet)
Seat 5: bone163 (button) folded before Flop
Seat 6: Dorex2007 (small blind) folded before Flop
Seat 7: Tavrus32 (big blind) collected ($0.09)
Seat 8: Tiltacion26 folded before Flop (didn't bet)
Seat 9: secret1977 folded before Flop (didn't bet)



PokerStars Hand #228145356737:  Hold'em No Limit ($0.01/$0.02 USD) - 2021/07/08 11:11:39 PT [2021/07/08 14:11:39 ET]
Table 'Alkmene IV' 9-max Seat #6 is the button
Seat 2: Dong42069 ($2.36 in chips) 
Seat 3: 3ptPoker ($1.86 in chips) 
Seat 5: bone163 ($1.76 in chips) 
Seat 6: Dorex2007 ($1.95 in chips) 
Seat 7: Tavrus32 ($2.31 in chips) 
Seat 8: Tiltacion26 ($1.90 in chips) 
Seat 9: secret1977 ($5.38 in chips) 
Tavrus32: posts small blind $0.01
Tiltacion26: posts big blind $0.02
69predato865: sits out 
*** HOLE CARDS ***
Dealt to Dorex2007 [8d 6s]
secret1977: folds 
Dong42069: folds 
3ptPoker: folds 
bone163: folds 
Dorex2007: folds 
Tavrus32: folds 
Uncalled bet ($0.01) returned to Tiltacion26
Tiltacion26 collected $0.02 from pot
Tiltacion26: doesn't show hand 
*** SUMMARY ***
Total pot $0.02 | Rake $0 
Seat 2: Dong42069 folded before Flop (didn't bet)
Seat 3: 3ptPoker folded before Flop (didn't bet)
Seat 5: bone163 folded before Flop (didn't bet)
Seat 6: Dorex2007 (button) folded before Flop (didn't bet)
Seat 7: Tavrus32 (small blind) folded before Flop
Seat 8: Tiltacion26 (big blind) collected ($0.02)
Seat 9: secret1977 folded before Flop (didn't bet)



PokerStars Hand #228145363066:  Hold'em No Limit ($0.01/$0.02 USD) - 2021/07/08 11:11:54 PT [2021/07/08 14:11:54 ET]
Table 'Alkmene IV' 9-max Seat #7 is the button
Seat 2: Dong42069 ($2.36 in chips) 
Seat 3: 3ptPoker ($1.86 in chips) 
Seat 5: bone163 ($1.76 in chips) 
Seat 6: Dorex2007 ($1.95 in chips) 
Seat 7: Tavrus32 ($2.30 in chips) 
Seat 8: Tiltacion26 ($1.91 in chips) 
Seat 9: secret1977 ($5.38 in chips) 
Tiltacion26: posts small blind $0.01
secret1977: posts big blind $0.02
69predato865: sits out 
*** HOLE CARDS ***
Dealt to Dorex2007 [3c Js]
Dong42069: folds 
3ptPoker: folds 
bone163: calls $0.02
Dorex2007: folds 
Tavrus32: raises $0.07 to $0.09
Tiltacion26: folds 
secret1977: folds 
bone163: calls $0.07
*** FLOP *** [8d 9s Kh]
bone163: checks 
Tavrus32: bets $0.15
bone163: folds 
Uncalled bet ($0.15) returned to Tavrus32
Tavrus32 collected $0.20 from pot
Tavrus32: doesn't show hand 
*** SUMMARY ***
Total pot $0.21 | Rake $0.01 
Board [8d 9s Kh]
Seat 2: Dong42069 folded before Flop (didn't bet)
Seat 3: 3ptPoker folded before Flop (didn't bet)
Seat 5: bone163 folded on the Flop
Seat 6: Dorex2007 folded before Flop (didn't bet)
Seat 7: Tavrus32 (button) collected ($0.20)
Seat 8: Tiltacion26 (small blind) folded before Flop
Seat 9: secret1977 (big blind) folded before Flop



PokerStars Hand #228145373937:  Hold'em No Limit ($0.01/$0.02 USD) - 2021/07/08 11:12:21 PT [2021/07/08 14:12:21 ET]
Table 'Alkmene IV' 9-max Seat #8 is the button
Seat 1: 69predato865 ($1.60 in chips) 
Seat 2: Dong42069 ($2.36 in chips) 
Seat 3: 3ptPoker ($1.86 in chips) 
Seat 5: bone163 ($1.67 in chips) 
Seat 6: Dorex2007 ($1.95 in chips) 
Seat 7: Tavrus32 ($2.41 in chips) 
Seat 8: Tiltacion26 ($2 in chips) 
Seat 9: secret1977 ($5.36 in chips) 
secret1977: posts small blind $0.01
69predato865: posts big blind $0.02
*** HOLE CARDS ***
Dealt to Dorex2007 [8h 5d]
Dong42069: folds 
3ptPoker: folds 
bone163: folds 
Dorex2007: folds 
Tavrus32: folds 
Tiltacion26: raises $0.04 to $0.06
secret1977: folds 
69predato865: folds 
Uncalled bet ($0.04) returned to Tiltacion26
Tiltacion26 collected $0.05 from pot
Tiltacion26: doesn't show hand 
*** SUMMARY ***
Total pot $0.05 | Rake $0 
Seat 1: 69predato865 (big blind) folded before Flop
Seat 2: Dong42069 folded before Flop (didn't bet)
Seat 3: 3ptPoker folded before Flop (didn't bet)
Seat 5: bone163 folded before Flop (didn't bet)
Seat 6: Dorex2007 folded before Flop (didn't bet)
Seat 7: Tavrus32 folded before Flop (didn't bet)
Seat 8: Tiltacion26 (button) collected ($0.05)
Seat 9: secret1977 (small blind) folded before Flop



PokerStars Hand #228145381274:  Hold'em No Limit ($0.01/$0.02 USD) - 2021/07/08 11:12:39 PT [2021/07/08 14:12:39 ET]
Table 'Alkmene IV' 9-max Seat #9 is the button
Seat 1: 69predato865 ($1.58 in chips) 
Seat 2: Dong42069 ($2.36 in chips) 
Seat 3: 3ptPoker ($1.86 in chips) 
Seat 5: bone163 ($1.67 in chips) 
Seat 6: Dorex2007 ($1.95 in chips) 
Seat 7: Tavrus32 ($2.41 in chips) 
Seat 8: Tiltacion26 ($2.03 in chips) 
Seat 9: secret1977 ($5.35 in chips) 
69predato865: posts small blind $0.01
Dong42069: posts big blind $0.02
*** HOLE CARDS ***
Dealt to Dorex2007 [3h Ts]
3ptPoker: folds 
3ptPoker leaves the table
bone163: calls $0.02
Dorex2007: folds 
Tavrus32: folds 
Tiltacion26: folds 
secret1977: calls $0.02
69predato865: calls $0.01
Dong42069: checks 
*** FLOP *** [7d 7c 4c]
costica1949 joins the table at seat #3 
69predato865: checks 
Dong42069: bets $0.05
bone163: calls $0.05
secret1977: folds 
69predato865: folds 
*** TURN *** [7d 7c 4c] [6h]
Dong42069: checks 
bone163: bets $0.17
Dong42069: calls $0.17
*** RIVER *** [7d 7c 4c 6h] [2d]
Dong42069: bets $0.18
bone163: calls $0.18
*** SHOW DOWN ***
Dong42069: shows [6c 7h] (a full house, Sevens full of Sixes)
bone163: mucks hand 
Dong42069 collected $0.85 from pot
*** SUMMARY ***
Total pot $0.88 | Rake $0.03 
Board [7d 7c 4c 6h 2d]
Seat 1: 69predato865 (small blind) folded on the Flop
Seat 2: Dong42069 (big blind) showed [6c 7h] and won ($0.85) with a full house, Sevens full of Sixes
Seat 3: 3ptPoker folded before Flop (didn't bet)
Seat 5: bone163 mucked [9d 9h]
Seat 6: Dorex2007 folded before Flop (didn't bet)
Seat 7: Tavrus32 folded before Flop (didn't bet)
Seat 8: Tiltacion26 folded before Flop (didn't bet)
Seat 9: secret1977 (button) folded on the Flop



PokerStars Hand #228145415065:  Hold'em No Limit ($0.01/$0.02 USD) - 2021/07/08 11:14:01 PT [2021/07/08 14:14:01 ET]
Table 'Alkmene IV' 9-max Seat #1 is the button
Seat 1: 69predato865 ($1.56 in chips) 
Seat 2: Dong42069 ($2.79 in chips) 
Seat 3: costica1949 ($1.60 in chips) 
Seat 5: bone163 ($1.25 in chips) 
Seat 6: Dorex2007 ($1.95 in chips) 
Seat 7: Tavrus32 ($2.41 in chips) 
Seat 8: Tiltacion26 ($2.03 in chips) 
Seat 9: secret1977 ($5.33 in chips) 
Dong42069: posts small blind $0.01
costica1949: posts big blind $0.02
*** HOLE CARDS ***
Dealt to Dorex2007 [Jh Qd]
bone163: calls $0.02
Dorex2007: folds 
Tavrus32: folds 
Tiltacion26: folds 
secret1977: folds 
69predato865: raises $0.04 to $0.06
Dong42069: folds 
costica1949: folds 
bone163: calls $0.04
*** FLOP *** [9c Tc 9s]
bone163: checks 
69predato865: checks 
*** TURN *** [9c Tc 9s] [Ad]
h1_tech_1mba leaves the table
bone163: bets $0.06
69predato865: calls $0.06
*** RIVER *** [9c Tc 9s Ad] [Qc]
MauriFierro27 joins the table at seat #4 
bone163: checks 
69predato865: bets $0.02
bone163: calls $0.02
*** SHOW DOWN ***
69predato865: shows [Kd Ac] (two pair, Aces and Nines)
bone163: mucks hand 
69predato865 collected $0.30 from pot
*** SUMMARY ***
Total pot $0.31 | Rake $0.01 
Board [9c Tc 9s Ad Qc]
Seat 1: 69predato865 (button) showed [Kd Ac] and won ($0.30) with two pair, Aces and Nines
Seat 2: Dong42069 (small blind) folded before Flop
Seat 3: costica1949 (big blind) folded before Flop
Seat 5: bone163 mucked [2s As]
Seat 6: Dorex2007 folded before Flop (didn't bet)
Seat 7: Tavrus32 folded before Flop (didn't bet)
Seat 8: Tiltacion26 folded before Flop (didn't bet)
Seat 9: secret1977 folded before Flop (didn't bet)



PokerStars Hand #228145439174:  Hold'em No Limit ($0.01/$0.02 USD) - 2021/07/08 11:15:00 PT [2021/07/08 14:15:00 ET]
Table 'Alkmene IV' 9-max Seat #2 is the button
Seat 1: 69predato865 ($1.72 in chips) 
Seat 2: Dong42069 ($2.78 in chips) 
Seat 3: costica1949 ($1.58 in chips) 
Seat 4: MauriFierro27 ($2 in chips) 
Seat 5: bone163 ($1.11 in chips) 
Seat 6: Dorex2007 ($1.95 in chips) 
Seat 7: Tavrus32 ($2.41 in chips) 
Seat 8: Tiltacion26 ($2.03 in chips) 
Seat 9: secret1977 ($5.33 in chips) 
costica1949: posts small blind $0.01
MauriFierro27: posts big blind $0.02
*** HOLE CARDS ***
Dealt to Dorex2007 [6h Kd]
bone163: folds 
Dorex2007: folds 
Tavrus32: folds 
Tiltacion26: folds 
secret1977: folds 
69predato865: folds 
Dong42069: folds 
costica1949: folds 
Uncalled bet ($0.01) returned to MauriFierro27
MauriFierro27 collected $0.02 from pot
*** SUMMARY ***
Total pot $0.02 | Rake $0 
Seat 1: 69predato865 folded before Flop (didn't bet)
Seat 2: Dong42069 (button) folded before Flop (didn't bet)
Seat 3: costica1949 (small blind) folded before Flop
Seat 4: MauriFierro27 (big blind) collected ($0.02)
Seat 5: bone163 folded before Flop (didn't bet)
Seat 6: Dorex2007 folded before Flop (didn't bet)
Seat 7: Tavrus32 folded before Flop (didn't bet)
Seat 8: Tiltacion26 folded before Flop (didn't bet)
Seat 9: secret1977 folded before Flop (didn't bet)



PokerStars Hand #228145451033:  Hold'em No Limit ($0.01/$0.02 USD) - 2021/07/08 11:15:28 PT [2021/07/08 14:15:28 ET]
Table 'Alkmene IV' 9-max Seat #3 is the button
Seat 1: 69predato865 ($1.72 in chips) 
Seat 2: Dong42069 ($2.78 in chips) 
Seat 3: costica1949 ($1.57 in chips) 
Seat 4: MauriFierro27 ($2.01 in chips) 
Seat 5: bone163 ($1.11 in chips) 
Seat 6: Dorex2007 ($2 in chips) 
Seat 7: Tavrus32 ($2.41 in chips) 
Seat 8: Tiltacion26 ($2.03 in chips) 
Seat 9: secret1977 ($5.33 in chips) 
MauriFierro27: posts small blind $0.01
bone163: posts big blind $0.02
*** HOLE CARDS ***
Dealt to Dorex2007 [Jc 7s]
Dorex2007: folds 
Tavrus32: folds 
Tiltacion26: folds 
secret1977: folds 
69predato865: folds 
Dong42069: folds 
costica1949: folds 
MauriFierro27: raises $0.02 to $0.04
bone163: folds 
Uncalled bet ($0.02) returned to MauriFierro27
MauriFierro27 collected $0.04 from pot
*** SUMMARY ***
Total pot $0.04 | Rake $0 
Seat 1: 69predato865 folded before Flop (didn't bet)
Seat 2: Dong42069 folded before Flop (didn't bet)
Seat 3: costica1949 (button) folded before Flop (didn't bet)
Seat 4: MauriFierro27 (small blind) collected ($0.04)
Seat 5: bone163 (big blind) folded before Flop
Seat 6: Dorex2007 folded before Flop (didn't bet)
Seat 7: Tavrus32 folded before Flop (didn't bet)
Seat 8: Tiltacion26 folded before Flop (didn't bet)
Seat 9: secret1977 folded before Flop (didn't bet)



PokerStars Hand #228145463875:  Hold'em No Limit ($0.01/$0.02 USD) - 2021/07/08 11:15:59 PT [2021/07/08 14:15:59 ET]
Table 'Alkmene IV' 9-max Seat #4 is the button
Seat 1: 69predato865 ($1.72 in chips) 
Seat 2: Dong42069 ($2.78 in chips) 
Seat 3: costica1949 ($1.57 in chips) 
Seat 4: MauriFierro27 ($2.03 in chips) 
Seat 5: bone163 ($1.09 in chips) 
Seat 6: Dorex2007 ($2 in chips) 
Seat 7: Tavrus32 ($2.41 in chips) 
Seat 8: Tiltacion26 ($2.03 in chips) 
Seat 9: secret1977 ($5.33 in chips) 
bone163: posts small blind $0.01
Dorex2007: posts big blind $0.02
*** HOLE CARDS ***
Dealt to Dorex2007 [Ks 2d]
Tavrus32: folds 
Tiltacion26: folds 
secret1977: folds 
69predato865: folds 
Dong42069: raises $0.03 to $0.05
costica1949: folds 
MauriFierro27: folds 
bone163: folds 
Dorex2007: folds 
Uncalled bet ($0.03) returned to Dong42069
bone163 leaves the table
Dong42069 collected $0.05 from pot
Dong42069: doesn't show hand 
*** SUMMARY ***
Total pot $0.05 | Rake $0 
Seat 1: 69predato865 folded before Flop (didn't bet)
Seat 2: Dong42069 collected ($0.05)
Seat 3: costica1949 folded before Flop (didn't bet)
Seat 4: MauriFierro27 (button) folded before Flop (didn't bet)
Seat 5: bone163 (small blind) folded before Flop
Seat 6: Dorex2007 (big blind) folded before Flop
Seat 7: Tavrus32 folded before Flop (didn't bet)
Seat 8: Tiltacion26 folded before Flop (didn't bet)
Seat 9: secret1977 folded before Flop (didn't bet)



PokerStars Hand #228145473446:  Hold'em No Limit ($0.01/$0.02 USD) - 2021/07/08 11:16:23 PT [2021/07/08 14:16:23 ET]
Table 'Alkmene IV' 9-max Seat #6 is the button
Seat 1: 69predato865 ($1.72 in chips) 
Seat 2: Dong42069 ($2.81 in chips) 
Seat 3: costica1949 ($1.57 in chips) 
Seat 4: MauriFierro27 ($2.03 in chips) 
Seat 6: Dorex2007 ($1.98 in chips) 
Seat 7: Tavrus32 ($2.41 in chips) 
Seat 9: secret1977 ($5.33 in chips) 
Tavrus32: posts small blind $0.01
Tiltacion26: is sitting out 
secret1977: posts big blind $0.02
*** HOLE CARDS ***
Dealt to Dorex2007 [Ks 2d]
Tiltacion26 leaves the table
69predato865: raises $0.04 to $0.06
Dong42069: folds 
costica1949: folds 
MauriFierro27: folds 
Dorex2007: folds 
Tavrus32: folds 
secret1977: calls $0.04
*** FLOP *** [Ts 6d Js]
secret1977: checks 
69predato865: bets $0.13
secret1977: calls $0.13
*** TURN *** [Ts 6d Js] [5c]
secret1977: checks 
69predato865: checks 
*** RIVER *** [Ts 6d Js 5c] [2c]
infiniti888 joins the table at seat #5 
secret1977: bets $0.20
69predato865: calls $0.20
*** SHOW DOWN ***
secret1977: shows [8s 7s] (high card Jack)
69predato865: shows [Qc Qh] (a pair of Queens)
69predato865 collected $0.76 from pot
*** SUMMARY ***
Total pot $0.79 | Rake $0.03 
Board [Ts 6d Js 5c 2c]
Seat 1: 69predato865 showed [Qc Qh] and won ($0.76) with a pair of Queens
Seat 2: Dong42069 folded before Flop (didn't bet)
Seat 3: costica1949 folded before Flop (didn't bet)
Seat 4: MauriFierro27 folded before Flop (didn't bet)
Seat 6: Dorex2007 (button) folded before Flop (didn't bet)
Seat 7: Tavrus32 (small blind) folded before Flop
Seat 9: secret1977 (big blind) showed [8s 7s] and lost with high card Jack



PokerStars Hand #228145494536:  Hold'em No Limit ($0.01/$0.02 USD) - 2021/07/08 11:17:13 PT [2021/07/08 14:17:13 ET]
Table 'Alkmene IV' 9-max Seat #7 is the button
Seat 1: 69predato865 ($2.09 in chips) 
Seat 2: Dong42069 ($2.81 in chips) 
Seat 3: costica1949 ($1.57 in chips) 
Seat 4: MauriFierro27 ($2.03 in chips) 
Seat 5: infiniti888 ($0.80 in chips) 
Seat 6: Dorex2007 ($1.98 in chips) 
Seat 7: Tavrus32 ($2.40 in chips) 
Seat 9: secret1977 ($4.94 in chips) 
secret1977: posts small blind $0.01
69predato865: posts big blind $0.02
infiniti888: posts big blind $0.02
*** HOLE CARDS ***
Dealt to Dorex2007 [7c 9h]
Dong42069: folds 
ivan69252 joins the table at seat #8 
costica1949: folds 
MauriFierro27: folds 
infiniti888: checks 
Dorex2007: folds 
Tavrus32: calls $0.02
secret1977: calls $0.01
69predato865: checks 
*** FLOP *** [Qc 8h 6d]
secret1977: bets $0.04
69predato865: calls $0.04
infiniti888: folds 
Tavrus32: folds 
*** TURN *** [Qc 8h 6d] [Ks]
secret1977: bets $0.04
69predato865: calls $0.04
*** RIVER *** [Qc 8h 6d Ks] [Jh]
secret1977: bets $0.04
69predato865: folds 
Uncalled bet ($0.04) returned to secret1977
secret1977 collected $0.23 from pot
secret1977: doesn't show hand 
*** SUMMARY ***
Total pot $0.24 | Rake $0.01 
Board [Qc 8h 6d Ks Jh]
Seat 1: 69predato865 (big blind) folded on the River
Seat 2: Dong42069 folded before Flop (didn't bet)
Seat 3: costica1949 folded before Flop (didn't bet)
Seat 4: MauriFierro27 folded before Flop (didn't bet)
Seat 5: infiniti888 folded on the Flop (didn't bet)
Seat 6: Dorex2007 folded before Flop (didn't bet)
Seat 7: Tavrus32 (button) folded on the Flop
Seat 9: secret1977 (small blind) collected ($0.23)



PokerStars Hand #228145557515:  Hold'em No Limit ($0.01/$0.02 USD) - 2021/07/08 11:19:46 PT [2021/07/08 14:19:46 ET]
Table 'Alkmene IV' 9-max Seat #2 is the button
Seat 1: 69predato865 ($1.98 in chips) 
Seat 2: Dong42069 ($2.66 in chips) 
Seat 3: costica1949 ($1.55 in chips) 
Seat 4: MauriFierro27 ($2.03 in chips) 
Seat 5: infiniti888 ($0.78 in chips) 
Seat 6: Dorex2007 ($1.98 in chips) 
Seat 7: Tavrus32 ($2.38 in chips) 
Seat 8: ivan69252 ($0.78 in chips) 
Seat 9: secret1977 ($5.25 in chips) 
costica1949: posts small blind $0.01
MauriFierro27: posts big blind $0.02
*** HOLE CARDS ***
Dealt to Dorex2007 [4c 6d]
infiniti888: folds 
Dorex2007: folds 
Tavrus32: raises $0.04 to $0.06
ivan69252: folds 
secret1977: calls $0.06
69predato865: folds 
Dong42069: folds 
costica1949: folds 
MauriFierro27: calls $0.04
*** FLOP *** [3c Ah 5c]
MauriFierro27: checks 
Tavrus32: checks 
secret1977: checks 
*** TURN *** [3c Ah 5c] [Jh]
MauriFierro27: bets $0.10
Tavrus32: folds 
secret1977: folds 
Uncalled bet ($0.10) returned to MauriFierro27
MauriFierro27 collected $0.18 from pot
MauriFierro27: doesn't show hand 
*** SUMMARY ***
Total pot $0.19 | Rake $0.01 
Board [3c Ah 5c Jh]
Seat 1: 69predato865 folded before Flop (didn't bet)
Seat 2: Dong42069 (button) folded before Flop (didn't bet)
Seat 3: costica1949 (small blind) folded before Flop
Seat 4: MauriFierro27 (big blind) collected ($0.18)
Seat 5: infiniti888 folded before Flop (didn't bet)
Seat 6: Dorex2007 folded before Flop (didn't bet)
Seat 7: Tavrus32 folded on the Turn
Seat 8: ivan69252 folded before Flop (didn't bet)
Seat 9: secret1977 folded on the Turn



PokerStars Hand #228145578820:  Hold'em No Limit ($0.01/$0.02 USD) - 2021/07/08 11:20:39 PT [2021/07/08 14:20:39 ET]
Table 'Alkmene IV' 9-max Seat #3 is the button
Seat 1: 69predato865 ($1.98 in chips) 
Seat 2: Dong42069 ($2.66 in chips) 
Seat 3: costica1949 ($1.54 in chips) 
Seat 4: MauriFierro27 ($2.15 in chips) 
Seat 5: infiniti888 ($0.78 in chips) 
Seat 6: Dorex2007 ($1.98 in chips) 
Seat 7: Tavrus32 ($2.32 in chips) 
Seat 8: ivan69252 ($0.78 in chips) 
Seat 9: secret1977 ($5.19 in chips) 
MauriFierro27: posts small blind $0.01
infiniti888: posts big blind $0.02
*** HOLE CARDS ***
Dealt to Dorex2007 [5d Jh]
Dorex2007: folds 
Tavrus32: folds 
ivan69252: folds 
secret1977: folds 
69predato865: folds 
Dong42069: raises $0.03 to $0.05
costica1949: folds 
MauriFierro27: folds 
infiniti888: folds 
Uncalled bet ($0.03) returned to Dong42069
Dong42069 collected $0.05 from pot
Dong42069: doesn't show hand 
*** SUMMARY ***
Total pot $0.05 | Rake $0 
Seat 1: 69predato865 folded before Flop (didn't bet)
Seat 2: Dong42069 collected ($0.05)
Seat 3: costica1949 (button) folded before Flop (didn't bet)
Seat 4: MauriFierro27 (small blind) folded before Flop
Seat 5: infiniti888 (big blind) folded before Flop
Seat 6: Dorex2007 folded before Flop (didn't bet)
Seat 7: Tavrus32 folded before Flop (didn't bet)
Seat 8: ivan69252 folded before Flop (didn't bet)
Seat 9: secret1977 folded before Flop (didn't bet)



PokerStars Hand #228145591436:  Hold'em No Limit ($0.01/$0.02 USD) - 2021/07/08 11:21:09 PT [2021/07/08 14:21:09 ET]
Table 'Alkmene IV' 9-max Seat #4 is the button
Seat 1: 69predato865 ($1.98 in chips) 
Seat 2: Dong42069 ($2.69 in chips) 
Seat 3: costica1949 ($1.54 in chips) 
Seat 4: MauriFierro27 ($2.14 in chips) 
Seat 5: infiniti888 ($0.76 in chips) 
Seat 6: Dorex2007 ($1.98 in chips) 
Seat 7: Tavrus32 ($2.32 in chips) 
Seat 8: ivan69252 ($0.78 in chips) 
Seat 9: secret1977 ($5.19 in chips) 
infiniti888: posts small blind $0.01
Dorex2007: posts big blind $0.02
*** HOLE CARDS ***
Dealt to Dorex2007 [4c 8d]
Tavrus32: folds 
ivan69252: calls $0.02
secret1977: folds 
69predato865: folds 
Dong42069: raises $0.04 to $0.06
costica1949: folds 
MauriFierro27: calls $0.06
infiniti888: calls $0.05
Dorex2007: folds 
ivan69252: raises $0.26 to $0.32
Dong42069: folds 
MauriFierro27: folds 
infiniti888: folds 
Uncalled bet ($0.26) returned to ivan69252
ivan69252 collected $0.26 from pot
ivan69252: doesn't show hand 
*** SUMMARY ***
Total pot $0.26 | Rake $0 
Seat 1: 69predato865 folded before Flop (didn't bet)
Seat 2: Dong42069 folded before Flop
Seat 3: costica1949 folded before Flop (didn't bet)
Seat 4: MauriFierro27 (button) folded before Flop
Seat 5: infiniti888 (small blind) folded before Flop
Seat 6: Dorex2007 (big blind) folded before Flop
Seat 7: Tavrus32 folded before Flop (didn't bet)
Seat 8: ivan69252 collected ($0.26)
Seat 9: secret1977 folded before Flop (didn't bet)



PokerStars Hand #228145616252:  Hold'em No Limit ($0.01/$0.02 USD) - 2021/07/08 11:22:10 PT [2021/07/08 14:22:10 ET]
Table 'Alkmene IV' 9-max Seat #5 is the button
Seat 1: 69predato865 ($1.98 in chips) 
Seat 2: Dong42069 ($2.63 in chips) 
Seat 3: costica1949 ($1.54 in chips) 
Seat 4: MauriFierro27 ($2.08 in chips) 
Seat 5: infiniti888 ($0.70 in chips) 
Seat 6: Dorex2007 ($1.96 in chips) 
Seat 7: Tavrus32 ($2.32 in chips) 
Seat 8: ivan69252 ($0.98 in chips) 
Seat 9: secret1977 ($5.19 in chips) 
Dorex2007: posts small blind $0.01
Tavrus32: posts big blind $0.02
*** HOLE CARDS ***
Dealt to Dorex2007 [Tc Ac]
ivan69252: folds 
secret1977: folds 
69predato865: folds 
Dong42069: folds 
costica1949: folds 
MauriFierro27: folds 
infiniti888: calls $0.02
Dorex2007: raises $0.04 to $0.06
Tavrus32: raises $0.14 to $0.20
infiniti888: folds 
Dorex2007: folds 
Uncalled bet ($0.14) returned to Tavrus32
Tavrus32 collected $0.14 from pot
Tavrus32: doesn't show hand 
*** SUMMARY ***
Total pot $0.14 | Rake $0 
Seat 1: 69predato865 folded before Flop (didn't bet)
Seat 2: Dong42069 folded before Flop (didn't bet)
Seat 3: costica1949 folded before Flop (didn't bet)
Seat 4: MauriFierro27 folded before Flop (didn't bet)
Seat 5: infiniti888 (button) folded before Flop
Seat 6: Dorex2007 (small blind) folded before Flop
Seat 7: Tavrus32 (big blind) collected ($0.14)
Seat 8: ivan69252 folded before Flop (didn't bet)
Seat 9: secret1977 folded before Flop (didn't bet)



PokerStars Hand #228145631114:  Hold'em No Limit ($0.01/$0.02 USD) - 2021/07/08 11:22:46 PT [2021/07/08 14:22:46 ET]
Table 'Alkmene IV' 9-max Seat #6 is the button
Seat 1: 69predato865 ($1.98 in chips) 
Seat 2: Dong42069 ($2.63 in chips) 
Seat 3: costica1949 ($1.54 in chips) 
Seat 4: MauriFierro27 ($2.08 in chips) 
Seat 5: infiniti888 ($0.68 in chips) 
Seat 6: Dorex2007 ($1.90 in chips) 
Seat 7: Tavrus32 ($2.40 in chips) 
Seat 8: ivan69252 ($0.98 in chips) 
Seat 9: secret1977 ($5.19 in chips) 
Tavrus32: posts small blind $0.01
ivan69252: posts big blind $0.02
*** HOLE CARDS ***
Dealt to Dorex2007 [5d 4c]
secret1977: folds 
69predato865: folds 
Dong42069: folds 
costica1949: folds 
MauriFierro27: folds 
infiniti888: folds 
Dorex2007: folds 
Tavrus32: folds 
Uncalled bet ($0.01) returned to ivan69252
ivan69252 collected $0.02 from pot
ivan69252: doesn't show hand 
*** SUMMARY ***
Total pot $0.02 | Rake $0 
Seat 1: 69predato865 folded before Flop (didn't bet)
Seat 2: Dong42069 folded before Flop (didn't bet)
Seat 3: costica1949 folded before Flop (didn't bet)
Seat 4: MauriFierro27 folded before Flop (didn't bet)
Seat 5: infiniti888 folded before Flop (didn't bet)
Seat 6: Dorex2007 (button) folded before Flop (didn't bet)
Seat 7: Tavrus32 (small blind) folded before Flop
Seat 8: ivan69252 (big blind) collected ($0.02)
Seat 9: secret1977 folded before Flop (didn't bet)



PokerStars Hand #228145642850:  Hold'em No Limit ($0.01/$0.02 USD) - 2021/07/08 11:23:15 PT [2021/07/08 14:23:15 ET]
Table 'Alkmene IV' 9-max Seat #7 is the button
Seat 1: 69predato865 ($1.98 in chips) 
Seat 2: Dong42069 ($2.63 in chips) 
Seat 3: costica1949 ($1.54 in chips) 
Seat 4: MauriFierro27 ($2.08 in chips) 
Seat 5: infiniti888 ($0.68 in chips) 
Seat 6: Dorex2007 ($1.90 in chips) 
Seat 7: Tavrus32 ($2.39 in chips) 
Seat 8: ivan69252 ($0.99 in chips) 
Seat 9: secret1977 ($5.19 in chips) 
ivan69252: posts small blind $0.01
secret1977: posts big blind $0.02
*** HOLE CARDS ***
Dealt to Dorex2007 [As Kc]
69predato865: raises $0.04 to $0.06
Dong42069: folds 
costica1949: folds 
MauriFierro27: folds 
infiniti888: folds 
Dorex2007: calls $0.06
Tavrus32: folds 
ivan69252: folds 
secret1977: folds 
*** FLOP *** [3d Qd 9d]
69predato865: checks 
Dorex2007: checks 
*** TURN *** [3d Qd 9d] [Ad]
69predato865: bets $0.02
Dorex2007: raises $0.18 to $0.20
69predato865: folds 
Uncalled bet ($0.18) returned to Dorex2007
Dorex2007 collected $0.18 from pot
Dorex2007: doesn't show hand 
*** SUMMARY ***
Total pot $0.19 | Rake $0.01 
Board [3d Qd 9d Ad]
Seat 1: 69predato865 folded on the Turn
Seat 2: Dong42069 folded before Flop (didn't bet)
Seat 3: costica1949 folded before Flop (didn't bet)
Seat 4: MauriFierro27 folded before Flop (didn't bet)
Seat 5: infiniti888 folded before Flop (didn't bet)
Seat 6: Dorex2007 collected ($0.18)
Seat 7: Tavrus32 (button) folded before Flop (didn't bet)
Seat 8: ivan69252 (small blind) folded before Flop
Seat 9: secret1977 (big blind) folded before Flop



PokerStars Hand #228145662084:  Hold'em No Limit ($0.01/$0.02 USD) - 2021/07/08 11:24:02 PT [2021/07/08 14:24:02 ET]
Table 'Alkmene IV' 9-max Seat #8 is the button
Seat 1: 69predato865 ($1.90 in chips) 
Seat 2: Dong42069 ($2.63 in chips) 
Seat 3: costica1949 ($1.54 in chips) 
Seat 4: MauriFierro27 ($2.08 in chips) 
Seat 5: infiniti888 ($0.68 in chips) 
Seat 6: Dorex2007 ($2 in chips) 
Seat 7: Tavrus32 ($2.39 in chips) 
Seat 8: ivan69252 ($0.98 in chips) 
Seat 9: secret1977 ($5.17 in chips) 
secret1977: posts small blind $0.01
69predato865: posts big blind $0.02
*** HOLE CARDS ***
Dealt to Dorex2007 [Kc 7h]
Dong42069: folds 
costica1949: folds 
MauriFierro27: folds 
infiniti888: folds 
Dorex2007: folds 
Tavrus32: raises $0.04 to $0.06
ivan69252: folds 
secret1977: folds 
69predato865: calls $0.04
*** FLOP *** [As 8d 9c]
69predato865: checks 
Tavrus32: bets $0.06
69predato865: raises $0.06 to $0.12
Tavrus32: folds 
Uncalled bet ($0.06) returned to 69predato865
69predato865 collected $0.24 from pot
69predato865: doesn't show hand 
*** SUMMARY ***
Total pot $0.25 | Rake $0.01 
Board [As 8d 9c]
Seat 1: 69predato865 (big blind) collected ($0.24)
Seat 2: Dong42069 folded before Flop (didn't bet)
Seat 3: costica1949 folded before Flop (didn't bet)
Seat 4: MauriFierro27 folded before Flop (didn't bet)
Seat 5: infiniti888 folded before Flop (didn't bet)
Seat 6: Dorex2007 folded before Flop (didn't bet)
Seat 7: Tavrus32 folded on the Flop
Seat 8: ivan69252 (button) folded before Flop (didn't bet)
Seat 9: secret1977 (small blind) folded before Flop



PokerStars Hand #228145683750:  Hold'em No Limit ($0.01/$0.02 USD) - 2021/07/08 11:24:35 PT [2021/07/08 14:24:35 ET]
Table 'Alkmene IV' 9-max Seat #9 is the button
Seat 1: 69predato865 ($2.02 in chips) 
Seat 2: Dong42069 ($2.63 in chips) 
Seat 3: costica1949 ($1.54 in chips) 
Seat 4: MauriFierro27 ($2.08 in chips) 
Seat 5: infiniti888 ($0.68 in chips) 
Seat 6: Dorex2007 ($2 in chips) 
Seat 7: Tavrus32 ($2.27 in chips) 
Seat 8: ivan69252 ($0.98 in chips) 
Seat 9: secret1977 ($5.16 in chips) 
69predato865: posts small blind $0.01
Dong42069: posts big blind $0.02
*** HOLE CARDS ***
Dealt to Dorex2007 [Ac 4s]
costica1949: folds 
MauriFierro27: raises $0.03 to $0.05
infiniti888: folds 
Dorex2007: folds 
Tavrus32: folds 
ivan69252: folds 
secret1977: folds 
69predato865: calls $0.04
Dong42069: raises $0.18 to $0.23
MauriFierro27: folds 
69predato865: folds 
Uncalled bet ($0.18) returned to Dong42069
Dong42069 collected $0.15 from pot
Dong42069: doesn't show hand 
*** SUMMARY ***
Total pot $0.15 | Rake $0 
Seat 1: 69predato865 (small blind) folded before Flop
Seat 2: Dong42069 (big blind) collected ($0.15)
Seat 3: costica1949 folded before Flop (didn't bet)
Seat 4: MauriFierro27 folded before Flop
Seat 5: infiniti888 folded before Flop (didn't bet)
Seat 6: Dorex2007 folded before Flop (didn't bet)
Seat 7: Tavrus32 folded before Flop (didn't bet)
Seat 8: ivan69252 folded before Flop (didn't bet)
Seat 9: secret1977 (button) folded before Flop (didn't bet)



PokerStars Hand #228145706005:  Hold'em No Limit ($0.01/$0.02 USD) - 2021/07/08 11:25:06 PT [2021/07/08 14:25:06 ET]
Table 'Alkmene IV' 9-max Seat #1 is the button
Seat 1: 69predato865 ($1.97 in chips) 
Seat 2: Dong42069 ($2.73 in chips) 
Seat 4: MauriFierro27 ($2.03 in chips) 
Seat 5: infiniti888 ($0.68 in chips) 
Seat 6: Dorex2007 ($2 in chips) 
Seat 7: Tavrus32 ($2.27 in chips) 
Seat 8: ivan69252 ($0.98 in chips) 
Seat 9: secret1977 ($5.16 in chips) 
Dong42069: posts small blind $0.01
costica1949: is sitting out 
MauriFierro27: posts big blind $0.02
*** HOLE CARDS ***
Dealt to Dorex2007 [7s 3h]
infiniti888: folds 
Dorex2007: folds 
costica1949 leaves the table
Tavrus32: folds 
ivan69252: calls $0.02
secret1977: folds 
69predato865: folds 
Dong42069: calls $0.01
MauriFierro27: checks 
*** FLOP *** [Js 5d As]
Dong42069: checks 
MauriFierro27: checks 
ivan69252: checks 
*** TURN *** [Js 5d As] [Qc]
Abonka joins the table at seat #3 
Dong42069: checks 
secret1977 leaves the table
MauriFierro27: bets $0.06
ivan69252: calls $0.06
Dong42069: folds 
*** RIVER *** [Js 5d As Qc] [Ad]
MauriFierro27: bets $0.17
ivan69252: folds 
Uncalled bet ($0.17) returned to MauriFierro27
MauriFierro27 collected $0.17 from pot
*** SUMMARY ***
Total pot $0.18 | Rake $0.01 
Board [Js 5d As Qc Ad]
Seat 1: 69predato865 (button) folded before Flop (didn't bet)
Seat 2: Dong42069 (small blind) folded on the Turn
Seat 4: MauriFierro27 (big blind) collected ($0.17)
Seat 5: infiniti888 folded before Flop (didn't bet)
Seat 6: Dorex2007 folded before Flop (didn't bet)
Seat 7: Tavrus32 folded before Flop (didn't bet)
Seat 8: ivan69252 folded on the River
Seat 9: secret1977 folded before Flop (didn't bet)



PokerStars Hand #228145723895:  Hold'em No Limit ($0.01/$0.02 USD) - 2021/07/08 11:25:50 PT [2021/07/08 14:25:50 ET]
Table 'Alkmene IV' 9-max Seat #2 is the button
Seat 1: 69predato865 ($1.97 in chips) 
Seat 2: Dong42069 ($2.71 in chips) 
Seat 4: MauriFierro27 ($2.12 in chips) 
Seat 5: infiniti888 ($0.68 in chips) 
Seat 6: Dorex2007 ($2 in chips) 
Seat 7: Tavrus32 ($2.27 in chips) 
Seat 8: ivan69252 ($0.90 in chips) 
MauriFierro27: posts small blind $0.01
infiniti888: posts big blind $0.02
*** HOLE CARDS ***
Dealt to Dorex2007 [Kd Th]
Dorex2007: folds 
Tavrus32: folds 
ivan69252: folds 
69predato865: folds 
Dong42069: raises $0.03 to $0.05
Tavrus32 is disconnected 
MauriFierro27: folds 
infiniti888: folds 
Uncalled bet ($0.03) returned to Dong42069
Dong42069 collected $0.05 from pot
Dong42069: doesn't show hand 
*** SUMMARY ***
Total pot $0.05 | Rake $0 
Seat 1: 69predato865 folded before Flop (didn't bet)
Seat 2: Dong42069 (button) collected ($0.05)
Seat 4: MauriFierro27 (small blind) folded before Flop
Seat 5: infiniti888 (big blind) folded before Flop
Seat 6: Dorex2007 folded before Flop (didn't bet)
Seat 7: Tavrus32 folded before Flop (didn't bet)
Seat 8: ivan69252 folded before Flop (didn't bet)



PokerStars Hand #228145736054:  Hold'em No Limit ($0.01/$0.02 USD) - 2021/07/08 11:26:19 PT [2021/07/08 14:26:19 ET]
Table 'Alkmene IV' 9-max Seat #4 is the button
Seat 1: 69predato865 ($1.97 in chips) 
Seat 2: Dong42069 ($2.74 in chips) 
Seat 4: MauriFierro27 ($2.11 in chips) 
Seat 5: infiniti888 ($0.66 in chips) 
Seat 6: Dorex2007 ($2 in chips) 
Seat 7: Tavrus32 ($2.27 in chips) 
Seat 8: ivan69252 ($0.90 in chips) 
infiniti888: posts small blind $0.01
Dorex2007: posts big blind $0.02
Abonka: sits out 
*** HOLE CARDS ***
Dealt to Dorex2007 [5h 6s]
Tavrus32 has timed out while disconnected
Tavrus32: folds 
ivan69252: folds 
69predato865: folds 
Dong42069: folds 
MauriFierro27: raises $0.02 to $0.04
infiniti888: calls $0.03
Dorex2007: folds 
*** FLOP *** [4s Kd Ac]
infiniti888: checks 
MauriFierro27: bets $0.10
infiniti888: calls $0.10
*** TURN *** [4s Kd Ac] [Kc]
infiniti888: checks 
MauriFierro27: checks 
*** RIVER *** [4s Kd Ac Kc] [3c]
infiniti888: bets $0.15
MauriFierro27: folds 
Uncalled bet ($0.15) returned to infiniti888
infiniti888 collected $0.29 from pot
infiniti888: doesn't show hand 
*** SUMMARY ***
Total pot $0.30 | Rake $0.01 
Board [4s Kd Ac Kc 3c]
Seat 1: 69predato865 folded before Flop (didn't bet)
Seat 2: Dong42069 folded before Flop (didn't bet)
Seat 4: MauriFierro27 (button) folded on the River
Seat 5: infiniti888 (small blind) collected ($0.29)
Seat 6: Dorex2007 (big blind) folded before Flop
Seat 7: Tavrus32 folded before Flop (didn't bet)
Seat 8: ivan69252 folded before Flop (didn't bet)



PokerStars Hand #228145751207:  Hold'em No Limit ($0.01/$0.02 USD) - 2021/07/08 11:26:55 PT [2021/07/08 14:26:55 ET]
Table 'Alkmene IV' 9-max Seat #5 is the button
Seat 1: 69predato865 ($1.97 in chips) 
Seat 2: Dong42069 ($2.74 in chips) 
Seat 4: MauriFierro27 ($2 in chips) 
Seat 5: infiniti888 ($0.81 in chips) 
Seat 6: Dorex2007 ($1.98 in chips) 
Seat 8: ivan69252 ($0.90 in chips) 
Dorex2007: posts small blind $0.01
ivan69252: posts big blind $0.02
Abonka: sits out 
*** HOLE CARDS ***
Dealt to Dorex2007 [8s 4s]
69predato865: folds 
Dong42069: raises $0.03 to $0.05
MauriFierro27: folds 
infiniti888: folds 
Dorex2007: folds 
ivan69252: folds 
Uncalled bet ($0.03) returned to Dong42069
Dong42069 collected $0.05 from pot
Dong42069: doesn't show hand 
*** SUMMARY ***
Total pot $0.05 | Rake $0 
Seat 1: 69predato865 folded before Flop (didn't bet)
Seat 2: Dong42069 collected ($0.05)
Seat 4: MauriFierro27 folded before Flop (didn't bet)
Seat 5: infiniti888 (button) folded before Flop (didn't bet)
Seat 6: Dorex2007 (small blind) folded before Flop
Seat 8: ivan69252 (big blind) folded before Flop



PokerStars Hand #228145759266:  Hold'em No Limit ($0.01/$0.02 USD) - 2021/07/08 11:27:15 PT [2021/07/08 14:27:15 ET]
Table 'Alkmene IV' 9-max Seat #6 is the button
Seat 1: 69predato865 ($1.97 in chips) 
Seat 2: Dong42069 ($2.77 in chips) 
Seat 4: MauriFierro27 ($2 in chips) 
Seat 5: infiniti888 ($0.81 in chips) 
Seat 6: Dorex2007 ($1.97 in chips) 
Seat 8: ivan69252 ($0.88 in chips) 
SvenGeir joins the table at seat #9 
ivan69252: posts small blind $0.01
69predato865: posts big blind $0.02
Abonka: sits out 
*** HOLE CARDS ***
Dealt to Dorex2007 [As Qc]
Dong42069: raises $0.03 to $0.05
MauriFierro27: calls $0.05
infiniti888: folds 
Dorex2007: calls $0.05
ivan69252: folds 
69predato865: folds 
*** FLOP *** [Js Kh 6d]
Dong42069: checks 
MauriFierro27: checks 
Dorex2007: bets $0.11
Dong42069: calls $0.11
MauriFierro27: folds 
*** TURN *** [Js Kh 6d] [6s]
Dong42069: checks 
Dorex2007: checks 
*** RIVER *** [Js Kh 6d 6s] [3c]
Dong42069: checks 
Dorex2007: bets $0.20
Dong42069: raises $0.45 to $0.65
Dorex2007: folds 
Uncalled bet ($0.45) returned to Dong42069
Dong42069 collected $0.77 from pot
Dong42069: doesn't show hand 
*** SUMMARY ***
Total pot $0.80 | Rake $0.03 
Board [Js Kh 6d 6s 3c]
Seat 1: 69predato865 (big blind) folded before Flop
Seat 2: Dong42069 collected ($0.77)
Seat 4: MauriFierro27 folded on the Flop
Seat 5: infiniti888 folded before Flop (didn't bet)
Seat 6: Dorex2007 (button) folded on the River
Seat 8: ivan69252 (small blind) folded before Flop



PokerStars Hand #228145784866:  Hold'em No Limit ($0.01/$0.02 USD) - 2021/07/08 11:28:17 PT [2021/07/08 14:28:17 ET]
Table 'Alkmene IV' 9-max Seat #8 is the button
Seat 1: 69predato865 ($1.95 in chips) 
Seat 2: Dong42069 ($3.18 in chips) 
Seat 4: MauriFierro27 ($2 in chips) 
Seat 5: infiniti888 ($0.81 in chips) 
Seat 6: Dorex2007 ($2 in chips) 
Seat 7: Tavrus32 ($2.27 in chips) 
Seat 8: ivan69252 ($0.87 in chips) 
69predato865: posts small blind $0.01
Dong42069: posts big blind $0.02
Abonka: sits out 
Tavrus32: posts small & big blinds $0.03
*** HOLE CARDS ***
Dealt to Dorex2007 [6d 6s]
MauriFierro27: folds 
infiniti888: folds 
Dorex2007: raises $0.02 to $0.04
Tavrus32: calls $0.02
ivan69252: folds 
69predato865: folds 
Dong42069: calls $0.02
*** FLOP *** [Qc 5d 6h]
Dong42069: checks 
Dorex2007: checks 
Tavrus32: checks 
*** TURN *** [Qc 5d 6h] [Jd]
Dong42069: bets $0.10
Dorex2007: calls $0.10
Tavrus32: folds 
*** RIVER *** [Qc 5d 6h Jd] [Jh]
Dong42069: bets $0.14
Dorex2007: raises $1.72 to $1.86 and is all-in
Dong42069: calls $1.72
*** SHOW DOWN ***
Dorex2007: shows [6d 6s] (a full house, Sixes full of Jacks)
Dong42069: shows [8s Qh] (two pair, Queens and Jacks)
Dorex2007 collected $3.92 from pot
*** SUMMARY ***
Total pot $4.06 | Rake $0.14 
Board [Qc 5d 6h Jd Jh]
Seat 1: 69predato865 (small blind) folded before Flop
Seat 2: Dong42069 (big blind) showed [8s Qh] and lost with two pair, Queens and Jacks
Seat 4: MauriFierro27 folded before Flop (didn't bet)
Seat 5: infiniti888 folded before Flop (didn't bet)
Seat 6: Dorex2007 showed [6d 6s] and won ($3.92) with a full house, Sixes full of Jacks
Seat 7: Tavrus32 folded on the Turn
Seat 8: ivan69252 (button) folded before Flop (didn't bet)



PokerStars Hand #228145822260:  Hold'em No Limit ($0.01/$0.02 USD) - 2021/07/08 11:29:49 PT [2021/07/08 14:29:49 ET]
Table 'Alkmene IV' 9-max Seat #1 is the button
Seat 1: 69predato865 ($1.94 in chips) 
Seat 2: Dong42069 ($2 in chips) 
Seat 3: Abonka ($0.80 in chips) 
Seat 4: MauriFierro27 ($2 in chips) 
Seat 5: infiniti888 ($0.81 in chips) 
Seat 6: Dorex2007 ($3.92 in chips) 
Seat 7: Tavrus32 ($2.22 in chips) 
Seat 8: ivan69252 ($0.87 in chips) 
Dong42069: posts small blind $0.01
Abonka: posts big blind $0.02
SvenGeir: sits out 
*** HOLE CARDS ***
Dealt to Dorex2007 [Ad 3h]
MauriFierro27: raises $0.05 to $0.07
infiniti888: folds 
Dorex2007: folds 
Tavrus32: folds 
ivan69252: folds 
69predato865: folds 
Dong42069: folds 
Abonka: folds 
Uncalled bet ($0.05) returned to MauriFierro27
Dong42069 leaves the table
MauriFierro27 collected $0.05 from pot
*** SUMMARY ***
Total pot $0.05 | Rake $0 
Seat 1: 69predato865 (button) folded before Flop (didn't bet)
Seat 2: Dong42069 (small blind) folded before Flop
Seat 3: Abonka (big blind) folded before Flop
Seat 4: MauriFierro27 collected ($0.05)
Seat 5: infiniti888 folded before Flop (didn't bet)
Seat 6: Dorex2007 folded before Flop (didn't bet)
Seat 7: Tavrus32 folded before Flop (didn't bet)
Seat 8: ivan69252 folded before Flop (didn't bet)



PokerStars Hand #228145832716:  Hold'em No Limit ($0.01/$0.02 USD) - 2021/07/08 11:30:13 PT [2021/07/08 14:30:13 ET]
Table 'Alkmene IV' 9-max Seat #3 is the button
Seat 1: 69predato865 ($1.94 in chips) 
Seat 3: Abonka ($0.78 in chips) 
Seat 4: MauriFierro27 ($2.03 in chips) 
Seat 5: infiniti888 ($0.81 in chips) 
Seat 6: Dorex2007 ($3.92 in chips) 
Seat 7: Tavrus32 ($2.22 in chips) 
Seat 8: ivan69252 ($0.87 in chips) 
MauriFierro27: posts small blind $0.01
infiniti888: posts big blind $0.02
SvenGeir: sits out 
*** HOLE CARDS ***
Dealt to Dorex2007 [2h Ad]
Dorex2007: folds 
Tavrus32: folds 
Tavrus32 leaves the table
ivan69252: calls $0.02
69predato865: folds 
Abonka: calls $0.02
MauriFierro27: raises $0.18 to $0.20
infiniti888: folds 
ivan69252: raises $0.44 to $0.64
Abonka: folds 
MauriFierro27: raises $0.44 to $1.08
ivan69252: calls $0.23 and is all-in
Uncalled bet ($0.21) returned to MauriFierro27
*** FLOP *** [3d Js 6s]
megazanos joins the table at seat #2 
*** TURN *** [3d Js 6s] [5c]
Xren_c_bura joins the table at seat #7 
*** RIVER *** [3d Js 6s 5c] [7s]
*** SHOW DOWN ***
MauriFierro27: shows [Kc 9d] (high card King)
ivan69252: shows [7c 7h] (three of a kind, Sevens)
ivan69252 collected $1.72 from pot
*** SUMMARY ***
Total pot $1.78 | Rake $0.06 
Board [3d Js 6s 5c 7s]
Seat 1: 69predato865 folded before Flop (didn't bet)
Seat 3: Abonka (button) folded before Flop
Seat 4: MauriFierro27 (small blind) showed [Kc 9d] and lost with high card King
Seat 5: infiniti888 (big blind) folded before Flop
Seat 6: Dorex2007 folded before Flop (didn't bet)
Seat 7: Tavrus32 folded before Flop (didn't bet)
Seat 8: ivan69252 showed [7c 7h] and won ($1.72) with three of a kind, Sevens



PokerStars Hand #228145854353:  Hold'em No Limit ($0.01/$0.02 USD) - 2021/07/08 11:31:06 PT [2021/07/08 14:31:06 ET]
Table 'Alkmene IV' 9-max Seat #4 is the button
Seat 1: 69predato865 ($1.94 in chips) 
Seat 3: Abonka ($0.76 in chips) 
Seat 4: MauriFierro27 ($2 in chips) 
Seat 5: infiniti888 ($0.79 in chips) 
Seat 6: Dorex2007 ($3.92 in chips) 
Seat 8: ivan69252 ($1.72 in chips) 
infiniti888: posts small blind $0.01
Dorex2007: posts big blind $0.02
Xren_c_bura: sits out 
SvenGeir: sits out 
megazanos: sits out 
*** HOLE CARDS ***
Dealt to Dorex2007 [Ac 3s]
ivan69252: folds 
69predato865: folds 
Abonka: folds 
MauriFierro27: raises $0.06 to $0.08
infiniti888: folds 
Dorex2007: folds 
Uncalled bet ($0.06) returned to MauriFierro27
MauriFierro27 collected $0.05 from pot
*** SUMMARY ***
Total pot $0.05 | Rake $0 
Seat 1: 69predato865 folded before Flop (didn't bet)
Seat 3: Abonka folded before Flop (didn't bet)
Seat 4: MauriFierro27 (button) collected ($0.05)
Seat 5: infiniti888 (small blind) folded before Flop
Seat 6: Dorex2007 (big blind) folded before Flop
Seat 8: ivan69252 folded before Flop (didn't bet)



PokerStars Hand #228145865078:  Hold'em No Limit ($0.01/$0.02 USD) - 2021/07/08 11:31:32 PT [2021/07/08 14:31:32 ET]
Table 'Alkmene IV' 9-max Seat #5 is the button
Seat 1: 69predato865 ($1.94 in chips) 
Seat 3: Abonka ($0.76 in chips) 
Seat 4: MauriFierro27 ($2.03 in chips) 
Seat 5: infiniti888 ($0.78 in chips) 
Seat 6: Dorex2007 ($3.90 in chips) 
Seat 7: Xren_c_bura ($2 in chips) 
Seat 8: ivan69252 ($1.72 in chips) 
Dorex2007: posts small blind $0.01
Xren_c_bura: posts big blind $0.02
SvenGeir: sits out 
megazanos: sits out 
*** HOLE CARDS ***
Dealt to Dorex2007 [3c 8h]
ivan69252: calls $0.02
69predato865: folds 
Abonka: folds 
MauriFierro27: folds 
infiniti888: folds 
Dorex2007: folds 
Xren_c_bura: checks 
*** FLOP *** [Td 9h Jh]
Xren_c_bura: bets $0.03
ivan69252: calls $0.03
*** TURN *** [Td 9h Jh] [Jc]
Xren_c_bura: bets $0.22
ivan69252: folds 
Uncalled bet ($0.22) returned to Xren_c_bura
Xren_c_bura collected $0.11 from pot
Xren_c_bura: doesn't show hand 
*** SUMMARY ***
Total pot $0.11 | Rake $0 
Board [Td 9h Jh Jc]
Seat 1: 69predato865 folded before Flop (didn't bet)
Seat 3: Abonka folded before Flop (didn't bet)
Seat 4: MauriFierro27 folded before Flop (didn't bet)
Seat 5: infiniti888 (button) folded before Flop (didn't bet)
Seat 6: Dorex2007 (small blind) folded before Flop
Seat 7: Xren_c_bura (big blind) collected ($0.11)
Seat 8: ivan69252 folded on the Turn



PokerStars Hand #228145876034:  Hold'em No Limit ($0.01/$0.02 USD) - 2021/07/08 11:31:58 PT [2021/07/08 14:31:58 ET]
Table 'Alkmene IV' 9-max Seat #6 is the button
Seat 1: 69predato865 ($1.94 in chips) 
Seat 3: Abonka ($0.76 in chips) 
Seat 4: MauriFierro27 ($2.03 in chips) 
Seat 5: infiniti888 ($0.78 in chips) 
Seat 6: Dorex2007 ($3.89 in chips) 
Seat 7: Xren_c_bura ($2.06 in chips) 
Seat 8: ivan69252 ($1.67 in chips) 
Xren_c_bura: posts small blind $0.01
ivan69252: posts big blind $0.02
SvenGeir: sits out 
megazanos: sits out 
*** HOLE CARDS ***
Dealt to Dorex2007 [3s 2h]
69predato865: folds 
Abonka: calls $0.02
MauriFierro27: folds 
infiniti888: folds 
Dorex2007: folds 
Xren_c_bura: folds 
ivan69252: checks 
*** FLOP *** [5h 9c 8s]
ivan69252: checks 
Abonka: checks 
*** TURN *** [5h 9c 8s] [5c]
ivan69252: bets $0.02
Abonka: folds 
Uncalled bet ($0.02) returned to ivan69252
ivan69252 collected $0.05 from pot
ivan69252: doesn't show hand 
*** SUMMARY ***
Total pot $0.05 | Rake $0 
Board [5h 9c 8s 5c]
Seat 1: 69predato865 folded before Flop (didn't bet)
Seat 3: Abonka folded on the Turn
Seat 4: MauriFierro27 folded before Flop (didn't bet)
Seat 5: infiniti888 folded before Flop (didn't bet)
Seat 6: Dorex2007 (button) folded before Flop (didn't bet)
Seat 7: Xren_c_bura (small blind) folded before Flop
Seat 8: ivan69252 (big blind) collected ($0.05)



PokerStars Hand #228145889599:  Hold'em No Limit ($0.01/$0.02 USD) - 2021/07/08 11:32:31 PT [2021/07/08 14:32:31 ET]
Table 'Alkmene IV' 9-max Seat #7 is the button
Seat 1: 69predato865 ($1.94 in chips) 
Seat 3: Abonka ($0.74 in chips) 
Seat 4: MauriFierro27 ($2.03 in chips) 
Seat 5: infiniti888 ($0.78 in chips) 
Seat 6: Dorex2007 ($3.89 in chips) 
Seat 7: Xren_c_bura ($2.05 in chips) 
Seat 8: ivan69252 ($1.70 in chips) 
Seat 9: SvenGeir ($2 in chips) 
ivan69252: posts small blind $0.01
SvenGeir: posts big blind $0.02
megazanos: sits out 
*** HOLE CARDS ***
Dealt to Dorex2007 [Td 2s]
69predato865: folds 
Abonka: folds 
MauriFierro27: folds 
infiniti888: calls $0.02
Dorex2007: folds 
Xren_c_bura: folds 
ivan69252: calls $0.01
SvenGeir: checks 
*** FLOP *** [Th Js 9d]
ivan69252: checks 
SvenGeir: checks 
infiniti888: checks 
*** TURN *** [Th Js 9d] [3h]
ivan69252: bets $0.06
SvenGeir: calls $0.06
infiniti888: folds 
*** RIVER *** [Th Js 9d 3h] [9s]
ivan69252: bets $0.17
SvenGeir: folds 
Uncalled bet ($0.17) returned to ivan69252
ivan69252 collected $0.17 from pot
ivan69252: doesn't show hand 
*** SUMMARY ***
Total pot $0.18 | Rake $0.01 
Board [Th Js 9d 3h 9s]
Seat 1: 69predato865 folded before Flop (didn't bet)
Seat 3: Abonka folded before Flop (didn't bet)
Seat 4: MauriFierro27 folded before Flop (didn't bet)
Seat 5: infiniti888 folded on the Turn
Seat 6: Dorex2007 folded before Flop (didn't bet)
Seat 7: Xren_c_bura (button) folded before Flop (didn't bet)
Seat 8: ivan69252 (small blind) collected ($0.17)
Seat 9: SvenGeir (big blind) folded on the River



PokerStars Hand #228145914475:  Hold'em No Limit ($0.01/$0.02 USD) - 2021/07/08 11:33:31 PT [2021/07/08 14:33:31 ET]
Table 'Alkmene IV' 9-max Seat #8 is the button
Seat 1: 69predato865 ($1.94 in chips) 
Seat 3: Abonka ($0.74 in chips) 
Seat 4: MauriFierro27 ($2.03 in chips) 
Seat 5: infiniti888 ($0.76 in chips) 
Seat 6: Dorex2007 ($3.89 in chips) 
Seat 7: Xren_c_bura ($2.05 in chips) 
Seat 8: ivan69252 ($1.79 in chips) 
Seat 9: SvenGeir ($1.92 in chips) 
SvenGeir: posts small blind $0.01
69predato865: posts big blind $0.02
megazanos: sits out 
*** HOLE CARDS ***
Dealt to Dorex2007 [2d Ah]
Abonka: folds 
MauriFierro27: folds 
infiniti888: folds 
Dorex2007: folds 
Xren_c_bura: folds 
ivan69252: calls $0.02
SvenGeir: folds 
69predato865: checks 
*** FLOP *** [Ac Tc 8h]
69predato865: checks 
ivan69252: bets $0.02
69predato865: folds 
Uncalled bet ($0.02) returned to ivan69252
ivan69252 collected $0.05 from pot
ivan69252: doesn't show hand 
*** SUMMARY ***
Total pot $0.05 | Rake $0 
Board [Ac Tc 8h]
Seat 1: 69predato865 (big blind) folded on the Flop
Seat 3: Abonka folded before Flop (didn't bet)
Seat 4: MauriFierro27 folded before Flop (didn't bet)
Seat 5: infiniti888 folded before Flop (didn't bet)
Seat 6: Dorex2007 folded before Flop (didn't bet)
Seat 7: Xren_c_bura folded before Flop (didn't bet)
Seat 8: ivan69252 (button) collected ($0.05)
Seat 9: SvenGeir (small blind) folded before Flop



PokerStars Hand #228145927111:  Hold'em No Limit ($0.01/$0.02 USD) - 2021/07/08 11:34:01 PT [2021/07/08 14:34:01 ET]
Table 'Alkmene IV' 9-max Seat #9 is the button
Seat 1: 69predato865 ($1.92 in chips) 
Seat 2: megazanos ($2 in chips) 
Seat 3: Abonka ($0.74 in chips) 
Seat 4: MauriFierro27 ($2.03 in chips) 
Seat 5: infiniti888 ($0.76 in chips) 
Seat 6: Dorex2007 ($3.89 in chips) 
Seat 7: Xren_c_bura ($2.05 in chips) 
Seat 8: ivan69252 ($1.82 in chips) 
Seat 9: SvenGeir ($1.91 in chips) 
69predato865: posts small blind $0.01
megazanos: posts big blind $0.02
*** HOLE CARDS ***
Dealt to Dorex2007 [2d As]
Abonka: folds 
MauriFierro27: folds 
infiniti888: folds 
Dorex2007: folds 
Xren_c_bura: folds 
ivan69252: folds 
SvenGeir: folds 
69predato865: calls $0.01
megazanos: raises $0.06 to $0.08
69predato865: calls $0.06
*** FLOP *** [Qd Ad Jc]
69predato865: checks 
megazanos: bets $0.10
69predato865: folds 
Uncalled bet ($0.10) returned to megazanos
megazanos collected $0.15 from pot
megazanos: doesn't show hand 
*** SUMMARY ***
Total pot $0.16 | Rake $0.01 
Board [Qd Ad Jc]
Seat 1: 69predato865 (small blind) folded on the Flop
Seat 2: megazanos (big blind) collected ($0.15)
Seat 3: Abonka folded before Flop (didn't bet)
Seat 4: MauriFierro27 folded before Flop (didn't bet)
Seat 5: infiniti888 folded before Flop (didn't bet)
Seat 6: Dorex2007 folded before Flop (didn't bet)
Seat 7: Xren_c_bura folded before Flop (didn't bet)
Seat 8: ivan69252 folded before Flop (didn't bet)
Seat 9: SvenGeir (button) folded before Flop (didn't bet)



PokerStars Hand #228145940821:  Hold'em No Limit ($0.01/$0.02 USD) - 2021/07/08 11:34:34 PT [2021/07/08 14:34:34 ET]
Table 'Alkmene IV' 9-max Seat #1 is the button
Seat 1: 69predato865 ($1.84 in chips) 
Seat 2: megazanos ($2.07 in chips) 
Seat 3: Abonka ($0.74 in chips) 
Seat 4: MauriFierro27 ($2.03 in chips) 
Seat 5: infiniti888 ($0.76 in chips) 
Seat 6: Dorex2007 ($3.89 in chips) 
Seat 7: Xren_c_bura ($2.05 in chips) 
Seat 8: ivan69252 ($1.82 in chips) 
Seat 9: SvenGeir ($1.91 in chips) 
megazanos: posts small blind $0.01
Abonka: posts big blind $0.02
*** HOLE CARDS ***
Dealt to Dorex2007 [7h 8h]
MauriFierro27: raises $0.03 to $0.05
infiniti888 has timed out
infiniti888: folds 
Dorex2007: folds 
Xren_c_bura: folds 
ivan69252: folds 
SvenGeir: folds 
69predato865: folds 
ivan69252 leaves the table
megazanos: folds 
Abonka: folds 
Uncalled bet ($0.03) returned to MauriFierro27
MauriFierro27 collected $0.05 from pot
*** SUMMARY ***
Total pot $0.05 | Rake $0 
Seat 1: 69predato865 (button) folded before Flop (didn't bet)
Seat 2: megazanos (small blind) folded before Flop
Seat 3: Abonka (big blind) folded before Flop
Seat 4: MauriFierro27 collected ($0.05)
Seat 5: infiniti888 folded before Flop (didn't bet)
Seat 6: Dorex2007 folded before Flop (didn't bet)
Seat 7: Xren_c_bura folded before Flop (didn't bet)
Seat 8: ivan69252 folded before Flop (didn't bet)
Seat 9: SvenGeir folded before Flop (didn't bet)



PokerStars Hand #228145953386:  Hold'em No Limit ($0.01/$0.02 USD) - 2021/07/08 11:35:03 PT [2021/07/08 14:35:03 ET]
Table 'Alkmene IV' 9-max Seat #2 is the button
Seat 1: 69predato865 ($1.84 in chips) 
Seat 2: megazanos ($2.06 in chips) 
Seat 3: Abonka ($0.72 in chips) 
Seat 4: MauriFierro27 ($2.06 in chips) 
Seat 5: infiniti888 ($0.76 in chips) 
Seat 6: Dorex2007 ($3.89 in chips) 
Seat 7: Xren_c_bura ($2.05 in chips) 
Seat 9: SvenGeir ($2 in chips) 
Abonka: posts small blind $0.01
MauriFierro27: posts big blind $0.02
*** HOLE CARDS ***
Dealt to Dorex2007 [Th 4d]
landeigenaar joins the table at seat #8 
infiniti888: folds 
Dorex2007: folds 
Xren_c_bura: folds 
SvenGeir: folds 
69predato865: calls $0.02
megazanos: folds 
Abonka: calls $0.01
MauriFierro27: raises $0.04 to $0.06
69predato865: calls $0.04
Abonka: raises $0.66 to $0.72 and is all-in
MauriFierro27: calls $0.66
69predato865: folds 
*** FLOP *** [8h 7c 7s]
*** TURN *** [8h 7c 7s] [Js]
*** RIVER *** [8h 7c 7s Js] [5d]
*** SHOW DOWN ***
Abonka: shows [Ks Kc] (two pair, Kings and Sevens)
MauriFierro27: shows [Jh Ts] (two pair, Jacks and Sevens)
Abonka cashed out the hand for $1.22 | Cash Out Fee $0.01
*** SUMMARY ***
Total pot $1.50 | Rake $0.05 
Board [8h 7c 7s Js 5d]
Seat 1: 69predato865 folded before Flop
Seat 2: megazanos (button) folded before Flop (didn't bet)
Seat 3: Abonka (small blind) showed [Ks Kc] and won ($1.45) with two pair, Kings and Sevens (pot not awarded as player cashed out)
Seat 4: MauriFierro27 (big blind) showed [Jh Ts] and lost with two pair, Jacks and Sevens
Seat 5: infiniti888 folded before Flop (didn't bet)
Seat 6: Dorex2007 folded before Flop (didn't bet)
Seat 7: Xren_c_bura folded before Flop (didn't bet)
Seat 9: SvenGeir folded before Flop (didn't bet)



PokerStars Hand #228145972369:  Hold'em No Limit ($0.01/$0.02 USD) - 2021/07/08 11:35:49 PT [2021/07/08 14:35:49 ET]
Table 'Alkmene IV' 9-max Seat #3 is the button
Seat 1: 69predato865 ($1.78 in chips) 
Seat 2: megazanos ($2.06 in chips) 
Seat 3: Abonka ($1.22 in chips) 
Seat 4: MauriFierro27 ($2 in chips) 
Seat 5: infiniti888 ($0.76 in chips) 
Seat 6: Dorex2007 ($3.89 in chips) 
Seat 7: Xren_c_bura ($2.05 in chips) 
Seat 9: SvenGeir ($2 in chips) 
MauriFierro27: posts small blind $0.01
infiniti888: posts big blind $0.02
landeigenaar: sits out 
*** HOLE CARDS ***
Dealt to Dorex2007 [Tc Td]
Dorex2007: raises $0.04 to $0.06
Xren_c_bura: folds 
SvenGeir: calls $0.06
69predato865: folds 
megazanos: folds 
Abonka: folds 
MauriFierro27: raises $0.30 to $0.36
infiniti888: folds 
Dorex2007: folds 
SvenGeir: folds 
Uncalled bet ($0.30) returned to MauriFierro27
MauriFierro27 collected $0.20 from pot
*** SUMMARY ***
Total pot $0.20 | Rake $0 
Seat 1: 69predato865 folded before Flop (didn't bet)
Seat 2: megazanos folded before Flop (didn't bet)
Seat 3: Abonka (button) folded before Flop (didn't bet)
Seat 4: MauriFierro27 (small blind) collected ($0.20)
Seat 5: infiniti888 (big blind) folded before Flop
Seat 6: Dorex2007 folded before Flop
Seat 7: Xren_c_bura folded before Flop (didn't bet)
Seat 9: SvenGeir folded before Flop



PokerStars Hand #228145983174:  Hold'em No Limit ($0.01/$0.02 USD) - 2021/07/08 11:36:14 PT [2021/07/08 14:36:14 ET]
Table 'Alkmene IV' 9-max Seat #4 is the button
Seat 1: 69predato865 ($1.78 in chips) 
Seat 2: megazanos ($2.06 in chips) 
Seat 3: Abonka ($1.22 in chips) 
Seat 4: MauriFierro27 ($2.14 in chips) 
Seat 5: infiniti888 ($0.74 in chips) 
Seat 6: Dorex2007 ($3.83 in chips) 
Seat 7: Xren_c_bura ($2.05 in chips) 
Seat 9: SvenGeir ($1.94 in chips) 
infiniti888: posts small blind $0.01
Dorex2007: posts big blind $0.02
landeigenaar: sits out 
*** HOLE CARDS ***
Dealt to Dorex2007 [Ac 8d]
Xren_c_bura: folds 
SvenGeir: folds 
69predato865: calls $0.02
megazanos: folds 
Abonka: folds 
MauriFierro27: raises $0.04 to $0.06
infiniti888: folds 
Dorex2007: folds 
69predato865: calls $0.04
*** FLOP *** [4h 7s 2h]
69predato865: checks 
MauriFierro27: bets $0.14
69predato865: folds 
Uncalled bet ($0.14) returned to MauriFierro27
MauriFierro27 collected $0.14 from pot
*** SUMMARY ***
Total pot $0.15 | Rake $0.01 
Board [4h 7s 2h]
Seat 1: 69predato865 folded on the Flop
Seat 2: megazanos folded before Flop (didn't bet)
Seat 3: Abonka folded before Flop (didn't bet)
Seat 4: MauriFierro27 (button) collected ($0.14)
Seat 5: infiniti888 (small blind) folded before Flop
Seat 6: Dorex2007 (big blind) folded before Flop
Seat 7: Xren_c_bura folded before Flop (didn't bet)
Seat 9: SvenGeir folded before Flop (didn't bet)



PokerStars Hand #228145996777:  Hold'em No Limit ($0.01/$0.02 USD) - 2021/07/08 11:36:47 PT [2021/07/08 14:36:47 ET]
Table 'Alkmene IV' 9-max Seat #5 is the button
Seat 1: 69predato865 ($1.72 in chips) 
Seat 2: megazanos ($2.06 in chips) 
Seat 3: Abonka ($1.22 in chips) 
Seat 4: MauriFierro27 ($2.22 in chips) 
Seat 5: infiniti888 ($0.73 in chips) 
Seat 6: Dorex2007 ($3.81 in chips) 
Seat 7: Xren_c_bura ($2.05 in chips) 
Seat 9: SvenGeir ($2 in chips) 
Dorex2007: posts small blind $0.01
Xren_c_bura: posts big blind $0.02
landeigenaar: sits out 
*** HOLE CARDS ***
Dealt to Dorex2007 [6c Ad]
SvenGeir: raises $0.04 to $0.06
69predato865: folds 
megazanos: folds 
Abonka: folds 
MauriFierro27: folds 
infiniti888: folds 
Dorex2007: folds 
Xren_c_bura: folds 
Uncalled bet ($0.04) returned to SvenGeir
SvenGeir collected $0.05 from pot
SvenGeir: doesn't show hand 
*** SUMMARY ***
Total pot $0.05 | Rake $0 
Seat 1: 69predato865 folded before Flop (didn't bet)
Seat 2: megazanos folded before Flop (didn't bet)
Seat 3: Abonka folded before Flop (didn't bet)
Seat 4: MauriFierro27 folded before Flop (didn't bet)
Seat 5: infiniti888 (button) folded before Flop (didn't bet)
Seat 6: Dorex2007 (small blind) folded before Flop
Seat 7: Xren_c_bura (big blind) folded before Flop
Seat 9: SvenGeir collected ($0.05)



PokerStars Hand #228146002826:  Hold'em No Limit ($0.01/$0.02 USD) - 2021/07/08 11:37:01 PT [2021/07/08 14:37:01 ET]
Table 'Alkmene IV' 9-max Seat #6 is the button
Seat 1: 69predato865 ($1.72 in chips) 
Seat 2: megazanos ($2.06 in chips) 
Seat 3: Abonka ($1.22 in chips) 
Seat 4: MauriFierro27 ($2.22 in chips) 
Seat 5: infiniti888 ($0.73 in chips) 
Seat 6: Dorex2007 ($3.80 in chips) 
Seat 7: Xren_c_bura ($2.03 in chips) 
Seat 8: landeigenaar ($0.80 in chips) 
Seat 9: SvenGeir ($2.03 in chips) 
Xren_c_bura: posts small blind $0.01
landeigenaar: posts big blind $0.02
*** HOLE CARDS ***
Dealt to Dorex2007 [6h Kc]
SvenGeir: folds 
69predato865: calls $0.02
megazanos: raises $0.06 to $0.08
Abonka: folds 
MauriFierro27: folds 
infiniti888: folds 
Dorex2007: folds 
Xren_c_bura: folds 
landeigenaar: folds 
69predato865: calls $0.06
*** FLOP *** [3s 5c 7c]
69predato865: checks 
megazanos: bets $0.12
69predato865: folds 
Uncalled bet ($0.12) returned to megazanos
megazanos collected $0.18 from pot
megazanos: doesn't show hand 
*** SUMMARY ***
Total pot $0.19 | Rake $0.01 
Board [3s 5c 7c]
Seat 1: 69predato865 folded on the Flop
Seat 2: megazanos collected ($0.18)
Seat 3: Abonka folded before Flop (didn't bet)
Seat 4: MauriFierro27 folded before Flop (didn't bet)
Seat 5: infiniti888 folded before Flop (didn't bet)
Seat 6: Dorex2007 (button) folded before Flop (didn't bet)
Seat 7: Xren_c_bura (small blind) folded before Flop
Seat 8: landeigenaar (big blind) folded before Flop
Seat 9: SvenGeir folded before Flop (didn't bet)



PokerStars Hand #228146018747:  Hold'em No Limit ($0.01/$0.02 USD) - 2021/07/08 11:37:39 PT [2021/07/08 14:37:39 ET]
Table 'Alkmene IV' 9-max Seat #7 is the button
Seat 1: 69predato865 ($1.64 in chips) 
Seat 2: megazanos ($2.16 in chips) 
Seat 3: Abonka ($1.22 in chips) 
Seat 4: MauriFierro27 ($2.22 in chips) 
Seat 5: infiniti888 ($0.73 in chips) 
Seat 6: Dorex2007 ($3.80 in chips) 
Seat 7: Xren_c_bura ($2.02 in chips) 
Seat 8: landeigenaar ($0.78 in chips) 
Seat 9: SvenGeir ($2.03 in chips) 
landeigenaar: posts small blind $0.01
SvenGeir: posts big blind $0.02
*** HOLE CARDS ***
Dealt to Dorex2007 [2h 9d]
69predato865: folds 
megazanos: folds 
Abonka: folds 
MauriFierro27: folds 
infiniti888: folds 
Dorex2007: folds 
Xren_c_bura: raises $0.04 to $0.06
landeigenaar: folds 
SvenGeir: calls $0.04
*** FLOP *** [2c Ks 4d]
SvenGeir: checks 
Xren_c_bura: bets $0.09
SvenGeir: folds 
Uncalled bet ($0.09) returned to Xren_c_bura
Xren_c_bura collected $0.13 from pot
Xren_c_bura: doesn't show hand 
*** SUMMARY ***
Total pot $0.13 | Rake $0 
Board [2c Ks 4d]
Seat 1: 69predato865 folded before Flop (didn't bet)
Seat 2: megazanos folded before Flop (didn't bet)
Seat 3: Abonka folded before Flop (didn't bet)
Seat 4: MauriFierro27 folded before Flop (didn't bet)
Seat 5: infiniti888 folded before Flop (didn't bet)
Seat 6: Dorex2007 folded before Flop (didn't bet)
Seat 7: Xren_c_bura (button) collected ($0.13)
Seat 8: landeigenaar (small blind) folded before Flop
Seat 9: SvenGeir (big blind) folded on the Flop



PokerStars Hand #228146032806:  Hold'em No Limit ($0.01/$0.02 USD) - 2021/07/08 11:38:12 PT [2021/07/08 14:38:12 ET]
Table 'Alkmene IV' 9-max Seat #8 is the button
Seat 1: 69predato865 ($1.64 in chips) 
Seat 2: megazanos ($2.16 in chips) 
Seat 3: Abonka ($1.22 in chips) 
Seat 4: MauriFierro27 ($2.22 in chips) 
Seat 5: infiniti888 ($0.73 in chips) 
Seat 6: Dorex2007 ($3.80 in chips) 
Seat 7: Xren_c_bura ($2.09 in chips) 
Seat 8: landeigenaar ($0.77 in chips) 
Seat 9: SvenGeir ($1.97 in chips) 
SvenGeir: posts small blind $0.01
69predato865: posts big blind $0.02
*** HOLE CARDS ***
Dealt to Dorex2007 [4h 5h]
megazanos: folds 
Abonka: folds 
MauriFierro27: folds 
infiniti888: calls $0.02
Dorex2007: folds 
Xren_c_bura: folds 
landeigenaar: calls $0.02
SvenGeir: folds 
69predato865: checks 
*** FLOP *** [3c Td 9d]
69predato865: bets $0.07
infiniti888: folds 
landeigenaar: folds 
Uncalled bet ($0.07) returned to 69predato865
69predato865 collected $0.07 from pot
69predato865: doesn't show hand 
*** SUMMARY ***
Total pot $0.07 | Rake $0 
Board [3c Td 9d]
Seat 1: 69predato865 (big blind) collected ($0.07)
Seat 2: megazanos folded before Flop (didn't bet)
Seat 3: Abonka folded before Flop (didn't bet)
Seat 4: MauriFierro27 folded before Flop (didn't bet)
Seat 5: infiniti888 folded on the Flop
Seat 6: Dorex2007 folded before Flop (didn't bet)
Seat 7: Xren_c_bura folded before Flop (didn't bet)
Seat 8: landeigenaar (button) folded on the Flop
Seat 9: SvenGeir (small blind) folded before Flop



PokerStars Hand #228146044054:  Hold'em No Limit ($0.01/$0.02 USD) - 2021/07/08 11:38:39 PT [2021/07/08 14:38:39 ET]
Table 'Alkmene IV' 9-max Seat #9 is the button
Seat 1: 69predato865 ($1.69 in chips) 
Seat 2: megazanos ($2.16 in chips) 
Seat 3: Abonka ($1.22 in chips) 
Seat 4: MauriFierro27 ($2.22 in chips) 
Seat 5: infiniti888 ($0.71 in chips) 
Seat 6: Dorex2007 ($3.80 in chips) 
Seat 7: Xren_c_bura ($2.09 in chips) 
Seat 8: landeigenaar ($0.75 in chips) 
Seat 9: SvenGeir ($1.96 in chips) 
69predato865: posts small blind $0.01
megazanos: posts big blind $0.02
*** HOLE CARDS ***
Dealt to Dorex2007 [4d Kc]
Abonka: folds 
MauriFierro27: folds 
infiniti888: folds 
Dorex2007: folds 
Xren_c_bura: folds 
landeigenaar: folds 
SvenGeir: folds 
69predato865: folds 
Uncalled bet ($0.01) returned to megazanos
megazanos collected $0.02 from pot
megazanos: doesn't show hand 
*** SUMMARY ***
Total pot $0.02 | Rake $0 
Seat 1: 69predato865 (small blind) folded before Flop
Seat 2: megazanos (big blind) collected ($0.02)
Seat 3: Abonka folded before Flop (didn't bet)
Seat 4: MauriFierro27 folded before Flop (didn't bet)
Seat 5: infiniti888 folded before Flop (didn't bet)
Seat 6: Dorex2007 folded before Flop (didn't bet)
Seat 7: Xren_c_bura folded before Flop (didn't bet)
Seat 8: landeigenaar folded before Flop (didn't bet)
Seat 9: SvenGeir (button) folded before Flop (didn't bet)



PokerStars Hand #228146048616:  Hold'em No Limit ($0.01/$0.02 USD) - 2021/07/08 11:38:50 PT [2021/07/08 14:38:50 ET]
Table 'Alkmene IV' 9-max Seat #1 is the button
Seat 1: 69predato865 ($1.68 in chips) 
Seat 2: megazanos ($2.17 in chips) 
Seat 4: MauriFierro27 ($2.22 in chips) 
Seat 5: infiniti888 ($0.71 in chips) 
Seat 6: Dorex2007 ($3.80 in chips) 
Seat 7: Xren_c_bura ($2.09 in chips) 
Seat 8: landeigenaar ($0.75 in chips) 
Seat 9: SvenGeir ($1.96 in chips) 
megazanos: posts small blind $0.01
MauriFierro27: posts big blind $0.02
*** HOLE CARDS ***
Dealt to Dorex2007 [6d 3d]
infiniti888: folds 
Dorex2007: folds 
Xren_c_bura: folds 
landeigenaar: calls $0.02
SvenGeir: folds 
69predato865: folds 
megazanos: folds 
MauriFierro27: checks 
*** FLOP *** [6h 9c Ah]
MauriFierro27: checks 
landeigenaar: bets $0.02
MauriFierro27: folds 
Uncalled bet ($0.02) returned to landeigenaar
landeigenaar collected $0.05 from pot
*** SUMMARY ***
Total pot $0.05 | Rake $0 
Board [6h 9c Ah]
Seat 1: 69predato865 (button) folded before Flop (didn't bet)
Seat 2: megazanos (small blind) folded before Flop
Seat 4: MauriFierro27 (big blind) folded on the Flop
Seat 5: infiniti888 folded before Flop (didn't bet)
Seat 6: Dorex2007 folded before Flop (didn't bet)
Seat 7: Xren_c_bura folded before Flop (didn't bet)
Seat 8: landeigenaar collected ($0.05)
Seat 9: SvenGeir folded before Flop (didn't bet)



PokerStars Hand #228146059104:  Hold'em No Limit ($0.01/$0.02 USD) - 2021/07/08 11:39:14 PT [2021/07/08 14:39:14 ET]
Table 'Alkmene IV' 9-max Seat #2 is the button
Seat 1: 69predato865 ($1.68 in chips) 
Seat 2: megazanos ($2.16 in chips) 
Seat 4: MauriFierro27 ($2.20 in chips) 
Seat 5: infiniti888 ($0.71 in chips) 
Seat 6: Dorex2007 ($3.80 in chips) 
Seat 7: Xren_c_bura ($2.09 in chips) 
Seat 8: landeigenaar ($0.78 in chips) 
Seat 9: SvenGeir ($1.96 in chips) 
MauriFierro27: posts small blind $0.01
infiniti888: posts big blind $0.02
*** HOLE CARDS ***
Dealt to Dorex2007 [Kd 7h]
Dorex2007: folds 
Xren_c_bura: folds 
landeigenaar: folds 
SvenGeir: folds 
69predato865: folds 
megazanos: folds 
MauriFierro27: calls $0.01
infiniti888: checks 
*** FLOP *** [6d 9c Td]
MauriFierro27: checks 
infiniti888: checks 
*** TURN *** [6d 9c Td] [Qs]
MauriFierro27: checks 
infiniti888: bets $0.04
MauriFierro27: calls $0.04
*** RIVER *** [6d 9c Td Qs] [Kc]
MauriFierro27: bets $0.20
infiniti888: calls $0.20
*** SHOW DOWN ***
MauriFierro27: shows [4c Jh] (a straight, Nine to King)
infiniti888: shows [Jd 8h] (a straight, Nine to King)
MauriFierro27 collected $0.25 from pot
infiniti888 collected $0.25 from pot
*** SUMMARY ***
Total pot $0.52 | Rake $0.02 
Board [6d 9c Td Qs Kc]
Seat 1: 69predato865 folded before Flop (didn't bet)
Seat 2: megazanos (button) folded before Flop (didn't bet)
Seat 4: MauriFierro27 (small blind) showed [4c Jh] and won ($0.25) with a straight, Nine to King
Seat 5: infiniti888 (big blind) showed [Jd 8h] and won ($0.25) with a straight, Nine to King
Seat 6: Dorex2007 folded before Flop (didn't bet)
Seat 7: Xren_c_bura folded before Flop (didn't bet)
Seat 8: landeigenaar folded before Flop (didn't bet)
Seat 9: SvenGeir folded before Flop (didn't bet)



PokerStars Hand #228146074715:  Hold'em No Limit ($0.01/$0.02 USD) - 2021/07/08 11:39:52 PT [2021/07/08 14:39:52 ET]
Table 'Alkmene IV' 9-max Seat #4 is the button
Seat 1: 69predato865 ($1.68 in chips) 
Seat 2: megazanos ($2.16 in chips) 
Seat 4: MauriFierro27 ($2.19 in chips) 
Seat 5: infiniti888 ($0.70 in chips) 
Seat 6: Dorex2007 ($3.80 in chips) 
Seat 7: Xren_c_bura ($2.09 in chips) 
Seat 8: landeigenaar ($0.78 in chips) 
Seat 9: SvenGeir ($1.96 in chips) 
infiniti888: posts small blind $0.01
Dorex2007: posts big blind $0.02
*** HOLE CARDS ***
Dealt to Dorex2007 [4h 6d]
Xren_c_bura: folds 
landeigenaar: folds 
SvenGeir has timed out
SvenGeir: folds 
69predato865: folds 
megazanos: folds 
MauriFierro27: folds 
infiniti888: folds 
Uncalled bet ($0.01) returned to Dorex2007
Dorex2007 collected $0.02 from pot
Dorex2007: doesn't show hand 
*** SUMMARY ***
Total pot $0.02 | Rake $0 
Seat 1: 69predato865 folded before Flop (didn't bet)
Seat 2: megazanos folded before Flop (didn't bet)
Seat 4: MauriFierro27 (button) folded before Flop (didn't bet)
Seat 5: infiniti888 (small blind) folded before Flop
Seat 6: Dorex2007 (big blind) collected ($0.02)
Seat 7: Xren_c_bura folded before Flop (didn't bet)
Seat 8: landeigenaar folded before Flop (didn't bet)
Seat 9: SvenGeir folded before Flop (didn't bet)



PokerStars Hand #228146086919:  Hold'em No Limit ($0.01/$0.02 USD) - 2021/07/08 11:40:21 PT [2021/07/08 14:40:21 ET]
Table 'Alkmene IV' 9-max Seat #5 is the button
Seat 1: 69predato865 ($1.68 in chips) 
Seat 2: megazanos ($2.16 in chips) 
Seat 4: MauriFierro27 ($2.19 in chips) 
Seat 5: infiniti888 ($0.69 in chips) 
Seat 6: Dorex2007 ($3.81 in chips) 
Seat 7: Xren_c_bura ($2.09 in chips) 
Seat 8: landeigenaar ($0.78 in chips) 
Seat 9: SvenGeir ($1.96 in chips) 
Dorex2007: posts small blind $0.01
Xren_c_bura: posts big blind $0.02
*** HOLE CARDS ***
Dealt to Dorex2007 [Ad Qh]
landeigenaar: folds 
SvenGeir: folds 
69predato865: folds 
megazanos: folds 
MauriFierro27: folds 
infiniti888: calls $0.02
Dorex2007: raises $0.04 to $0.06
Xren_c_bura: folds 
infiniti888: calls $0.04
*** FLOP *** [2c 4d Ks]
Dorex2007: checks 
infiniti888: checks 
*** TURN *** [2c 4d Ks] [6s]
Dorex2007: bets $0.14
infiniti888: folds 
Uncalled bet ($0.14) returned to Dorex2007
Dorex2007 collected $0.14 from pot
Dorex2007: doesn't show hand 
*** SUMMARY ***
Total pot $0.14 | Rake $0 
Board [2c 4d Ks 6s]
Seat 1: 69predato865 folded before Flop (didn't bet)
Seat 2: megazanos folded before Flop (didn't bet)
Seat 4: MauriFierro27 folded before Flop (didn't bet)
Seat 5: infiniti888 (button) folded on the Turn
Seat 6: Dorex2007 (small blind) collected ($0.14)
Seat 7: Xren_c_bura (big blind) folded before Flop
Seat 8: landeigenaar folded before Flop (didn't bet)
Seat 9: SvenGeir folded before Flop (didn't bet)



PokerStars Hand #228146100774:  Hold'em No Limit ($0.01/$0.02 USD) - 2021/07/08 11:40:53 PT [2021/07/08 14:40:53 ET]
Table 'Alkmene IV' 9-max Seat #6 is the button
Seat 1: 69predato865 ($1.68 in chips) 
Seat 2: megazanos ($2.16 in chips) 
Seat 4: MauriFierro27 ($2.19 in chips) 
Seat 5: infiniti888 ($0.63 in chips) 
Seat 6: Dorex2007 ($3.89 in chips) 
Seat 7: Xren_c_bura ($2.07 in chips) 
Seat 8: landeigenaar ($0.78 in chips) 
Seat 9: SvenGeir ($1.96 in chips) 
Xren_c_bura: posts small blind $0.01
landeigenaar: posts big blind $0.02
*** HOLE CARDS ***
Dealt to Dorex2007 [5h 7c]
SvenGeir: folds 
69predato865: folds 
megazanos: folds 
MauriFierro27: folds 
infiniti888: folds 
Dorex2007: folds 
Xren_c_bura: folds 
Uncalled bet ($0.01) returned to landeigenaar
landeigenaar collected $0.02 from pot
landeigenaar: doesn't show hand 
*** SUMMARY ***
Total pot $0.02 | Rake $0 
Seat 1: 69predato865 folded before Flop (didn't bet)
Seat 2: megazanos folded before Flop (didn't bet)
Seat 4: MauriFierro27 folded before Flop (didn't bet)
Seat 5: infiniti888 folded before Flop (didn't bet)
Seat 6: Dorex2007 (button) folded before Flop (didn't bet)
Seat 7: Xren_c_bura (small blind) folded before Flop
Seat 8: landeigenaar (big blind) collected ($0.02)
Seat 9: SvenGeir folded before Flop (didn't bet)



PokerStars Hand #228146104034:  Hold'em No Limit ($0.01/$0.02 USD) - 2021/07/08 11:41:01 PT [2021/07/08 14:41:01 ET]
Table 'Alkmene IV' 9-max Seat #7 is the button
Seat 1: 69predato865 ($1.68 in chips) 
Seat 2: megazanos ($2.16 in chips) 
Seat 4: MauriFierro27 ($2.19 in chips) 
Seat 5: infiniti888 ($0.63 in chips) 
Seat 6: Dorex2007 ($3.89 in chips) 
Seat 7: Xren_c_bura ($2.06 in chips) 
Seat 8: landeigenaar ($0.79 in chips) 
Seat 9: SvenGeir ($1.96 in chips) 
landeigenaar: posts small blind $0.01
SvenGeir: posts big blind $0.02
*** HOLE CARDS ***
Dealt to Dorex2007 [4c 2h]
69predato865: folds 
megazanos: folds 
MauriFierro27: folds 
infiniti888: raises $0.08 to $0.10
Dorex2007: folds 
Xren_c_bura: folds 
landeigenaar: folds 
SvenGeir: folds 
Uncalled bet ($0.08) returned to infiniti888
infiniti888 collected $0.05 from pot
infiniti888: doesn't show hand 
*** SUMMARY ***
Total pot $0.05 | Rake $0 
Seat 1: 69predato865 folded before Flop (didn't bet)
Seat 2: megazanos folded before Flop (didn't bet)
Seat 4: MauriFierro27 folded before Flop (didn't bet)
Seat 5: infiniti888 collected ($0.05)
Seat 6: Dorex2007 folded before Flop (didn't bet)
Seat 7: Xren_c_bura (button) folded before Flop (didn't bet)
Seat 8: landeigenaar (small blind) folded before Flop
Seat 9: SvenGeir (big blind) folded before Flop



PokerStars Hand #228146109407:  Hold'em No Limit ($0.01/$0.02 USD) - 2021/07/08 11:41:14 PT [2021/07/08 14:41:14 ET]
Table 'Alkmene IV' 9-max Seat #8 is the button
Seat 1: 69predato865 ($1.68 in chips) 
Seat 2: megazanos ($2.16 in chips) 
Seat 4: MauriFierro27 ($2.19 in chips) 
Seat 5: infiniti888 ($0.66 in chips) 
Seat 6: Dorex2007 ($3.89 in chips) 
Seat 7: Xren_c_bura ($2.06 in chips) 
Seat 8: landeigenaar ($0.78 in chips) 
Seat 9: SvenGeir ($1.94 in chips) 
SvenGeir: posts small blind $0.01
69predato865: posts big blind $0.02
*** HOLE CARDS ***
Dealt to Dorex2007 [5s 9c]
megazanos: folds 
MauriFierro27: folds 
infiniti888: folds 
Dorex2007: folds 
Xren_c_bura: folds 
landeigenaar: folds 
SvenGeir: folds 
Uncalled bet ($0.01) returned to 69predato865
69predato865 collected $0.02 from pot
69predato865: doesn't show hand 
*** SUMMARY ***
Total pot $0.02 | Rake $0 
Seat 1: 69predato865 (big blind) collected ($0.02)
Seat 2: megazanos folded before Flop (didn't bet)
Seat 4: MauriFierro27 folded before Flop (didn't bet)
Seat 5: infiniti888 folded before Flop (didn't bet)
Seat 6: Dorex2007 folded before Flop (didn't bet)
Seat 7: Xren_c_bura folded before Flop (didn't bet)
Seat 8: landeigenaar (button) folded before Flop (didn't bet)
Seat 9: SvenGeir (small blind) folded before Flop



PokerStars Hand #228146116162:  Hold'em No Limit ($0.01/$0.02 USD) - 2021/07/08 11:41:30 PT [2021/07/08 14:41:30 ET]
Table 'Alkmene IV' 9-max Seat #9 is the button
Seat 1: 69predato865 ($1.69 in chips) 
Seat 2: megazanos ($2.16 in chips) 
Seat 4: MauriFierro27 ($2.19 in chips) 
Seat 5: infiniti888 ($0.66 in chips) 
Seat 6: Dorex2007 ($3.89 in chips) 
Seat 7: Xren_c_bura ($2.06 in chips) 
Seat 8: landeigenaar ($0.78 in chips) 
Seat 9: SvenGeir ($1.93 in chips) 
69predato865: posts small blind $0.01
megazanos: posts big blind $0.02
*** HOLE CARDS ***
Dealt to Dorex2007 [6h Tc]
MauriFierro27: folds 
infiniti888: folds 
Dorex2007: folds 
Xren_c_bura: folds 
landeigenaar: folds 
SvenGeir: folds 
69predato865: folds 
Uncalled bet ($0.01) returned to megazanos
megazanos collected $0.02 from pot
megazanos: doesn't show hand 
*** SUMMARY ***
Total pot $0.02 | Rake $0 
Seat 1: 69predato865 (small blind) folded before Flop
Seat 2: megazanos (big blind) collected ($0.02)
Seat 4: MauriFierro27 folded before Flop (didn't bet)
Seat 5: infiniti888 folded before Flop (didn't bet)
Seat 6: Dorex2007 folded before Flop (didn't bet)
Seat 7: Xren_c_bura folded before Flop (didn't bet)
Seat 8: landeigenaar folded before Flop (didn't bet)
Seat 9: SvenGeir (button) folded before Flop (didn't bet)



PokerStars Hand #228146120980:  Hold'em No Limit ($0.01/$0.02 USD) - 2021/07/08 11:41:41 PT [2021/07/08 14:41:41 ET]
Table 'Alkmene IV' 9-max Seat #1 is the button
Seat 1: 69predato865 ($1.68 in chips) 
Seat 2: megazanos ($2.17 in chips) 
Seat 4: MauriFierro27 ($2.19 in chips) 
Seat 5: infiniti888 ($0.66 in chips) 
Seat 6: Dorex2007 ($3.89 in chips) 
Seat 7: Xren_c_bura ($2.06 in chips) 
Seat 8: landeigenaar ($0.78 in chips) 
Seat 9: SvenGeir ($1.93 in chips) 
megazanos: posts small blind $0.01
MauriFierro27: posts big blind $0.02
*** HOLE CARDS ***
Dealt to Dorex2007 [Jc Jh]
infiniti888: folds 
infiniti888 leaves the table
Dorex2007: raises $0.10 to $0.12
Xren_c_bura: folds 
landeigenaar: folds 
SvenGeir: folds 
69predato865: folds 
megazanos: calls $0.11
Remys.RL joins the table at seat #5 
MauriFierro27: folds 
*** FLOP *** [9c 7h Ah]
megazanos: checks 
Dorex2007: bets $0.13
megazanos: folds 
Uncalled bet ($0.13) returned to Dorex2007
Dorex2007 collected $0.25 from pot
Dorex2007: doesn't show hand 
*** SUMMARY ***
Total pot $0.26 | Rake $0.01 
Board [9c 7h Ah]
Seat 1: 69predato865 (button) folded before Flop (didn't bet)
Seat 2: megazanos (small blind) folded on the Flop
Seat 4: MauriFierro27 (big blind) folded before Flop
Seat 5: infiniti888 folded before Flop (didn't bet)
Seat 6: Dorex2007 collected ($0.25)
Seat 7: Xren_c_bura folded before Flop (didn't bet)
Seat 8: landeigenaar folded before Flop (didn't bet)
Seat 9: SvenGeir folded before Flop (didn't bet)



PokerStars Hand #228146136519:  Hold'em No Limit ($0.01/$0.02 USD) - 2021/07/08 11:42:18 PT [2021/07/08 14:42:18 ET]
Table 'Alkmene IV' 9-max Seat #2 is the button
Seat 1: 69predato865 ($1.68 in chips) 
Seat 2: megazanos ($2.05 in chips) 
Seat 4: MauriFierro27 ($2.17 in chips) 
Seat 5: Remys.RL ($2 in chips) 
Seat 6: Dorex2007 ($4.02 in chips) 
Seat 7: Xren_c_bura ($2.06 in chips) 
Seat 8: landeigenaar ($0.78 in chips) 
Seat 9: SvenGeir ($1.93 in chips) 
MauriFierro27: posts small blind $0.01
Remys.RL: posts big blind $0.02
*** HOLE CARDS ***
Dealt to Dorex2007 [Qd 4d]
Dorex2007: folds 
Xren_c_bura: raises $0.04 to $0.06
landeigenaar: folds 
SvenGeir: folds 
69predato865: folds 
megazanos: folds 
MauriFierro27: folds 
Remys.RL: calls $0.04
*** FLOP *** [6h Th 3h]
Remys.RL: bets $0.06
Abonka leaves the table
Xren_c_bura: folds 
Uncalled bet ($0.06) returned to Remys.RL
Remys.RL collected $0.13 from pot
Remys.RL: doesn't show hand 
*** SUMMARY ***
Total pot $0.13 | Rake $0 
Board [6h Th 3h]
Seat 1: 69predato865 folded before Flop (didn't bet)
Seat 2: megazanos (button) folded before Flop (didn't bet)
Seat 4: MauriFierro27 (small blind) folded before Flop
Seat 5: Remys.RL (big blind) collected ($0.13)
Seat 6: Dorex2007 folded before Flop (didn't bet)
Seat 7: Xren_c_bura folded on the Flop
Seat 8: landeigenaar folded before Flop (didn't bet)
Seat 9: SvenGeir folded before Flop (didn't bet)



PokerStars Hand #228146148836:  Hold'em No Limit ($0.01/$0.02 USD) - 2021/07/08 11:42:47 PT [2021/07/08 14:42:47 ET]
Table 'Alkmene IV' 9-max Seat #4 is the button
Seat 1: 69predato865 ($1.68 in chips) 
Seat 2: megazanos ($2.05 in chips) 
Seat 4: MauriFierro27 ($2.16 in chips) 
Seat 5: Remys.RL ($2.07 in chips) 
Seat 6: Dorex2007 ($4.02 in chips) 
Seat 7: Xren_c_bura ($2 in chips) 
Seat 8: landeigenaar ($0.78 in chips) 
Seat 9: SvenGeir ($1.93 in chips) 
Remys.RL: posts small blind $0.01
Dorex2007: posts big blind $0.02
*** HOLE CARDS ***
Dealt to Dorex2007 [Th 6c]
Xren_c_bura: raises $0.04 to $0.06
landeigenaar: folds 
SvenGeir: folds 
69predato865: folds 
megazanos: folds 
MauriFierro27: calls $0.06
Remys.RL: calls $0.05
Dorex2007: folds 
*** FLOP *** [3c 5s Js]
Remys.RL: checks 
Xren_c_bura: bets $0.13
MauriFierro27: folds 
Remys.RL: folds 
Uncalled bet ($0.13) returned to Xren_c_bura
Xren_c_bura collected $0.19 from pot
Xren_c_bura: doesn't show hand 
*** SUMMARY ***
Total pot $0.20 | Rake $0.01 
Board [3c 5s Js]
Seat 1: 69predato865 folded before Flop (didn't bet)
Seat 2: megazanos folded before Flop (didn't bet)
Seat 4: MauriFierro27 (button) folded on the Flop
Seat 5: Remys.RL (small blind) folded on the Flop
Seat 6: Dorex2007 (big blind) folded before Flop
Seat 7: Xren_c_bura collected ($0.19)
Seat 8: landeigenaar folded before Flop (didn't bet)
Seat 9: SvenGeir folded before Flop (didn't bet)



PokerStars Hand #228146160857:  Hold'em No Limit ($0.01/$0.02 USD) - 2021/07/08 11:43:15 PT [2021/07/08 14:43:15 ET]
Table 'Alkmene IV' 9-max Seat #5 is the button
Seat 1: 69predato865 ($1.68 in chips) 
Seat 2: megazanos ($2.05 in chips) 
Seat 4: MauriFierro27 ($2.10 in chips) 
Seat 5: Remys.RL ($2.01 in chips) 
Seat 6: Dorex2007 ($4 in chips) 
Seat 7: Xren_c_bura ($2.13 in chips) 
Seat 8: landeigenaar ($0.78 in chips) 
Seat 9: SvenGeir ($1.93 in chips) 
Dorex2007: posts small blind $0.01
Xren_c_bura: posts big blind $0.02
*** HOLE CARDS ***
Dealt to Dorex2007 [Td Kh]
landeigenaar: folds 
SvenGeir: folds 
69predato865: folds 
megazanos: folds 
MauriFierro27: folds 
Remys.RL: folds 
Dorex2007: raises $0.04 to $0.06
Xren_c_bura: folds 
Uncalled bet ($0.04) returned to Dorex2007
Dorex2007 collected $0.04 from pot
Dorex2007: doesn't show hand 
*** SUMMARY ***
Total pot $0.04 | Rake $0 
Seat 1: 69predato865 folded before Flop (didn't bet)
Seat 2: megazanos folded before Flop (didn't bet)
Seat 4: MauriFierro27 folded before Flop (didn't bet)
Seat 5: Remys.RL (button) folded before Flop (didn't bet)
Seat 6: Dorex2007 (small blind) collected ($0.04)
Seat 7: Xren_c_bura (big blind) folded before Flop
Seat 8: landeigenaar folded before Flop (didn't bet)
Seat 9: SvenGeir folded before Flop (didn't bet)



PokerStars Hand #228146166722:  Hold'em No Limit ($0.01/$0.02 USD) - 2021/07/08 11:43:29 PT [2021/07/08 14:43:29 ET]
Table 'Alkmene IV' 9-max Seat #6 is the button
Seat 1: 69predato865 ($1.68 in chips) 
Seat 2: megazanos ($2.05 in chips) 
Seat 4: MauriFierro27 ($2.10 in chips) 
Seat 5: Remys.RL ($2.01 in chips) 
Seat 6: Dorex2007 ($4.02 in chips) 
Seat 7: Xren_c_bura ($2.11 in chips) 
Seat 8: landeigenaar ($0.78 in chips) 
Seat 9: SvenGeir ($1.93 in chips) 
Xren_c_bura: posts small blind $0.01
landeigenaar: posts big blind $0.02
*** HOLE CARDS ***
Dealt to Dorex2007 [2c 8h]
SvenGeir: folds 
69predato865: calls $0.02
megazanos: folds 
MauriFierro27: raises $0.05 to $0.07
Remys.RL: folds 
Dorex2007: folds 
Xren_c_bura: folds 
landeigenaar: folds 
69predato865: calls $0.05
*** FLOP *** [2h 8d Tc]
69predato865: checks 
MauriFierro27: bets $0.16
69predato865: folds 
Uncalled bet ($0.16) returned to MauriFierro27
MauriFierro27 collected $0.16 from pot
*** SUMMARY ***
Total pot $0.17 | Rake $0.01 
Board [2h 8d Tc]
Seat 1: 69predato865 folded on the Flop
Seat 2: megazanos folded before Flop (didn't bet)
Seat 4: MauriFierro27 collected ($0.16)
Seat 5: Remys.RL folded before Flop (didn't bet)
Seat 6: Dorex2007 (button) folded before Flop (didn't bet)
Seat 7: Xren_c_bura (small blind) folded before Flop
Seat 8: landeigenaar (big blind) folded before Flop
Seat 9: SvenGeir folded before Flop (didn't bet)



PokerStars Hand #228146177402:  Hold'em No Limit ($0.01/$0.02 USD) - 2021/07/08 11:43:54 PT [2021/07/08 14:43:54 ET]
Table 'Alkmene IV' 9-max Seat #7 is the button
Seat 1: 69predato865 ($1.61 in chips) 
Seat 2: megazanos ($2.05 in chips) 
Seat 4: MauriFierro27 ($2.19 in chips) 
Seat 5: Remys.RL ($2.01 in chips) 
Seat 6: Dorex2007 ($4.02 in chips) 
Seat 7: Xren_c_bura ($2.10 in chips) 
Seat 8: landeigenaar ($0.76 in chips) 
landeigenaar: posts small blind $0.01
SvenGeir: is sitting out 
69predato865: posts big blind $0.02
*** HOLE CARDS ***
Dealt to Dorex2007 [Qd Jd]
megazanos: folds 
MauriFierro27: folds 
Remys.RL: raises $0.02 to $0.04
Dorex2007: calls $0.04
Xren_c_bura: folds 
landeigenaar: folds 
69predato865: folds 
*** FLOP *** [5d Qc 5c]
Remys.RL: bets $0.04
Dorex2007: raises $0.19 to $0.23
Remys.RL: calls $0.19
*** TURN *** [5d Qc 5c] [As]
Remys.RL: checks 
Dorex2007: bets $0.28
Remys.RL: calls $0.28
*** RIVER *** [5d Qc 5c As] [4h]
Remys.RL: checks 
Dorex2007: checks 
*** SHOW DOWN ***
Remys.RL: shows [Qs 9h] (two pair, Queens and Fives)
Dorex2007: shows [Qd Jd] (two pair, Queens and Fives)
Remys.RL collected $0.55 from pot
Dorex2007 collected $0.54 from pot
*** SUMMARY ***
Total pot $1.13 | Rake $0.04 
Board [5d Qc 5c As 4h]
Seat 1: 69predato865 (big blind) folded before Flop
Seat 2: megazanos folded before Flop (didn't bet)
Seat 4: MauriFierro27 folded before Flop (didn't bet)
Seat 5: Remys.RL showed [Qs 9h] and won ($0.55) with two pair, Queens and Fives
Seat 6: Dorex2007 showed [Qd Jd] and won ($0.54) with two pair, Queens and Fives
Seat 7: Xren_c_bura (button) folded before Flop (didn't bet)
Seat 8: landeigenaar (small blind) folded before Flop



PokerStars Hand #228146192116:  Hold'em No Limit ($0.01/$0.02 USD) - 2021/07/08 11:44:28 PT [2021/07/08 14:44:28 ET]
Table 'Alkmene IV' 9-max Seat #8 is the button
Seat 1: 69predato865 ($1.59 in chips) 
Seat 4: MauriFierro27 ($2.19 in chips) 
Seat 5: Remys.RL ($2.01 in chips) 
Seat 6: Dorex2007 ($4.01 in chips) 
Seat 7: Xren_c_bura ($2.10 in chips) 
Seat 8: landeigenaar ($0.75 in chips) 
69predato865: posts small blind $0.01
megazanos: is sitting out 
MauriFierro27: posts big blind $0.02
*** HOLE CARDS ***
Dealt to Dorex2007 [7s Ks]
Remys.RL: calls $0.02
Dorex2007: folds 
Xren_c_bura: folds 
landeigenaar: folds 
69predato865: folds 
megazanos leaves the table
MauriFierro27: checks 
*** FLOP *** [Qh 4c 3c]
MauriFierro27: checks 
Remys.RL: checks 
*** TURN *** [Qh 4c 3c] [3d]
MauriFierro27: checks 
Remys.RL: checks 
*** RIVER *** [Qh 4c 3c 3d] [6h]
megazanos joins the table at seat #2 
MauriFierro27: bets $0.02
Remys.RL: raises $0.10 to $0.12
megazanos leaves the table
MauriFierro27: folds 
Uncalled bet ($0.10) returned to Remys.RL
Remys.RL collected $0.09 from pot
Remys.RL: doesn't show hand 
*** SUMMARY ***
Total pot $0.09 | Rake $0 
Board [Qh 4c 3c 3d 6h]
Seat 1: 69predato865 (small blind) folded before Flop
Seat 4: MauriFierro27 (big blind) folded on the River
Seat 5: Remys.RL collected ($0.09)
Seat 6: Dorex2007 folded before Flop (didn't bet)
Seat 7: Xren_c_bura folded before Flop (didn't bet)
Seat 8: landeigenaar (button) folded before Flop (didn't bet)



PokerStars Hand #228146209627:  Hold'em No Limit ($0.01/$0.02 USD) - 2021/07/08 11:45:10 PT [2021/07/08 14:45:10 ET]
Table 'Alkmene IV' 9-max Seat #1 is the button
Seat 1: 69predato865 ($1.58 in chips) 
Seat 4: MauriFierro27 ($2.15 in chips) 
Seat 5: Remys.RL ($2.06 in chips) 
Seat 6: Dorex2007 ($4.01 in chips) 
Seat 7: Xren_c_bura ($2.10 in chips) 
Seat 8: landeigenaar ($0.75 in chips) 
MauriFierro27: posts small blind $0.01
Remys.RL: posts big blind $0.02
*** HOLE CARDS ***
Dealt to Dorex2007 [Ah 7h]
Dorex2007: raises $0.04 to $0.06
Xren_c_bura: folds 
landeigenaar: folds 
69predato865: folds 
MauriFierro27: folds 
Remys.RL: calls $0.04
*** FLOP *** [6c Jd 2s]
Remys.RL: checks 
Dorex2007: bets $0.13
Remys.RL: folds 
Uncalled bet ($0.13) returned to Dorex2007
Dorex2007 collected $0.13 from pot
Dorex2007: doesn't show hand 
*** SUMMARY ***
Total pot $0.13 | Rake $0 
Board [6c Jd 2s]
Seat 1: 69predato865 (button) folded before Flop (didn't bet)
Seat 4: MauriFierro27 (small blind) folded before Flop
Seat 5: Remys.RL (big blind) folded on the Flop
Seat 6: Dorex2007 collected ($0.13)
Seat 7: Xren_c_bura folded before Flop (didn't bet)
Seat 8: landeigenaar folded before Flop (didn't bet)



PokerStars Hand #228146219668:  Hold'em No Limit ($0.01/$0.02 USD) - 2021/07/08 11:45:33 PT [2021/07/08 14:45:33 ET]
Table 'Alkmene IV' 9-max Seat #4 is the button
Seat 1: 69predato865 ($1.58 in chips) 
Seat 4: MauriFierro27 ($2.14 in chips) 
Seat 5: Remys.RL ($2 in chips) 
Seat 6: Dorex2007 ($4.08 in chips) 
Seat 7: Xren_c_bura ($2.10 in chips) 
Seat 8: landeigenaar ($0.75 in chips) 
Remys.RL: posts small blind $0.01
Dorex2007: posts big blind $0.02
*** HOLE CARDS ***
Dealt to Dorex2007 [8s 9h]
Xren_c_bura: folds 
landeigenaar: folds 
69predato865: folds 
MauriFierro27: raises $0.04 to $0.06
Remys.RL: folds 
Dorex2007: folds 
Uncalled bet ($0.04) returned to MauriFierro27
MauriFierro27 collected $0.05 from pot
*** SUMMARY ***
Total pot $0.05 | Rake $0 
Seat 1: 69predato865 folded before Flop (didn't bet)
Seat 4: MauriFierro27 (button) collected ($0.05)
Seat 5: Remys.RL (small blind) folded before Flop
Seat 6: Dorex2007 (big blind) folded before Flop
Seat 7: Xren_c_bura folded before Flop (didn't bet)
Seat 8: landeigenaar folded before Flop (didn't bet)



PokerStars Hand #228146228227:  Hold'em No Limit ($0.01/$0.02 USD) - 2021/07/08 11:45:53 PT [2021/07/08 14:45:53 ET]
Table 'Alkmene IV' 9-max Seat #6 is the button
Seat 1: 69predato865 ($1.58 in chips) 
Seat 4: MauriFierro27 ($2.17 in chips) 
Seat 6: Dorex2007 ($4.06 in chips) 
Seat 7: Xren_c_bura ($2.10 in chips) 
Seat 8: landeigenaar ($0.75 in chips) 
Xren_c_bura: posts small blind $0.01
landeigenaar: posts big blind $0.02
*** HOLE CARDS ***
Dealt to Dorex2007 [2h 8s]
69predato865: folds 
MauriFierro27: folds 
Dorex2007: folds 
Xren_c_bura: folds 
Uncalled bet ($0.01) returned to landeigenaar
landeigenaar collected $0.02 from pot
landeigenaar: doesn't show hand 
*** SUMMARY ***
Total pot $0.02 | Rake $0 
Seat 1: 69predato865 folded before Flop (didn't bet)
Seat 4: MauriFierro27 folded before Flop (didn't bet)
Seat 6: Dorex2007 (button) folded before Flop (didn't bet)
Seat 7: Xren_c_bura (small blind) folded before Flop
Seat 8: landeigenaar (big blind) collected ($0.02)



PokerStars Hand #228146231116:  Hold'em No Limit ($0.01/$0.02 USD) - 2021/07/08 11:46:00 PT [2021/07/08 14:46:00 ET]
Table 'Alkmene IV' 9-max Seat #7 is the button
Seat 1: 69predato865 ($1.58 in chips) 
Seat 4: MauriFierro27 ($2.17 in chips) 
Seat 6: Dorex2007 ($4.06 in chips) 
Seat 7: Xren_c_bura ($2.09 in chips) 
Seat 8: landeigenaar ($0.76 in chips) 
landeigenaar: posts small blind $0.01
69predato865: posts big blind $0.02
*** HOLE CARDS ***
Dealt to Dorex2007 [Jd 9s]
MauriFierro27: raises $0.03 to $0.05
Dorex2007: folds 
Xren_c_bura: raises $0.17 to $0.22
landeigenaar: folds 
69predato865: folds 
MauriFierro27: folds 
Uncalled bet ($0.17) returned to Xren_c_bura
Xren_c_bura collected $0.13 from pot
Xren_c_bura: doesn't show hand 
*** SUMMARY ***
Total pot $0.13 | Rake $0 
Seat 1: 69predato865 (big blind) folded before Flop
Seat 4: MauriFierro27 folded before Flop
Seat 6: Dorex2007 folded before Flop (didn't bet)
Seat 7: Xren_c_bura (button) collected ($0.13)
Seat 8: landeigenaar (small blind) folded before Flop



