PokerStars Hand #225789575396:  Hold'em No Limit ($0.01/$0.02 USD) - 2021/04/12 21:54:27 PT [2021/04/13 0:54:27 ET]
Table 'Appenzella III' 9-max Seat #7 is the button
Seat 1: Dorex2007 ($1.50 in chips) 
Seat 2: Realtor59 ($1.26 in chips) 
Seat 3: imtakinurmoney9 ($2.33 in chips) 
Seat 4: ishdk ($2.29 in chips) 
Seat 5: ftmb90 ($2.73 in chips) 
Seat 7: gurrrrdurrrr ($0.35 in chips) 
Seat 8: WG8978 ($2 in chips) 
WG8978: posts small blind $0.01
Dorex2007: posts big blind $0.02
*** HOLE CARDS ***
Dealt to Dorex2007 [4h Kd]
Realtor59: folds 
imtakinurmoney9: raises $0.02 to $0.04
Realtor59 leaves the table
ishdk: calls $0.04
ftmb90: folds 
gurrrrdurrrr: folds 
WG8978: folds 
Dorex2007: folds 
*** FLOP *** [Ah 5s 7c]
gurrrrdurrrr leaves the table
imtakinurmoney9: checks 
ishdk: checks 
*** TURN *** [Ah 5s 7c] [4s]
imtakinurmoney9: checks 
ishdk: checks 
*** RIVER *** [Ah 5s 7c 4s] [7h]
imtakinurmoney9: checks 
ishdk: bets $0.10
imtakinurmoney9: folds 
Uncalled bet ($0.10) returned to ishdk
ishdk collected $0.11 from pot
ishdk: doesn't show hand 
*** SUMMARY ***
Total pot $0.11 | Rake $0 
Board [Ah 5s 7c 4s 7h]
Seat 1: Dorex2007 (big blind) folded before Flop
Seat 2: Realtor59 folded before Flop (didn't bet)
Seat 3: imtakinurmoney9 folded on the River
Seat 4: ishdk collected ($0.11)
Seat 5: ftmb90 folded before Flop (didn't bet)
Seat 7: gurrrrdurrrr (button) folded before Flop (didn't bet)
Seat 8: WG8978 (small blind) folded before Flop



PokerStars Hand #225789581541:  Hold'em No Limit ($0.01/$0.02 USD) - 2021/04/12 21:55:05 PT [2021/04/13 0:55:05 ET]
Table 'Appenzella III' 9-max Seat #8 is the button
Seat 1: Dorex2007 ($1.48 in chips) 
Seat 3: imtakinurmoney9 ($2.29 in chips) 
Seat 4: ishdk ($2.36 in chips) 
Seat 5: ftmb90 ($2.73 in chips) 
Seat 8: WG8978 ($2 in chips) 
Dorex2007: posts small blind $0.01
imtakinurmoney9: posts big blind $0.02
*** HOLE CARDS ***
Dealt to Dorex2007 [8s 6d]
ishdk: calls $0.02
ftmb90: folds 
WG8978: folds 
WG8978 leaves the table
Dorex2007: calls $0.01
imtakinurmoney9: raises $0.02 to $0.04
ishdk: calls $0.02
Dorex2007: calls $0.02
*** FLOP *** [6s 4c As]
Dorex2007: checks 
imtakinurmoney9: checks 
ishdk: checks 
*** TURN *** [6s 4c As] [Kh]
Dorex2007: checks 
imtakinurmoney9: checks 
ishdk: checks 
*** RIVER *** [6s 4c As Kh] [2d]
Dorex2007: checks 
imtakinurmoney9: bets $0.18
ishdk: folds 
Dorex2007: folds 
Uncalled bet ($0.18) returned to imtakinurmoney9
imtakinurmoney9 collected $0.12 from pot
imtakinurmoney9: doesn't show hand 
*** SUMMARY ***
Total pot $0.12 | Rake $0 
Board [6s 4c As Kh 2d]
Seat 1: Dorex2007 (small blind) folded on the River
Seat 3: imtakinurmoney9 (big blind) collected ($0.12)
Seat 4: ishdk folded on the River
Seat 5: ftmb90 folded before Flop (didn't bet)
Seat 8: WG8978 (button) folded before Flop (didn't bet)



PokerStars Hand #225789593682:  Hold'em No Limit ($0.01/$0.02 USD) - 2021/04/12 21:55:53 PT [2021/04/13 0:55:53 ET]
Table 'Appenzella III' 9-max Seat #1 is the button
Seat 1: Dorex2007 ($1.44 in chips) 
Seat 3: imtakinurmoney9 ($2.37 in chips) 
Seat 4: ishdk ($2.32 in chips) 
Seat 5: ftmb90 ($2.73 in chips) 
imtakinurmoney9: posts small blind $0.01
ishdk: posts big blind $0.02
*** HOLE CARDS ***
Dealt to Dorex2007 [8c 9h]
ftmb90: folds 
Dorex2007: folds 
imtakinurmoney9: raises $0.02 to $0.04
ishdk: folds 
Uncalled bet ($0.02) returned to imtakinurmoney9
imtakinurmoney9 collected $0.04 from pot
imtakinurmoney9: doesn't show hand 
*** SUMMARY ***
Total pot $0.04 | Rake $0 
Seat 1: Dorex2007 (button) folded before Flop (didn't bet)
Seat 3: imtakinurmoney9 (small blind) collected ($0.04)
Seat 4: ishdk (big blind) folded before Flop
Seat 5: ftmb90 folded before Flop (didn't bet)



PokerStars Hand #225789595714:  Hold'em No Limit ($0.01/$0.02 USD) - 2021/04/12 21:56:08 PT [2021/04/13 0:56:08 ET]
Table 'Appenzella III' 9-max Seat #3 is the button
Seat 1: Dorex2007 ($1.44 in chips) 
Seat 3: imtakinurmoney9 ($2.39 in chips) 
Seat 4: ishdk ($2.30 in chips) 
ishdk: posts small blind $0.01
ftmb90: is sitting out 
Dorex2007: posts big blind $0.02
*** HOLE CARDS ***
Dealt to Dorex2007 [Kc Th]
imtakinurmoney9: raises $0.02 to $0.04
ishdk: folds 
ftmb90 leaves the table
Dorex2007: calls $0.02
*** FLOP *** [7s 6c Jh]
Dorex2007: checks 
imtakinurmoney9: bets $0.02
Dorex2007: calls $0.02
*** TURN *** [7s 6c Jh] [Tc]
Dorex2007: checks 
imtakinurmoney9: bets $0.02
Dorex2007: calls $0.02
*** RIVER *** [7s 6c Jh Tc] [9c]
Dorex2007: bets $0.16
imtakinurmoney9: folds 
Uncalled bet ($0.16) returned to Dorex2007
Dorex2007 collected $0.16 from pot
Dorex2007: doesn't show hand 
*** SUMMARY ***
Total pot $0.17 | Rake $0.01 
Board [7s 6c Jh Tc 9c]
Seat 1: Dorex2007 (big blind) collected ($0.16)
Seat 3: imtakinurmoney9 (button) folded on the River
Seat 4: ishdk (small blind) folded before Flop



