PokerStars Hand #227359460001:  Hold'em No Limit ($0.01/$0.02 USD) - 2021/06/05 16:57:27 PT [2021/06/05 19:57:27 ET]
Table 'Scabiosa' 9-max Seat #6 is the button
Seat 1: Ykycu_Moe ($2.82 in chips) 
Seat 2: MidnightCalm ($0.84 in chips) 
Seat 3: Dorex2007 ($2 in chips) 
Seat 4: donramon9 ($1.54 in chips) 
Seat 5: Jahult ($2 in chips) 
Seat 6: CheeseFairy ($1.59 in chips) 
Seat 7: 4opl1a ($4.48 in chips) 
Seat 8: The eye way ($1.18 in chips) 
Seat 9: CaritaTriste ($1.20 in chips) 
4opl1a: posts small blind $0.01
The eye way: posts big blind $0.02
Dorex2007: posts big blind $0.02
*** HOLE CARDS ***
Dealt to Dorex2007 [Jd 5h]
CaritaTriste said, "vrh"
CaritaTriste: raises $0.02 to $0.04
Ykycu_Moe: folds 
MidnightCalm: folds 
Dorex2007: folds 
donramon9: folds 
Jahult: folds 
CheeseFairy: folds 
4opl1a: folds 
The eye way: folds 
Uncalled bet ($0.02) returned to CaritaTriste
CaritaTriste collected $0.07 from pot
*** SUMMARY ***
Total pot $0.07 | Rake $0 
Seat 1: Ykycu_Moe folded before Flop (didn't bet)
Seat 2: MidnightCalm folded before Flop (didn't bet)
Seat 3: Dorex2007 folded before Flop (didn't bet)
Seat 4: donramon9 folded before Flop (didn't bet)
Seat 5: Jahult folded before Flop (didn't bet)
Seat 6: CheeseFairy (button) folded before Flop (didn't bet)
Seat 7: 4opl1a (small blind) folded before Flop
Seat 8: The eye way (big blind) folded before Flop
Seat 9: CaritaTriste collected ($0.07)



PokerStars Hand #227359466894:  Hold'em No Limit ($0.01/$0.02 USD) - 2021/06/05 16:57:53 PT [2021/06/05 19:57:53 ET]
Table 'Scabiosa' 9-max Seat #7 is the button
Seat 1: Ykycu_Moe ($2.82 in chips) 
Seat 2: MidnightCalm ($0.84 in chips) 
Seat 3: Dorex2007 ($1.98 in chips) 
Seat 4: donramon9 ($1.54 in chips) 
Seat 5: Jahult ($2 in chips) 
Seat 6: CheeseFairy ($1.59 in chips) 
Seat 7: 4opl1a ($4.47 in chips) 
Seat 8: The eye way ($1.16 in chips) 
Seat 9: CaritaTriste ($1.25 in chips) 
The eye way: posts small blind $0.01
CaritaTriste: posts big blind $0.02
*** HOLE CARDS ***
Dealt to Dorex2007 [2c 6h]
Ykycu_Moe: folds 
MidnightCalm: folds 
Dorex2007: folds 
donramon9: folds 
Jahult: folds 
CheeseFairy: folds 
4opl1a: raises $0.03 to $0.05
The eye way: folds 
CaritaTriste: calls $0.03
*** FLOP *** [4h 3s 6d]
CaritaTriste: checks 
4opl1a: bets $0.03
The eye way leaves the table
CaritaTriste: folds 
Uncalled bet ($0.03) returned to 4opl1a
4opl1a collected $0.11 from pot
4opl1a: doesn't show hand 
*** SUMMARY ***
Total pot $0.11 | Rake $0 
Board [4h 3s 6d]
Seat 1: Ykycu_Moe folded before Flop (didn't bet)
Seat 2: MidnightCalm folded before Flop (didn't bet)
Seat 3: Dorex2007 folded before Flop (didn't bet)
Seat 4: donramon9 folded before Flop (didn't bet)
Seat 5: Jahult folded before Flop (didn't bet)
Seat 6: CheeseFairy folded before Flop (didn't bet)
Seat 7: 4opl1a (button) collected ($0.11)
Seat 8: The eye way (small blind) folded before Flop
Seat 9: CaritaTriste (big blind) folded on the Flop



PokerStars Hand #227359474597:  Hold'em No Limit ($0.01/$0.02 USD) - 2021/06/05 16:58:23 PT [2021/06/05 19:58:23 ET]
Table 'Scabiosa' 9-max Seat #9 is the button
Seat 1: Ykycu_Moe ($2.82 in chips) 
Seat 2: MidnightCalm ($0.84 in chips) 
Seat 3: Dorex2007 ($1.98 in chips) 
Seat 4: donramon9 ($1.54 in chips) 
Seat 5: Jahult ($2 in chips) 
Seat 6: CheeseFairy ($1.59 in chips) 
Seat 7: 4opl1a ($4.53 in chips) 
Seat 9: CaritaTriste ($1.20 in chips) 
Ykycu_Moe: posts small blind $0.01
MidnightCalm: posts big blind $0.02
*** HOLE CARDS ***
Dealt to Dorex2007 [Qh Tc]
Dorex2007: folds 
donramon9: folds 
Jahult: folds 
CheeseFairy: raises $0.04 to $0.06
4opl1a: folds 
CaritaTriste: folds 
Ykycu_Moe: folds 
MidnightCalm: calls $0.04
*** FLOP *** [7c 4d 3h]
MidnightCalm: checks 
CheeseFairy: bets $0.10
MidnightCalm: raises $0.26 to $0.36
CheeseFairy: calls $0.26
*** TURN *** [7c 4d 3h] [3c]
MidnightCalm: bets $0.42 and is all-in
CheeseFairy: folds 
Uncalled bet ($0.42) returned to MidnightCalm
MidnightCalm collected $0.82 from pot
*** SUMMARY ***
Total pot $0.85 | Rake $0.03 
Board [7c 4d 3h 3c]
Seat 1: Ykycu_Moe (small blind) folded before Flop
Seat 2: MidnightCalm (big blind) collected ($0.82)
Seat 3: Dorex2007 folded before Flop (didn't bet)
Seat 4: donramon9 folded before Flop (didn't bet)
Seat 5: Jahult folded before Flop (didn't bet)
Seat 6: CheeseFairy folded on the Turn
Seat 7: 4opl1a folded before Flop (didn't bet)
Seat 9: CaritaTriste (button) folded before Flop (didn't bet)



PokerStars Hand #227359496833:  Hold'em No Limit ($0.01/$0.02 USD) - 2021/06/05 16:59:31 PT [2021/06/05 19:59:31 ET]
Table 'Scabiosa' 9-max Seat #1 is the button
Seat 1: Ykycu_Moe ($2.81 in chips) 
Seat 2: MidnightCalm ($1.24 in chips) 
Seat 3: Dorex2007 ($1.98 in chips) 
Seat 4: donramon9 ($1.54 in chips) 
Seat 5: Jahult ($2 in chips) 
Seat 6: CheeseFairy ($1.17 in chips) 
Seat 7: 4opl1a ($4.53 in chips) 
Seat 9: CaritaTriste ($1.20 in chips) 
MidnightCalm: posts small blind $0.01
Dorex2007: posts big blind $0.02
*** HOLE CARDS ***
Dealt to Dorex2007 [Kh 3d]
AliPkrStr joins the table at seat #8 
donramon9: calls $0.02
Jahult: folds 
CheeseFairy: raises $0.06 to $0.08
4opl1a: folds 
CaritaTriste: folds 
Ykycu_Moe: calls $0.08
MidnightCalm: folds 
Dorex2007: folds 
donramon9: calls $0.06
*** FLOP *** [Qc 3s 8s]
donramon9: checks 
CheeseFairy: bets $0.22
Ykycu_Moe: folds 
donramon9: folds 
Uncalled bet ($0.22) returned to CheeseFairy
CheeseFairy collected $0.26 from pot
CheeseFairy: doesn't show hand 
*** SUMMARY ***
Total pot $0.27 | Rake $0.01 
Board [Qc 3s 8s]
Seat 1: Ykycu_Moe (button) folded on the Flop
Seat 2: MidnightCalm (small blind) folded before Flop
Seat 3: Dorex2007 (big blind) folded before Flop
Seat 4: donramon9 folded on the Flop
Seat 5: Jahult folded before Flop (didn't bet)
Seat 6: CheeseFairy collected ($0.26)
Seat 7: 4opl1a folded before Flop (didn't bet)
Seat 9: CaritaTriste folded before Flop (didn't bet)



PokerStars Hand #227359506723:  Hold'em No Limit ($0.01/$0.02 USD) - 2021/06/05 17:00:08 PT [2021/06/05 20:00:08 ET]
Table 'Scabiosa' 9-max Seat #2 is the button
Seat 1: Ykycu_Moe ($2.73 in chips) 
Seat 2: MidnightCalm ($1.23 in chips) 
Seat 3: Dorex2007 ($1.96 in chips) 
Seat 4: donramon9 ($1.46 in chips) 
Seat 5: Jahult ($2 in chips) 
Seat 6: CheeseFairy ($1.35 in chips) 
Seat 7: 4opl1a ($4.53 in chips) 
Seat 9: CaritaTriste ($1.20 in chips) 
Dorex2007: posts small blind $0.01
donramon9: posts big blind $0.02
AliPkrStr: sits out 
*** HOLE CARDS ***
Dealt to Dorex2007 [2h 4c]
Jahult: folds 
CheeseFairy: folds 
4opl1a: folds 
CaritaTriste: folds 
Ykycu_Moe: folds 
MidnightCalm: folds 
Dorex2007: folds 
Uncalled bet ($0.01) returned to donramon9
donramon9 collected $0.02 from pot
donramon9: doesn't show hand 
*** SUMMARY ***
Total pot $0.02 | Rake $0 
Seat 1: Ykycu_Moe folded before Flop (didn't bet)
Seat 2: MidnightCalm (button) folded before Flop (didn't bet)
Seat 3: Dorex2007 (small blind) folded before Flop
Seat 4: donramon9 (big blind) collected ($0.02)
Seat 5: Jahult folded before Flop (didn't bet)
Seat 6: CheeseFairy folded before Flop (didn't bet)
Seat 7: 4opl1a folded before Flop (didn't bet)
Seat 9: CaritaTriste folded before Flop (didn't bet)



PokerStars Hand #227359511793:  Hold'em No Limit ($0.01/$0.02 USD) - 2021/06/05 17:00:27 PT [2021/06/05 20:00:27 ET]
Table 'Scabiosa' 9-max Seat #3 is the button
Seat 1: Ykycu_Moe ($2.73 in chips) 
Seat 2: MidnightCalm ($1.23 in chips) 
Seat 3: Dorex2007 ($1.95 in chips) 
Seat 4: donramon9 ($1.47 in chips) 
Seat 5: Jahult ($2 in chips) 
Seat 6: CheeseFairy ($1.35 in chips) 
Seat 7: 4opl1a ($4.53 in chips) 
Seat 8: AliPkrStr ($0.80 in chips) 
Seat 9: CaritaTriste ($1.20 in chips) 
donramon9: posts small blind $0.01
Jahult: posts big blind $0.02
AliPkrStr: posts big blind $0.02
*** HOLE CARDS ***
Dealt to Dorex2007 [5h 6s]
CheeseFairy: folds 
4opl1a: raises $0.06 to $0.08
AliPkrStr: calls $0.06
CaritaTriste: folds 
Ykycu_Moe: folds 
MidnightCalm: folds 
Dorex2007: folds 
donramon9: folds 
Jahult: folds 
*** FLOP *** [Jc 9h Qs]
4opl1a: bets $0.14
AliPkrStr: calls $0.14
*** TURN *** [Jc 9h Qs] [7d]
4opl1a: bets $0.60
AliPkrStr: calls $0.58 and is all-in
Uncalled bet ($0.02) returned to 4opl1a
*** RIVER *** [Jc 9h Qs 7d] [Qd]
*** SHOW DOWN ***
4opl1a: shows [Js Jh] (a full house, Jacks full of Queens)
AliPkrStr: shows [Ks 8s] (a pair of Queens)
4opl1a cashed out the hand for $1.42 | Cash Out Fee $0.01
*** SUMMARY ***
Total pot $1.63 | Rake $0.06 
Board [Jc 9h Qs 7d Qd]
Seat 1: Ykycu_Moe folded before Flop (didn't bet)
Seat 2: MidnightCalm folded before Flop (didn't bet)
Seat 3: Dorex2007 (button) folded before Flop (didn't bet)
Seat 4: donramon9 (small blind) folded before Flop
Seat 5: Jahult (big blind) folded before Flop
Seat 6: CheeseFairy folded before Flop (didn't bet)
Seat 7: 4opl1a showed [Js Jh] and won ($1.57) with a full house, Jacks full of Queens (pot not awarded as player cashed out)
Seat 8: AliPkrStr showed [Ks 8s] and lost with a pair of Queens
Seat 9: CaritaTriste folded before Flop (didn't bet)



PokerStars Hand #227359528186:  Hold'em No Limit ($0.01/$0.02 USD) - 2021/06/05 17:01:22 PT [2021/06/05 20:01:22 ET]
Table 'Scabiosa' 9-max Seat #4 is the button
Seat 1: Ykycu_Moe ($2.73 in chips) 
Seat 2: MidnightCalm ($1.23 in chips) 
Seat 3: Dorex2007 ($1.95 in chips) 
Seat 4: donramon9 ($1.46 in chips) 
Seat 5: Jahult ($2 in chips) 
Seat 6: CheeseFairy ($1.35 in chips) 
Seat 7: 4opl1a ($5.15 in chips) 
Seat 9: CaritaTriste ($1.20 in chips) 
Jahult: posts small blind $0.01
CheeseFairy: posts big blind $0.02
*** HOLE CARDS ***
Dealt to Dorex2007 [2h 5d]
4opl1a: folds 
CaritaTriste: folds 
AliPkrStr leaves the table
Ykycu_Moe: folds 
MidnightCalm: folds 
Dorex2007: folds 
donramon9: folds 
Jahult: raises $0.04 to $0.06
CheeseFairy: folds 
Uncalled bet ($0.04) returned to Jahult
Jahult collected $0.04 from pot
Jahult: doesn't show hand 
*** SUMMARY ***
Total pot $0.04 | Rake $0 
Seat 1: Ykycu_Moe folded before Flop (didn't bet)
Seat 2: MidnightCalm folded before Flop (didn't bet)
Seat 3: Dorex2007 folded before Flop (didn't bet)
Seat 4: donramon9 (button) folded before Flop (didn't bet)
Seat 5: Jahult (small blind) collected ($0.04)
Seat 6: CheeseFairy (big blind) folded before Flop
Seat 7: 4opl1a folded before Flop (didn't bet)
Seat 9: CaritaTriste folded before Flop (didn't bet)



PokerStars Hand #227359537458:  Hold'em No Limit ($0.01/$0.02 USD) - 2021/06/05 17:01:51 PT [2021/06/05 20:01:51 ET]
Table 'Scabiosa' 9-max Seat #5 is the button
Seat 1: Ykycu_Moe ($2.73 in chips) 
Seat 2: MidnightCalm ($1.23 in chips) 
Seat 3: Dorex2007 ($1.95 in chips) 
Seat 4: donramon9 ($1.46 in chips) 
Seat 5: Jahult ($2.02 in chips) 
Seat 6: CheeseFairy ($1.33 in chips) 
Seat 7: 4opl1a ($5.15 in chips) 
Seat 9: CaritaTriste ($1.20 in chips) 
CheeseFairy: posts small blind $0.01
4opl1a: posts big blind $0.02
*** HOLE CARDS ***
Dealt to Dorex2007 [Jh 4d]
CaritaTriste: folds 
Ykycu_Moe: folds 
MidnightCalm: folds 
Dorex2007: folds 
donramon9: folds 
Jahult: folds 
CheeseFairy: raises $0.04 to $0.06
4opl1a: folds 
Uncalled bet ($0.04) returned to CheeseFairy
CheeseFairy collected $0.04 from pot
CheeseFairy: doesn't show hand 
mariorusty joins the table at seat #8 
*** SUMMARY ***
Total pot $0.04 | Rake $0 
Seat 1: Ykycu_Moe folded before Flop (didn't bet)
Seat 2: MidnightCalm folded before Flop (didn't bet)
Seat 3: Dorex2007 folded before Flop (didn't bet)
Seat 4: donramon9 folded before Flop (didn't bet)
Seat 5: Jahult (button) folded before Flop (didn't bet)
Seat 6: CheeseFairy (small blind) collected ($0.04)
Seat 7: 4opl1a (big blind) folded before Flop
Seat 9: CaritaTriste folded before Flop (didn't bet)



PokerStars Hand #227359542695:  Hold'em No Limit ($0.01/$0.02 USD) - 2021/06/05 17:02:09 PT [2021/06/05 20:02:09 ET]
Table 'Scabiosa' 9-max Seat #6 is the button
Seat 1: Ykycu_Moe ($2.73 in chips) 
Seat 2: MidnightCalm ($1.23 in chips) 
Seat 3: Dorex2007 ($1.95 in chips) 
Seat 4: donramon9 ($1.46 in chips) 
Seat 5: Jahult ($2.02 in chips) 
Seat 6: CheeseFairy ($1.35 in chips) 
Seat 7: 4opl1a ($5.13 in chips) 
Seat 8: mariorusty ($0.80 in chips) 
Seat 9: CaritaTriste ($1.20 in chips) 
4opl1a: posts small blind $0.01
mariorusty: posts big blind $0.02
*** HOLE CARDS ***
Dealt to Dorex2007 [Th 6d]
CaritaTriste: folds 
Ykycu_Moe: folds 
MidnightCalm: folds 
Dorex2007: folds 
donramon9: folds 
Jahult: folds 
CheeseFairy: folds 
4opl1a: folds 
Uncalled bet ($0.01) returned to mariorusty
mariorusty collected $0.02 from pot
*** SUMMARY ***
Total pot $0.02 | Rake $0 
Seat 1: Ykycu_Moe folded before Flop (didn't bet)
Seat 2: MidnightCalm folded before Flop (didn't bet)
Seat 3: Dorex2007 folded before Flop (didn't bet)
Seat 4: donramon9 folded before Flop (didn't bet)
Seat 5: Jahult folded before Flop (didn't bet)
Seat 6: CheeseFairy (button) folded before Flop (didn't bet)
Seat 7: 4opl1a (small blind) folded before Flop
Seat 8: mariorusty (big blind) collected ($0.02)
Seat 9: CaritaTriste folded before Flop (didn't bet)



PokerStars Hand #227359547406:  Hold'em No Limit ($0.01/$0.02 USD) - 2021/06/05 17:02:23 PT [2021/06/05 20:02:23 ET]
Table 'Scabiosa' 9-max Seat #7 is the button
Seat 1: Ykycu_Moe ($2.73 in chips) 
Seat 2: MidnightCalm ($1.23 in chips) 
Seat 3: Dorex2007 ($1.95 in chips) 
Seat 4: donramon9 ($1.46 in chips) 
Seat 5: Jahult ($2.02 in chips) 
Seat 6: CheeseFairy ($1.35 in chips) 
Seat 7: 4opl1a ($5.12 in chips) 
Seat 8: mariorusty ($0.81 in chips) 
Seat 9: CaritaTriste ($1.20 in chips) 
mariorusty: posts small blind $0.01
CaritaTriste: posts big blind $0.02
*** HOLE CARDS ***
Dealt to Dorex2007 [As Kh]
Ykycu_Moe: folds 
MidnightCalm: folds 
Dorex2007: raises $0.04 to $0.06
donramon9: folds 
Jahult: folds 
CheeseFairy: folds 
4opl1a: folds 
mariorusty said, "9"
mariorusty: raises $0.12 to $0.18
CaritaTriste: calls $0.16
Dorex2007: calls $0.12
*** FLOP *** [6h 6d 7c]
mariorusty: bets $0.08
CaritaTriste: folds 
Dorex2007: calls $0.08
*** TURN *** [6h 6d 7c] [8s]
mariorusty: checks 
Dorex2007: bets $0.34
mariorusty: folds 
Uncalled bet ($0.34) returned to Dorex2007
Dorex2007 collected $0.68 from pot
Dorex2007: doesn't show hand 
*** SUMMARY ***
Total pot $0.70 | Rake $0.02 
Board [6h 6d 7c 8s]
Seat 1: Ykycu_Moe folded before Flop (didn't bet)
Seat 2: MidnightCalm folded before Flop (didn't bet)
Seat 3: Dorex2007 collected ($0.68)
Seat 4: donramon9 folded before Flop (didn't bet)
Seat 5: Jahult folded before Flop (didn't bet)
Seat 6: CheeseFairy folded before Flop (didn't bet)
Seat 7: 4opl1a (button) folded before Flop (didn't bet)
Seat 8: mariorusty (small blind) folded on the Turn
Seat 9: CaritaTriste (big blind) folded on the Flop



PokerStars Hand #227359566420:  Hold'em No Limit ($0.01/$0.02 USD) - 2021/06/05 17:03:23 PT [2021/06/05 20:03:23 ET]
Table 'Scabiosa' 9-max Seat #8 is the button
Seat 1: Ykycu_Moe ($2.73 in chips) 
Seat 2: MidnightCalm ($1.23 in chips) 
Seat 3: Dorex2007 ($2.37 in chips) 
Seat 4: donramon9 ($1.46 in chips) 
Seat 5: Jahult ($2.02 in chips) 
Seat 6: CheeseFairy ($1.35 in chips) 
Seat 7: 4opl1a ($5.12 in chips) 
Seat 8: mariorusty ($0.80 in chips) 
Seat 9: CaritaTriste ($1.02 in chips) 
CaritaTriste: posts small blind $0.01
Ykycu_Moe: posts big blind $0.02
*** HOLE CARDS ***
Dealt to Dorex2007 [Tc Qs]
MidnightCalm: folds 
Dorex2007: folds 
donramon9: folds 
Jahult: folds 
CheeseFairy: raises $0.04 to $0.06
4opl1a: raises $0.12 to $0.18
mariorusty: folds 
CaritaTriste: folds 
Ykycu_Moe: folds 
CheeseFairy: folds 
Uncalled bet ($0.12) returned to 4opl1a
4opl1a collected $0.15 from pot
4opl1a: doesn't show hand 
*** SUMMARY ***
Total pot $0.15 | Rake $0 
Seat 1: Ykycu_Moe (big blind) folded before Flop
Seat 2: MidnightCalm folded before Flop (didn't bet)
Seat 3: Dorex2007 folded before Flop (didn't bet)
Seat 4: donramon9 folded before Flop (didn't bet)
Seat 5: Jahult folded before Flop (didn't bet)
Seat 6: CheeseFairy folded before Flop
Seat 7: 4opl1a collected ($0.15)
Seat 8: mariorusty (button) folded before Flop (didn't bet)
Seat 9: CaritaTriste (small blind) folded before Flop



PokerStars Hand #227359574060:  Hold'em No Limit ($0.01/$0.02 USD) - 2021/06/05 17:03:48 PT [2021/06/05 20:03:48 ET]
Table 'Scabiosa' 9-max Seat #9 is the button
Seat 1: Ykycu_Moe ($2.71 in chips) 
Seat 2: MidnightCalm ($1.23 in chips) 
Seat 3: Dorex2007 ($2.37 in chips) 
Seat 4: donramon9 ($1.46 in chips) 
Seat 5: Jahult ($2.02 in chips) 
Seat 6: CheeseFairy ($1.29 in chips) 
Seat 7: 4opl1a ($5.21 in chips) 
Seat 8: mariorusty ($0.80 in chips) 
Seat 9: CaritaTriste ($1.01 in chips) 
Ykycu_Moe: posts small blind $0.01
MidnightCalm: posts big blind $0.02
*** HOLE CARDS ***
Dealt to Dorex2007 [Td 6s]
Dorex2007: folds 
donramon9: folds 
Jahult: folds 
CheeseFairy: folds 
4opl1a: folds 
mariorusty has timed out
mariorusty: folds 
CaritaTriste: folds 
Ykycu_Moe: folds 
Uncalled bet ($0.01) returned to MidnightCalm
MidnightCalm collected $0.02 from pot
*** SUMMARY ***
Total pot $0.02 | Rake $0 
Seat 1: Ykycu_Moe (small blind) folded before Flop
Seat 2: MidnightCalm (big blind) collected ($0.02)
Seat 3: Dorex2007 folded before Flop (didn't bet)
Seat 4: donramon9 folded before Flop (didn't bet)
Seat 5: Jahult folded before Flop (didn't bet)
Seat 6: CheeseFairy folded before Flop (didn't bet)
Seat 7: 4opl1a folded before Flop (didn't bet)
Seat 8: mariorusty folded before Flop (didn't bet)
Seat 9: CaritaTriste (button) folded before Flop (didn't bet)



PokerStars Hand #227359583310:  Hold'em No Limit ($0.01/$0.02 USD) - 2021/06/05 17:04:17 PT [2021/06/05 20:04:17 ET]
Table 'Scabiosa' 9-max Seat #1 is the button
Seat 1: Ykycu_Moe ($2.70 in chips) 
Seat 2: MidnightCalm ($1.24 in chips) 
Seat 3: Dorex2007 ($2.37 in chips) 
Seat 4: donramon9 ($1.46 in chips) 
Seat 5: Jahult ($2.02 in chips) 
Seat 6: CheeseFairy ($1.29 in chips) 
Seat 7: 4opl1a ($5.21 in chips) 
Seat 9: CaritaTriste ($1.01 in chips) 
MidnightCalm: posts small blind $0.01
Dorex2007: posts big blind $0.02
*** HOLE CARDS ***
Dealt to Dorex2007 [As 8c]
donramon9: folds 
Jahult: folds 
CheeseFairy: folds 
4opl1a: folds 
CaritaTriste: calls $0.02
Ykycu_Moe: folds 
MidnightCalm: calls $0.01
Dorex2007: checks 
*** FLOP *** [3d Ts Ac]
MidnightCalm: checks 
Dorex2007: bets $0.06
CaritaTriste: calls $0.06
MidnightCalm: folds 
*** TURN *** [3d Ts Ac] [Jc]
Dorex2007: checks 
CaritaTriste: bets $0.06
Dorex2007: calls $0.06
*** RIVER *** [3d Ts Ac Jc] [7d]
Dorex2007: bets $0.15
CaritaTriste: raises $0.15 to $0.30
Dorex2007: folds 
Uncalled bet ($0.15) returned to CaritaTriste
CaritaTriste collected $0.58 from pot
*** SUMMARY ***
Total pot $0.60 | Rake $0.02 
Board [3d Ts Ac Jc 7d]
Seat 1: Ykycu_Moe (button) folded before Flop (didn't bet)
Seat 2: MidnightCalm (small blind) folded on the Flop
Seat 3: Dorex2007 (big blind) folded on the River
Seat 4: donramon9 folded before Flop (didn't bet)
Seat 5: Jahult folded before Flop (didn't bet)
Seat 6: CheeseFairy folded before Flop (didn't bet)
Seat 7: 4opl1a folded before Flop (didn't bet)
Seat 9: CaritaTriste collected ($0.58)



PokerStars Hand #227359613796:  Hold'em No Limit ($0.01/$0.02 USD) - 2021/06/05 17:05:54 PT [2021/06/05 20:05:54 ET]
Table 'Scabiosa' 9-max Seat #2 is the button
Seat 1: Ykycu_Moe ($2.70 in chips) 
Seat 2: MidnightCalm ($1.46 in chips) 
Seat 3: Dorex2007 ($2.08 in chips) 
Seat 4: donramon9 ($1.46 in chips) 
Seat 5: Jahult ($2.02 in chips) 
Seat 6: CheeseFairy ($1.29 in chips) 
Seat 7: 4opl1a ($5.21 in chips) 
Seat 8: mariorusty ($0.80 in chips) 
Seat 9: CaritaTriste ($1.30 in chips) 
Dorex2007: posts small blind $0.01
donramon9: posts big blind $0.02
*** HOLE CARDS ***
Dealt to Dorex2007 [Kh Kd]
Jahult: folds 
CheeseFairy: folds 
4opl1a has timed out
4opl1a: folds 
mariorusty: folds 
CaritaTriste: folds 
Ykycu_Moe: folds 
MidnightCalm: folds 
Dorex2007: raises $0.04 to $0.06
donramon9: calls $0.04
*** FLOP *** [Ts 5h 4d]
Dorex2007: bets $0.06
donramon9: calls $0.06
*** TURN *** [Ts 5h 4d] [8h]
Dorex2007: bets $0.15
donramon9: raises $0.15 to $0.30
Dorex2007: calls $0.15
*** RIVER *** [Ts 5h 4d 8h] [6d]
Dorex2007: bets $0.16
donramon9: raises $0.88 to $1.04 and is all-in
Dorex2007 has timed out
Dorex2007: folds 
Uncalled bet ($0.88) returned to donramon9
donramon9 collected $1.12 from pot
donramon9: doesn't show hand 
*** SUMMARY ***
Total pot $1.16 | Rake $0.04 
Board [Ts 5h 4d 8h 6d]
Seat 1: Ykycu_Moe folded before Flop (didn't bet)
Seat 2: MidnightCalm (button) folded before Flop (didn't bet)
Seat 3: Dorex2007 (small blind) folded on the River
Seat 4: donramon9 (big blind) collected ($1.12)
Seat 5: Jahult folded before Flop (didn't bet)
Seat 6: CheeseFairy folded before Flop (didn't bet)
Seat 7: 4opl1a folded before Flop (didn't bet)
Seat 8: mariorusty folded before Flop (didn't bet)
Seat 9: CaritaTriste folded before Flop (didn't bet)



PokerStars Hand #227359648059:  Hold'em No Limit ($0.01/$0.02 USD) - 2021/06/05 17:07:26 PT [2021/06/05 20:07:26 ET]
Table 'Scabiosa' 9-max Seat #3 is the button
Seat 1: Ykycu_Moe ($2.70 in chips) 
Seat 2: MidnightCalm ($1.46 in chips) 
Seat 3: Dorex2007 ($1.50 in chips) 
Seat 4: donramon9 ($2 in chips) 
Seat 5: Jahult ($2.02 in chips) 
Seat 6: CheeseFairy ($1.29 in chips) 
Seat 7: 4opl1a ($5.21 in chips) 
Seat 8: mariorusty ($0.80 in chips) 
Seat 9: CaritaTriste ($1.30 in chips) 
donramon9: posts small blind $0.01
Jahult: posts big blind $0.02
*** HOLE CARDS ***
Dealt to Dorex2007 [5d Ks]
CheeseFairy: folds 
4opl1a: folds 
mariorusty: raises $0.04 to $0.06
CaritaTriste: folds 
Ykycu_Moe: folds 
Dorex2007 said, "TTT?"
MidnightCalm: folds 
Dorex2007: folds 
donramon9: folds 
Dorex2007 said, "or 7"
Jahult: folds 
Uncalled bet ($0.04) returned to mariorusty
mariorusty collected $0.05 from pot
mariorusty: doesn't show hand 
*** SUMMARY ***
Total pot $0.05 | Rake $0 
Seat 1: Ykycu_Moe folded before Flop (didn't bet)
Seat 2: MidnightCalm folded before Flop (didn't bet)
Seat 3: Dorex2007 (button) folded before Flop (didn't bet)
Seat 4: donramon9 (small blind) folded before Flop
Seat 5: Jahult (big blind) folded before Flop
Seat 6: CheeseFairy folded before Flop (didn't bet)
Seat 7: 4opl1a folded before Flop (didn't bet)
Seat 8: mariorusty collected ($0.05)
Seat 9: CaritaTriste folded before Flop (didn't bet)



PokerStars Hand #227359658252:  Hold'em No Limit ($0.01/$0.02 USD) - 2021/06/05 17:07:59 PT [2021/06/05 20:07:59 ET]
Table 'Scabiosa' 9-max Seat #4 is the button
Seat 1: Ykycu_Moe ($2.70 in chips) 
Seat 2: MidnightCalm ($1.46 in chips) 
Seat 3: Dorex2007 ($1.50 in chips) 
Seat 4: donramon9 ($1.99 in chips) 
Seat 5: Jahult ($2 in chips) 
Seat 6: CheeseFairy ($1.29 in chips) 
Seat 7: 4opl1a ($5.21 in chips) 
Seat 8: mariorusty ($0.83 in chips) 
Seat 9: CaritaTriste ($1.30 in chips) 
Jahult: posts small blind $0.01
CheeseFairy: posts big blind $0.02
*** HOLE CARDS ***
Dealt to Dorex2007 [9h 2c]
4opl1a: folds 
mariorusty: folds 
CaritaTriste: calls $0.02
Ykycu_Moe: folds 
MidnightCalm: raises $0.06 to $0.08
Dorex2007: folds 
donramon9: folds 
Jahult: calls $0.07
CheeseFairy: folds 
CaritaTriste: calls $0.06
*** FLOP *** [Ks 2s Tc]
Jahult: checks 
CaritaTriste: checks 
MidnightCalm: bets $0.13
Jahult: calls $0.13
CaritaTriste: folds 
*** TURN *** [Ks 2s Tc] [Ah]
Jahult: checks 
MidnightCalm: bets $0.50
Jahult: calls $0.50
*** RIVER *** [Ks 2s Tc Ah] [4c]
Jahult: checks 
MidnightCalm: bets $0.75 and is all-in
Jahult: calls $0.75
*** SHOW DOWN ***
MidnightCalm: shows [4s 4d] (three of a kind, Fours)
Jahult: shows [As 8s] (a pair of Aces)
MidnightCalm collected $2.91 from pot
*** SUMMARY ***
Total pot $3.02 | Rake $0.11 
Board [Ks 2s Tc Ah 4c]
Seat 1: Ykycu_Moe folded before Flop (didn't bet)
Seat 2: MidnightCalm showed [4s 4d] and won ($2.91) with three of a kind, Fours
Seat 3: Dorex2007 folded before Flop (didn't bet)
Seat 4: donramon9 (button) folded before Flop (didn't bet)
Seat 5: Jahult (small blind) showed [As 8s] and lost with a pair of Aces
Seat 6: CheeseFairy (big blind) folded before Flop
Seat 7: 4opl1a folded before Flop (didn't bet)
Seat 8: mariorusty folded before Flop (didn't bet)
Seat 9: CaritaTriste folded on the Flop



PokerStars Hand #227359673897:  Hold'em No Limit ($0.01/$0.02 USD) - 2021/06/05 17:08:48 PT [2021/06/05 20:08:48 ET]
Table 'Scabiosa' 9-max Seat #5 is the button
Seat 1: Ykycu_Moe ($2.70 in chips) 
Seat 2: MidnightCalm ($2.91 in chips) 
Seat 3: Dorex2007 ($1.50 in chips) 
Seat 4: donramon9 ($1.99 in chips) 
Seat 5: Jahult ($2 in chips) 
Seat 6: CheeseFairy ($2 in chips) 
Seat 7: 4opl1a ($5.21 in chips) 
Seat 8: mariorusty ($0.83 in chips) 
Seat 9: CaritaTriste ($1.22 in chips) 
CheeseFairy: posts small blind $0.01
4opl1a: posts big blind $0.02
*** HOLE CARDS ***
Dealt to Dorex2007 [Qd 5c]
mariorusty: folds 
CaritaTriste: calls $0.02
Ykycu_Moe: folds 
MidnightCalm: folds 
Dorex2007: folds 
donramon9: folds 
Jahult has timed out
Jahult: folds 
CheeseFairy: raises $0.06 to $0.08
4opl1a: folds 
CaritaTriste: calls $0.06
*** FLOP *** [Th Ac 9s]
CheeseFairy: bets $0.14
CaritaTriste: folds 
Uncalled bet ($0.14) returned to CheeseFairy
CheeseFairy collected $0.17 from pot
CheeseFairy: doesn't show hand 
*** SUMMARY ***
Total pot $0.18 | Rake $0.01 
Board [Th Ac 9s]
Seat 1: Ykycu_Moe folded before Flop (didn't bet)
Seat 2: MidnightCalm folded before Flop (didn't bet)
Seat 3: Dorex2007 folded before Flop (didn't bet)
Seat 4: donramon9 folded before Flop (didn't bet)
Seat 5: Jahult (button) folded before Flop (didn't bet)
Seat 6: CheeseFairy (small blind) collected ($0.17)
Seat 7: 4opl1a (big blind) folded before Flop
Seat 8: mariorusty folded before Flop (didn't bet)
Seat 9: CaritaTriste folded on the Flop



PokerStars Hand #227359687514:  Hold'em No Limit ($0.01/$0.02 USD) - 2021/06/05 17:09:32 PT [2021/06/05 20:09:32 ET]
Table 'Scabiosa' 9-max Seat #6 is the button
Seat 1: Ykycu_Moe ($2.70 in chips) 
Seat 2: MidnightCalm ($2.91 in chips) 
Seat 3: Dorex2007 ($1.50 in chips) 
Seat 4: donramon9 ($1.99 in chips) 
Seat 5: Jahult ($2 in chips) 
Seat 6: CheeseFairy ($2.09 in chips) 
Seat 7: 4opl1a ($5.19 in chips) 
Seat 8: mariorusty ($0.83 in chips) 
Seat 9: CaritaTriste ($1.14 in chips) 
4opl1a: posts small blind $0.01
mariorusty: posts big blind $0.02
*** HOLE CARDS ***
Dealt to Dorex2007 [2s 4s]
CaritaTriste: raises $0.02 to $0.04
Ykycu_Moe: calls $0.04
MidnightCalm: raises $0.16 to $0.20
Dorex2007: folds 
donramon9: folds 
Jahult: folds 
CheeseFairy: folds 
4opl1a: folds 
mariorusty: folds 
CaritaTriste: folds 
Ykycu_Moe: folds 
Uncalled bet ($0.16) returned to MidnightCalm
MidnightCalm collected $0.15 from pot
*** SUMMARY ***
Total pot $0.15 | Rake $0 
Seat 1: Ykycu_Moe folded before Flop
Seat 2: MidnightCalm collected ($0.15)
Seat 3: Dorex2007 folded before Flop (didn't bet)
Seat 4: donramon9 folded before Flop (didn't bet)
Seat 5: Jahult folded before Flop (didn't bet)
Seat 6: CheeseFairy (button) folded before Flop (didn't bet)
Seat 7: 4opl1a (small blind) folded before Flop
Seat 8: mariorusty (big blind) folded before Flop
Seat 9: CaritaTriste folded before Flop



PokerStars Hand #227359699331:  Hold'em No Limit ($0.01/$0.02 USD) - 2021/06/05 17:10:10 PT [2021/06/05 20:10:10 ET]
Table 'Scabiosa' 9-max Seat #7 is the button
Seat 1: Ykycu_Moe ($2.66 in chips) 
Seat 2: MidnightCalm ($3.02 in chips) 
Seat 3: Dorex2007 ($1.50 in chips) 
Seat 4: donramon9 ($1.99 in chips) 
Seat 5: Jahult ($2 in chips) 
Seat 6: CheeseFairy ($2.09 in chips) 
Seat 7: 4opl1a ($5.18 in chips) 
Seat 8: mariorusty ($0.81 in chips) 
Seat 9: CaritaTriste ($1.10 in chips) 
mariorusty: posts small blind $0.01
CaritaTriste: posts big blind $0.02
*** HOLE CARDS ***
Dealt to Dorex2007 [As Jc]
Ykycu_Moe: folds 
MidnightCalm: folds 
Dorex2007: raises $0.04 to $0.06
donramon9: folds 
donramon9 leaves the table
Jahult has timed out
Jahult: folds 
CheeseFairy: calls $0.06
4opl1a: folds 
mariorusty: folds 
CaritaTriste: calls $0.04
*** FLOP *** [3h Kd 2c]
CaritaTriste: checks 
Dorex2007: checks 
CheeseFairy: bets $0.14
CaritaTriste: folds 
Dorex2007: folds 
Uncalled bet ($0.14) returned to CheeseFairy
CheeseFairy collected $0.18 from pot
CheeseFairy: doesn't show hand 
*** SUMMARY ***
Total pot $0.19 | Rake $0.01 
Board [3h Kd 2c]
Seat 1: Ykycu_Moe folded before Flop (didn't bet)
Seat 2: MidnightCalm folded before Flop (didn't bet)
Seat 3: Dorex2007 folded on the Flop
Seat 4: donramon9 folded before Flop (didn't bet)
Seat 5: Jahult folded before Flop (didn't bet)
Seat 6: CheeseFairy collected ($0.18)
Seat 7: 4opl1a (button) folded before Flop (didn't bet)
Seat 8: mariorusty (small blind) folded before Flop
Seat 9: CaritaTriste (big blind) folded on the Flop



PokerStars Hand #227359715337:  Hold'em No Limit ($0.01/$0.02 USD) - 2021/06/05 17:11:01 PT [2021/06/05 20:11:01 ET]
Table 'Scabiosa' 9-max Seat #8 is the button
Seat 1: Ykycu_Moe ($2.66 in chips) 
Seat 2: MidnightCalm ($3.02 in chips) 
Seat 3: Dorex2007 ($1.44 in chips) 
Seat 5: Jahult ($2 in chips) 
Seat 6: CheeseFairy ($2.21 in chips) 
Seat 7: 4opl1a ($5.18 in chips) 
Seat 8: mariorusty ($0.80 in chips) 
Seat 9: CaritaTriste ($1.04 in chips) 
CaritaTriste: posts small blind $0.01
Ykycu_Moe: posts big blind $0.02
*** HOLE CARDS ***
Dealt to Dorex2007 [4h Qs]
MidnightCalm: raises $0.04 to $0.06
Dorex2007: folds 
Jahult: folds 
CheeseFairy: folds 
4opl1a: folds 
mariorusty: folds 
CaritaTriste: folds 
Ykycu_Moe: folds 
Uncalled bet ($0.04) returned to MidnightCalm
MidnightCalm collected $0.05 from pot
*** SUMMARY ***
Total pot $0.05 | Rake $0 
Seat 1: Ykycu_Moe (big blind) folded before Flop
Seat 2: MidnightCalm collected ($0.05)
Seat 3: Dorex2007 folded before Flop (didn't bet)
Seat 5: Jahult folded before Flop (didn't bet)
Seat 6: CheeseFairy folded before Flop (didn't bet)
Seat 7: 4opl1a folded before Flop (didn't bet)
Seat 8: mariorusty (button) folded before Flop (didn't bet)
Seat 9: CaritaTriste (small blind) folded before Flop



PokerStars Hand #227359720412:  Hold'em No Limit ($0.01/$0.02 USD) - 2021/06/05 17:11:18 PT [2021/06/05 20:11:18 ET]
Table 'Scabiosa' 9-max Seat #9 is the button
Seat 1: Ykycu_Moe ($2.64 in chips) 
Seat 2: MidnightCalm ($3.05 in chips) 
Seat 3: Dorex2007 ($1.44 in chips) 
Seat 5: Jahult ($2 in chips) 
Seat 6: CheeseFairy ($2.21 in chips) 
Seat 7: 4opl1a ($5.18 in chips) 
Seat 8: mariorusty ($0.80 in chips) 
Seat 9: CaritaTriste ($1.03 in chips) 
Ykycu_Moe: posts small blind $0.01
MidnightCalm: posts big blind $0.02
*** HOLE CARDS ***
Dealt to Dorex2007 [Ad 6h]
Dorex2007: folds 
Jahult: folds 
CheeseFairy: raises $0.04 to $0.06
4opl1a: folds 
mariorusty: folds 
CaritaTriste: folds 
Ykycu_Moe: folds 
MidnightCalm: folds 
Uncalled bet ($0.04) returned to CheeseFairy
CheeseFairy collected $0.05 from pot
CheeseFairy: doesn't show hand 
*** SUMMARY ***
Total pot $0.05 | Rake $0 
Seat 1: Ykycu_Moe (small blind) folded before Flop
Seat 2: MidnightCalm (big blind) folded before Flop
Seat 3: Dorex2007 folded before Flop (didn't bet)
Seat 5: Jahult folded before Flop (didn't bet)
Seat 6: CheeseFairy collected ($0.05)
Seat 7: 4opl1a folded before Flop (didn't bet)
Seat 8: mariorusty folded before Flop (didn't bet)
Seat 9: CaritaTriste (button) folded before Flop (didn't bet)



PokerStars Hand #227359727204:  Hold'em No Limit ($0.01/$0.02 USD) - 2021/06/05 17:11:39 PT [2021/06/05 20:11:39 ET]
Table 'Scabiosa' 9-max Seat #1 is the button
Seat 1: Ykycu_Moe ($2.63 in chips) 
Seat 2: MidnightCalm ($3.03 in chips) 
Seat 3: Dorex2007 ($1.44 in chips) 
Seat 5: Jahult ($2 in chips) 
Seat 6: CheeseFairy ($2.24 in chips) 
Seat 7: 4opl1a ($5.18 in chips) 
Seat 8: mariorusty ($0.80 in chips) 
Seat 9: CaritaTriste ($1.03 in chips) 
MidnightCalm: posts small blind $0.01
Dorex2007: posts big blind $0.02
*** HOLE CARDS ***
Dealt to Dorex2007 [5c Js]
Jahult: folds 
CheeseFairy: folds 
4opl1a: folds 
OREON971 joins the table at seat #4 
mariorusty: folds 
CaritaTriste: folds 
Ykycu_Moe: folds 
MidnightCalm: raises $0.04 to $0.06
Dorex2007: calls $0.04
*** FLOP *** [7d 9h 5h]
MidnightCalm: bets $0.06
Dorex2007: calls $0.06
*** TURN *** [7d 9h 5h] [Jc]
MidnightCalm: checks 
Dorex2007: checks 
*** RIVER *** [7d 9h 5h Jc] [Td]
MidnightCalm: checks 
Dorex2007: bets $0.15
MidnightCalm: folds 
Uncalled bet ($0.15) returned to Dorex2007
Dorex2007 collected $0.23 from pot
Dorex2007: doesn't show hand 
*** SUMMARY ***
Total pot $0.24 | Rake $0.01 
Board [7d 9h 5h Jc Td]
Seat 1: Ykycu_Moe (button) folded before Flop (didn't bet)
Seat 2: MidnightCalm (small blind) folded on the River
Seat 3: Dorex2007 (big blind) collected ($0.23)
Seat 5: Jahult folded before Flop (didn't bet)
Seat 6: CheeseFairy folded before Flop (didn't bet)
Seat 7: 4opl1a folded before Flop (didn't bet)
Seat 8: mariorusty folded before Flop (didn't bet)
Seat 9: CaritaTriste folded before Flop (didn't bet)



PokerStars Hand #227359747171:  Hold'em No Limit ($0.01/$0.02 USD) - 2021/06/05 17:12:32 PT [2021/06/05 20:12:32 ET]
Table 'Scabiosa' 9-max Seat #2 is the button
Seat 1: Ykycu_Moe ($2.63 in chips) 
Seat 2: MidnightCalm ($2.91 in chips) 
Seat 3: Dorex2007 ($1.55 in chips) 
Seat 4: OREON971 ($0.80 in chips) 
Seat 5: Jahult ($2 in chips) 
Seat 6: CheeseFairy ($2.24 in chips) 
Seat 7: 4opl1a ($5.18 in chips) 
Seat 8: mariorusty ($0.80 in chips) 
Seat 9: CaritaTriste ($1.03 in chips) 
Dorex2007: posts small blind $0.01
OREON971: posts big blind $0.02
*** HOLE CARDS ***
Dealt to Dorex2007 [6h Kh]
Jahult: folds 
CheeseFairy: raises $0.06 to $0.08
4opl1a: folds 
mariorusty: folds 
CaritaTriste: folds 
Ykycu_Moe: folds 
MidnightCalm: folds 
Dorex2007: folds 
OREON971: raises $0.17 to $0.25
CheeseFairy: calls $0.17
*** FLOP *** [7d Ts 3s]
OREON971: bets $0.55 and is all-in
CheeseFairy: calls $0.55
*** TURN *** [7d Ts 3s] [7s]
*** RIVER *** [7d Ts 3s 7s] [5s]
*** SHOW DOWN ***
OREON971: shows [6c Tc] (two pair, Tens and Sevens)
CheeseFairy: shows [Qh Qd] (two pair, Queens and Sevens)
CheeseFairy collected $1.55 from pot
*** SUMMARY ***
Total pot $1.61 | Rake $0.06 
Board [7d Ts 3s 7s 5s]
Seat 1: Ykycu_Moe folded before Flop (didn't bet)
Seat 2: MidnightCalm (button) folded before Flop (didn't bet)
Seat 3: Dorex2007 (small blind) folded before Flop
Seat 4: OREON971 (big blind) showed [6c Tc] and lost with two pair, Tens and Sevens
Seat 5: Jahult folded before Flop (didn't bet)
Seat 6: CheeseFairy showed [Qh Qd] and won ($1.55) with two pair, Queens and Sevens
Seat 7: 4opl1a folded before Flop (didn't bet)
Seat 8: mariorusty folded before Flop (didn't bet)
Seat 9: CaritaTriste folded before Flop (didn't bet)



PokerStars Hand #227359761893:  Hold'em No Limit ($0.01/$0.02 USD) - 2021/06/05 17:13:20 PT [2021/06/05 20:13:20 ET]
Table 'Scabiosa' 9-max Seat #3 is the button
Seat 1: Ykycu_Moe ($2.63 in chips) 
Seat 2: MidnightCalm ($2.91 in chips) 
Seat 3: Dorex2007 ($1.54 in chips) 
Seat 5: Jahult ($2 in chips) 
Seat 6: CheeseFairy ($2.99 in chips) 
Seat 7: 4opl1a ($5.18 in chips) 
Seat 8: mariorusty ($0.80 in chips) 
Seat 9: CaritaTriste ($1.03 in chips) 
Jahult: posts small blind $0.01
CheeseFairy: posts big blind $0.02
*** HOLE CARDS ***
Dealt to Dorex2007 [8d 6c]
4opl1a: folds 
mariorusty: folds 
CaritaTriste: calls $0.02
OREON971 leaves the table
Ykycu_Moe: folds 
MidnightCalm: calls $0.02
Dorex2007: folds 
Jahult: folds 
CheeseFairy: checks 
*** FLOP *** [4c 6d 3c]
CheeseFairy: bets $0.06
CaritaTriste: folds 
MidnightCalm: calls $0.06
*** TURN *** [4c 6d 3c] [4h]
CheeseFairy: bets $0.14
MidnightCalm: folds 
Uncalled bet ($0.14) returned to CheeseFairy
CheeseFairy collected $0.18 from pot
CheeseFairy: doesn't show hand 
*** SUMMARY ***
Total pot $0.19 | Rake $0.01 
Board [4c 6d 3c 4h]
Seat 1: Ykycu_Moe folded before Flop (didn't bet)
Seat 2: MidnightCalm folded on the Turn
Seat 3: Dorex2007 (button) folded before Flop (didn't bet)
Seat 5: Jahult (small blind) folded before Flop
Seat 6: CheeseFairy (big blind) collected ($0.18)
Seat 7: 4opl1a folded before Flop (didn't bet)
Seat 8: mariorusty folded before Flop (didn't bet)
Seat 9: CaritaTriste folded on the Flop



PokerStars Hand #227359775168:  Hold'em No Limit ($0.01/$0.02 USD) - 2021/06/05 17:14:03 PT [2021/06/05 20:14:03 ET]
Table 'Scabiosa' 9-max Seat #5 is the button
Seat 1: Ykycu_Moe ($2.63 in chips) 
Seat 2: MidnightCalm ($2.83 in chips) 
Seat 3: Dorex2007 ($1.54 in chips) 
Seat 5: Jahult ($2 in chips) 
Seat 6: CheeseFairy ($3.09 in chips) 
Seat 7: 4opl1a ($5.18 in chips) 
Seat 8: mariorusty ($0.80 in chips) 
Seat 9: CaritaTriste ($1.01 in chips) 
CheeseFairy: posts small blind $0.01
4opl1a: posts big blind $0.02
*** HOLE CARDS ***
Dealt to Dorex2007 [7c Th]
mariorusty: folds 
CaritaTriste: folds 
Ykycu_Moe: folds 
MidnightCalm: folds 
Dorex2007: folds 
Jahult: raises $0.04 to $0.06
CheeseFairy: folds 
4opl1a: folds 
Uncalled bet ($0.04) returned to Jahult
Jahult collected $0.05 from pot
Jahult: doesn't show hand 
*** SUMMARY ***
Total pot $0.05 | Rake $0 
Seat 1: Ykycu_Moe folded before Flop (didn't bet)
Seat 2: MidnightCalm folded before Flop (didn't bet)
Seat 3: Dorex2007 folded before Flop (didn't bet)
Seat 5: Jahult (button) collected ($0.05)
Seat 6: CheeseFairy (small blind) folded before Flop
Seat 7: 4opl1a (big blind) folded before Flop
Seat 8: mariorusty folded before Flop (didn't bet)
Seat 9: CaritaTriste folded before Flop (didn't bet)



PokerStars Hand #227359780264:  Hold'em No Limit ($0.01/$0.02 USD) - 2021/06/05 17:14:20 PT [2021/06/05 20:14:20 ET]
Table 'Scabiosa' 9-max Seat #6 is the button
Seat 1: Ykycu_Moe ($2.63 in chips) 
Seat 2: MidnightCalm ($2.83 in chips) 
Seat 3: Dorex2007 ($1.54 in chips) 
Seat 5: Jahult ($2.03 in chips) 
Seat 6: CheeseFairy ($3.08 in chips) 
Seat 7: 4opl1a ($5.16 in chips) 
Seat 8: mariorusty ($0.80 in chips) 
Seat 9: CaritaTriste ($1.01 in chips) 
4opl1a: posts small blind $0.01
mariorusty: posts big blind $0.02
*** HOLE CARDS ***
Dealt to Dorex2007 [7s 4c]
moguryu joins the table at seat #4 
CaritaTriste: folds 
Ykycu_Moe: folds 
MidnightCalm: raises $0.04 to $0.06
Dorex2007: folds 
Jahult: folds 
CheeseFairy: calls $0.06
4opl1a: raises $0.18 to $0.24
mariorusty: folds 
MidnightCalm: folds 
CheeseFairy: folds 
Uncalled bet ($0.18) returned to 4opl1a
4opl1a collected $0.20 from pot
4opl1a: doesn't show hand 
*** SUMMARY ***
Total pot $0.20 | Rake $0 
Seat 1: Ykycu_Moe folded before Flop (didn't bet)
Seat 2: MidnightCalm folded before Flop
Seat 3: Dorex2007 folded before Flop (didn't bet)
Seat 5: Jahult folded before Flop (didn't bet)
Seat 6: CheeseFairy (button) folded before Flop
Seat 7: 4opl1a (small blind) collected ($0.20)
Seat 8: mariorusty (big blind) folded before Flop
Seat 9: CaritaTriste folded before Flop (didn't bet)



PokerStars Hand #227359793508:  Hold'em No Limit ($0.01/$0.02 USD) - 2021/06/05 17:15:03 PT [2021/06/05 20:15:03 ET]
Table 'Scabiosa' 9-max Seat #7 is the button
Seat 1: Ykycu_Moe ($2.63 in chips) 
Seat 2: MidnightCalm ($2.77 in chips) 
Seat 3: Dorex2007 ($1.54 in chips) 
Seat 5: Jahult ($2.03 in chips) 
Seat 6: CheeseFairy ($3.02 in chips) 
Seat 7: 4opl1a ($5.30 in chips) 
Seat 8: mariorusty ($0.78 in chips) 
Seat 9: CaritaTriste ($1.01 in chips) 
mariorusty: posts small blind $0.01
CaritaTriste: posts big blind $0.02
moguryu: sits out 
*** HOLE CARDS ***
Dealt to Dorex2007 [Td As]
Ykycu_Moe: folds 
MidnightCalm: raises $0.04 to $0.06
Dorex2007: folds 
Jahult: calls $0.06
CheeseFairy: folds 
4opl1a: folds 
mariorusty: folds 
CaritaTriste: calls $0.04
*** FLOP *** [Ah 4h Ts]
CaritaTriste: checks 
MidnightCalm: bets $0.06
Jahult: folds 
CaritaTriste: calls $0.06
*** TURN *** [Ah 4h Ts] [7h]
CaritaTriste: bets $0.15
MidnightCalm: folds 
Uncalled bet ($0.15) returned to CaritaTriste
CaritaTriste collected $0.30 from pot
*** SUMMARY ***
Total pot $0.31 | Rake $0.01 
Board [Ah 4h Ts 7h]
Seat 1: Ykycu_Moe folded before Flop (didn't bet)
Seat 2: MidnightCalm folded on the Turn
Seat 3: Dorex2007 folded before Flop (didn't bet)
Seat 5: Jahult folded on the Flop
Seat 6: CheeseFairy folded before Flop (didn't bet)
Seat 7: 4opl1a (button) folded before Flop (didn't bet)
Seat 8: mariorusty (small blind) folded before Flop
Seat 9: CaritaTriste (big blind) collected ($0.30)



PokerStars Hand #227359808257:  Hold'em No Limit ($0.01/$0.02 USD) - 2021/06/05 17:15:51 PT [2021/06/05 20:15:51 ET]
Table 'Scabiosa' 9-max Seat #8 is the button
Seat 2: MidnightCalm ($2.65 in chips) 
Seat 3: Dorex2007 ($1.54 in chips) 
Seat 5: Jahult ($2 in chips) 
Seat 6: CheeseFairy ($3.02 in chips) 
Seat 7: 4opl1a ($5.30 in chips) 
Seat 8: mariorusty ($0.77 in chips) 
Seat 9: CaritaTriste ($1.19 in chips) 
CaritaTriste: posts small blind $0.01
Ykycu_Moe: is sitting out 
MidnightCalm: posts big blind $0.02
Ykycu_Moe leaves the table
moguryu: sits out 
*** HOLE CARDS ***
Dealt to Dorex2007 [4h 6c]
Dorex2007: folds 
Jahult: folds 
CheeseFairy: raises $0.04 to $0.06
4opl1a: raises $0.12 to $0.18
mariorusty: raises $0.59 to $0.77 and is all-in
CaritaTriste: folds 
MidnightCalm: folds 
CheeseFairy: folds 
4opl1a: folds 
Uncalled bet ($0.59) returned to mariorusty
mariorusty collected $0.45 from pot
mariorusty: doesn't show hand 
*** SUMMARY ***
Total pot $0.45 | Rake $0 
Seat 2: MidnightCalm (big blind) folded before Flop
Seat 3: Dorex2007 folded before Flop (didn't bet)
Seat 5: Jahult folded before Flop (didn't bet)
Seat 6: CheeseFairy folded before Flop
Seat 7: 4opl1a folded before Flop
Seat 8: mariorusty (button) collected ($0.45)
Seat 9: CaritaTriste (small blind) folded before Flop



PokerStars Hand #227359818313:  Hold'em No Limit ($0.01/$0.02 USD) - 2021/06/05 17:16:24 PT [2021/06/05 20:16:24 ET]
Table 'Scabiosa' 9-max Seat #9 is the button
Seat 2: MidnightCalm ($2.63 in chips) 
Seat 3: Dorex2007 ($1.54 in chips) 
Seat 5: Jahult ($2 in chips) 
Seat 6: CheeseFairy ($2.96 in chips) 
Seat 7: 4opl1a ($5.12 in chips) 
Seat 8: mariorusty ($1.04 in chips) 
Seat 9: CaritaTriste ($1.18 in chips) 
MidnightCalm: posts small blind $0.01
Dorex2007: posts big blind $0.02
moguryu: sits out 
*** HOLE CARDS ***
Dealt to Dorex2007 [Td 5s]
Jahult: folds 
CheeseFairy: folds 
4opl1a: folds 
mariorusty: folds 
CaritaTriste: folds 
MidnightCalm: folds 
Uncalled bet ($0.01) returned to Dorex2007
Dorex2007 collected $0.02 from pot
Dorex2007: doesn't show hand 
*** SUMMARY ***
Total pot $0.02 | Rake $0 
Seat 2: MidnightCalm (small blind) folded before Flop
Seat 3: Dorex2007 (big blind) collected ($0.02)
Seat 5: Jahult folded before Flop (didn't bet)
Seat 6: CheeseFairy folded before Flop (didn't bet)
Seat 7: 4opl1a folded before Flop (didn't bet)
Seat 8: mariorusty folded before Flop (didn't bet)
Seat 9: CaritaTriste (button) folded before Flop (didn't bet)



PokerStars Hand #227359822171:  Hold'em No Limit ($0.01/$0.02 USD) - 2021/06/05 17:16:37 PT [2021/06/05 20:16:37 ET]
Table 'Scabiosa' 9-max Seat #2 is the button
Seat 2: MidnightCalm ($2.62 in chips) 
Seat 3: Dorex2007 ($1.55 in chips) 
Seat 4: moguryu ($0.80 in chips) 
Seat 5: Jahult ($2 in chips) 
Seat 6: CheeseFairy ($2.96 in chips) 
Seat 7: 4opl1a ($5.12 in chips) 
Seat 8: mariorusty ($1.04 in chips) 
Seat 9: CaritaTriste ($1.18 in chips) 
Dorex2007: posts small blind $0.01
moguryu: posts big blind $0.02
*** HOLE CARDS ***
Dealt to Dorex2007 [7c 7s]
Jahult: folds 
CheeseFairy: folds 
4opl1a: folds 
mariorusty: folds 
CaritaTriste: folds 
MidnightCalm: raises $0.02 to $0.04
Dorex2007: calls $0.03
SOBACH75 joins the table at seat #1 
moguryu: calls $0.02
*** FLOP *** [7h Kc Jc]
Dorex2007: checks 
moguryu: checks 
MidnightCalm: checks 
*** TURN *** [7h Kc Jc] [4h]
Dorex2007: checks 
moguryu: checks 
MidnightCalm: bets $0.12
Dorex2007: calls $0.12
moguryu: folds 
*** RIVER *** [7h Kc Jc 4h] [9d]
Dorex2007: bets $0.56
MidnightCalm: folds 
Uncalled bet ($0.56) returned to Dorex2007
Dorex2007 collected $0.35 from pot
Dorex2007: doesn't show hand 
*** SUMMARY ***
Total pot $0.36 | Rake $0.01 
Board [7h Kc Jc 4h 9d]
Seat 2: MidnightCalm (button) folded on the River
Seat 3: Dorex2007 (small blind) collected ($0.35)
Seat 4: moguryu (big blind) folded on the Turn
Seat 5: Jahult folded before Flop (didn't bet)
Seat 6: CheeseFairy folded before Flop (didn't bet)
Seat 7: 4opl1a folded before Flop (didn't bet)
Seat 8: mariorusty folded before Flop (didn't bet)
Seat 9: CaritaTriste folded before Flop (didn't bet)



PokerStars Hand #227359840991:  Hold'em No Limit ($0.01/$0.02 USD) - 2021/06/05 17:17:38 PT [2021/06/05 20:17:38 ET]
Table 'Scabiosa' 9-max Seat #3 is the button
Seat 1: SOBACH75 ($1.60 in chips) 
Seat 2: MidnightCalm ($2.46 in chips) 
Seat 3: Dorex2007 ($1.74 in chips) 
Seat 4: moguryu ($0.76 in chips) 
Seat 5: Jahult ($2 in chips) 
Seat 6: CheeseFairy ($2.96 in chips) 
Seat 7: 4opl1a ($5.12 in chips) 
Seat 8: mariorusty ($1.04 in chips) 
Seat 9: CaritaTriste ($1.18 in chips) 
moguryu: posts small blind $0.01
Jahult: posts big blind $0.02
SOBACH75: posts big blind $0.02
*** HOLE CARDS ***
Dealt to Dorex2007 [Ah Ac]
CheeseFairy: folds 
4opl1a: folds 
mariorusty: folds 
CaritaTriste: folds 
SOBACH75: checks 
MidnightCalm: folds 
Dorex2007: raises $0.04 to $0.06
moguryu: folds 
Jahult: folds 
SOBACH75: folds 
Uncalled bet ($0.04) returned to Dorex2007
Dorex2007 collected $0.07 from pot
Dorex2007: doesn't show hand 
*** SUMMARY ***
Total pot $0.07 | Rake $0 
Seat 1: SOBACH75 folded before Flop (didn't bet)
Seat 2: MidnightCalm folded before Flop (didn't bet)
Seat 3: Dorex2007 (button) collected ($0.07)
Seat 4: moguryu (small blind) folded before Flop
Seat 5: Jahult (big blind) folded before Flop
Seat 6: CheeseFairy folded before Flop (didn't bet)
Seat 7: 4opl1a folded before Flop (didn't bet)
Seat 8: mariorusty folded before Flop (didn't bet)
Seat 9: CaritaTriste folded before Flop (didn't bet)



PokerStars Hand #227359850888:  Hold'em No Limit ($0.01/$0.02 USD) - 2021/06/05 17:18:11 PT [2021/06/05 20:18:11 ET]
Table 'Scabiosa' 9-max Seat #4 is the button
Seat 1: SOBACH75 ($1.58 in chips) 
Seat 2: MidnightCalm ($2.46 in chips) 
Seat 3: Dorex2007 ($1.79 in chips) 
Seat 4: moguryu ($0.75 in chips) 
Seat 5: Jahult ($2 in chips) 
Seat 6: CheeseFairy ($2.96 in chips) 
Seat 7: 4opl1a ($5.12 in chips) 
Seat 8: mariorusty ($1.04 in chips) 
Seat 9: CaritaTriste ($1.18 in chips) 
Jahult: posts small blind $0.01
CheeseFairy: posts big blind $0.02
*** HOLE CARDS ***
Dealt to Dorex2007 [Kd 4c]
4opl1a: folds 
mariorusty: folds 
CaritaTriste: folds 
SOBACH75: folds 
MidnightCalm: folds 
Dorex2007: folds 
moguryu: folds 
Jahult: folds 
Uncalled bet ($0.01) returned to CheeseFairy
CheeseFairy collected $0.02 from pot
CheeseFairy: doesn't show hand 
*** SUMMARY ***
Total pot $0.02 | Rake $0 
Seat 1: SOBACH75 folded before Flop (didn't bet)
Seat 2: MidnightCalm folded before Flop (didn't bet)
Seat 3: Dorex2007 folded before Flop (didn't bet)
Seat 4: moguryu (button) folded before Flop (didn't bet)
Seat 5: Jahult (small blind) folded before Flop
Seat 6: CheeseFairy (big blind) collected ($0.02)
Seat 7: 4opl1a folded before Flop (didn't bet)
Seat 8: mariorusty folded before Flop (didn't bet)
Seat 9: CaritaTriste folded before Flop (didn't bet)



PokerStars Hand #227359854905:  Hold'em No Limit ($0.01/$0.02 USD) - 2021/06/05 17:18:24 PT [2021/06/05 20:18:24 ET]
Table 'Scabiosa' 9-max Seat #5 is the button
Seat 1: SOBACH75 ($1.58 in chips) 
Seat 2: MidnightCalm ($2.46 in chips) 
Seat 3: Dorex2007 ($1.79 in chips) 
Seat 4: moguryu ($0.75 in chips) 
Seat 5: Jahult ($2 in chips) 
Seat 6: CheeseFairy ($2.97 in chips) 
Seat 7: 4opl1a ($5.12 in chips) 
Seat 8: mariorusty ($1.04 in chips) 
Seat 9: CaritaTriste ($1.18 in chips) 
CheeseFairy: posts small blind $0.01
4opl1a: posts big blind $0.02
*** HOLE CARDS ***
Dealt to Dorex2007 [2d Qh]
mariorusty: raises $0.04 to $0.06
CaritaTriste: folds 
SOBACH75: folds 
MidnightCalm: folds 
Dorex2007: folds 
moguryu: folds 
Jahult: folds 
CheeseFairy: folds 
4opl1a: folds 
Uncalled bet ($0.04) returned to mariorusty
mariorusty collected $0.05 from pot
mariorusty: doesn't show hand 
*** SUMMARY ***
Total pot $0.05 | Rake $0 
Seat 1: SOBACH75 folded before Flop (didn't bet)
Seat 2: MidnightCalm folded before Flop (didn't bet)
Seat 3: Dorex2007 folded before Flop (didn't bet)
Seat 4: moguryu folded before Flop (didn't bet)
Seat 5: Jahult (button) folded before Flop (didn't bet)
Seat 6: CheeseFairy (small blind) folded before Flop
Seat 7: 4opl1a (big blind) folded before Flop
Seat 8: mariorusty collected ($0.05)
Seat 9: CaritaTriste folded before Flop (didn't bet)



PokerStars Hand #227359861086:  Hold'em No Limit ($0.01/$0.02 USD) - 2021/06/05 17:18:44 PT [2021/06/05 20:18:44 ET]
Table 'Scabiosa' 9-max Seat #6 is the button
Seat 1: SOBACH75 ($1.58 in chips) 
Seat 2: MidnightCalm ($2.46 in chips) 
Seat 3: Dorex2007 ($1.79 in chips) 
Seat 4: moguryu ($0.75 in chips) 
Seat 5: Jahult ($2 in chips) 
Seat 6: CheeseFairy ($2.96 in chips) 
Seat 7: 4opl1a ($5.10 in chips) 
Seat 8: mariorusty ($1.07 in chips) 
Seat 9: CaritaTriste ($1.18 in chips) 
4opl1a: posts small blind $0.01
mariorusty: posts big blind $0.02
*** HOLE CARDS ***
Dealt to Dorex2007 [6c Qs]
CaritaTriste: folds 
SOBACH75: folds 
MidnightCalm: folds 
Dorex2007: folds 
moguryu: raises $0.04 to $0.06
Jahult: folds 
Jahult leaves the table
CheeseFairy: folds 
4opl1a: folds 
mariorusty: folds 
Uncalled bet ($0.04) returned to moguryu
moguryu collected $0.05 from pot
moguryu: doesn't show hand 
*** SUMMARY ***
Total pot $0.05 | Rake $0 
Seat 1: SOBACH75 folded before Flop (didn't bet)
Seat 2: MidnightCalm folded before Flop (didn't bet)
Seat 3: Dorex2007 folded before Flop (didn't bet)
Seat 4: moguryu collected ($0.05)
Seat 5: Jahult folded before Flop (didn't bet)
Seat 6: CheeseFairy (button) folded before Flop (didn't bet)
Seat 7: 4opl1a (small blind) folded before Flop
Seat 8: mariorusty (big blind) folded before Flop
Seat 9: CaritaTriste folded before Flop (didn't bet)



PokerStars Hand #227359866688:  Hold'em No Limit ($0.01/$0.02 USD) - 2021/06/05 17:19:03 PT [2021/06/05 20:19:03 ET]
Table 'Scabiosa' 9-max Seat #7 is the button
Seat 1: SOBACH75 ($1.58 in chips) 
Seat 2: MidnightCalm ($2.46 in chips) 
Seat 3: Dorex2007 ($1.79 in chips) 
Seat 4: moguryu ($0.78 in chips) 
Seat 6: CheeseFairy ($2.96 in chips) 
Seat 7: 4opl1a ($5.09 in chips) 
Seat 8: mariorusty ($1.05 in chips) 
Seat 9: CaritaTriste ($1.18 in chips) 
mariorusty: posts small blind $0.01
CaritaTriste: posts big blind $0.02
*** HOLE CARDS ***
Dealt to Dorex2007 [5h 5d]
SOBACH75 has timed out
SOBACH75: folds 
MidnightCalm: folds 
Dorex2007: raises $0.04 to $0.06
moguryu: folds 
CheeseFairy: folds 
4opl1a: folds 
mariorusty: raises $0.12 to $0.18
CaritaTriste: folds 
Dorex2007: folds 
Uncalled bet ($0.12) returned to mariorusty
mariorusty collected $0.14 from pot
mariorusty: doesn't show hand 
*** SUMMARY ***
Total pot $0.14 | Rake $0 
Seat 1: SOBACH75 folded before Flop (didn't bet)
Seat 2: MidnightCalm folded before Flop (didn't bet)
Seat 3: Dorex2007 folded before Flop
Seat 4: moguryu folded before Flop (didn't bet)
Seat 6: CheeseFairy folded before Flop (didn't bet)
Seat 7: 4opl1a (button) folded before Flop (didn't bet)
Seat 8: mariorusty (small blind) collected ($0.14)
Seat 9: CaritaTriste (big blind) folded before Flop



PokerStars Hand #227359882567:  Hold'em No Limit ($0.01/$0.02 USD) - 2021/06/05 17:19:34 PT [2021/06/05 20:19:34 ET]
Table 'Scabiosa' 9-max Seat #8 is the button
Seat 2: MidnightCalm ($2.46 in chips) 
Seat 3: Dorex2007 ($1.73 in chips) 
Seat 4: moguryu ($0.78 in chips) 
Seat 6: CheeseFairy ($2.96 in chips) 
Seat 7: 4opl1a ($5.09 in chips) 
Seat 8: mariorusty ($1.13 in chips) 
Seat 9: CaritaTriste ($1.16 in chips) 
CaritaTriste: posts small blind $0.01
MidnightCalm: posts big blind $0.02
*** HOLE CARDS ***
Dealt to Dorex2007 [Qd 9h]
Dorex2007: folds 
moguryu: folds 
CheeseFairy has timed out
CheeseFairy: folds 
4opl1a: folds 
mariorusty: folds 
CaritaTriste: folds 
Uncalled bet ($0.01) returned to MidnightCalm
MidnightCalm collected $0.02 from pot
*** SUMMARY ***
Total pot $0.02 | Rake $0 
Seat 2: MidnightCalm (big blind) collected ($0.02)
Seat 3: Dorex2007 folded before Flop (didn't bet)
Seat 4: moguryu folded before Flop (didn't bet)
Seat 6: CheeseFairy folded before Flop (didn't bet)
Seat 7: 4opl1a folded before Flop (didn't bet)
Seat 8: mariorusty (button) folded before Flop (didn't bet)
Seat 9: CaritaTriste (small blind) folded before Flop



PokerStars Hand #227359889490:  Hold'em No Limit ($0.01/$0.02 USD) - 2021/06/05 17:19:57 PT [2021/06/05 20:19:57 ET]
Table 'Scabiosa' 9-max Seat #9 is the button
Seat 2: MidnightCalm ($2.47 in chips) 
Seat 3: Dorex2007 ($1.73 in chips) 
Seat 4: moguryu ($0.78 in chips) 
Seat 6: CheeseFairy ($2.96 in chips) 
Seat 7: 4opl1a ($5.09 in chips) 
Seat 8: mariorusty ($1.13 in chips) 
Seat 9: CaritaTriste ($1.15 in chips) 
MidnightCalm: posts small blind $0.01
Dorex2007: posts big blind $0.02
*** HOLE CARDS ***
Dealt to Dorex2007 [8d Tc]
moguryu: folds 
CheeseFairy: folds 
4opl1a: folds 
mariorusty: folds 
CaritaTriste: folds 
MidnightCalm: folds 
Uncalled bet ($0.01) returned to Dorex2007
Dorex2007 collected $0.02 from pot
Dorex2007: doesn't show hand 
*** SUMMARY ***
Total pot $0.02 | Rake $0 
Seat 2: MidnightCalm (small blind) folded before Flop
Seat 3: Dorex2007 (big blind) collected ($0.02)
Seat 4: moguryu folded before Flop (didn't bet)
Seat 6: CheeseFairy folded before Flop (didn't bet)
Seat 7: 4opl1a folded before Flop (didn't bet)
Seat 8: mariorusty folded before Flop (didn't bet)
Seat 9: CaritaTriste (button) folded before Flop (didn't bet)



PokerStars Hand #227359892551:  Hold'em No Limit ($0.01/$0.02 USD) - 2021/06/05 17:20:08 PT [2021/06/05 20:20:08 ET]
Table 'Scabiosa' 9-max Seat #2 is the button
Seat 1: SOBACH75 ($1.58 in chips) 
Seat 2: MidnightCalm ($2.46 in chips) 
Seat 3: Dorex2007 ($1.74 in chips) 
Seat 4: moguryu ($0.78 in chips) 
Seat 6: CheeseFairy ($2.96 in chips) 
Seat 7: 4opl1a ($5.09 in chips) 
Seat 8: mariorusty ($1.13 in chips) 
Seat 9: CaritaTriste ($1.15 in chips) 
Dorex2007: posts small blind $0.01
moguryu: posts big blind $0.02
SOBACH75: posts small & big blinds $0.03
*** HOLE CARDS ***
Dealt to Dorex2007 [Qd 9s]
CheeseFairy: folds 
4opl1a: raises $0.07 to $0.09
mariorusty: folds 
CaritaTriste: folds 
SOBACH75: folds 
MidnightCalm: raises $0.21 to $0.30
Dorex2007: folds 
moguryu: folds 
4opl1a: folds 
Uncalled bet ($0.21) returned to MidnightCalm
MidnightCalm collected $0.24 from pot
*** SUMMARY ***
Total pot $0.24 | Rake $0 
Seat 1: SOBACH75 folded before Flop (didn't bet)
Seat 2: MidnightCalm (button) collected ($0.24)
Seat 3: Dorex2007 (small blind) folded before Flop
Seat 4: moguryu (big blind) folded before Flop
Seat 6: CheeseFairy folded before Flop (didn't bet)
Seat 7: 4opl1a folded before Flop
Seat 8: mariorusty folded before Flop (didn't bet)
Seat 9: CaritaTriste folded before Flop (didn't bet)



PokerStars Hand #227359900533:  Hold'em No Limit ($0.01/$0.02 USD) - 2021/06/05 17:20:34 PT [2021/06/05 20:20:34 ET]
Table 'Scabiosa' 9-max Seat #3 is the button
Seat 1: SOBACH75 ($1.55 in chips) 
Seat 2: MidnightCalm ($2.61 in chips) 
Seat 3: Dorex2007 ($1.73 in chips) 
Seat 4: moguryu ($0.76 in chips) 
Seat 6: CheeseFairy ($2.96 in chips) 
Seat 7: 4opl1a ($5 in chips) 
Seat 8: mariorusty ($1.13 in chips) 
Seat 9: CaritaTriste ($1.15 in chips) 
moguryu: posts small blind $0.01
CheeseFairy: posts big blind $0.02
*** HOLE CARDS ***
Dealt to Dorex2007 [Jh 3h]
4opl1a: folds 
mariorusty: folds 
CaritaTriste: folds 
SOBACH75: folds 
MidnightCalm: raises $0.04 to $0.06
Dorex2007: folds 
moguryu: folds 
CheeseFairy: calls $0.04
*** FLOP *** [6h 2s 3d]
CheeseFairy: bets $0.10
MidnightCalm: raises $0.12 to $0.22
CheeseFairy: folds 
Uncalled bet ($0.12) returned to MidnightCalm
MidnightCalm collected $0.32 from pot
*** SUMMARY ***
Total pot $0.33 | Rake $0.01 
Board [6h 2s 3d]
Seat 1: SOBACH75 folded before Flop (didn't bet)
Seat 2: MidnightCalm collected ($0.32)
Seat 3: Dorex2007 (button) folded before Flop (didn't bet)
Seat 4: moguryu (small blind) folded before Flop
Seat 6: CheeseFairy (big blind) folded on the Flop
Seat 7: 4opl1a folded before Flop (didn't bet)
Seat 8: mariorusty folded before Flop (didn't bet)
Seat 9: CaritaTriste folded before Flop (didn't bet)



PokerStars Hand #227359910529:  Hold'em No Limit ($0.01/$0.02 USD) - 2021/06/05 17:21:08 PT [2021/06/05 20:21:08 ET]
Table 'Scabiosa' 9-max Seat #4 is the button
Seat 1: SOBACH75 ($1.55 in chips) 
Seat 2: MidnightCalm ($2.77 in chips) 
Seat 3: Dorex2007 ($1.73 in chips) 
Seat 4: moguryu ($0.75 in chips) 
Seat 6: CheeseFairy ($2.80 in chips) 
Seat 7: 4opl1a ($5 in chips) 
Seat 8: mariorusty ($1.13 in chips) 
Seat 9: CaritaTriste ($1.15 in chips) 
CheeseFairy: posts small blind $0.01
4opl1a: posts big blind $0.02
*** HOLE CARDS ***
Dealt to Dorex2007 [Jc As]
Thirl3en joins the table at seat #5 
mariorusty: folds 
CaritaTriste: folds 
SOBACH75: calls $0.02
MidnightCalm: folds 
Dorex2007: calls $0.02
moguryu: folds 
CheeseFairy: raises $0.08 to $0.10
4opl1a: folds 
SOBACH75: calls $0.08
Dorex2007: calls $0.08
*** FLOP *** [5c 2c 9h]
CheeseFairy: bets $0.24
SOBACH75: calls $0.24
Dorex2007: folds 
*** TURN *** [5c 2c 9h] [Qs]
CheeseFairy: checks 
SOBACH75: bets $0.38
CheeseFairy: folds 
Uncalled bet ($0.38) returned to SOBACH75
SOBACH75 collected $0.77 from pot
*** SUMMARY ***
Total pot $0.80 | Rake $0.03 
Board [5c 2c 9h Qs]
Seat 1: SOBACH75 collected ($0.77)
Seat 2: MidnightCalm folded before Flop (didn't bet)
Seat 3: Dorex2007 folded on the Flop
Seat 4: moguryu (button) folded before Flop (didn't bet)
Seat 6: CheeseFairy (small blind) folded on the Turn
Seat 7: 4opl1a (big blind) folded before Flop
Seat 8: mariorusty folded before Flop (didn't bet)
Seat 9: CaritaTriste folded before Flop (didn't bet)



PokerStars Hand #227359938263:  Hold'em No Limit ($0.01/$0.02 USD) - 2021/06/05 17:22:39 PT [2021/06/05 20:22:39 ET]
Table 'Scabiosa' 9-max Seat #6 is the button
Seat 1: SOBACH75 ($1.98 in chips) 
Seat 2: MidnightCalm ($2.77 in chips) 
Seat 3: Dorex2007 ($2 in chips) 
Seat 4: moguryu ($0.75 in chips) 
Seat 5: Thirl3en ($0.80 in chips) 
Seat 6: CheeseFairy ($2.46 in chips) 
Seat 7: 4opl1a ($4.98 in chips) 
Seat 8: mariorusty ($1.13 in chips) 
Seat 9: CaritaTriste ($1.15 in chips) 
4opl1a: posts small blind $0.01
mariorusty: posts big blind $0.02
Thirl3en: posts big blind $0.02
*** HOLE CARDS ***
Dealt to Dorex2007 [5s Td]
CaritaTriste: calls $0.02
SOBACH75: folds 
MidnightCalm: raises $0.08 to $0.10
Dorex2007: folds 
moguryu: folds 
Thirl3en: calls $0.08
CheeseFairy: folds 
4opl1a: folds 
mariorusty: folds 
CaritaTriste: calls $0.08
*** FLOP *** [8d 6s Qc]
CaritaTriste: checks 
MidnightCalm: bets $0.32
Thirl3en: calls $0.32
CaritaTriste: folds 
*** TURN *** [8d 6s Qc] [6c]
MidnightCalm: bets $2.35 and is all-in
Thirl3en: calls $0.38 and is all-in
Uncalled bet ($1.97) returned to MidnightCalm
*** RIVER *** [8d 6s Qc 6c] [2c]
*** SHOW DOWN ***
MidnightCalm: shows [Ac Qs] (two pair, Queens and Sixes)
Thirl3en: shows [8s As] (two pair, Eights and Sixes)
MidnightCalm collected $1.67 from pot
*** SUMMARY ***
Total pot $1.73 | Rake $0.06 
Board [8d 6s Qc 6c 2c]
Seat 1: SOBACH75 folded before Flop (didn't bet)
Seat 2: MidnightCalm showed [Ac Qs] and won ($1.67) with two pair, Queens and Sixes
Seat 3: Dorex2007 folded before Flop (didn't bet)
Seat 4: moguryu folded before Flop (didn't bet)
Seat 5: Thirl3en showed [8s As] and lost with two pair, Eights and Sixes
Seat 6: CheeseFairy (button) folded before Flop (didn't bet)
Seat 7: 4opl1a (small blind) folded before Flop
Seat 8: mariorusty (big blind) folded before Flop
Seat 9: CaritaTriste folded on the Flop



PokerStars Hand #227359954109:  Hold'em No Limit ($0.01/$0.02 USD) - 2021/06/05 17:23:24 PT [2021/06/05 20:23:24 ET]
Table 'Scabiosa' 9-max Seat #7 is the button
Seat 1: SOBACH75 ($1.98 in chips) 
Seat 2: MidnightCalm ($3.64 in chips) 
Seat 3: Dorex2007 ($2 in chips) 
Seat 4: moguryu ($0.75 in chips) 
Seat 6: CheeseFairy ($2.46 in chips) 
Seat 7: 4opl1a ($4.97 in chips) 
Seat 8: mariorusty ($1.11 in chips) 
Seat 9: CaritaTriste ($1.05 in chips) 
mariorusty: posts small blind $0.01
CaritaTriste: posts big blind $0.02
*** HOLE CARDS ***
Dealt to Dorex2007 [Kc 4c]
SOBACH75: folds 
MidnightCalm: folds 
Thirl3en leaves the table
Dorex2007: folds 
moguryu: folds 
CheeseFairy: raises $0.04 to $0.06
4opl1a: folds 
mariorusty: raises $0.12 to $0.18
CaritaTriste: folds 
CheeseFairy: folds 
Uncalled bet ($0.12) returned to mariorusty
mariorusty collected $0.14 from pot
mariorusty: doesn't show hand 
*** SUMMARY ***
Total pot $0.14 | Rake $0 
Seat 1: SOBACH75 folded before Flop (didn't bet)
Seat 2: MidnightCalm folded before Flop (didn't bet)
Seat 3: Dorex2007 folded before Flop (didn't bet)
Seat 4: moguryu folded before Flop (didn't bet)
Seat 6: CheeseFairy folded before Flop
Seat 7: 4opl1a (button) folded before Flop (didn't bet)
Seat 8: mariorusty (small blind) collected ($0.14)
Seat 9: CaritaTriste (big blind) folded before Flop



PokerStars Hand #227359963019:  Hold'em No Limit ($0.01/$0.02 USD) - 2021/06/05 17:23:53 PT [2021/06/05 20:23:53 ET]
Table 'Scabiosa' 9-max Seat #8 is the button
Seat 1: SOBACH75 ($1.98 in chips) 
Seat 2: MidnightCalm ($3.64 in chips) 
Seat 3: Dorex2007 ($2 in chips) 
Seat 4: moguryu ($0.75 in chips) 
Seat 6: CheeseFairy ($2.40 in chips) 
Seat 7: 4opl1a ($4.97 in chips) 
Seat 8: mariorusty ($1.19 in chips) 
Seat 9: CaritaTriste ($1.03 in chips) 
CINAR5 joins the table at seat #5 
CaritaTriste: posts small blind $0.01
SOBACH75: posts big blind $0.02
*** HOLE CARDS ***
Dealt to Dorex2007 [3d 4h]
MidnightCalm: folds 
Dorex2007: folds 
moguryu: folds 
CheeseFairy: folds 
4opl1a: folds 
mariorusty: folds 
CaritaTriste: raises $0.02 to $0.04
SOBACH75: folds 
Uncalled bet ($0.02) returned to CaritaTriste
CaritaTriste collected $0.04 from pot
*** SUMMARY ***
Total pot $0.04 | Rake $0 
Seat 1: SOBACH75 (big blind) folded before Flop
Seat 2: MidnightCalm folded before Flop (didn't bet)
Seat 3: Dorex2007 folded before Flop (didn't bet)
Seat 4: moguryu folded before Flop (didn't bet)
Seat 6: CheeseFairy folded before Flop (didn't bet)
Seat 7: 4opl1a folded before Flop (didn't bet)
Seat 8: mariorusty (button) folded before Flop (didn't bet)
Seat 9: CaritaTriste (small blind) collected ($0.04)



PokerStars Hand #227359971675:  Hold'em No Limit ($0.01/$0.02 USD) - 2021/06/05 17:24:22 PT [2021/06/05 20:24:22 ET]
Table 'Scabiosa' 9-max Seat #9 is the button
Seat 1: SOBACH75 ($1.96 in chips) 
Seat 2: MidnightCalm ($3.64 in chips) 
Seat 3: Dorex2007 ($2 in chips) 
Seat 4: moguryu ($0.75 in chips) 
Seat 5: CINAR5 ($0.80 in chips) 
Seat 6: CheeseFairy ($2.40 in chips) 
Seat 7: 4opl1a ($4.97 in chips) 
Seat 8: mariorusty ($1.19 in chips) 
Seat 9: CaritaTriste ($1.05 in chips) 
SOBACH75: posts small blind $0.01
MidnightCalm: posts big blind $0.02
CINAR5: posts big blind $0.02
*** HOLE CARDS ***
Dealt to Dorex2007 [Td 2h]
Dorex2007: folds 
moguryu: folds 
CINAR5: checks 
CheeseFairy: folds 
4opl1a: folds 
mariorusty: folds 
CaritaTriste: folds 
SOBACH75: folds 
MidnightCalm: checks 
*** FLOP *** [3d Qc 7d]
MidnightCalm: checks 
CINAR5: checks 
*** TURN *** [3d Qc 7d] [6h]
MidnightCalm: checks 
CINAR5: checks 
*** RIVER *** [3d Qc 7d 6h] [5d]
MidnightCalm: checks 
CINAR5: bets $0.78 and is all-in
MidnightCalm: folds 
Uncalled bet ($0.78) returned to CINAR5
CINAR5 collected $0.05 from pot
CINAR5: doesn't show hand 
*** SUMMARY ***
Total pot $0.05 | Rake $0 
Board [3d Qc 7d 6h 5d]
Seat 1: SOBACH75 (small blind) folded before Flop
Seat 2: MidnightCalm (big blind) folded on the River
Seat 3: Dorex2007 folded before Flop (didn't bet)
Seat 4: moguryu folded before Flop (didn't bet)
Seat 5: CINAR5 collected ($0.05)
Seat 6: CheeseFairy folded before Flop (didn't bet)
Seat 7: 4opl1a folded before Flop (didn't bet)
Seat 8: mariorusty folded before Flop (didn't bet)
Seat 9: CaritaTriste (button) folded before Flop (didn't bet)



PokerStars Hand #227359983396:  Hold'em No Limit ($0.01/$0.02 USD) - 2021/06/05 17:25:01 PT [2021/06/05 20:25:01 ET]
Table 'Scabiosa' 9-max Seat #1 is the button
Seat 1: SOBACH75 ($1.95 in chips) 
Seat 2: MidnightCalm ($3.62 in chips) 
Seat 3: Dorex2007 ($2 in chips) 
Seat 4: moguryu ($0.75 in chips) 
Seat 5: CINAR5 ($0.83 in chips) 
Seat 6: CheeseFairy ($2.40 in chips) 
Seat 7: 4opl1a ($4.97 in chips) 
Seat 8: mariorusty ($1.19 in chips) 
Seat 9: CaritaTriste ($1.05 in chips) 
MidnightCalm: posts small blind $0.01
Dorex2007: posts big blind $0.02
*** HOLE CARDS ***
Dealt to Dorex2007 [9d 3d]
moguryu: raises $0.04 to $0.06
CINAR5: folds 
CheeseFairy: folds 
4opl1a: raises $0.12 to $0.18
mariorusty: folds 
CaritaTriste: folds 
SOBACH75: folds 
MidnightCalm: folds 
Dorex2007: folds 
moguryu: raises $0.36 to $0.54
4opl1a: folds 
Uncalled bet ($0.36) returned to moguryu
moguryu collected $0.39 from pot
moguryu: doesn't show hand 
*** SUMMARY ***
Total pot $0.39 | Rake $0 
Seat 1: SOBACH75 (button) folded before Flop (didn't bet)
Seat 2: MidnightCalm (small blind) folded before Flop
Seat 3: Dorex2007 (big blind) folded before Flop
Seat 4: moguryu collected ($0.39)
Seat 5: CINAR5 folded before Flop (didn't bet)
Seat 6: CheeseFairy folded before Flop (didn't bet)
Seat 7: 4opl1a folded before Flop
Seat 8: mariorusty folded before Flop (didn't bet)
Seat 9: CaritaTriste folded before Flop (didn't bet)



PokerStars Hand #227360000400:  Hold'em No Limit ($0.01/$0.02 USD) - 2021/06/05 17:25:57 PT [2021/06/05 20:25:57 ET]
Table 'Scabiosa' 9-max Seat #2 is the button
Seat 1: SOBACH75 ($1.95 in chips) 
Seat 2: MidnightCalm ($3.61 in chips) 
Seat 3: Dorex2007 ($1.98 in chips) 
Seat 4: moguryu ($0.96 in chips) 
Seat 5: CINAR5 ($0.83 in chips) 
Seat 6: CheeseFairy ($2.40 in chips) 
Seat 7: 4opl1a ($4.79 in chips) 
Seat 8: mariorusty ($1.19 in chips) 
Seat 9: CaritaTriste ($1.05 in chips) 
Dorex2007: posts small blind $0.01
moguryu: posts big blind $0.02
*** HOLE CARDS ***
Dealt to Dorex2007 [2s 9h]
CINAR5: calls $0.02
CheeseFairy: raises $0.04 to $0.06
4opl1a: raises $0.14 to $0.20
mariorusty: folds 
CaritaTriste: folds 
SOBACH75: folds 
MidnightCalm: folds 
Dorex2007: folds 
moguryu: folds 
CINAR5: folds 
CheeseFairy: calls $0.14
*** FLOP *** [5h 7c Qh]
CheeseFairy: checks 
4opl1a: bets $0.13
CheeseFairy: folds 
Uncalled bet ($0.13) returned to 4opl1a
4opl1a collected $0.43 from pot
4opl1a: doesn't show hand 
*** SUMMARY ***
Total pot $0.45 | Rake $0.02 
Board [5h 7c Qh]
Seat 1: SOBACH75 folded before Flop (didn't bet)
Seat 2: MidnightCalm (button) folded before Flop (didn't bet)
Seat 3: Dorex2007 (small blind) folded before Flop
Seat 4: moguryu (big blind) folded before Flop
Seat 5: CINAR5 folded before Flop
Seat 6: CheeseFairy folded on the Flop
Seat 7: 4opl1a collected ($0.43)
Seat 8: mariorusty folded before Flop (didn't bet)
Seat 9: CaritaTriste folded before Flop (didn't bet)



PokerStars Hand #227360017894:  Hold'em No Limit ($0.01/$0.02 USD) - 2021/06/05 17:26:56 PT [2021/06/05 20:26:56 ET]
Table 'Scabiosa' 9-max Seat #3 is the button
Seat 1: SOBACH75 ($1.95 in chips) 
Seat 2: MidnightCalm ($3.61 in chips) 
Seat 3: Dorex2007 ($1.97 in chips) 
Seat 4: moguryu ($0.94 in chips) 
Seat 5: CINAR5 ($0.81 in chips) 
Seat 6: CheeseFairy ($2.20 in chips) 
Seat 7: 4opl1a ($5.02 in chips) 
Seat 8: mariorusty ($1.19 in chips) 
Seat 9: CaritaTriste ($1.05 in chips) 
moguryu: posts small blind $0.01
CINAR5: posts big blind $0.02
*** HOLE CARDS ***
Dealt to Dorex2007 [5c 6h]
CheeseFairy: raises $0.04 to $0.06
4opl1a: folds 
mariorusty: folds 
CaritaTriste: folds 
SOBACH75: calls $0.06
MidnightCalm: folds 
Dorex2007: folds 
moguryu: folds 
CINAR5: folds 
*** FLOP *** [Jc 3s 2s]
CheeseFairy: bets $0.12
SOBACH75: calls $0.12
*** TURN *** [Jc 3s 2s] [5h]
CheeseFairy: bets $0.32
SOBACH75: folds 
Uncalled bet ($0.32) returned to CheeseFairy
CheeseFairy collected $0.38 from pot
CheeseFairy: doesn't show hand 
*** SUMMARY ***
Total pot $0.39 | Rake $0.01 
Board [Jc 3s 2s 5h]
Seat 1: SOBACH75 folded on the Turn
Seat 2: MidnightCalm folded before Flop (didn't bet)
Seat 3: Dorex2007 (button) folded before Flop (didn't bet)
Seat 4: moguryu (small blind) folded before Flop
Seat 5: CINAR5 (big blind) folded before Flop
Seat 6: CheeseFairy collected ($0.38)
Seat 7: 4opl1a folded before Flop (didn't bet)
Seat 8: mariorusty folded before Flop (didn't bet)
Seat 9: CaritaTriste folded before Flop (didn't bet)



PokerStars Hand #227360033585:  Hold'em No Limit ($0.01/$0.02 USD) - 2021/06/05 17:27:50 PT [2021/06/05 20:27:50 ET]
Table 'Scabiosa' 9-max Seat #4 is the button
Seat 1: SOBACH75 ($1.77 in chips) 
Seat 2: MidnightCalm ($3.61 in chips) 
Seat 3: Dorex2007 ($1.97 in chips) 
Seat 4: moguryu ($0.93 in chips) 
Seat 5: CINAR5 ($0.79 in chips) 
Seat 6: CheeseFairy ($2.40 in chips) 
Seat 7: 4opl1a ($5.02 in chips) 
Seat 8: mariorusty ($1.19 in chips) 
Seat 9: CaritaTriste ($1.05 in chips) 
CINAR5: posts small blind $0.01
CheeseFairy: posts big blind $0.02
*** HOLE CARDS ***
Dealt to Dorex2007 [2c Qs]
4opl1a: raises $0.04 to $0.06
mariorusty: folds 
CaritaTriste: folds 
SOBACH75: folds 
MidnightCalm: folds 
Dorex2007: folds 
moguryu: calls $0.06
CINAR5: raises $0.73 to $0.79 and is all-in
CheeseFairy: folds 
4opl1a: folds 
moguryu: folds 
Uncalled bet ($0.73) returned to CINAR5
CINAR5 collected $0.20 from pot
CINAR5: doesn't show hand 
*** SUMMARY ***
Total pot $0.20 | Rake $0 
Seat 1: SOBACH75 folded before Flop (didn't bet)
Seat 2: MidnightCalm folded before Flop (didn't bet)
Seat 3: Dorex2007 folded before Flop (didn't bet)
Seat 4: moguryu (button) folded before Flop
Seat 5: CINAR5 (small blind) collected ($0.20)
Seat 6: CheeseFairy (big blind) folded before Flop
Seat 7: 4opl1a folded before Flop
Seat 8: mariorusty folded before Flop (didn't bet)
Seat 9: CaritaTriste folded before Flop (didn't bet)



PokerStars Hand #227360040799:  Hold'em No Limit ($0.01/$0.02 USD) - 2021/06/05 17:28:14 PT [2021/06/05 20:28:14 ET]
Table 'Scabiosa' 9-max Seat #5 is the button
Seat 1: SOBACH75 ($1.77 in chips) 
Seat 2: MidnightCalm ($3.61 in chips) 
Seat 3: Dorex2007 ($1.97 in chips) 
Seat 4: moguryu ($0.87 in chips) 
Seat 5: CINAR5 ($0.93 in chips) 
Seat 6: CheeseFairy ($2.38 in chips) 
Seat 7: 4opl1a ($4.96 in chips) 
Seat 8: mariorusty ($1.19 in chips) 
Seat 9: CaritaTriste ($1.05 in chips) 
CheeseFairy: posts small blind $0.01
4opl1a: posts big blind $0.02
*** HOLE CARDS ***
Dealt to Dorex2007 [Ad 3s]
mariorusty: folds 
CaritaTriste: folds 
SOBACH75: folds 
MidnightCalm: folds 
Dorex2007: folds 
moguryu: raises $0.04 to $0.06
CINAR5: folds 
CINAR5 leaves the table
CheeseFairy: folds 
4opl1a: folds 
Uncalled bet ($0.04) returned to moguryu
moguryu collected $0.05 from pot
moguryu: doesn't show hand 
*** SUMMARY ***
Total pot $0.05 | Rake $0 
Seat 1: SOBACH75 folded before Flop (didn't bet)
Seat 2: MidnightCalm folded before Flop (didn't bet)
Seat 3: Dorex2007 folded before Flop (didn't bet)
Seat 4: moguryu collected ($0.05)
Seat 5: CINAR5 (button) folded before Flop (didn't bet)
Seat 6: CheeseFairy (small blind) folded before Flop
Seat 7: 4opl1a (big blind) folded before Flop
Seat 8: mariorusty folded before Flop (didn't bet)
Seat 9: CaritaTriste folded before Flop (didn't bet)



PokerStars Hand #227360049176:  Hold'em No Limit ($0.01/$0.02 USD) - 2021/06/05 17:28:43 PT [2021/06/05 20:28:43 ET]
Table 'Scabiosa' 9-max Seat #6 is the button
Seat 1: SOBACH75 ($1.77 in chips) 
Seat 2: MidnightCalm ($3.61 in chips) 
Seat 3: Dorex2007 ($1.97 in chips) 
Seat 4: moguryu ($0.90 in chips) 
Seat 6: CheeseFairy ($2.37 in chips) 
Seat 7: 4opl1a ($4.94 in chips) 
Seat 8: mariorusty ($1.19 in chips) 
Seat 9: CaritaTriste ($1.05 in chips) 
4opl1a: posts small blind $0.01
mariorusty: posts big blind $0.02
*** HOLE CARDS ***
Dealt to Dorex2007 [2s 4c]
CaritaTriste: calls $0.02
SOBACH75: folds 
MidnightCalm: folds 
Dorex2007: folds 
moguryu: folds 
CheeseFairy has timed out
CheeseFairy: folds 
4opl1a: folds 
Adrel joins the table at seat #5 
mariorusty: checks 
*** FLOP *** [5s 6d 2d]
mariorusty: checks 
CaritaTriste: checks 
*** TURN *** [5s 6d 2d] [Th]
mariorusty: bets $0.04
CaritaTriste: calls $0.04
*** RIVER *** [5s 6d 2d Th] [Ks]
mariorusty: bets $0.10
CaritaTriste: calls $0.10
*** SHOW DOWN ***
mariorusty: shows [5h 6h] (two pair, Sixes and Fives)
CaritaTriste: mucks hand 
mariorusty collected $0.32 from pot
*** SUMMARY ***
Total pot $0.33 | Rake $0.01 
Board [5s 6d 2d Th Ks]
Seat 1: SOBACH75 folded before Flop (didn't bet)
Seat 2: MidnightCalm folded before Flop (didn't bet)
Seat 3: Dorex2007 folded before Flop (didn't bet)
Seat 4: moguryu folded before Flop (didn't bet)
Seat 6: CheeseFairy (button) folded before Flop (didn't bet)
Seat 7: 4opl1a (small blind) folded before Flop
Seat 8: mariorusty (big blind) showed [5h 6h] and won ($0.32) with two pair, Sixes and Fives
Seat 9: CaritaTriste mucked [Td Ac]



PokerStars Hand #227360079439:  Hold'em No Limit ($0.01/$0.02 USD) - 2021/06/05 17:30:06 PT [2021/06/05 20:30:06 ET]
Table 'Scabiosa' 9-max Seat #7 is the button
Seat 1: SOBACH75 ($1.77 in chips) 
Seat 2: MidnightCalm ($3.61 in chips) 
Seat 3: Dorex2007 ($1.97 in chips) 
Seat 4: moguryu ($0.90 in chips) 
Seat 5: Adrel ($1.60 in chips) 
Seat 6: CheeseFairy ($2.37 in chips) 
Seat 7: 4opl1a ($4.93 in chips) 
Seat 8: mariorusty ($1.35 in chips) 
Seat 9: CaritaTriste ($0.89 in chips) 
mariorusty: posts small blind $0.01
CaritaTriste: posts big blind $0.02
Adrel: posts big blind $0.02
*** HOLE CARDS ***
Dealt to Dorex2007 [9d 4s]
SOBACH75: folds 
MidnightCalm: calls $0.02
Dorex2007: folds 
moguryu: folds 
Adrel: checks 
CheeseFairy: folds 
4opl1a: folds 
mariorusty: folds 
CaritaTriste: checks 
*** FLOP *** [3s Qs 6h]
CaritaTriste: checks 
MidnightCalm: checks 
Adrel: checks 
*** TURN *** [3s Qs 6h] [5h]
CaritaTriste: checks 
MidnightCalm: checks 
Adrel: checks 
*** RIVER *** [3s Qs 6h 5h] [Ad]
CaritaTriste: checks 
MidnightCalm: checks 
Adrel: checks 
*** SHOW DOWN ***
CaritaTriste: shows [7h 9s] (high card Ace)
MidnightCalm: shows [4c 6c] (a pair of Sixes)
Adrel: mucks hand 
MidnightCalm collected $0.07 from pot
*** SUMMARY ***
Total pot $0.07 | Rake $0 
Board [3s Qs 6h 5h Ad]
Seat 1: SOBACH75 folded before Flop (didn't bet)
Seat 2: MidnightCalm showed [4c 6c] and won ($0.07) with a pair of Sixes
Seat 3: Dorex2007 folded before Flop (didn't bet)
Seat 4: moguryu folded before Flop (didn't bet)
Seat 5: Adrel mucked [2s 8c]
Seat 6: CheeseFairy folded before Flop (didn't bet)
Seat 7: 4opl1a (button) folded before Flop (didn't bet)
Seat 8: mariorusty (small blind) folded before Flop
Seat 9: CaritaTriste (big blind) showed [7h 9s] and lost with high card Ace



PokerStars Hand #227360095577:  Hold'em No Limit ($0.01/$0.02 USD) - 2021/06/05 17:31:02 PT [2021/06/05 20:31:02 ET]
Table 'Scabiosa' 9-max Seat #8 is the button
Seat 1: SOBACH75 ($1.77 in chips) 
Seat 2: MidnightCalm ($3.66 in chips) 
Seat 3: Dorex2007 ($1.97 in chips) 
Seat 4: moguryu ($0.90 in chips) 
Seat 5: Adrel ($1.58 in chips) 
Seat 6: CheeseFairy ($2.37 in chips) 
Seat 7: 4opl1a ($4.93 in chips) 
Seat 8: mariorusty ($1.34 in chips) 
Seat 9: CaritaTriste ($0.87 in chips) 
CaritaTriste: posts small blind $0.01
SOBACH75: posts big blind $0.02
*** HOLE CARDS ***
Dealt to Dorex2007 [6h 7d]
MidnightCalm: calls $0.02
Dorex2007: folds 
moguryu: folds 
Adrel: calls $0.02
CheeseFairy: folds 
4opl1a: folds 
mariorusty: folds 
CaritaTriste: calls $0.01
SOBACH75: raises $0.06 to $0.08
MidnightCalm: calls $0.06
Adrel: calls $0.06
CaritaTriste: folds 
*** FLOP *** [Jh 5d 2c]
SOBACH75: bets $0.14
MidnightCalm: folds 
Adrel: folds 
Uncalled bet ($0.14) returned to SOBACH75
SOBACH75 collected $0.25 from pot
SOBACH75: doesn't show hand 
*** SUMMARY ***
Total pot $0.26 | Rake $0.01 
Board [Jh 5d 2c]
Seat 1: SOBACH75 (big blind) collected ($0.25)
Seat 2: MidnightCalm folded on the Flop
Seat 3: Dorex2007 folded before Flop (didn't bet)
Seat 4: moguryu folded before Flop (didn't bet)
Seat 5: Adrel folded on the Flop
Seat 6: CheeseFairy folded before Flop (didn't bet)
Seat 7: 4opl1a folded before Flop (didn't bet)
Seat 8: mariorusty (button) folded before Flop (didn't bet)
Seat 9: CaritaTriste (small blind) folded before Flop



PokerStars Hand #227360108893:  Hold'em No Limit ($0.01/$0.02 USD) - 2021/06/05 17:31:47 PT [2021/06/05 20:31:47 ET]
Table 'Scabiosa' 9-max Seat #9 is the button
Seat 1: SOBACH75 ($1.94 in chips) 
Seat 2: MidnightCalm ($3.58 in chips) 
Seat 3: Dorex2007 ($1.97 in chips) 
Seat 4: moguryu ($0.90 in chips) 
Seat 5: Adrel ($1.50 in chips) 
Seat 6: CheeseFairy ($2.37 in chips) 
Seat 7: 4opl1a ($4.93 in chips) 
Seat 8: mariorusty ($1.34 in chips) 
Seat 9: CaritaTriste ($0.85 in chips) 
SOBACH75: posts small blind $0.01
MidnightCalm: posts big blind $0.02
*** HOLE CARDS ***
Dealt to Dorex2007 [6h Kh]
Dorex2007: folds 
moguryu: raises $0.04 to $0.06
Adrel: folds 
CheeseFairy: folds 
4opl1a: folds 
mariorusty: folds 
CaritaTriste: folds 
SOBACH75: folds 
MidnightCalm: folds 
Uncalled bet ($0.04) returned to moguryu
moguryu collected $0.05 from pot
moguryu: doesn't show hand 
*** SUMMARY ***
Total pot $0.05 | Rake $0 
Seat 1: SOBACH75 (small blind) folded before Flop
Seat 2: MidnightCalm (big blind) folded before Flop
Seat 3: Dorex2007 folded before Flop (didn't bet)
Seat 4: moguryu collected ($0.05)
Seat 5: Adrel folded before Flop (didn't bet)
Seat 6: CheeseFairy folded before Flop (didn't bet)
Seat 7: 4opl1a folded before Flop (didn't bet)
Seat 8: mariorusty folded before Flop (didn't bet)
Seat 9: CaritaTriste (button) folded before Flop (didn't bet)



PokerStars Hand #227360114219:  Hold'em No Limit ($0.01/$0.02 USD) - 2021/06/05 17:32:05 PT [2021/06/05 20:32:05 ET]
Table 'Scabiosa' 9-max Seat #1 is the button
Seat 1: SOBACH75 ($1.93 in chips) 
Seat 2: MidnightCalm ($3.56 in chips) 
Seat 3: Dorex2007 ($1.97 in chips) 
Seat 4: moguryu ($0.93 in chips) 
Seat 5: Adrel ($1.50 in chips) 
Seat 6: CheeseFairy ($2.37 in chips) 
Seat 7: 4opl1a ($4.93 in chips) 
Seat 8: mariorusty ($1.34 in chips) 
Seat 9: CaritaTriste ($0.85 in chips) 
MidnightCalm: posts small blind $0.01
Dorex2007: posts big blind $0.02
*** HOLE CARDS ***
Dealt to Dorex2007 [Js 8c]
moguryu: folds 
Adrel: folds 
CheeseFairy: raises $0.04 to $0.06
4opl1a: folds 
mariorusty: folds 
CaritaTriste: folds 
SOBACH75: folds 
MidnightCalm: folds 
Dorex2007: folds 
Uncalled bet ($0.04) returned to CheeseFairy
CheeseFairy collected $0.05 from pot
CheeseFairy: doesn't show hand 
*** SUMMARY ***
Total pot $0.05 | Rake $0 
Seat 1: SOBACH75 (button) folded before Flop (didn't bet)
Seat 2: MidnightCalm (small blind) folded before Flop
Seat 3: Dorex2007 (big blind) folded before Flop
Seat 4: moguryu folded before Flop (didn't bet)
Seat 5: Adrel folded before Flop (didn't bet)
Seat 6: CheeseFairy collected ($0.05)
Seat 7: 4opl1a folded before Flop (didn't bet)
Seat 8: mariorusty folded before Flop (didn't bet)
Seat 9: CaritaTriste folded before Flop (didn't bet)



PokerStars Hand #227360121477:  Hold'em No Limit ($0.01/$0.02 USD) - 2021/06/05 17:32:30 PT [2021/06/05 20:32:30 ET]
Table 'Scabiosa' 9-max Seat #2 is the button
Seat 1: SOBACH75 ($1.93 in chips) 
Seat 2: MidnightCalm ($3.55 in chips) 
Seat 3: Dorex2007 ($1.95 in chips) 
Seat 4: moguryu ($0.93 in chips) 
Seat 5: Adrel ($1.50 in chips) 
Seat 6: CheeseFairy ($2.40 in chips) 
Seat 7: 4opl1a ($4.93 in chips) 
Seat 8: mariorusty ($1.34 in chips) 
Seat 9: CaritaTriste ($0.85 in chips) 
Dorex2007: posts small blind $0.01
moguryu: posts big blind $0.02
*** HOLE CARDS ***
Dealt to Dorex2007 [5d Kc]
Adrel: folds 
CheeseFairy: folds 
4opl1a: raises $0.04 to $0.06
mariorusty: raises $0.12 to $0.18
CaritaTriste: raises $0.45 to $0.63
SOBACH75: folds 
MidnightCalm: folds 
Dorex2007: folds 
moguryu: folds 
4opl1a: folds 
mariorusty: raises $0.45 to $1.08
CaritaTriste: calls $0.22 and is all-in
Uncalled bet ($0.23) returned to mariorusty
*** FLOP *** [6h 5c 3c]
*** TURN *** [6h 5c 3c] [Jh]
*** RIVER *** [6h 5c 3c Jh] [8c]
*** SHOW DOWN ***
mariorusty: shows [Qs Ac] (high card Ace)
CaritaTriste: shows [Ad Kd] (high card Ace - King kicker)
CaritaTriste collected $1.73 from pot
*** SUMMARY ***
Total pot $1.79 | Rake $0.06 
Board [6h 5c 3c Jh 8c]
Seat 1: SOBACH75 folded before Flop (didn't bet)
Seat 2: MidnightCalm (button) folded before Flop (didn't bet)
Seat 3: Dorex2007 (small blind) folded before Flop
Seat 4: moguryu (big blind) folded before Flop
Seat 5: Adrel folded before Flop (didn't bet)
Seat 6: CheeseFairy folded before Flop (didn't bet)
Seat 7: 4opl1a folded before Flop
Seat 8: mariorusty showed [Qs Ac] and lost with high card Ace
Seat 9: CaritaTriste showed [Ad Kd] and won ($1.73) with high card Ace



PokerStars Hand #227360133361:  Hold'em No Limit ($0.01/$0.02 USD) - 2021/06/05 17:33:11 PT [2021/06/05 20:33:11 ET]
Table 'Scabiosa' 9-max Seat #3 is the button
Seat 1: SOBACH75 ($1.93 in chips) 
Seat 2: MidnightCalm ($3.55 in chips) 
Seat 3: Dorex2007 ($1.94 in chips) 
Seat 4: moguryu ($0.91 in chips) 
Seat 5: Adrel ($1.50 in chips) 
Seat 6: CheeseFairy ($2.40 in chips) 
Seat 7: 4opl1a ($4.87 in chips) 
Seat 8: mariorusty ($0.80 in chips) 
Seat 9: CaritaTriste ($1.73 in chips) 
moguryu: posts small blind $0.01
Adrel: posts big blind $0.02
*** HOLE CARDS ***
Dealt to Dorex2007 [Qc Td]
CheeseFairy: folds 
4opl1a: raises $0.04 to $0.06
mariorusty: raises $0.12 to $0.18
CaritaTriste: folds 
SOBACH75: folds 
MidnightCalm: folds 
Dorex2007: folds 
moguryu: folds 
Adrel: folds 
4opl1a: folds 
Uncalled bet ($0.12) returned to mariorusty
mariorusty collected $0.15 from pot
mariorusty: doesn't show hand 
*** SUMMARY ***
Total pot $0.15 | Rake $0 
Seat 1: SOBACH75 folded before Flop (didn't bet)
Seat 2: MidnightCalm folded before Flop (didn't bet)
Seat 3: Dorex2007 (button) folded before Flop (didn't bet)
Seat 4: moguryu (small blind) folded before Flop
Seat 5: Adrel (big blind) folded before Flop
Seat 6: CheeseFairy folded before Flop (didn't bet)
Seat 7: 4opl1a folded before Flop
Seat 8: mariorusty collected ($0.15)
Seat 9: CaritaTriste folded before Flop (didn't bet)



PokerStars Hand #227360140642:  Hold'em No Limit ($0.01/$0.02 USD) - 2021/06/05 17:33:36 PT [2021/06/05 20:33:36 ET]
Table 'Scabiosa' 9-max Seat #4 is the button
Seat 1: SOBACH75 ($1.93 in chips) 
Seat 2: MidnightCalm ($3.55 in chips) 
Seat 3: Dorex2007 ($1.94 in chips) 
Seat 4: moguryu ($0.90 in chips) 
Seat 5: Adrel ($1.48 in chips) 
Seat 6: CheeseFairy ($2.40 in chips) 
Seat 7: 4opl1a ($4.81 in chips) 
Seat 8: mariorusty ($0.89 in chips) 
Seat 9: CaritaTriste ($1.73 in chips) 
Adrel: posts small blind $0.01
CheeseFairy: posts big blind $0.02
*** HOLE CARDS ***
Dealt to Dorex2007 [6s 8h]
4opl1a: raises $0.04 to $0.06
mariorusty: folds 
CaritaTriste: folds 
SOBACH75: folds 
MidnightCalm: calls $0.06
Dorex2007: folds 
moguryu: folds 
Adrel: folds 
CheeseFairy: calls $0.04
*** FLOP *** [Jc Kd 9c]
CheeseFairy: bets $0.12
4opl1a: calls $0.12
MidnightCalm: folds 
*** TURN *** [Jc Kd 9c] [Kc]
CheeseFairy: bets $0.28
4opl1a: folds 
Uncalled bet ($0.28) returned to CheeseFairy
CheeseFairy collected $0.41 from pot
CheeseFairy: doesn't show hand 
*** SUMMARY ***
Total pot $0.43 | Rake $0.02 
Board [Jc Kd 9c Kc]
Seat 1: SOBACH75 folded before Flop (didn't bet)
Seat 2: MidnightCalm folded on the Flop
Seat 3: Dorex2007 folded before Flop (didn't bet)
Seat 4: moguryu (button) folded before Flop (didn't bet)
Seat 5: Adrel (small blind) folded before Flop
Seat 6: CheeseFairy (big blind) collected ($0.41)
Seat 7: 4opl1a folded on the Turn
Seat 8: mariorusty folded before Flop (didn't bet)
Seat 9: CaritaTriste folded before Flop (didn't bet)



PokerStars Hand #227360152881:  Hold'em No Limit ($0.01/$0.02 USD) - 2021/06/05 17:34:19 PT [2021/06/05 20:34:19 ET]
Table 'Scabiosa' 9-max Seat #5 is the button
Seat 1: SOBACH75 ($1.93 in chips) 
Seat 2: MidnightCalm ($3.49 in chips) 
Seat 3: Dorex2007 ($1.94 in chips) 
Seat 4: moguryu ($0.90 in chips) 
Seat 5: Adrel ($1.47 in chips) 
Seat 6: CheeseFairy ($2.63 in chips) 
Seat 7: 4opl1a ($4.63 in chips) 
Seat 8: mariorusty ($0.89 in chips) 
Seat 9: CaritaTriste ($1.73 in chips) 
CheeseFairy: posts small blind $0.01
4opl1a: posts big blind $0.02
*** HOLE CARDS ***
Dealt to Dorex2007 [Qd 9h]
mariorusty: folds 
CaritaTriste: folds 
SOBACH75: raises $0.04 to $0.06
MidnightCalm: folds 
Dorex2007: folds 
moguryu: folds 
Adrel: folds 
CheeseFairy: folds 
4opl1a: raises $0.17 to $0.23
SOBACH75: raises $1.70 to $1.93 and is all-in
4opl1a: folds 
Uncalled bet ($1.70) returned to SOBACH75
SOBACH75 collected $0.47 from pot
SOBACH75: doesn't show hand 
*** SUMMARY ***
Total pot $0.47 | Rake $0 
Seat 1: SOBACH75 collected ($0.47)
Seat 2: MidnightCalm folded before Flop (didn't bet)
Seat 3: Dorex2007 folded before Flop (didn't bet)
Seat 4: moguryu folded before Flop (didn't bet)
Seat 5: Adrel (button) folded before Flop (didn't bet)
Seat 6: CheeseFairy (small blind) folded before Flop
Seat 7: 4opl1a (big blind) folded before Flop
Seat 8: mariorusty folded before Flop (didn't bet)
Seat 9: CaritaTriste folded before Flop (didn't bet)



PokerStars Hand #227360162545:  Hold'em No Limit ($0.01/$0.02 USD) - 2021/06/05 17:34:52 PT [2021/06/05 20:34:52 ET]
Table 'Scabiosa' 9-max Seat #6 is the button
Seat 1: SOBACH75 ($2.17 in chips) 
Seat 2: MidnightCalm ($3.49 in chips) 
Seat 3: Dorex2007 ($1.94 in chips) 
Seat 4: moguryu ($0.90 in chips) 
Seat 5: Adrel ($1.47 in chips) 
Seat 6: CheeseFairy ($2.62 in chips) 
Seat 7: 4opl1a ($4.40 in chips) 
Seat 8: mariorusty ($0.89 in chips) 
Seat 9: CaritaTriste ($1.73 in chips) 
4opl1a: posts small blind $0.01
mariorusty: posts big blind $0.02
*** HOLE CARDS ***
Dealt to Dorex2007 [3h 7c]
CaritaTriste: folds 
SOBACH75: folds 
MidnightCalm: folds 
Dorex2007: folds 
moguryu: folds 
Adrel: calls $0.02
CheeseFairy: folds 
4opl1a: folds 
mariorusty: checks 
*** FLOP *** [5s 7h Th]
mariorusty: checks 
Adrel: checks 
*** TURN *** [5s 7h Th] [8s]
mariorusty: checks 
Adrel: checks 
*** RIVER *** [5s 7h Th 8s] [3s]
mariorusty: checks 
Adrel: checks 
*** SHOW DOWN ***
mariorusty: shows [3d 4c] (a pair of Threes)
Adrel: mucks hand 
mariorusty collected $0.05 from pot
*** SUMMARY ***
Total pot $0.05 | Rake $0 
Board [5s 7h Th 8s 3s]
Seat 1: SOBACH75 folded before Flop (didn't bet)
Seat 2: MidnightCalm folded before Flop (didn't bet)
Seat 3: Dorex2007 folded before Flop (didn't bet)
Seat 4: moguryu folded before Flop (didn't bet)
Seat 5: Adrel mucked [Ks Ah]
Seat 6: CheeseFairy (button) folded before Flop (didn't bet)
Seat 7: 4opl1a (small blind) folded before Flop
Seat 8: mariorusty (big blind) showed [3d 4c] and won ($0.05) with a pair of Threes
Seat 9: CaritaTriste folded before Flop (didn't bet)



PokerStars Hand #227360174944:  Hold'em No Limit ($0.01/$0.02 USD) - 2021/06/05 17:35:35 PT [2021/06/05 20:35:35 ET]
Table 'Scabiosa' 9-max Seat #7 is the button
Seat 1: SOBACH75 ($2.17 in chips) 
Seat 2: MidnightCalm ($3.49 in chips) 
Seat 3: Dorex2007 ($1.94 in chips) 
Seat 4: moguryu ($0.90 in chips) 
Seat 5: Adrel ($1.45 in chips) 
Seat 6: CheeseFairy ($2.62 in chips) 
Seat 7: 4opl1a ($4.39 in chips) 
Seat 8: mariorusty ($0.92 in chips) 
Seat 9: CaritaTriste ($1.73 in chips) 
mariorusty: posts small blind $0.01
CaritaTriste: posts big blind $0.02
*** HOLE CARDS ***
Dealt to Dorex2007 [4c 9h]
SOBACH75: folds 
MidnightCalm: raises $0.04 to $0.06
Dorex2007: folds 
moguryu: folds 
Adrel: folds 
CheeseFairy: folds 
4opl1a: folds 
mariorusty: raises $0.12 to $0.18
CaritaTriste: folds 
MidnightCalm: folds 
Uncalled bet ($0.12) returned to mariorusty
mariorusty collected $0.14 from pot
mariorusty: doesn't show hand 
*** SUMMARY ***
Total pot $0.14 | Rake $0 
Seat 1: SOBACH75 folded before Flop (didn't bet)
Seat 2: MidnightCalm folded before Flop
Seat 3: Dorex2007 folded before Flop (didn't bet)
Seat 4: moguryu folded before Flop (didn't bet)
Seat 5: Adrel folded before Flop (didn't bet)
Seat 6: CheeseFairy folded before Flop (didn't bet)
Seat 7: 4opl1a (button) folded before Flop (didn't bet)
Seat 8: mariorusty (small blind) collected ($0.14)
Seat 9: CaritaTriste (big blind) folded before Flop



PokerStars Hand #227360189552:  Hold'em No Limit ($0.01/$0.02 USD) - 2021/06/05 17:36:16 PT [2021/06/05 20:36:16 ET]
Table 'Scabiosa' 9-max Seat #8 is the button
Seat 1: SOBACH75 ($2.17 in chips) 
Seat 2: MidnightCalm ($3.43 in chips) 
Seat 3: Dorex2007 ($1.94 in chips) 
Seat 4: moguryu ($0.90 in chips) 
Seat 5: Adrel ($1.45 in chips) 
Seat 6: CheeseFairy ($2.62 in chips) 
Seat 7: 4opl1a ($4.39 in chips) 
Seat 8: mariorusty ($1 in chips) 
Seat 9: CaritaTriste ($1.71 in chips) 
CaritaTriste: posts small blind $0.01
SOBACH75: posts big blind $0.02
*** HOLE CARDS ***
Dealt to Dorex2007 [Kd 9h]
MidnightCalm: folds 
Dorex2007: folds 
moguryu: raises $0.04 to $0.06
Adrel: calls $0.06
CheeseFairy: folds 
4opl1a: folds 
mariorusty: calls $0.06
CaritaTriste: folds 
SOBACH75: folds 
*** FLOP *** [As 8c 2s]
moguryu: bets $0.06
Adrel: raises $0.06 to $0.12
mariorusty: folds 
moguryu: folds 
Uncalled bet ($0.06) returned to Adrel
Adrel collected $0.32 from pot
*** SUMMARY ***
Total pot $0.33 | Rake $0.01 
Board [As 8c 2s]
Seat 1: SOBACH75 (big blind) folded before Flop
Seat 2: MidnightCalm folded before Flop (didn't bet)
Seat 3: Dorex2007 folded before Flop (didn't bet)
Seat 4: moguryu folded on the Flop
Seat 5: Adrel collected ($0.32)
Seat 6: CheeseFairy folded before Flop (didn't bet)
Seat 7: 4opl1a folded before Flop (didn't bet)
Seat 8: mariorusty (button) folded on the Flop
Seat 9: CaritaTriste (small blind) folded before Flop



PokerStars Hand #227360203115:  Hold'em No Limit ($0.01/$0.02 USD) - 2021/06/05 17:37:03 PT [2021/06/05 20:37:03 ET]
Table 'Scabiosa' 9-max Seat #9 is the button
Seat 1: SOBACH75 ($2.15 in chips) 
Seat 2: MidnightCalm ($3.43 in chips) 
Seat 3: Dorex2007 ($1.94 in chips) 
Seat 4: moguryu ($0.78 in chips) 
Seat 5: Adrel ($1.65 in chips) 
Seat 6: CheeseFairy ($2.62 in chips) 
Seat 7: 4opl1a ($4.39 in chips) 
Seat 8: mariorusty ($0.94 in chips) 
Seat 9: CaritaTriste ($1.70 in chips) 
SOBACH75: posts small blind $0.01
MidnightCalm: posts big blind $0.02
*** HOLE CARDS ***
Dealt to Dorex2007 [8d 8s]
Dorex2007 has timed out
Dorex2007: folds 
moguryu: folds 
Adrel: folds 
CheeseFairy: folds 
4opl1a: folds 
mariorusty: folds 
CaritaTriste: folds 
SOBACH75: folds 
Uncalled bet ($0.01) returned to MidnightCalm
MidnightCalm collected $0.02 from pot
*** SUMMARY ***
Total pot $0.02 | Rake $0 
Seat 1: SOBACH75 (small blind) folded before Flop
Seat 2: MidnightCalm (big blind) collected ($0.02)
Seat 3: Dorex2007 folded before Flop (didn't bet)
Seat 4: moguryu folded before Flop (didn't bet)
Seat 5: Adrel folded before Flop (didn't bet)
Seat 6: CheeseFairy folded before Flop (didn't bet)
Seat 7: 4opl1a folded before Flop (didn't bet)
Seat 8: mariorusty folded before Flop (didn't bet)
Seat 9: CaritaTriste (button) folded before Flop (didn't bet)



PokerStars Hand #227360210422:  Hold'em No Limit ($0.01/$0.02 USD) - 2021/06/05 17:37:29 PT [2021/06/05 20:37:29 ET]
Table 'Scabiosa' 9-max Seat #1 is the button
Seat 1: SOBACH75 ($2.14 in chips) 
Seat 2: MidnightCalm ($3.44 in chips) 
Seat 3: Dorex2007 ($1.94 in chips) 
Seat 4: moguryu ($0.78 in chips) 
Seat 5: Adrel ($1.65 in chips) 
Seat 6: CheeseFairy ($2.62 in chips) 
Seat 7: 4opl1a ($4.39 in chips) 
Seat 8: mariorusty ($0.94 in chips) 
Seat 9: CaritaTriste ($1.70 in chips) 
MidnightCalm: posts small blind $0.01
Dorex2007: posts big blind $0.02
*** HOLE CARDS ***
Dealt to Dorex2007 [Th Ac]
moguryu: folds 
Adrel: calls $0.02
CheeseFairy: folds 
4opl1a: folds 
mariorusty: folds 
CaritaTriste: folds 
SOBACH75: raises $0.04 to $0.06
MidnightCalm: folds 
Dorex2007: calls $0.04
Adrel: calls $0.04
*** FLOP *** [Qd Ts 7s]
Dorex2007: checks 
Adrel: checks 
SOBACH75: bets $0.10
Dorex2007: calls $0.10
Adrel: folds 
*** TURN *** [Qd Ts 7s] [Kd]
Dorex2007: bets $0.25
SOBACH75: folds 
Uncalled bet ($0.25) returned to Dorex2007
Dorex2007 collected $0.38 from pot
Dorex2007: doesn't show hand 
*** SUMMARY ***
Total pot $0.39 | Rake $0.01 
Board [Qd Ts 7s Kd]
Seat 1: SOBACH75 (button) folded on the Turn
Seat 2: MidnightCalm (small blind) folded before Flop
Seat 3: Dorex2007 (big blind) collected ($0.38)
Seat 4: moguryu folded before Flop (didn't bet)
Seat 5: Adrel folded on the Flop
Seat 6: CheeseFairy folded before Flop (didn't bet)
Seat 7: 4opl1a folded before Flop (didn't bet)
Seat 8: mariorusty folded before Flop (didn't bet)
Seat 9: CaritaTriste folded before Flop (didn't bet)



PokerStars Hand #227360224752:  Hold'em No Limit ($0.01/$0.02 USD) - 2021/06/05 17:38:20 PT [2021/06/05 20:38:20 ET]
Table 'Scabiosa' 9-max Seat #2 is the button
Seat 1: SOBACH75 ($1.98 in chips) 
Seat 2: MidnightCalm ($3.43 in chips) 
Seat 3: Dorex2007 ($2.16 in chips) 
Seat 4: moguryu ($0.78 in chips) 
Seat 5: Adrel ($1.59 in chips) 
Seat 6: CheeseFairy ($2.62 in chips) 
Seat 7: 4opl1a ($4.39 in chips) 
Seat 8: mariorusty ($0.94 in chips) 
Seat 9: CaritaTriste ($1.70 in chips) 
Dorex2007: posts small blind $0.01
moguryu: posts big blind $0.02
*** HOLE CARDS ***
Dealt to Dorex2007 [8s 9s]
Adrel: folds 
CheeseFairy: folds 
4opl1a: raises $0.04 to $0.06
mariorusty: raises $0.12 to $0.18
CaritaTriste: folds 
SOBACH75: folds 
MidnightCalm: folds 
Dorex2007: folds 
moguryu: folds 
4opl1a: calls $0.12
*** FLOP *** [5d Jd Tc]
4opl1a: checks 
mariorusty: bets $0.10
4opl1a: calls $0.10
*** TURN *** [5d Jd Tc] [4d]
4opl1a: checks 
mariorusty: checks 
*** RIVER *** [5d Jd Tc 4d] [8h]
4opl1a: bets $0.43
mariorusty: calls $0.43
*** SHOW DOWN ***
4opl1a: shows [Qd Kd] (a flush, King high)
mariorusty: mucks hand 
4opl1a collected $1.40 from pot
*** SUMMARY ***
Total pot $1.45 | Rake $0.05 
Board [5d Jd Tc 4d 8h]
Seat 1: SOBACH75 folded before Flop (didn't bet)
Seat 2: MidnightCalm (button) folded before Flop (didn't bet)
Seat 3: Dorex2007 (small blind) folded before Flop
Seat 4: moguryu (big blind) folded before Flop
Seat 5: Adrel folded before Flop (didn't bet)
Seat 6: CheeseFairy folded before Flop (didn't bet)
Seat 7: 4opl1a showed [Qd Kd] and won ($1.40) with a flush, King high
Seat 8: mariorusty mucked [Js As]
Seat 9: CaritaTriste folded before Flop (didn't bet)



PokerStars Hand #227360240540:  Hold'em No Limit ($0.01/$0.02 USD) - 2021/06/05 17:39:15 PT [2021/06/05 20:39:15 ET]
Table 'Scabiosa' 9-max Seat #3 is the button
Seat 1: SOBACH75 ($1.98 in chips) 
Seat 2: MidnightCalm ($3.43 in chips) 
Seat 3: Dorex2007 ($2.15 in chips) 
Seat 4: moguryu ($0.76 in chips) 
Seat 5: Adrel ($1.59 in chips) 
Seat 6: CheeseFairy ($2.62 in chips) 
Seat 7: 4opl1a ($5.08 in chips) 
Seat 8: mariorusty ($0.80 in chips) 
Seat 9: CaritaTriste ($1.70 in chips) 
moguryu: posts small blind $0.01
Adrel: posts big blind $0.02
*** HOLE CARDS ***
Dealt to Dorex2007 [4d Ts]
CheeseFairy: folds 
4opl1a: folds 
mariorusty: folds 
CaritaTriste: calls $0.02
SOBACH75: folds 
MidnightCalm: raises $0.04 to $0.06
Dorex2007: folds 
moguryu: calls $0.05
Adrel: calls $0.04
CaritaTriste: calls $0.04
*** FLOP *** [4h 4s Kc]
moguryu: checks 
Adrel: bets $0.02
CaritaTriste: folds 
MidnightCalm: folds 
CaritaTriste leaves the table
moguryu: folds 
Uncalled bet ($0.02) returned to Adrel
Adrel collected $0.23 from pot
Adrel: doesn't show hand 
*** SUMMARY ***
Total pot $0.24 | Rake $0.01 
Board [4h 4s Kc]
Seat 1: SOBACH75 folded before Flop (didn't bet)
Seat 2: MidnightCalm folded on the Flop
Seat 3: Dorex2007 (button) folded before Flop (didn't bet)
Seat 4: moguryu (small blind) folded on the Flop
Seat 5: Adrel (big blind) collected ($0.23)
Seat 6: CheeseFairy folded before Flop (didn't bet)
Seat 7: 4opl1a folded before Flop (didn't bet)
Seat 8: mariorusty folded before Flop (didn't bet)
Seat 9: CaritaTriste folded on the Flop



PokerStars Hand #227360252528:  Hold'em No Limit ($0.01/$0.02 USD) - 2021/06/05 17:39:58 PT [2021/06/05 20:39:58 ET]
Table 'Scabiosa' 9-max Seat #4 is the button
Seat 1: SOBACH75 ($1.98 in chips) 
Seat 2: MidnightCalm ($3.37 in chips) 
Seat 3: Dorex2007 ($2.15 in chips) 
Seat 4: moguryu ($0.70 in chips) 
Seat 5: Adrel ($1.76 in chips) 
Seat 6: CheeseFairy ($2.62 in chips) 
Seat 7: 4opl1a ($5.08 in chips) 
Seat 8: mariorusty ($0.80 in chips) 
Adrel: posts small blind $0.01
CheeseFairy: posts big blind $0.02
*** HOLE CARDS ***
Dealt to Dorex2007 [8c Jc]
4opl1a: folds 
mariorusty: folds 
SOBACH75: folds 
SOBACH75 leaves the table
MidnightCalm: folds 
Dorex2007: folds 
moguryu: folds 
Adrel: calls $0.01
CheeseFairy: checks 
*** FLOP *** [2d 9d 8h]
Adrel: checks 
CheeseFairy: bets $0.06
Adrel: folds 
Uncalled bet ($0.06) returned to CheeseFairy
CheeseFairy collected $0.04 from pot
CheeseFairy: doesn't show hand 
*** SUMMARY ***
Total pot $0.04 | Rake $0 
Board [2d 9d 8h]
Seat 1: SOBACH75 folded before Flop (didn't bet)
Seat 2: MidnightCalm folded before Flop (didn't bet)
Seat 3: Dorex2007 folded before Flop (didn't bet)
Seat 4: moguryu (button) folded before Flop (didn't bet)
Seat 5: Adrel (small blind) folded on the Flop
Seat 6: CheeseFairy (big blind) collected ($0.04)
Seat 7: 4opl1a folded before Flop (didn't bet)
Seat 8: mariorusty folded before Flop (didn't bet)



PokerStars Hand #227360264734:  Hold'em No Limit ($0.01/$0.02 USD) - 2021/06/05 17:40:41 PT [2021/06/05 20:40:41 ET]
Table 'Scabiosa' 9-max Seat #5 is the button
Seat 2: MidnightCalm ($3.37 in chips) 
Seat 3: Dorex2007 ($2.15 in chips) 
Seat 4: moguryu ($0.70 in chips) 
Seat 5: Adrel ($1.74 in chips) 
Seat 6: CheeseFairy ($2.64 in chips) 
Seat 7: 4opl1a ($5.08 in chips) 
Seat 8: mariorusty ($0.80 in chips) 
CheeseFairy: posts small blind $0.01
4opl1a: posts big blind $0.02
*** HOLE CARDS ***
Dealt to Dorex2007 [4d 5c]
mariorusty: folds 
MidnightCalm: raises $0.04 to $0.06
Dorex2007: folds 
moguryu: folds 
chipdestoyer joins the table at seat #1 
Adrel: folds 
CheeseFairy: folds 
4opl1a: folds 
Uncalled bet ($0.04) returned to MidnightCalm
MidnightCalm collected $0.05 from pot
*** SUMMARY ***
Total pot $0.05 | Rake $0 
Seat 2: MidnightCalm collected ($0.05)
Seat 3: Dorex2007 folded before Flop (didn't bet)
Seat 4: moguryu folded before Flop (didn't bet)
Seat 5: Adrel (button) folded before Flop (didn't bet)
Seat 6: CheeseFairy (small blind) folded before Flop
Seat 7: 4opl1a (big blind) folded before Flop
Seat 8: mariorusty folded before Flop (didn't bet)



PokerStars Hand #227360271864:  Hold'em No Limit ($0.01/$0.02 USD) - 2021/06/05 17:40:58 PT [2021/06/05 20:40:58 ET]
Table 'Scabiosa' 9-max Seat #6 is the button
Seat 2: MidnightCalm ($3.40 in chips) 
Seat 3: Dorex2007 ($2.15 in chips) 
Seat 4: moguryu ($0.70 in chips) 
Seat 5: Adrel ($1.74 in chips) 
Seat 6: CheeseFairy ($2.63 in chips) 
Seat 7: 4opl1a ($5.06 in chips) 
Seat 8: mariorusty ($0.80 in chips) 
4opl1a: posts small blind $0.01
mariorusty: posts big blind $0.02
chipdestoyer: sits out 
*** HOLE CARDS ***
Dealt to Dorex2007 [Ad 7h]
MidnightCalm: folds 
Dorex2007 has timed out
Dorex2007: folds 
moguryu: folds 
Adrel: calls $0.02
CheeseFairy: raises $0.06 to $0.08
4opl1a: folds 
mariorusty: folds 
Adrel: calls $0.06
*** FLOP *** [8d Ah 5d]
Adrel: checks 
CheeseFairy: bets $0.14
Adrel: calls $0.14
*** TURN *** [8d Ah 5d] [Ks]
Adrel: checks 
CheeseFairy: bets $0.38
Adrel: folds 
Uncalled bet ($0.38) returned to CheeseFairy
CheeseFairy collected $0.45 from pot
CheeseFairy: doesn't show hand 
*** SUMMARY ***
Total pot $0.47 | Rake $0.02 
Board [8d Ah 5d Ks]
Seat 2: MidnightCalm folded before Flop (didn't bet)
Seat 3: Dorex2007 folded before Flop (didn't bet)
Seat 4: moguryu folded before Flop (didn't bet)
Seat 5: Adrel folded on the Turn
Seat 6: CheeseFairy (button) collected ($0.45)
Seat 7: 4opl1a (small blind) folded before Flop
Seat 8: mariorusty (big blind) folded before Flop



PokerStars Hand #227360288469:  Hold'em No Limit ($0.01/$0.02 USD) - 2021/06/05 17:41:57 PT [2021/06/05 20:41:57 ET]
Table 'Scabiosa' 9-max Seat #7 is the button
Seat 1: chipdestoyer ($2 in chips) 
Seat 2: MidnightCalm ($3.40 in chips) 
Seat 3: Dorex2007 ($2.15 in chips) 
Seat 4: moguryu ($0.70 in chips) 
Seat 5: Adrel ($1.52 in chips) 
Seat 6: CheeseFairy ($2.86 in chips) 
Seat 7: 4opl1a ($5.05 in chips) 
Seat 8: mariorusty ($0.78 in chips) 
mariorusty: posts small blind $0.01
chipdestoyer: posts big blind $0.02
*** HOLE CARDS ***
Dealt to Dorex2007 [4h Ac]
MidnightCalm: folds 
Dorex2007: folds 
moguryu: raises $0.04 to $0.06
Adrel: calls $0.06
CheeseFairy: calls $0.06
4opl1a: folds 
mariorusty: folds 
chipdestoyer: calls $0.04
*** FLOP *** [5h 8s 6h]
chipdestoyer: checks 
moguryu: bets $0.08
Adrel: folds 
CheeseFairy: raises $0.14 to $0.22
chipdestoyer: folds 
moguryu: raises $0.42 to $0.64 and is all-in
CheeseFairy: folds 
Uncalled bet ($0.42) returned to moguryu
moguryu collected $0.67 from pot
moguryu: doesn't show hand 
*** SUMMARY ***
Total pot $0.69 | Rake $0.02 
Board [5h 8s 6h]
Seat 1: chipdestoyer (big blind) folded on the Flop
Seat 2: MidnightCalm folded before Flop (didn't bet)
Seat 3: Dorex2007 folded before Flop (didn't bet)
Seat 4: moguryu collected ($0.67)
Seat 5: Adrel folded on the Flop
Seat 6: CheeseFairy folded on the Flop
Seat 7: 4opl1a (button) folded before Flop (didn't bet)
Seat 8: mariorusty (small blind) folded before Flop



PokerStars Hand #227360305704:  Hold'em No Limit ($0.01/$0.02 USD) - 2021/06/05 17:42:58 PT [2021/06/05 20:42:58 ET]
Table 'Scabiosa' 9-max Seat #8 is the button
Seat 1: chipdestoyer ($1.94 in chips) 
Seat 2: MidnightCalm ($3.40 in chips) 
Seat 3: Dorex2007 ($2.15 in chips) 
Seat 4: moguryu ($1.09 in chips) 
Seat 5: Adrel ($1.46 in chips) 
Seat 6: CheeseFairy ($2.58 in chips) 
Seat 7: 4opl1a ($5.05 in chips) 
Seat 8: mariorusty ($0.77 in chips) 
chipdestoyer: posts small blind $0.01
MidnightCalm: posts big blind $0.02
*** HOLE CARDS ***
Dealt to Dorex2007 [Ks 7h]
Dorex2007: folds 
moguryu: folds 
Adrel: folds 
CheeseFairy: raises $0.04 to $0.06
4opl1a: folds 
mariorusty: raises $0.12 to $0.18
chipdestoyer: folds 
MidnightCalm: folds 
CheeseFairy: calls $0.12
*** FLOP *** [Js 3s Qd]
CheeseFairy: bets $0.06
mariorusty: calls $0.06
*** TURN *** [Js 3s Qd] [Qc]
CheeseFairy: bets $0.38
mariorusty: folds 
Uncalled bet ($0.38) returned to CheeseFairy
CheeseFairy collected $0.49 from pot
CheeseFairy: doesn't show hand 
*** SUMMARY ***
Total pot $0.51 | Rake $0.02 
Board [Js 3s Qd Qc]
Seat 1: chipdestoyer (small blind) folded before Flop
Seat 2: MidnightCalm (big blind) folded before Flop
Seat 3: Dorex2007 folded before Flop (didn't bet)
Seat 4: moguryu folded before Flop (didn't bet)
Seat 5: Adrel folded before Flop (didn't bet)
Seat 6: CheeseFairy collected ($0.49)
Seat 7: 4opl1a folded before Flop (didn't bet)
Seat 8: mariorusty (button) folded on the Turn



PokerStars Hand #227360324908:  Hold'em No Limit ($0.01/$0.02 USD) - 2021/06/05 17:43:54 PT [2021/06/05 20:43:54 ET]
Table 'Scabiosa' 9-max Seat #1 is the button
Seat 1: chipdestoyer ($1.93 in chips) 
Seat 2: MidnightCalm ($3.38 in chips) 
Seat 3: Dorex2007 ($2.15 in chips) 
Seat 4: moguryu ($1.09 in chips) 
Seat 6: CheeseFairy ($2.83 in chips) 
Seat 7: 4opl1a ($5.05 in chips) 
Seat 8: mariorusty ($0.80 in chips) 
MidnightCalm: posts small blind $0.01
Dorex2007: posts big blind $0.02
*** HOLE CARDS ***
Dealt to Dorex2007 [Qs 5s]
moguryu: folds 
#1CAPOstatus joins the table at seat #9 
CheeseFairy: folds 
4opl1a: folds 
mariorusty: folds 
chipdestoyer: raises $0.03 to $0.05
MidnightCalm: folds 
Dorex2007: folds 
Uncalled bet ($0.03) returned to chipdestoyer
chipdestoyer collected $0.05 from pot
chipdestoyer: doesn't show hand 
*** SUMMARY ***
Total pot $0.05 | Rake $0 
Seat 1: chipdestoyer (button) collected ($0.05)
Seat 2: MidnightCalm (small blind) folded before Flop
Seat 3: Dorex2007 (big blind) folded before Flop
Seat 4: moguryu folded before Flop (didn't bet)
Seat 6: CheeseFairy folded before Flop (didn't bet)
Seat 7: 4opl1a folded before Flop (didn't bet)
Seat 8: mariorusty folded before Flop (didn't bet)



PokerStars Hand #227360333435:  Hold'em No Limit ($0.01/$0.02 USD) - 2021/06/05 17:44:24 PT [2021/06/05 20:44:24 ET]
Table 'Scabiosa' 9-max Seat #2 is the button
Seat 1: chipdestoyer ($1.96 in chips) 
Seat 2: MidnightCalm ($3.37 in chips) 
Seat 3: Dorex2007 ($2.13 in chips) 
Seat 4: moguryu ($1.09 in chips) 
Seat 6: CheeseFairy ($2.83 in chips) 
Seat 7: 4opl1a ($5.05 in chips) 
Seat 8: mariorusty ($0.80 in chips) 
Dorex2007: posts small blind $0.01
moguryu: posts big blind $0.02
#1CAPOstatus: sits out 
*** HOLE CARDS ***
Dealt to Dorex2007 [Qs 7h]
CheeseFairy: folds 
4opl1a: folds 
mariorusty: folds 
chipdestoyer: folds 
MidnightCalm: folds 
Dorex2007: folds 
Uncalled bet ($0.01) returned to moguryu
moguryu collected $0.02 from pot
moguryu: doesn't show hand 
*** SUMMARY ***
Total pot $0.02 | Rake $0 
Seat 1: chipdestoyer folded before Flop (didn't bet)
Seat 2: MidnightCalm (button) folded before Flop (didn't bet)
Seat 3: Dorex2007 (small blind) folded before Flop
Seat 4: moguryu (big blind) collected ($0.02)
Seat 6: CheeseFairy folded before Flop (didn't bet)
Seat 7: 4opl1a folded before Flop (didn't bet)
Seat 8: mariorusty folded before Flop (didn't bet)



PokerStars Hand #227360339935:  Hold'em No Limit ($0.01/$0.02 USD) - 2021/06/05 17:44:47 PT [2021/06/05 20:44:47 ET]
Table 'Scabiosa' 9-max Seat #3 is the button
Seat 1: chipdestoyer ($1.96 in chips) 
Seat 2: MidnightCalm ($3.37 in chips) 
Seat 3: Dorex2007 ($2.12 in chips) 
Seat 4: moguryu ($1.10 in chips) 
Seat 6: CheeseFairy ($2.83 in chips) 
Seat 7: 4opl1a ($5.05 in chips) 
Seat 8: mariorusty ($0.80 in chips) 
moguryu: posts small blind $0.01
CheeseFairy: posts big blind $0.02
#1CAPOstatus: sits out 
*** HOLE CARDS ***
Dealt to Dorex2007 [3h 6c]
4opl1a: folds 
mariorusty: folds 
chipdestoyer: folds 
MidnightCalm: folds 
Dorex2007: folds 
moguryu: folds 
Uncalled bet ($0.01) returned to CheeseFairy
CheeseFairy collected $0.02 from pot
CheeseFairy: doesn't show hand 
*** SUMMARY ***
Total pot $0.02 | Rake $0 
Seat 1: chipdestoyer folded before Flop (didn't bet)
Seat 2: MidnightCalm folded before Flop (didn't bet)
Seat 3: Dorex2007 (button) folded before Flop (didn't bet)
Seat 4: moguryu (small blind) folded before Flop
Seat 6: CheeseFairy (big blind) collected ($0.02)
Seat 7: 4opl1a folded before Flop (didn't bet)
Seat 8: mariorusty folded before Flop (didn't bet)



PokerStars Hand #227360344800:  Hold'em No Limit ($0.01/$0.02 USD) - 2021/06/05 17:45:04 PT [2021/06/05 20:45:04 ET]
Table 'Scabiosa' 9-max Seat #4 is the button
Seat 1: chipdestoyer ($1.96 in chips) 
Seat 2: MidnightCalm ($3.37 in chips) 
Seat 3: Dorex2007 ($2.12 in chips) 
Seat 4: moguryu ($1.09 in chips) 
Seat 6: CheeseFairy ($2.84 in chips) 
Seat 7: 4opl1a ($5.05 in chips) 
Seat 8: mariorusty ($0.80 in chips) 
CheeseFairy: posts small blind $0.01
4opl1a: posts big blind $0.02
#1CAPOstatus: sits out 
*** HOLE CARDS ***
Dealt to Dorex2007 [8h 8s]
mariorusty: folds 
chipdestoyer: raises $0.03 to $0.05
MidnightCalm: folds 
Dorex2007: calls $0.05
moguryu: folds 
CheeseFairy: folds 
moguryu leaves the table
4opl1a: folds 
*** FLOP *** [Jh 6c Jd]
chipdestoyer: checks 
Dorex2007: bets $0.13
Javan_50 joins the table at seat #4 
chipdestoyer: folds 
Uncalled bet ($0.13) returned to Dorex2007
Dorex2007 collected $0.13 from pot
Dorex2007: doesn't show hand 
*** SUMMARY ***
Total pot $0.13 | Rake $0 
Board [Jh 6c Jd]
Seat 1: chipdestoyer folded on the Flop
Seat 2: MidnightCalm folded before Flop (didn't bet)
Seat 3: Dorex2007 collected ($0.13)
Seat 4: moguryu (button) folded before Flop (didn't bet)
Seat 6: CheeseFairy (small blind) folded before Flop
Seat 7: 4opl1a (big blind) folded before Flop
Seat 8: mariorusty folded before Flop (didn't bet)



PokerStars Hand #227360358037:  Hold'em No Limit ($0.01/$0.02 USD) - 2021/06/05 17:45:51 PT [2021/06/05 20:45:51 ET]
Table 'Scabiosa' 9-max Seat #6 is the button
Seat 1: chipdestoyer ($1.91 in chips) 
Seat 2: MidnightCalm ($3.37 in chips) 
Seat 3: Dorex2007 ($2.20 in chips) 
Seat 4: Javan_50 ($1.60 in chips) 
Seat 6: CheeseFairy ($2.83 in chips) 
Seat 7: 4opl1a ($5.03 in chips) 
Seat 8: mariorusty ($0.80 in chips) 
4opl1a: posts small blind $0.01
mariorusty: posts big blind $0.02
#1CAPOstatus: sits out 
Javan_50: posts big blind $0.02
*** HOLE CARDS ***
Dealt to Dorex2007 [8h 6c]
chipdestoyer: raises $0.03 to $0.05
MidnightCalm: folds 
Dorex2007: folds 
Javan_50: folds 
CheeseFairy: folds 
4opl1a: folds 
mariorusty: calls $0.03
*** FLOP *** [3s Kh Qs]
mariorusty: checks 
chipdestoyer: bets $0.03
mariorusty: calls $0.03
*** TURN *** [3s Kh Qs] [9c]
mariorusty: checks 
chipdestoyer: bets $0.03
mariorusty: calls $0.03
*** RIVER *** [3s Kh Qs 9c] [2s]
mariorusty: checks 
chipdestoyer: checks 
*** SHOW DOWN ***
mariorusty: shows [Kd 7d] (a pair of Kings)
chipdestoyer: mucks hand 
mariorusty collected $0.24 from pot
*** SUMMARY ***
Total pot $0.25 | Rake $0.01 
Board [3s Kh Qs 9c 2s]
Seat 1: chipdestoyer mucked [Jh Qd]
Seat 2: MidnightCalm folded before Flop (didn't bet)
Seat 3: Dorex2007 folded before Flop (didn't bet)
Seat 4: Javan_50 folded before Flop (didn't bet)
Seat 6: CheeseFairy (button) folded before Flop (didn't bet)
Seat 7: 4opl1a (small blind) folded before Flop
Seat 8: mariorusty (big blind) showed [Kd 7d] and won ($0.24) with a pair of Kings



PokerStars Hand #227360373371:  Hold'em No Limit ($0.01/$0.02 USD) - 2021/06/05 17:46:46 PT [2021/06/05 20:46:46 ET]
Table 'Scabiosa' 9-max Seat #7 is the button
Seat 1: chipdestoyer ($1.80 in chips) 
Seat 2: MidnightCalm ($3.37 in chips) 
Seat 3: Dorex2007 ($2.20 in chips) 
Seat 4: Javan_50 ($1.58 in chips) 
Seat 6: CheeseFairy ($2.83 in chips) 
Seat 7: 4opl1a ($5.02 in chips) 
Seat 8: mariorusty ($0.93 in chips) 
mariorusty: posts small blind $0.01
chipdestoyer: posts big blind $0.02
*** HOLE CARDS ***
Dealt to Dorex2007 [9h 7d]
MidnightCalm: folds 
Dorex2007: folds 
Javan_50: folds 
CheeseFairy: folds 
4opl1a: folds 
mariorusty: folds 
Uncalled bet ($0.01) returned to chipdestoyer
chipdestoyer collected $0.02 from pot
chipdestoyer: doesn't show hand 
*** SUMMARY ***
Total pot $0.02 | Rake $0 
Seat 1: chipdestoyer (big blind) collected ($0.02)
Seat 2: MidnightCalm folded before Flop (didn't bet)
Seat 3: Dorex2007 folded before Flop (didn't bet)
Seat 4: Javan_50 folded before Flop (didn't bet)
Seat 6: CheeseFairy folded before Flop (didn't bet)
Seat 7: 4opl1a (button) folded before Flop (didn't bet)
Seat 8: mariorusty (small blind) folded before Flop



