PokerStars Hand #236827881805:  Hold'em No Limit ($0.01/$0.02 USD) - 2022/06/17 21:00:35 PT [2022/06/18 0:00:35 ET]
Table 'Pilcher' 9-max Seat #7 is the button
Seat 1: deileon ($1.96 in chips) 
Seat 2: Dorex2007 ($5.90 in chips) 
Seat 3: Canguru19 ($3.94 in chips) 
Seat 4: matias1624 ($1.83 in chips) 
Seat 5: TaxedToDeath ($1.58 in chips) 
Seat 6: pilidel ($0.37 in chips) 
Seat 7: SneakySoup ($4.86 in chips) 
Seat 8: frosa9397 ($1.73 in chips) 
Seat 9: MaXo_18 ($0.80 in chips) 
frosa9397: posts small blind $0.01
MaXo_18: posts big blind $0.02
*** HOLE CARDS ***
Dealt to Dorex2007 [5h Jd]
deileon: folds 
Dorex2007: folds 
Canguru19: folds 
matias1624: folds 
TaxedToDeath: folds 
pilidel: calls $0.02
SneakySoup: calls $0.02
frosa9397: calls $0.01
MaXo_18: checks 
*** FLOP *** [5c Ts 6d]
frosa9397: bets $0.04
MaXo_18: calls $0.04
pilidel: calls $0.04
SneakySoup: folds 
*** TURN *** [5c Ts 6d] [3c]
frosa9397: bets $0.09
MaXo_18: folds 
pilidel: calls $0.09
*** RIVER *** [5c Ts 6d 3c] [Kc]
frosa9397: checks 
pilidel: bets $0.22 and is all-in
frosa9397: calls $0.22
*** SHOW DOWN ***
pilidel: shows [7d 8c] (high card King)
frosa9397: shows [Tc Kd] (two pair, Kings and Tens)
frosa9397 collected $0.79 from pot
*** SUMMARY ***
Total pot $0.82 | Rake $0.03 
Board [5c Ts 6d 3c Kc]
Seat 1: deileon folded before Flop (didn't bet)
Seat 2: Dorex2007 folded before Flop (didn't bet)
Seat 3: Canguru19 folded before Flop (didn't bet)
Seat 4: matias1624 folded before Flop (didn't bet)
Seat 5: TaxedToDeath folded before Flop (didn't bet)
Seat 6: pilidel showed [7d 8c] and lost with high card King
Seat 7: SneakySoup (button) folded on the Flop
Seat 8: frosa9397 (small blind) showed [Tc Kd] and won ($0.79) with two pair, Kings and Tens
Seat 9: MaXo_18 (big blind) folded on the Turn



PokerStars Hand #236827891051:  Hold'em No Limit ($0.01/$0.02 USD) - 2022/06/17 21:01:35 PT [2022/06/18 0:01:35 ET]
Table 'Pilcher' 9-max Seat #8 is the button
Seat 1: deileon ($1.96 in chips) 
Seat 2: Dorex2007 ($5.90 in chips) 
Seat 3: Canguru19 ($3.94 in chips) 
Seat 4: matias1624 ($1.83 in chips) 
Seat 5: TaxedToDeath ($1.58 in chips) 
Seat 7: SneakySoup ($4.84 in chips) 
Seat 8: frosa9397 ($2.15 in chips) 
Seat 9: MaXo_18 ($0.74 in chips) 
MaXo_18: posts small blind $0.01
deileon: posts big blind $0.02
*** HOLE CARDS ***
Dealt to Dorex2007 [Jd Ks]
Dorex2007 has timed out
Dorex2007: folds 
Canguru19: calls $0.02
matias1624: folds 
TaxedToDeath: folds 
SneakySoup: folds 
frosa9397: folds 
MaXo_18: calls $0.01
deileon: raises $1.94 to $1.96 and is all-in
Canguru19: folds 
MaXo_18: folds 
Uncalled bet ($1.94) returned to deileon
deileon collected $0.06 from pot
deileon: doesn't show hand 
*** SUMMARY ***
Total pot $0.06 | Rake $0 
Seat 1: deileon (big blind) collected ($0.06)
Seat 2: Dorex2007 folded before Flop (didn't bet)
Seat 3: Canguru19 folded before Flop
Seat 4: matias1624 folded before Flop (didn't bet)
Seat 5: TaxedToDeath folded before Flop (didn't bet)
Seat 7: SneakySoup folded before Flop (didn't bet)
Seat 8: frosa9397 (button) folded before Flop (didn't bet)
Seat 9: MaXo_18 (small blind) folded before Flop



PokerStars Hand #236827896403:  Hold'em No Limit ($0.01/$0.02 USD) - 2022/06/17 21:02:11 PT [2022/06/18 0:02:11 ET]
Table 'Pilcher' 9-max Seat #9 is the button
Seat 1: deileon ($2 in chips) 
Seat 2: Dorex2007 ($5.90 in chips) 
Seat 3: Canguru19 ($3.92 in chips) 
Seat 4: matias1624 ($1.83 in chips) 
Seat 5: TaxedToDeath ($1.58 in chips) 
Seat 6: pilidel ($2 in chips) 
Seat 7: SneakySoup ($4.84 in chips) 
Seat 8: frosa9397 ($2.15 in chips) 
Seat 9: MaXo_18 ($0.72 in chips) 
deileon: posts small blind $0.01
Dorex2007: posts big blind $0.02
*** HOLE CARDS ***
Dealt to Dorex2007 [5c 9h]
Canguru19: calls $0.02
matias1624 has timed out
matias1624: folds 
TaxedToDeath: folds 
pilidel: folds 
SneakySoup: folds 
frosa9397: calls $0.02
MaXo_18: calls $0.02
deileon: folds 
Dorex2007: checks 
*** FLOP *** [8s 4s 2h]
Dorex2007: checks 
Canguru19: checks 
frosa9397: checks 
MaXo_18: bets $0.06
Dorex2007: folds 
Canguru19: folds 
frosa9397: folds 
Uncalled bet ($0.06) returned to MaXo_18
MaXo_18 collected $0.09 from pot
MaXo_18: doesn't show hand 
*** SUMMARY ***
Total pot $0.09 | Rake $0 
Board [8s 4s 2h]
Seat 1: deileon (small blind) folded before Flop
Seat 2: Dorex2007 (big blind) folded on the Flop
Seat 3: Canguru19 folded on the Flop
Seat 4: matias1624 folded before Flop (didn't bet)
Seat 5: TaxedToDeath folded before Flop (didn't bet)
Seat 6: pilidel folded before Flop (didn't bet)
Seat 7: SneakySoup folded before Flop (didn't bet)
Seat 8: frosa9397 folded on the Flop
Seat 9: MaXo_18 (button) collected ($0.09)



PokerStars Hand #236827906714:  Hold'em No Limit ($0.01/$0.02 USD) - 2022/06/17 21:03:19 PT [2022/06/18 0:03:19 ET]
Table 'Pilcher' 9-max Seat #1 is the button
Seat 1: deileon ($1.99 in chips) 
Seat 2: Dorex2007 ($5.88 in chips) 
Seat 3: Canguru19 ($3.90 in chips) 
Seat 4: matias1624 ($1.83 in chips) 
Seat 5: TaxedToDeath ($1.58 in chips) 
Seat 6: pilidel ($2 in chips) 
Seat 7: SneakySoup ($4.84 in chips) 
Seat 8: frosa9397 ($2.13 in chips) 
Seat 9: MaXo_18 ($0.79 in chips) 
Dorex2007: posts small blind $0.01
Canguru19: posts big blind $0.02
*** HOLE CARDS ***
Dealt to Dorex2007 [6c 2d]
matias1624: folds 
TaxedToDeath: calls $0.02
pilidel: folds 
SneakySoup: folds 
frosa9397: folds 
MaXo_18: calls $0.02
deileon: folds 
Dorex2007: folds 
Canguru19: checks 
*** FLOP *** [2h 5s Jc]
Canguru19: checks 
TaxedToDeath: checks 
MaXo_18: checks 
*** TURN *** [2h 5s Jc] [Kd]
Canguru19: checks 
TaxedToDeath: checks 
MaXo_18: checks 
*** RIVER *** [2h 5s Jc Kd] [Ah]
Canguru19: checks 
TaxedToDeath: checks 
MaXo_18: checks 
*** SHOW DOWN ***
Canguru19: shows [9c Qd] (high card Ace)
TaxedToDeath: shows [Kh Th] (a pair of Kings)
MaXo_18: mucks hand 
TaxedToDeath collected $0.07 from pot
*** SUMMARY ***
Total pot $0.07 | Rake $0 
Board [2h 5s Jc Kd Ah]
Seat 1: deileon (button) folded before Flop (didn't bet)
Seat 2: Dorex2007 (small blind) folded before Flop
Seat 3: Canguru19 (big blind) showed [9c Qd] and lost with high card Ace
Seat 4: matias1624 folded before Flop (didn't bet)
Seat 5: TaxedToDeath showed [Kh Th] and won ($0.07) with a pair of Kings
Seat 6: pilidel folded before Flop (didn't bet)
Seat 7: SneakySoup folded before Flop (didn't bet)
Seat 8: frosa9397 folded before Flop (didn't bet)
Seat 9: MaXo_18 mucked [Ks 8s]



PokerStars Hand #236827914099:  Hold'em No Limit ($0.01/$0.02 USD) - 2022/06/17 21:04:08 PT [2022/06/18 0:04:08 ET]
Table 'Pilcher' 9-max Seat #2 is the button
Seat 1: deileon ($1.99 in chips) 
Seat 2: Dorex2007 ($5.87 in chips) 
Seat 3: Canguru19 ($3.88 in chips) 
Seat 4: matias1624 ($1.83 in chips) 
Seat 5: TaxedToDeath ($1.63 in chips) 
Seat 6: pilidel ($2 in chips) 
Seat 7: SneakySoup ($4.84 in chips) 
Seat 8: frosa9397 ($2.13 in chips) 
Seat 9: MaXo_18 ($0.77 in chips) 
Canguru19: posts small blind $0.01
matias1624: posts big blind $0.02
*** HOLE CARDS ***
Dealt to Dorex2007 [2d 7c]
TaxedToDeath: folds 
pilidel: raises $0.04 to $0.06
SneakySoup: calls $0.06
frosa9397: folds 
MaXo_18: folds 
deileon: folds 
Dorex2007: folds 
Canguru19: folds 
matias1624: folds 
*** FLOP *** [9s Th Tc]
pilidel: checks 
SneakySoup: bets $0.07
pilidel: calls $0.07
*** TURN *** [9s Th Tc] [Qd]
pilidel: checks 
SneakySoup: bets $0.14
pilidel: folds 
Uncalled bet ($0.14) returned to SneakySoup
SneakySoup collected $0.28 from pot
SneakySoup: doesn't show hand 
*** SUMMARY ***
Total pot $0.29 | Rake $0.01 
Board [9s Th Tc Qd]
Seat 1: deileon folded before Flop (didn't bet)
Seat 2: Dorex2007 (button) folded before Flop (didn't bet)
Seat 3: Canguru19 (small blind) folded before Flop
Seat 4: matias1624 (big blind) folded before Flop
Seat 5: TaxedToDeath folded before Flop (didn't bet)
Seat 6: pilidel folded on the Turn
Seat 7: SneakySoup collected ($0.28)
Seat 8: frosa9397 folded before Flop (didn't bet)
Seat 9: MaXo_18 folded before Flop (didn't bet)



PokerStars Hand #236827920339:  Hold'em No Limit ($0.01/$0.02 USD) - 2022/06/17 21:04:48 PT [2022/06/18 0:04:48 ET]
Table 'Pilcher' 9-max Seat #3 is the button
Seat 1: deileon ($1.99 in chips) 
Seat 2: Dorex2007 ($5.87 in chips) 
Seat 3: Canguru19 ($3.87 in chips) 
Seat 4: matias1624 ($1.81 in chips) 
Seat 5: TaxedToDeath ($1.63 in chips) 
Seat 6: pilidel ($1.87 in chips) 
Seat 7: SneakySoup ($4.99 in chips) 
Seat 8: frosa9397 ($2.13 in chips) 
Seat 9: MaXo_18 ($0.77 in chips) 
matias1624: posts small blind $0.01
TaxedToDeath: posts big blind $0.02
*** HOLE CARDS ***
Dealt to Dorex2007 [9h 6c]
pilidel: raises $0.04 to $0.06
SneakySoup: folds 
frosa9397: folds 
MaXo_18: folds 
deileon: folds 
Dorex2007: folds 
Canguru19: folds 
matias1624: folds 
TaxedToDeath: folds 
Uncalled bet ($0.04) returned to pilidel
pilidel collected $0.05 from pot
pilidel: doesn't show hand 
*** SUMMARY ***
Total pot $0.05 | Rake $0 
Seat 1: deileon folded before Flop (didn't bet)
Seat 2: Dorex2007 folded before Flop (didn't bet)
Seat 3: Canguru19 (button) folded before Flop (didn't bet)
Seat 4: matias1624 (small blind) folded before Flop
Seat 5: TaxedToDeath (big blind) folded before Flop
Seat 6: pilidel collected ($0.05)
Seat 7: SneakySoup folded before Flop (didn't bet)
Seat 8: frosa9397 folded before Flop (didn't bet)
Seat 9: MaXo_18 folded before Flop (didn't bet)



PokerStars Hand #236827924254:  Hold'em No Limit ($0.01/$0.02 USD) - 2022/06/17 21:05:14 PT [2022/06/18 0:05:14 ET]
Table 'Pilcher' 9-max Seat #4 is the button
Seat 1: deileon ($1.99 in chips) 
Seat 2: Dorex2007 ($5.87 in chips) 
Seat 3: Canguru19 ($3.87 in chips) 
Seat 4: matias1624 ($1.80 in chips) 
Seat 5: TaxedToDeath ($1.61 in chips) 
Seat 6: pilidel ($1.90 in chips) 
Seat 7: SneakySoup ($4.99 in chips) 
Seat 8: frosa9397 ($2.13 in chips) 
Seat 9: MaXo_18 ($0.77 in chips) 
TaxedToDeath: posts small blind $0.01
pilidel: posts big blind $0.02
*** HOLE CARDS ***
Dealt to Dorex2007 [Ks 2s]
SneakySoup: folds 
frosa9397: folds 
MaXo_18: calls $0.02
deileon: folds 
Dorex2007: calls $0.02
Canguru19: calls $0.02
matias1624: calls $0.02
TaxedToDeath: folds 
pilidel: checks 
*** FLOP *** [5h Kh 3s]
pilidel: checks 
MaXo_18: checks 
Dorex2007: bets $0.06
Canguru19: calls $0.06
matias1624: folds 
pilidel: calls $0.06
MaXo_18: folds 
*** TURN *** [5h Kh 3s] [5c]
pilidel: checks 
Dorex2007: bets $0.14
Canguru19: calls $0.14
pilidel: calls $0.14
*** RIVER *** [5h Kh 3s 5c] [2c]
pilidel: checks 
Dorex2007: checks 
Canguru19: checks 
*** SHOW DOWN ***
pilidel: shows [2h Jh] (two pair, Fives and Deuces)
Dorex2007: shows [Ks 2s] (two pair, Kings and Fives)
Canguru19: shows [Kd Jc] (two pair, Kings and Fives - Jack kicker)
Canguru19 collected $0.69 from pot
*** SUMMARY ***
Total pot $0.71 | Rake $0.02 
Board [5h Kh 3s 5c 2c]
Seat 1: deileon folded before Flop (didn't bet)
Seat 2: Dorex2007 showed [Ks 2s] and lost with two pair, Kings and Fives
Seat 3: Canguru19 showed [Kd Jc] and won ($0.69) with two pair, Kings and Fives
Seat 4: matias1624 (button) folded on the Flop
Seat 5: TaxedToDeath (small blind) folded before Flop
Seat 6: pilidel (big blind) showed [2h Jh] and lost with two pair, Fives and Deuces
Seat 7: SneakySoup folded before Flop (didn't bet)
Seat 8: frosa9397 folded before Flop (didn't bet)
Seat 9: MaXo_18 folded on the Flop



PokerStars Hand #236827934172:  Hold'em No Limit ($0.01/$0.02 USD) - 2022/06/17 21:06:20 PT [2022/06/18 0:06:20 ET]
Table 'Pilcher' 9-max Seat #5 is the button
Seat 1: deileon ($1.99 in chips) 
Seat 2: Dorex2007 ($5.65 in chips) 
Seat 3: Canguru19 ($4.34 in chips) 
Seat 4: matias1624 ($1.78 in chips) 
Seat 5: TaxedToDeath ($1.60 in chips) 
Seat 6: pilidel ($1.68 in chips) 
Seat 7: SneakySoup ($4.99 in chips) 
Seat 8: frosa9397 ($2.13 in chips) 
Seat 9: MaXo_18 ($0.75 in chips) 
pilidel: posts small blind $0.01
SneakySoup: posts big blind $0.02
*** HOLE CARDS ***
Dealt to Dorex2007 [9s 5c]
frosa9397: folds 
MaXo_18: calls $0.02
deileon: calls $0.02
Dorex2007: folds 
Canguru19: calls $0.02
matias1624: folds 
TaxedToDeath: folds 
pilidel: folds 
SneakySoup: checks 
*** FLOP *** [7h 9d 7s]
SneakySoup: checks 
MaXo_18: checks 
deileon: checks 
Canguru19: checks 
*** TURN *** [7h 9d 7s] [Ts]
SneakySoup: checks 
MaXo_18: checks 
deileon: checks 
Canguru19: checks 
*** RIVER *** [7h 9d 7s Ts] [3h]
SneakySoup: bets $0.05
MaXo_18: folds 
deileon: folds 
Canguru19: folds 
Uncalled bet ($0.05) returned to SneakySoup
SneakySoup collected $0.09 from pot
SneakySoup: doesn't show hand 
*** SUMMARY ***
Total pot $0.09 | Rake $0 
Board [7h 9d 7s Ts 3h]
Seat 1: deileon folded on the River
Seat 2: Dorex2007 folded before Flop (didn't bet)
Seat 3: Canguru19 folded on the River
Seat 4: matias1624 folded before Flop (didn't bet)
Seat 5: TaxedToDeath (button) folded before Flop (didn't bet)
Seat 6: pilidel (small blind) folded before Flop
Seat 7: SneakySoup (big blind) collected ($0.09)
Seat 8: frosa9397 folded before Flop (didn't bet)
Seat 9: MaXo_18 folded on the River



PokerStars Hand #236827943233:  Hold'em No Limit ($0.01/$0.02 USD) - 2022/06/17 21:07:20 PT [2022/06/18 0:07:20 ET]
Table 'Pilcher' 9-max Seat #6 is the button
Seat 1: deileon ($1.97 in chips) 
Seat 2: Dorex2007 ($5.65 in chips) 
Seat 3: Canguru19 ($4.32 in chips) 
Seat 4: matias1624 ($1.78 in chips) 
Seat 5: TaxedToDeath ($1.60 in chips) 
Seat 6: pilidel ($1.67 in chips) 
Seat 7: SneakySoup ($5.06 in chips) 
Seat 8: frosa9397 ($2.13 in chips) 
Seat 9: MaXo_18 ($0.73 in chips) 
SneakySoup: posts small blind $0.01
frosa9397: posts big blind $0.02
*** HOLE CARDS ***
Dealt to Dorex2007 [6s 5c]
MaXo_18: folds 
deileon: folds 
Dorex2007: folds 
Canguru19: folds 
matias1624: calls $0.02
TaxedToDeath: folds 
pilidel: folds 
SneakySoup: folds 
frosa9397: checks 
*** FLOP *** [Ah Ac 9s]
frosa9397: checks 
matias1624: checks 
*** TURN *** [Ah Ac 9s] [2d]
frosa9397: checks 
matias1624: checks 
*** RIVER *** [Ah Ac 9s 2d] [Ks]
frosa9397: checks 
matias1624: checks 
*** SHOW DOWN ***
frosa9397: shows [9h Kd] (two pair, Aces and Kings)
matias1624: mucks hand 
frosa9397 collected $0.05 from pot
*** SUMMARY ***
Total pot $0.05 | Rake $0 
Board [Ah Ac 9s 2d Ks]
Seat 1: deileon folded before Flop (didn't bet)
Seat 2: Dorex2007 folded before Flop (didn't bet)
Seat 3: Canguru19 folded before Flop (didn't bet)
Seat 4: matias1624 mucked [Js 8s]
Seat 5: TaxedToDeath folded before Flop (didn't bet)
Seat 6: pilidel (button) folded before Flop (didn't bet)
Seat 7: SneakySoup (small blind) folded before Flop
Seat 8: frosa9397 (big blind) showed [9h Kd] and won ($0.05) with two pair, Aces and Kings
Seat 9: MaXo_18 folded before Flop (didn't bet)



PokerStars Hand #236827949058:  Hold'em No Limit ($0.01/$0.02 USD) - 2022/06/17 21:07:59 PT [2022/06/18 0:07:59 ET]
Table 'Pilcher' 9-max Seat #7 is the button
Seat 1: deileon ($1.97 in chips) 
Seat 2: Dorex2007 ($5.65 in chips) 
Seat 3: Canguru19 ($4.32 in chips) 
Seat 4: matias1624 ($1.76 in chips) 
Seat 5: TaxedToDeath ($1.60 in chips) 
Seat 6: pilidel ($1.67 in chips) 
Seat 7: SneakySoup ($5.05 in chips) 
Seat 8: frosa9397 ($2.16 in chips) 
Seat 9: MaXo_18 ($0.73 in chips) 
frosa9397: posts small blind $0.01
MaXo_18: posts big blind $0.02
*** HOLE CARDS ***
Dealt to Dorex2007 [Ad 5d]
deileon: folds 
Dorex2007: calls $0.02
Canguru19: calls $0.02
matias1624: calls $0.02
TaxedToDeath: folds 
pilidel: folds 
SneakySoup: folds 
frosa9397: folds 
MaXo_18: checks 
*** FLOP *** [Ks Tc 3d]
MaXo_18: bets $0.06
Dorex2007: folds 
Canguru19: calls $0.06
matias1624: calls $0.06
*** TURN *** [Ks Tc 3d] [2h]
MaXo_18: bets $0.14
Canguru19: calls $0.14
matias1624: folds 
*** RIVER *** [Ks Tc 3d 2h] [5h]
MaXo_18: bets $0.51 and is all-in
Canguru19: folds 
Uncalled bet ($0.51) returned to MaXo_18
MaXo_18 collected $0.53 from pot
MaXo_18: doesn't show hand 
*** SUMMARY ***
Total pot $0.55 | Rake $0.02 
Board [Ks Tc 3d 2h 5h]
Seat 1: deileon folded before Flop (didn't bet)
Seat 2: Dorex2007 folded on the Flop
Seat 3: Canguru19 folded on the River
Seat 4: matias1624 folded on the Turn
Seat 5: TaxedToDeath folded before Flop (didn't bet)
Seat 6: pilidel folded before Flop (didn't bet)
Seat 7: SneakySoup (button) folded before Flop (didn't bet)
Seat 8: frosa9397 (small blind) folded before Flop
Seat 9: MaXo_18 (big blind) collected ($0.53)



PokerStars Hand #236827964502:  Hold'em No Limit ($0.01/$0.02 USD) - 2022/06/17 21:08:59 PT [2022/06/18 0:08:59 ET]
Table 'Pilcher' 9-max Seat #8 is the button
Seat 1: deileon ($1.97 in chips) 
Seat 2: Dorex2007 ($5.63 in chips) 
Seat 3: Canguru19 ($4.10 in chips) 
Seat 4: matias1624 ($1.68 in chips) 
Seat 5: TaxedToDeath ($1.60 in chips) 
Seat 6: pilidel ($1.67 in chips) 
Seat 7: SneakySoup ($5.05 in chips) 
Seat 8: frosa9397 ($2.15 in chips) 
Seat 9: MaXo_18 ($1.04 in chips) 
MaXo_18: posts small blind $0.01
deileon: posts big blind $0.02
*** HOLE CARDS ***
Dealt to Dorex2007 [Th 3s]
Dorex2007: folds 
Canguru19: folds 
matias1624: calls $0.02
TaxedToDeath: folds 
pilidel: folds 
SneakySoup: folds 
frosa9397: calls $0.02
MaXo_18: calls $0.01
deileon: checks 
*** FLOP *** [Js 7s 3d]
MaXo_18: checks 
deileon: checks 
matias1624: checks 
frosa9397: bets $0.04
MaXo_18: calls $0.04
deileon: folds 
matias1624: folds 
*** TURN *** [Js 7s 3d] [Td]
MaXo_18: bets $0.04
frosa9397: calls $0.04
*** RIVER *** [Js 7s 3d Td] [Ah]
MaXo_18: bets $0.08
frosa9397: folds 
Uncalled bet ($0.08) returned to MaXo_18
MaXo_18 collected $0.23 from pot
MaXo_18: doesn't show hand 
*** SUMMARY ***
Total pot $0.24 | Rake $0.01 
Board [Js 7s 3d Td Ah]
Seat 1: deileon (big blind) folded on the Flop
Seat 2: Dorex2007 folded before Flop (didn't bet)
Seat 3: Canguru19 folded before Flop (didn't bet)
Seat 4: matias1624 folded on the Flop
Seat 5: TaxedToDeath folded before Flop (didn't bet)
Seat 6: pilidel folded before Flop (didn't bet)
Seat 7: SneakySoup folded before Flop (didn't bet)
Seat 8: frosa9397 (button) folded on the River
Seat 9: MaXo_18 (small blind) collected ($0.23)



PokerStars Hand #236827974253:  Hold'em No Limit ($0.01/$0.02 USD) - 2022/06/17 21:10:05 PT [2022/06/18 0:10:05 ET]
Table 'Pilcher' 9-max Seat #9 is the button
Seat 1: deileon ($1.95 in chips) 
Seat 2: Dorex2007 ($5.63 in chips) 
Seat 3: Canguru19 ($4.10 in chips) 
Seat 4: matias1624 ($1.66 in chips) 
Seat 5: TaxedToDeath ($1.60 in chips) 
Seat 6: pilidel ($1.67 in chips) 
Seat 7: SneakySoup ($5.05 in chips) 
Seat 8: frosa9397 ($2.05 in chips) 
Seat 9: MaXo_18 ($1.17 in chips) 
deileon: posts small blind $0.01
Dorex2007: posts big blind $0.02
*** HOLE CARDS ***
Dealt to Dorex2007 [7c Jd]
Canguru19: folds 
matias1624: folds 
TaxedToDeath: folds 
pilidel has timed out
pilidel: folds 
SneakySoup: folds 
frosa9397: calls $0.02
MaXo_18: folds 
deileon: folds 
Dorex2007: checks 
*** FLOP *** [8c 6s 3d]
Dorex2007: checks 
frosa9397: bets $0.04
Dorex2007: folds 
Uncalled bet ($0.04) returned to frosa9397
frosa9397 collected $0.05 from pot
frosa9397: doesn't show hand 
*** SUMMARY ***
Total pot $0.05 | Rake $0 
Board [8c 6s 3d]
Seat 1: deileon (small blind) folded before Flop
Seat 2: Dorex2007 (big blind) folded on the Flop
Seat 3: Canguru19 folded before Flop (didn't bet)
Seat 4: matias1624 folded before Flop (didn't bet)
Seat 5: TaxedToDeath folded before Flop (didn't bet)
Seat 6: pilidel folded before Flop (didn't bet)
Seat 7: SneakySoup folded before Flop (didn't bet)
Seat 8: frosa9397 collected ($0.05)
Seat 9: MaXo_18 (button) folded before Flop (didn't bet)



PokerStars Hand #236827983501:  Hold'em No Limit ($0.01/$0.02 USD) - 2022/06/17 21:11:08 PT [2022/06/18 0:11:08 ET]
Table 'Pilcher' 9-max Seat #1 is the button
Seat 1: deileon ($1.94 in chips) 
Seat 2: Dorex2007 ($5.61 in chips) 
Seat 3: Canguru19 ($4.10 in chips) 
Seat 4: matias1624 ($1.66 in chips) 
Seat 5: TaxedToDeath ($1.60 in chips) 
Seat 6: pilidel ($1.67 in chips) 
Seat 7: SneakySoup ($5.05 in chips) 
Seat 8: frosa9397 ($2.08 in chips) 
Seat 9: MaXo_18 ($1.17 in chips) 
Dorex2007: posts small blind $0.01
Canguru19: posts big blind $0.02
*** HOLE CARDS ***
Dealt to Dorex2007 [Ah 6d]
matias1624: folds 
TaxedToDeath: folds 
pilidel: folds 
SneakySoup: raises $0.04 to $0.06
frosa9397: folds 
MaXo_18: folds 
deileon: folds 
Dorex2007: folds 
Canguru19: folds 
Uncalled bet ($0.04) returned to SneakySoup
SneakySoup collected $0.05 from pot
SneakySoup: doesn't show hand 
*** SUMMARY ***
Total pot $0.05 | Rake $0 
Seat 1: deileon (button) folded before Flop (didn't bet)
Seat 2: Dorex2007 (small blind) folded before Flop
Seat 3: Canguru19 (big blind) folded before Flop
Seat 4: matias1624 folded before Flop (didn't bet)
Seat 5: TaxedToDeath folded before Flop (didn't bet)
Seat 6: pilidel folded before Flop (didn't bet)
Seat 7: SneakySoup collected ($0.05)
Seat 8: frosa9397 folded before Flop (didn't bet)
Seat 9: MaXo_18 folded before Flop (didn't bet)



PokerStars Hand #236827986623:  Hold'em No Limit ($0.01/$0.02 USD) - 2022/06/17 21:11:29 PT [2022/06/18 0:11:29 ET]
Table 'Pilcher' 9-max Seat #2 is the button
Seat 1: deileon ($1.94 in chips) 
Seat 2: Dorex2007 ($5.60 in chips) 
Seat 3: Canguru19 ($4.08 in chips) 
Seat 4: matias1624 ($1.66 in chips) 
Seat 5: TaxedToDeath ($1.60 in chips) 
Seat 6: pilidel ($1.67 in chips) 
Seat 7: SneakySoup ($5.08 in chips) 
Seat 8: frosa9397 ($2.08 in chips) 
Seat 9: MaXo_18 ($1.17 in chips) 
Canguru19: posts small blind $0.01
matias1624: posts big blind $0.02
*** HOLE CARDS ***
Dealt to Dorex2007 [Jh 3d]
TaxedToDeath: folds 
pilidel is disconnected 
pilidel has timed out while being disconnected
pilidel: folds 
SneakySoup: folds 
frosa9397: folds 
MaXo_18: folds 
deileon: folds 
Dorex2007: folds 
Canguru19: calls $0.01
matias1624: checks 
*** FLOP *** [Kh 9s 7h]
Canguru19: checks 
matias1624: bets $0.02
Canguru19: folds 
Uncalled bet ($0.02) returned to matias1624
matias1624 collected $0.04 from pot
matias1624: doesn't show hand 
*** SUMMARY ***
Total pot $0.04 | Rake $0 
Board [Kh 9s 7h]
Seat 1: deileon folded before Flop (didn't bet)
Seat 2: Dorex2007 (button) folded before Flop (didn't bet)
Seat 3: Canguru19 (small blind) folded on the Flop
Seat 4: matias1624 (big blind) collected ($0.04)
Seat 5: TaxedToDeath folded before Flop (didn't bet)
Seat 6: pilidel folded before Flop (didn't bet)
Seat 7: SneakySoup folded before Flop (didn't bet)
Seat 8: frosa9397 folded before Flop (didn't bet)
Seat 9: MaXo_18 folded before Flop (didn't bet)



PokerStars Hand #236827994996:  Hold'em No Limit ($0.01/$0.02 USD) - 2022/06/17 21:12:25 PT [2022/06/18 0:12:25 ET]
Table 'Pilcher' 9-max Seat #3 is the button
Seat 1: deileon ($1.94 in chips) 
Seat 2: Dorex2007 ($5.60 in chips) 
Seat 3: Canguru19 ($4.06 in chips) 
Seat 4: matias1624 ($1.68 in chips) 
Seat 5: TaxedToDeath ($1.60 in chips) 
Seat 7: SneakySoup ($5.08 in chips) 
Seat 8: frosa9397 ($2.08 in chips) 
Seat 9: MaXo_18 ($1.17 in chips) 
matias1624: posts small blind $0.01
TaxedToDeath: posts big blind $0.02
*** HOLE CARDS ***
Dealt to Dorex2007 [5d 6d]
SneakySoup: folds 
frosa9397: folds 
MaXo_18: folds 
deileon: folds 
Dorex2007: raises $0.04 to $0.06
Canguru19: folds 
matias1624: folds 
TaxedToDeath: folds 
Uncalled bet ($0.04) returned to Dorex2007
Dorex2007 collected $0.05 from pot
Dorex2007: doesn't show hand 
*** SUMMARY ***
Total pot $0.05 | Rake $0 
Seat 1: deileon folded before Flop (didn't bet)
Seat 2: Dorex2007 collected ($0.05)
Seat 3: Canguru19 (button) folded before Flop (didn't bet)
Seat 4: matias1624 (small blind) folded before Flop
Seat 5: TaxedToDeath (big blind) folded before Flop
Seat 7: SneakySoup folded before Flop (didn't bet)
Seat 8: frosa9397 folded before Flop (didn't bet)
Seat 9: MaXo_18 folded before Flop (didn't bet)



PokerStars Hand #236827998998:  Hold'em No Limit ($0.01/$0.02 USD) - 2022/06/17 21:12:52 PT [2022/06/18 0:12:52 ET]
Table 'Pilcher' 9-max Seat #4 is the button
Seat 1: deileon ($1.94 in chips) 
Seat 2: Dorex2007 ($5.63 in chips) 
Seat 3: Canguru19 ($4.06 in chips) 
Seat 4: matias1624 ($1.67 in chips) 
Seat 5: TaxedToDeath ($1.58 in chips) 
Seat 7: SneakySoup ($5.08 in chips) 
Seat 8: frosa9397 ($2.08 in chips) 
Seat 9: MaXo_18 ($1.17 in chips) 
TaxedToDeath: posts small blind $0.01
SneakySoup: posts big blind $0.02
*** HOLE CARDS ***
Dealt to Dorex2007 [9s Qs]
frosa9397: folds 
MaXo_18: folds 
deileon: folds 
Dorex2007: calls $0.02
Canguru19: folds 
matias1624: folds 
TaxedToDeath: calls $0.01
SneakySoup: checks 
*** FLOP *** [6d 7d Kh]
TaxedToDeath: checks 
SneakySoup: checks 
Dorex2007: checks 
*** TURN *** [6d 7d Kh] [2s]
TaxedToDeath: bets $0.04
SneakySoup: folds 
Dorex2007: folds 
Uncalled bet ($0.04) returned to TaxedToDeath
TaxedToDeath collected $0.06 from pot
TaxedToDeath: doesn't show hand 
*** SUMMARY ***
Total pot $0.06 | Rake $0 
Board [6d 7d Kh 2s]
Seat 1: deileon folded before Flop (didn't bet)
Seat 2: Dorex2007 folded on the Turn
Seat 3: Canguru19 folded before Flop (didn't bet)
Seat 4: matias1624 (button) folded before Flop (didn't bet)
Seat 5: TaxedToDeath (small blind) collected ($0.06)
Seat 7: SneakySoup (big blind) folded on the Turn
Seat 8: frosa9397 folded before Flop (didn't bet)
Seat 9: MaXo_18 folded before Flop (didn't bet)



PokerStars Hand #236828003907:  Hold'em No Limit ($0.01/$0.02 USD) - 2022/06/17 21:13:25 PT [2022/06/18 0:13:25 ET]
Table 'Pilcher' 9-max Seat #5 is the button
Seat 1: deileon ($1.94 in chips) 
Seat 2: Dorex2007 ($5.61 in chips) 
Seat 3: Canguru19 ($4.06 in chips) 
Seat 4: matias1624 ($1.67 in chips) 
Seat 5: TaxedToDeath ($1.62 in chips) 
Seat 7: SneakySoup ($5.06 in chips) 
Seat 8: frosa9397 ($2.08 in chips) 
Seat 9: MaXo_18 ($1.17 in chips) 
SneakySoup: posts small blind $0.01
frosa9397: posts big blind $0.02
*** HOLE CARDS ***
Dealt to Dorex2007 [Js 9c]
MaXo_18: calls $0.02
deileon: folds 
Dorex2007: folds 
Canguru19: calls $0.02
matias1624: folds 
TaxedToDeath: raises $0.08 to $0.10
SneakySoup: folds 
frosa9397: folds 
MaXo_18: folds 
Canguru19: folds 
Uncalled bet ($0.08) returned to TaxedToDeath
TaxedToDeath collected $0.09 from pot
TaxedToDeath: doesn't show hand 
*** SUMMARY ***
Total pot $0.09 | Rake $0 
Seat 1: deileon folded before Flop (didn't bet)
Seat 2: Dorex2007 folded before Flop (didn't bet)
Seat 3: Canguru19 folded before Flop
Seat 4: matias1624 folded before Flop (didn't bet)
Seat 5: TaxedToDeath (button) collected ($0.09)
Seat 7: SneakySoup (small blind) folded before Flop
Seat 8: frosa9397 (big blind) folded before Flop
Seat 9: MaXo_18 folded before Flop



PokerStars Hand #236828009229:  Hold'em No Limit ($0.01/$0.02 USD) - 2022/06/17 21:14:01 PT [2022/06/18 0:14:01 ET]
Table 'Pilcher' 9-max Seat #7 is the button
Seat 1: deileon ($1.94 in chips) 
Seat 2: Dorex2007 ($5.61 in chips) 
Seat 3: Canguru19 ($4.04 in chips) 
Seat 4: matias1624 ($1.67 in chips) 
Seat 5: TaxedToDeath ($1.69 in chips) 
Seat 6: pilidel ($1.67 in chips) 
Seat 7: SneakySoup ($5.05 in chips) 
Seat 8: frosa9397 ($2.06 in chips) 
Seat 9: MaXo_18 ($1.15 in chips) 
frosa9397: posts small blind $0.01
MaXo_18: posts big blind $0.02
pilidel: posts small & big blinds $0.03
*** HOLE CARDS ***
Dealt to Dorex2007 [6h 7c]
deileon: calls $0.02
Dorex2007: folds 
Canguru19: calls $0.02
matias1624: folds 
TaxedToDeath: folds 
pilidel: checks 
SneakySoup: folds 
frosa9397: folds 
MaXo_18: checks 
*** FLOP *** [Ts 7h 2h]
MaXo_18: checks 
deileon: checks 
Canguru19: checks 
pilidel: checks 
*** TURN *** [Ts 7h 2h] [4h]
MaXo_18: bets $0.02
deileon: folds 
Canguru19: folds 
pilidel: folds 
Uncalled bet ($0.02) returned to MaXo_18
MaXo_18 collected $0.10 from pot
MaXo_18: doesn't show hand 
*** SUMMARY ***
Total pot $0.10 | Rake $0 
Board [Ts 7h 2h 4h]
Seat 1: deileon folded on the Turn
Seat 2: Dorex2007 folded before Flop (didn't bet)
Seat 3: Canguru19 folded on the Turn
Seat 4: matias1624 folded before Flop (didn't bet)
Seat 5: TaxedToDeath folded before Flop (didn't bet)
Seat 6: pilidel folded on the Turn (didn't bet)
Seat 7: SneakySoup (button) folded before Flop (didn't bet)
Seat 8: frosa9397 (small blind) folded before Flop
Seat 9: MaXo_18 (big blind) collected ($0.10)



PokerStars Hand #236828016620:  Hold'em No Limit ($0.01/$0.02 USD) - 2022/06/17 21:14:52 PT [2022/06/18 0:14:52 ET]
Table 'Pilcher' 9-max Seat #8 is the button
Seat 1: deileon ($1.92 in chips) 
Seat 2: Dorex2007 ($5.61 in chips) 
Seat 3: Canguru19 ($4.02 in chips) 
Seat 4: matias1624 ($1.67 in chips) 
Seat 5: TaxedToDeath ($1.69 in chips) 
Seat 6: pilidel ($1.64 in chips) 
Seat 7: SneakySoup ($5.05 in chips) 
Seat 8: frosa9397 ($2.05 in chips) 
Seat 9: MaXo_18 ($1.23 in chips) 
MaXo_18: posts small blind $0.01
deileon: posts big blind $0.02
*** HOLE CARDS ***
Dealt to Dorex2007 [8s 6c]
Dorex2007: folds 
Canguru19: calls $0.02
matias1624: folds 
TaxedToDeath: folds 
pilidel: folds 
SneakySoup: raises $0.06 to $0.08
frosa9397: folds 
MaXo_18: folds 
deileon: folds 
Canguru19: folds 
Uncalled bet ($0.06) returned to SneakySoup
SneakySoup collected $0.07 from pot
SneakySoup: doesn't show hand 
*** SUMMARY ***
Total pot $0.07 | Rake $0 
Seat 1: deileon (big blind) folded before Flop
Seat 2: Dorex2007 folded before Flop (didn't bet)
Seat 3: Canguru19 folded before Flop
Seat 4: matias1624 folded before Flop (didn't bet)
Seat 5: TaxedToDeath folded before Flop (didn't bet)
Seat 6: pilidel folded before Flop (didn't bet)
Seat 7: SneakySoup collected ($0.07)
Seat 8: frosa9397 (button) folded before Flop (didn't bet)
Seat 9: MaXo_18 (small blind) folded before Flop



PokerStars Hand #236828020300:  Hold'em No Limit ($0.01/$0.02 USD) - 2022/06/17 21:15:16 PT [2022/06/18 0:15:16 ET]
Table 'Pilcher' 9-max Seat #9 is the button
Seat 1: deileon ($1.90 in chips) 
Seat 2: Dorex2007 ($5.61 in chips) 
Seat 3: Canguru19 ($4 in chips) 
Seat 4: matias1624 ($1.67 in chips) 
Seat 5: TaxedToDeath ($1.69 in chips) 
Seat 6: pilidel ($1.64 in chips) 
Seat 7: SneakySoup ($5.10 in chips) 
Seat 8: frosa9397 ($2.05 in chips) 
Seat 9: MaXo_18 ($1.22 in chips) 
deileon: posts small blind $0.01
Dorex2007: posts big blind $0.02
*** HOLE CARDS ***
Dealt to Dorex2007 [Tc 8s]
Canguru19: folds 
matias1624: folds 
TaxedToDeath: calls $0.02
Canguru19 leaves the table
pilidel: raises $0.07 to $0.09
SneakySoup: folds 
frosa9397: folds 
MaXo_18: folds 
deileon: folds 
Dorex2007: folds 
TaxedToDeath: calls $0.07
*** FLOP *** [8h 2s Ac]
TaxedToDeath: checks 
pilidel: bets $0.06
TaxedToDeath: calls $0.06
*** TURN *** [8h 2s Ac] [5d]
docthedoc66 joins the table at seat #3 
TaxedToDeath: checks 
pilidel: checks 
*** RIVER *** [8h 2s Ac 5d] [4c]
TaxedToDeath: checks 
pilidel: checks 
*** SHOW DOWN ***
TaxedToDeath: shows [6c 6h] (a pair of Sixes)
pilidel: shows [7h 7c] (a pair of Sevens)
pilidel collected $0.32 from pot
*** SUMMARY ***
Total pot $0.33 | Rake $0.01 
Board [8h 2s Ac 5d 4c]
Seat 1: deileon (small blind) folded before Flop
Seat 2: Dorex2007 (big blind) folded before Flop
Seat 3: Canguru19 folded before Flop (didn't bet)
Seat 4: matias1624 folded before Flop (didn't bet)
Seat 5: TaxedToDeath showed [6c 6h] and lost with a pair of Sixes
Seat 6: pilidel showed [7h 7c] and won ($0.32) with a pair of Sevens
Seat 7: SneakySoup folded before Flop (didn't bet)
Seat 8: frosa9397 folded before Flop (didn't bet)
Seat 9: MaXo_18 (button) folded before Flop (didn't bet)



PokerStars Hand #236828026578:  Hold'em No Limit ($0.01/$0.02 USD) - 2022/06/17 21:15:59 PT [2022/06/18 0:15:59 ET]
Table 'Pilcher' 9-max Seat #1 is the button
Seat 1: deileon ($1.89 in chips) 
Seat 2: Dorex2007 ($5.59 in chips) 
Seat 3: docthedoc66 ($2 in chips) 
Seat 4: matias1624 ($1.67 in chips) 
Seat 5: TaxedToDeath ($1.54 in chips) 
Seat 6: pilidel ($1.81 in chips) 
Seat 7: SneakySoup ($5.10 in chips) 
Seat 8: frosa9397 ($2.05 in chips) 
Seat 9: MaXo_18 ($1.22 in chips) 
Dorex2007: posts small blind $0.01
docthedoc66: posts big blind $0.02
*** HOLE CARDS ***
Dealt to Dorex2007 [Qd Td]
matias1624: folds 
TaxedToDeath: folds 
pilidel: folds 
TaxedToDeath leaves the table
SneakySoup: folds 
frosa9397: folds 
MaXo_18: calls $0.02
deileon: folds 
Dorex2007: raises $0.06 to $0.08
docthedoc66: folds 
MaXo_18: folds 
Uncalled bet ($0.06) returned to Dorex2007
Dorex2007 collected $0.06 from pot
Dorex2007: doesn't show hand 
*** SUMMARY ***
Total pot $0.06 | Rake $0 
Seat 1: deileon (button) folded before Flop (didn't bet)
Seat 2: Dorex2007 (small blind) collected ($0.06)
Seat 3: docthedoc66 (big blind) folded before Flop
Seat 4: matias1624 folded before Flop (didn't bet)
Seat 5: TaxedToDeath folded before Flop (didn't bet)
Seat 6: pilidel folded before Flop (didn't bet)
Seat 7: SneakySoup folded before Flop (didn't bet)
Seat 8: frosa9397 folded before Flop (didn't bet)
Seat 9: MaXo_18 folded before Flop



PokerStars Hand #236828029857:  Hold'em No Limit ($0.01/$0.02 USD) - 2022/06/17 21:16:21 PT [2022/06/18 0:16:21 ET]
Table 'Pilcher' 9-max Seat #2 is the button
Seat 1: deileon ($1.89 in chips) 
Seat 2: Dorex2007 ($5.63 in chips) 
Seat 3: docthedoc66 ($2 in chips) 
Seat 4: matias1624 ($1.67 in chips) 
Seat 6: pilidel ($1.81 in chips) 
Seat 7: SneakySoup ($5.10 in chips) 
Seat 8: frosa9397 ($2.05 in chips) 
Seat 9: MaXo_18 ($1.20 in chips) 
docthedoc66: posts small blind $0.01
matias1624: posts big blind $0.02
*** HOLE CARDS ***
Dealt to Dorex2007 [Ts 7d]
pilidel: folds 
SneakySoup: folds 
frosa9397: folds 
MaXo_18: folds 
deileon: folds 
Dorex2007: folds 
docthedoc66: folds 
Uncalled bet ($0.01) returned to matias1624
matias1624 collected $0.02 from pot
matias1624: doesn't show hand 
*** SUMMARY ***
Total pot $0.02 | Rake $0 
Seat 1: deileon folded before Flop (didn't bet)
Seat 2: Dorex2007 (button) folded before Flop (didn't bet)
Seat 3: docthedoc66 (small blind) folded before Flop
Seat 4: matias1624 (big blind) collected ($0.02)
Seat 6: pilidel folded before Flop (didn't bet)
Seat 7: SneakySoup folded before Flop (didn't bet)
Seat 8: frosa9397 folded before Flop (didn't bet)
Seat 9: MaXo_18 folded before Flop (didn't bet)



PokerStars Hand #236828031469:  Hold'em No Limit ($0.01/$0.02 USD) - 2022/06/17 21:16:32 PT [2022/06/18 0:16:32 ET]
Table 'Pilcher' 9-max Seat #3 is the button
Seat 1: deileon ($1.89 in chips) 
Seat 2: Dorex2007 ($5.63 in chips) 
Seat 3: docthedoc66 ($2 in chips) 
Seat 4: matias1624 ($1.68 in chips) 
Seat 6: pilidel ($1.81 in chips) 
Seat 7: SneakySoup ($5.10 in chips) 
Seat 8: frosa9397 ($2.05 in chips) 
Seat 9: MaXo_18 ($1.20 in chips) 
matias1624: posts small blind $0.01
pilidel: posts big blind $0.02
*** HOLE CARDS ***
Dealt to Dorex2007 [5h 9h]
SneakySoup: raises $0.04 to $0.06
frosa9397: folds 
MaXo_18: folds 
dmcrbr joins the table at seat #5 
deileon: folds 
Dorex2007: folds 
docthedoc66: folds 
matias1624: calls $0.05
pilidel: folds 
*** FLOP *** [9s 5d Td]
matias1624: checks 
SneakySoup: bets $0.07
matias1624: folds 
Uncalled bet ($0.07) returned to SneakySoup
SneakySoup collected $0.14 from pot
SneakySoup: doesn't show hand 
*** SUMMARY ***
Total pot $0.14 | Rake $0 
Board [9s 5d Td]
Seat 1: deileon folded before Flop (didn't bet)
Seat 2: Dorex2007 folded before Flop (didn't bet)
Seat 3: docthedoc66 (button) folded before Flop (didn't bet)
Seat 4: matias1624 (small blind) folded on the Flop
Seat 6: pilidel (big blind) folded before Flop
Seat 7: SneakySoup collected ($0.14)
Seat 8: frosa9397 folded before Flop (didn't bet)
Seat 9: MaXo_18 folded before Flop (didn't bet)



PokerStars Hand #236828036235:  Hold'em No Limit ($0.01/$0.02 USD) - 2022/06/17 21:17:04 PT [2022/06/18 0:17:04 ET]
Table 'Pilcher' 9-max Seat #4 is the button
Seat 1: deileon ($1.89 in chips) 
Seat 2: Dorex2007 ($5.63 in chips) 
Seat 3: docthedoc66 ($2 in chips) 
Seat 4: matias1624 ($1.62 in chips) 
Seat 6: pilidel ($1.79 in chips) 
Seat 7: SneakySoup ($5.18 in chips) 
Seat 8: frosa9397 ($2.05 in chips) 
Seat 9: MaXo_18 ($1.20 in chips) 
pilidel: posts small blind $0.01
SneakySoup: posts big blind $0.02
*** HOLE CARDS ***
Dealt to Dorex2007 [Qs Qh]
frosa9397: folds 
MaXo_18: calls $0.02
deileon: folds 
Dorex2007: raises $0.04 to $0.06
docthedoc66: folds 
matias1624: folds 
pilidel: calls $0.05
SneakySoup: folds 
MaXo_18: calls $0.04
*** FLOP *** [8d Tc 3h]
pilidel: checks 
MaXo_18: checks 
Dorex2007: bets $0.19
pilidel: folds 
MaXo_18: folds 
Uncalled bet ($0.19) returned to Dorex2007
Dorex2007 collected $0.19 from pot
Dorex2007: doesn't show hand 
*** SUMMARY ***
Total pot $0.20 | Rake $0.01 
Board [8d Tc 3h]
Seat 1: deileon folded before Flop (didn't bet)
Seat 2: Dorex2007 collected ($0.19)
Seat 3: docthedoc66 folded before Flop (didn't bet)
Seat 4: matias1624 (button) folded before Flop (didn't bet)
Seat 6: pilidel (small blind) folded on the Flop
Seat 7: SneakySoup (big blind) folded before Flop
Seat 8: frosa9397 folded before Flop (didn't bet)
Seat 9: MaXo_18 folded on the Flop



PokerStars Hand #236828043001:  Hold'em No Limit ($0.01/$0.02 USD) - 2022/06/17 21:17:50 PT [2022/06/18 0:17:50 ET]
Table 'Pilcher' 9-max Seat #6 is the button
Seat 1: deileon ($1.89 in chips) 
Seat 2: Dorex2007 ($5.76 in chips) 
Seat 3: docthedoc66 ($2 in chips) 
Seat 4: matias1624 ($1.62 in chips) 
Seat 6: pilidel ($1.73 in chips) 
Seat 7: SneakySoup ($5.16 in chips) 
Seat 8: frosa9397 ($2.05 in chips) 
Seat 9: MaXo_18 ($1.14 in chips) 
SneakySoup: posts small blind $0.01
frosa9397: posts big blind $0.02
dmcrbr: sits out 
*** HOLE CARDS ***
Dealt to Dorex2007 [8s 2d]
MaXo_18: folds 
deileon: calls $0.02
Dorex2007: folds 
docthedoc66: raises $0.04 to $0.06
matias1624: calls $0.06
pilidel: folds 
SneakySoup: folds 
frosa9397: folds 
deileon: calls $0.04
*** FLOP *** [Td 8c 4d]
deileon: checks 
docthedoc66: bets $0.10
matias1624: raises $1.46 to $1.56 and is all-in
deileon: folds 
docthedoc66: folds 
Uncalled bet ($1.46) returned to matias1624
matias1624 collected $0.40 from pot
matias1624: doesn't show hand 
*** SUMMARY ***
Total pot $0.41 | Rake $0.01 
Board [Td 8c 4d]
Seat 1: deileon folded on the Flop
Seat 2: Dorex2007 folded before Flop (didn't bet)
Seat 3: docthedoc66 folded on the Flop
Seat 4: matias1624 collected ($0.40)
Seat 6: pilidel (button) folded before Flop (didn't bet)
Seat 7: SneakySoup (small blind) folded before Flop
Seat 8: frosa9397 (big blind) folded before Flop
Seat 9: MaXo_18 folded before Flop (didn't bet)



PokerStars Hand #236828055985:  Hold'em No Limit ($0.01/$0.02 USD) - 2022/06/17 21:18:38 PT [2022/06/18 0:18:38 ET]
Table 'Pilcher' 9-max Seat #7 is the button
Seat 1: deileon ($1.83 in chips) 
Seat 2: Dorex2007 ($5.76 in chips) 
Seat 3: docthedoc66 ($2 in chips) 
Seat 4: matias1624 ($1.86 in chips) 
Seat 6: pilidel ($1.73 in chips) 
Seat 7: SneakySoup ($5.15 in chips) 
Seat 8: frosa9397 ($2.03 in chips) 
Seat 9: MaXo_18 ($1.14 in chips) 
frosa9397: posts small blind $0.01
MaXo_18: posts big blind $0.02
dmcrbr: sits out 
*** HOLE CARDS ***
Dealt to Dorex2007 [4s 5d]
deileon: folds 
Dorex2007: folds 
docthedoc66: folds 
matias1624: calls $0.02
pilidel: raises $0.07 to $0.09
SneakySoup: folds 
frosa9397: folds 
MaXo_18: folds 
matias1624: calls $0.07
*** FLOP *** [9h Jc 4c]
matias1624: checks 
pilidel: checks 
*** TURN *** [9h Jc 4c] [4d]
matias1624: checks 
pilidel: checks 
*** RIVER *** [9h Jc 4c 4d] [8s]
matias1624: bets $0.02
pilidel: folds 
Uncalled bet ($0.02) returned to matias1624
matias1624 collected $0.20 from pot
matias1624: doesn't show hand 
*** SUMMARY ***
Total pot $0.21 | Rake $0.01 
Board [9h Jc 4c 4d 8s]
Seat 1: deileon folded before Flop (didn't bet)
Seat 2: Dorex2007 folded before Flop (didn't bet)
Seat 3: docthedoc66 folded before Flop (didn't bet)
Seat 4: matias1624 collected ($0.20)
Seat 6: pilidel folded on the River
Seat 7: SneakySoup (button) folded before Flop (didn't bet)
Seat 8: frosa9397 (small blind) folded before Flop
Seat 9: MaXo_18 (big blind) folded before Flop



PokerStars Hand #236828065454:  Hold'em No Limit ($0.01/$0.02 USD) - 2022/06/17 21:19:42 PT [2022/06/18 0:19:42 ET]
Table 'Pilcher' 9-max Seat #8 is the button
Seat 2: Dorex2007 ($5.76 in chips) 
Seat 3: docthedoc66 ($2 in chips) 
Seat 4: matias1624 ($1.97 in chips) 
Seat 6: pilidel ($1.64 in chips) 
Seat 7: SneakySoup ($5.15 in chips) 
Seat 8: frosa9397 ($2.02 in chips) 
Seat 9: MaXo_18 ($1.12 in chips) 
MaXo_18: posts small blind $0.01
deileon: is sitting out 
Dorex2007: posts big blind $0.02
dmcrbr: sits out 
*** HOLE CARDS ***
Dealt to Dorex2007 [4s Kh]
docthedoc66: folds 
matias1624: calls $0.02
pilidel: folds 
SneakySoup: folds 
frosa9397: folds 
MaXo_18: calls $0.01
Dorex2007: checks 
*** FLOP *** [7c Ad Qd]
MaXo_18: checks 
Dorex2007: checks 
matias1624: checks 
*** TURN *** [7c Ad Qd] [8d]
MaXo_18: checks 
Dorex2007: checks 
matias1624: bets $0.02
MaXo_18: calls $0.02
deileon leaves the table
khj5466588 joins the table at seat #1 
Dorex2007: folds 
*** RIVER *** [7c Ad Qd 8d] [3s]
MaXo_18: bets $0.04
matias1624: raises $0.26 to $0.30
MaXo_18: folds [Ts]
Uncalled bet ($0.26) returned to matias1624
matias1624 collected $0.17 from pot
matias1624: doesn't show hand 
*** SUMMARY ***
Total pot $0.18 | Rake $0.01 
Board [7c Ad Qd 8d 3s]
Seat 2: Dorex2007 (big blind) folded on the Turn
Seat 3: docthedoc66 folded before Flop (didn't bet)
Seat 4: matias1624 collected ($0.17)
Seat 6: pilidel folded before Flop (didn't bet)
Seat 7: SneakySoup folded before Flop (didn't bet)
Seat 8: frosa9397 (button) folded before Flop (didn't bet)
Seat 9: MaXo_18 (small blind) folded on the River



PokerStars Hand #236828078723:  Hold'em No Limit ($0.01/$0.02 USD) - 2022/06/17 21:21:12 PT [2022/06/18 0:21:12 ET]
Table 'Pilcher' 9-max Seat #9 is the button
Seat 2: Dorex2007 ($5.74 in chips) 
Seat 3: docthedoc66 ($2 in chips) 
Seat 4: matias1624 ($2.06 in chips) 
Seat 6: pilidel ($1.64 in chips) 
Seat 7: SneakySoup ($5.15 in chips) 
Seat 8: frosa9397 ($2.02 in chips) 
Seat 9: MaXo_18 ($1.04 in chips) 
Dorex2007: posts small blind $0.01
docthedoc66: posts big blind $0.02
dmcrbr: sits out 
*** HOLE CARDS ***
Dealt to Dorex2007 [Qh Jh]
matias1624: folds 
khj5466588 leaves the table
pilidel has timed out
pilidel: folds 
SneakySoup: folds 
frosa9397: folds 
MaXo_18: folds 
Dorex2007: calls $0.01
SavageIndian666 joins the table at seat #1 
docthedoc66: checks 
*** FLOP *** [4d 5d 5h]
Dorex2007: checks 
docthedoc66: checks 
*** TURN *** [4d 5d 5h] [Qc]
Dorex2007: bets $0.03
docthedoc66: calls $0.03
*** RIVER *** [4d 5d 5h Qc] [5c]
Dorex2007: checks 
docthedoc66: bets $0.05
Dorex2007: folds 
Uncalled bet ($0.05) returned to docthedoc66
docthedoc66 collected $0.10 from pot
docthedoc66: doesn't show hand 
*** SUMMARY ***
Total pot $0.10 | Rake $0 
Board [4d 5d 5h Qc 5c]
Seat 2: Dorex2007 (small blind) folded on the River
Seat 3: docthedoc66 (big blind) collected ($0.10)
Seat 4: matias1624 folded before Flop (didn't bet)
Seat 6: pilidel folded before Flop (didn't bet)
Seat 7: SneakySoup folded before Flop (didn't bet)
Seat 8: frosa9397 folded before Flop (didn't bet)
Seat 9: MaXo_18 (button) folded before Flop (didn't bet)



PokerStars Hand #236828089733:  Hold'em No Limit ($0.01/$0.02 USD) - 2022/06/17 21:22:28 PT [2022/06/18 0:22:28 ET]
Table 'Pilcher' 9-max Seat #2 is the button
Seat 2: Dorex2007 ($5.69 in chips) 
Seat 3: docthedoc66 ($2.05 in chips) 
Seat 4: matias1624 ($2.06 in chips) 
Seat 7: SneakySoup ($5.15 in chips) 
Seat 8: frosa9397 ($2.02 in chips) 
Seat 9: MaXo_18 ($1.04 in chips) 
docthedoc66: posts small blind $0.01
matias1624: posts big blind $0.02
dmcrbr: sits out 
SavageIndian666: sits out 
*** HOLE CARDS ***
Dealt to Dorex2007 [3d Jd]
SneakySoup: folds 
frosa9397: calls $0.02
MaXo_18: folds 
Dorex2007 has timed out
Dorex2007: folds 
docthedoc66: calls $0.01
matias1624: checks 
*** FLOP *** [8s 2d 9h]
docthedoc66: checks 
matias1624: checks 
frosa9397: checks 
*** TURN *** [8s 2d 9h] [6c]
docthedoc66: checks 
matias1624: bets $0.02
frosa9397: calls $0.02
docthedoc66: folds 
*** RIVER *** [8s 2d 9h 6c] [3h]
matias1624: checks 
frosa9397: checks 
*** SHOW DOWN ***
matias1624: shows [2s Ac] (a pair of Deuces)
frosa9397: mucks hand 
matias1624 collected $0.10 from pot
*** SUMMARY ***
Total pot $0.10 | Rake $0 
Board [8s 2d 9h 6c 3h]
Seat 2: Dorex2007 (button) folded before Flop (didn't bet)
Seat 3: docthedoc66 (small blind) folded on the Turn
Seat 4: matias1624 (big blind) showed [2s Ac] and won ($0.10) with a pair of Deuces
Seat 7: SneakySoup folded before Flop (didn't bet)
Seat 8: frosa9397 mucked [Qs Ts]
Seat 9: MaXo_18 folded before Flop (didn't bet)



PokerStars Hand #236828098841:  Hold'em No Limit ($0.01/$0.02 USD) - 2022/06/17 21:23:31 PT [2022/06/18 0:23:31 ET]
Table 'Pilcher' 9-max Seat #3 is the button
Seat 2: Dorex2007 ($5.69 in chips) 
Seat 3: docthedoc66 ($2.03 in chips) 
Seat 4: matias1624 ($2.12 in chips) 
Seat 5: dmcrbr ($2 in chips) 
Seat 7: SneakySoup ($5.15 in chips) 
Seat 8: frosa9397 ($1.98 in chips) 
Seat 9: MaXo_18 ($1.04 in chips) 
matias1624: posts small blind $0.01
dmcrbr: posts big blind $0.02
SavageIndian666: sits out 
*** HOLE CARDS ***
Dealt to Dorex2007 [2d Kd]
SneakySoup: folds 
frosa9397: calls $0.02
MaXo_18: folds 
Dorex2007: folds 
docthedoc66: folds 
matias1624: calls $0.01
dmcrbr: checks 
*** FLOP *** [6c Qd Ac]
matias1624: checks 
dmcrbr: checks 
frosa9397: checks 
*** TURN *** [6c Qd Ac] [7c]
matias1624: checks 
dmcrbr: checks 
frosa9397: checks 
*** RIVER *** [6c Qd Ac 7c] [7s]
matias1624: checks 
pilidel is disconnected 
dmcrbr: checks 
frosa9397: checks 
*** SHOW DOWN ***
matias1624: shows [8c Jd] (a pair of Sevens)
dmcrbr: shows [8h Kc] (a pair of Sevens - Ace+King kicker)
frosa9397: shows [7h 9h] (three of a kind, Sevens)
frosa9397 collected $0.06 from pot
*** SUMMARY ***
Total pot $0.06 | Rake $0 
Board [6c Qd Ac 7c 7s]
Seat 2: Dorex2007 folded before Flop (didn't bet)
Seat 3: docthedoc66 (button) folded before Flop (didn't bet)
Seat 4: matias1624 (small blind) showed [8c Jd] and lost with a pair of Sevens
Seat 5: dmcrbr (big blind) showed [8h Kc] and lost with a pair of Sevens
Seat 7: SneakySoup folded before Flop (didn't bet)
Seat 8: frosa9397 showed [7h 9h] and won ($0.06) with three of a kind, Sevens
Seat 9: MaXo_18 folded before Flop (didn't bet)



PokerStars Hand #236828106574:  Hold'em No Limit ($0.01/$0.02 USD) - 2022/06/17 21:24:25 PT [2022/06/18 0:24:25 ET]
Table 'Pilcher' 9-max Seat #5 is the button
Seat 2: Dorex2007 ($5.69 in chips) 
Seat 3: docthedoc66 ($2.03 in chips) 
Seat 5: dmcrbr ($2 in chips) 
Seat 7: SneakySoup ($5.15 in chips) 
Seat 8: frosa9397 ($2.02 in chips) 
Seat 9: MaXo_18 ($1.04 in chips) 
SneakySoup: posts small blind $0.01
frosa9397: posts big blind $0.02
SavageIndian666: sits out 
*** HOLE CARDS ***
Dealt to Dorex2007 [Ad Ah]
MaXo_18: folds 
matias1624 leaves the table
Dorex2007: raises $0.04 to $0.06
docthedoc66: folds 
dmcrbr: folds 
SneakySoup: folds 
frosa9397: calls $0.04
*** FLOP *** [3c As Tc]
frosa9397: checks 
Dorex2007: bets $0.07
CutCut74 joins the table at seat #4 
frosa9397: folds 
Uncalled bet ($0.07) returned to Dorex2007
Dorex2007 collected $0.13 from pot
Dorex2007: doesn't show hand 
*** SUMMARY ***
Total pot $0.13 | Rake $0 
Board [3c As Tc]
Seat 2: Dorex2007 collected ($0.13)
Seat 3: docthedoc66 folded before Flop (didn't bet)
Seat 5: dmcrbr (button) folded before Flop (didn't bet)
Seat 7: SneakySoup (small blind) folded before Flop
Seat 8: frosa9397 (big blind) folded on the Flop
Seat 9: MaXo_18 folded before Flop (didn't bet)



PokerStars Hand #236828113006:  Hold'em No Limit ($0.01/$0.02 USD) - 2022/06/17 21:25:09 PT [2022/06/18 0:25:09 ET]
Table 'Pilcher' 9-max Seat #7 is the button
Seat 2: Dorex2007 ($5.76 in chips) 
Seat 3: docthedoc66 ($2.03 in chips) 
Seat 5: dmcrbr ($2 in chips) 
Seat 7: SneakySoup ($5.14 in chips) 
Seat 8: frosa9397 ($1.96 in chips) 
Seat 9: MaXo_18 ($1.04 in chips) 
frosa9397: posts small blind $0.01
MaXo_18: posts big blind $0.02
SavageIndian666: sits out 
CutCut74: sits out 
*** HOLE CARDS ***
Dealt to Dorex2007 [3c 8d]
Dorex2007: folds 
docthedoc66: calls $0.02
dmcrbr: folds 
SneakySoup: raises $0.06 to $0.08
frosa9397: folds 
MaXo_18: folds 
docthedoc66: calls $0.06
*** FLOP *** [5d 3d Ac]
docthedoc66: checks 
SneakySoup: bets $0.09
docthedoc66: calls $0.09
*** TURN *** [5d 3d Ac] [Tc]
docthedoc66: checks 
SneakySoup: bets $0.18
docthedoc66: calls $0.18
*** RIVER *** [5d 3d Ac Tc] [4c]
docthedoc66: checks 
SneakySoup: bets $0.35
docthedoc66: raises $0.70 to $1.05
SneakySoup: calls $0.70
*** SHOW DOWN ***
docthedoc66: shows [7c 5c] (a flush, Ace high)
SneakySoup: mucks hand 
docthedoc66 collected $2.73 from pot
*** SUMMARY ***
Total pot $2.83 | Rake $0.10 
Board [5d 3d Ac Tc 4c]
Seat 2: Dorex2007 folded before Flop (didn't bet)
Seat 3: docthedoc66 showed [7c 5c] and won ($2.73) with a flush, Ace high
Seat 5: dmcrbr folded before Flop (didn't bet)
Seat 7: SneakySoup (button) mucked [Ad Kc]
Seat 8: frosa9397 (small blind) folded before Flop
Seat 9: MaXo_18 (big blind) folded before Flop



PokerStars Hand #236828121019:  Hold'em No Limit ($0.01/$0.02 USD) - 2022/06/17 21:26:06 PT [2022/06/18 0:26:06 ET]
Table 'Pilcher' 9-max Seat #8 is the button
Seat 1: SavageIndian666 ($2 in chips) 
Seat 2: Dorex2007 ($5.76 in chips) 
Seat 3: docthedoc66 ($3.36 in chips) 
Seat 4: CutCut74 ($2 in chips) 
Seat 5: dmcrbr ($2 in chips) 
Seat 7: SneakySoup ($3.74 in chips) 
Seat 8: frosa9397 ($1.95 in chips) 
Seat 9: MaXo_18 ($1.02 in chips) 
MaXo_18: posts small blind $0.01
SavageIndian666: posts big blind $0.02
CutCut74: posts big blind $0.02
*** HOLE CARDS ***
Dealt to Dorex2007 [6d 5h]
Dorex2007 has timed out
Dorex2007: folds 
docthedoc66: folds 
CutCut74: checks 
dmcrbr: folds 
SneakySoup: folds 
frosa9397: folds 
MaXo_18: calls $0.01
SavageIndian666: checks 
*** FLOP *** [9c 3s 8d]
MaXo_18: checks 
SavageIndian666: checks 
CutCut74: checks 
*** TURN *** [9c 3s 8d] [Kc]
MaXo_18: bets $0.02
SavageIndian666: calls $0.02
CutCut74: calls $0.02
*** RIVER *** [9c 3s 8d Kc] [Qh]
MaXo_18: bets $0.02
SavageIndian666: calls $0.02
CutCut74: folds 
*** SHOW DOWN ***
MaXo_18: shows [Tc 3h] (a pair of Threes)
SavageIndian666: shows [Kh 5d] (a pair of Kings)
SavageIndian666 collected $0.15 from pot
*** SUMMARY ***
Total pot $0.16 | Rake $0.01 
Board [9c 3s 8d Kc Qh]
Seat 1: SavageIndian666 (big blind) showed [Kh 5d] and won ($0.15) with a pair of Kings
Seat 2: Dorex2007 folded before Flop (didn't bet)
Seat 3: docthedoc66 folded before Flop (didn't bet)
Seat 4: CutCut74 folded on the River
Seat 5: dmcrbr folded before Flop (didn't bet)
Seat 7: SneakySoup folded before Flop (didn't bet)
Seat 8: frosa9397 (button) folded before Flop (didn't bet)
Seat 9: MaXo_18 (small blind) showed [Tc 3h] and lost with a pair of Threes



PokerStars Hand #236828137549:  Hold'em No Limit ($0.01/$0.02 USD) - 2022/06/17 21:27:00 PT [2022/06/18 0:27:00 ET]
Table 'Pilcher' 9-max Seat #9 is the button
Seat 1: SavageIndian666 ($2.09 in chips) 
Seat 2: Dorex2007 ($5.76 in chips) 
Seat 3: docthedoc66 ($3.36 in chips) 
Seat 4: CutCut74 ($2 in chips) 
Seat 5: dmcrbr ($2 in chips) 
Seat 6: pilidel ($1.64 in chips) 
Seat 7: SneakySoup ($3.74 in chips) 
Seat 8: frosa9397 ($1.95 in chips) 
Seat 9: MaXo_18 ($0.96 in chips) 
SavageIndian666: posts small blind $0.01
Dorex2007: posts big blind $0.02
pilidel: posts small blind $0.01
*** HOLE CARDS ***
Dealt to Dorex2007 [Qh 7s]
docthedoc66: folds 
CutCut74: calls $0.02
dmcrbr: folds 
pilidel: folds 
SneakySoup: folds 
frosa9397: calls $0.02
MaXo_18: calls $0.02
SavageIndian666: raises $0.06 to $0.08
Dorex2007: folds 
CutCut74: calls $0.06
frosa9397: calls $0.06
MaXo_18: folds 
*** FLOP *** [6d 4c 6s]
SavageIndian666: checks 
CutCut74: checks 
frosa9397: checks 
*** TURN *** [6d 4c 6s] [Jc]
SavageIndian666: checks 
CutCut74: bets $0.02
frosa9397: folds 
SavageIndian666: calls $0.02
*** RIVER *** [6d 4c 6s Jc] [Qc]
SavageIndian666: bets $0.10
CutCut74 is disconnected 
CutCut74 is connected 
CutCut74 has timed out
CutCut74: folds 
Uncalled bet ($0.10) returned to SavageIndian666
SavageIndian666 collected $0.32 from pot
SavageIndian666: doesn't show hand 
*** SUMMARY ***
Total pot $0.33 | Rake $0.01 
Board [6d 4c 6s Jc Qc]
Seat 1: SavageIndian666 (small blind) collected ($0.32)
Seat 2: Dorex2007 (big blind) folded before Flop
Seat 3: docthedoc66 folded before Flop (didn't bet)
Seat 4: CutCut74 folded on the River
Seat 5: dmcrbr folded before Flop (didn't bet)
Seat 6: pilidel folded before Flop (didn't bet)
Seat 7: SneakySoup folded before Flop (didn't bet)
Seat 8: frosa9397 folded on the Turn
Seat 9: MaXo_18 (button) folded before Flop



PokerStars Hand #236828153195:  Hold'em No Limit ($0.01/$0.02 USD) - 2022/06/17 21:28:47 PT [2022/06/18 0:28:47 ET]
Table 'Pilcher' 9-max Seat #1 is the button
Seat 1: SavageIndian666 ($2.31 in chips) 
Seat 2: Dorex2007 ($5.74 in chips) 
Seat 3: docthedoc66 ($3.36 in chips) 
Seat 5: dmcrbr ($2 in chips) 
Seat 6: pilidel ($1.63 in chips) 
Seat 7: SneakySoup ($3.74 in chips) 
Seat 8: frosa9397 ($1.87 in chips) 
Seat 9: MaXo_18 ($0.94 in chips) 
Dorex2007: posts small blind $0.01
docthedoc66: posts big blind $0.02
*** HOLE CARDS ***
Dealt to Dorex2007 [Tc 5d]
dmcrbr: folds 
pilidel: raises $0.04 to $0.06
SneakySoup: folds 
frosa9397: folds 
MaXo_18: folds 
SavageIndian666: folds 
Dorex2007: folds 
docthedoc66: folds 
Uncalled bet ($0.04) returned to pilidel
pilidel collected $0.05 from pot
pilidel: doesn't show hand 
*** SUMMARY ***
Total pot $0.05 | Rake $0 
Seat 1: SavageIndian666 (button) folded before Flop (didn't bet)
Seat 2: Dorex2007 (small blind) folded before Flop
Seat 3: docthedoc66 (big blind) folded before Flop
Seat 5: dmcrbr folded before Flop (didn't bet)
Seat 6: pilidel collected ($0.05)
Seat 7: SneakySoup folded before Flop (didn't bet)
Seat 8: frosa9397 folded before Flop (didn't bet)
Seat 9: MaXo_18 folded before Flop (didn't bet)



PokerStars Hand #236828155419:  Hold'em No Limit ($0.01/$0.02 USD) - 2022/06/17 21:29:03 PT [2022/06/18 0:29:03 ET]
Table 'Pilcher' 9-max Seat #2 is the button
Seat 1: SavageIndian666 ($2.31 in chips) 
Seat 2: Dorex2007 ($5.73 in chips) 
Seat 3: docthedoc66 ($3.34 in chips) 
Seat 4: CutCut74 ($2 in chips) 
Seat 5: dmcrbr ($2 in chips) 
Seat 6: pilidel ($1.66 in chips) 
Seat 7: SneakySoup ($3.74 in chips) 
Seat 8: frosa9397 ($1.87 in chips) 
Seat 9: MaXo_18 ($0.94 in chips) 
docthedoc66: posts small blind $0.01
CutCut74: posts big blind $0.02
*** HOLE CARDS ***
Dealt to Dorex2007 [4s 9h]
dmcrbr: raises $0.04 to $0.06
pilidel: folds 
SneakySoup: folds 
frosa9397: folds 
MaXo_18: folds 
SavageIndian666: folds 
Dorex2007: folds 
docthedoc66: folds 
CutCut74: calls $0.04
*** FLOP *** [Js Ad Qh]
CutCut74: checks 
dmcrbr: bets $0.07
CutCut74: raises $0.07 to $0.14
dmcrbr: calls $0.07
*** TURN *** [Js Ad Qh] [6s]
CutCut74: checks 
dmcrbr: checks 
*** RIVER *** [Js Ad Qh 6s] [Ts]
CutCut74: bets $0.40
dmcrbr: calls $0.40
*** SHOW DOWN ***
CutCut74: shows [Ks Th] (a straight, Ten to Ace)
dmcrbr: shows [Kd Kc] (a straight, Ten to Ace)
CutCut74 collected $0.59 from pot
dmcrbr collected $0.58 from pot
*** SUMMARY ***
Total pot $1.21 | Rake $0.04 
Board [Js Ad Qh 6s Ts]
Seat 1: SavageIndian666 folded before Flop (didn't bet)
Seat 2: Dorex2007 (button) folded before Flop (didn't bet)
Seat 3: docthedoc66 (small blind) folded before Flop
Seat 4: CutCut74 (big blind) showed [Ks Th] and won ($0.59) with a straight, Ten to Ace
Seat 5: dmcrbr showed [Kd Kc] and won ($0.58) with a straight, Ten to Ace
Seat 6: pilidel folded before Flop (didn't bet)
Seat 7: SneakySoup folded before Flop (didn't bet)
Seat 8: frosa9397 folded before Flop (didn't bet)
Seat 9: MaXo_18 folded before Flop (didn't bet)



PokerStars Hand #236828168390:  Hold'em No Limit ($0.01/$0.02 USD) - 2022/06/17 21:30:11 PT [2022/06/18 0:30:11 ET]
Table 'Pilcher' 9-max Seat #3 is the button
Seat 1: SavageIndian666 ($2.31 in chips) 
Seat 2: Dorex2007 ($5.73 in chips) 
Seat 3: docthedoc66 ($3.33 in chips) 
Seat 4: CutCut74 ($2 in chips) 
Seat 5: dmcrbr ($2 in chips) 
Seat 6: pilidel ($1.66 in chips) 
Seat 7: SneakySoup ($3.74 in chips) 
Seat 8: frosa9397 ($1.87 in chips) 
Seat 9: MaXo_18 ($0.94 in chips) 
CutCut74: posts small blind $0.01
dmcrbr: posts big blind $0.02
*** HOLE CARDS ***
Dealt to Dorex2007 [Jd 6s]
pilidel has timed out
pilidel: folds 
SneakySoup: raises $0.04 to $0.06
frosa9397: folds 
MaXo_18: folds 
SavageIndian666: folds 
Dorex2007: folds 
docthedoc66: folds 
CutCut74: calls $0.05
dmcrbr: folds 
*** FLOP *** [Ac Td Kd]
CutCut74: checks 
SneakySoup: checks 
*** TURN *** [Ac Td Kd] [Jc]
CutCut74: bets $0.14
SneakySoup: folds 
Uncalled bet ($0.14) returned to CutCut74
CutCut74 collected $0.14 from pot
CutCut74: doesn't show hand 
*** SUMMARY ***
Total pot $0.14 | Rake $0 
Board [Ac Td Kd Jc]
Seat 1: SavageIndian666 folded before Flop (didn't bet)
Seat 2: Dorex2007 folded before Flop (didn't bet)
Seat 3: docthedoc66 (button) folded before Flop (didn't bet)
Seat 4: CutCut74 (small blind) collected ($0.14)
Seat 5: dmcrbr (big blind) folded before Flop
Seat 6: pilidel folded before Flop (didn't bet)
Seat 7: SneakySoup folded on the Turn
Seat 8: frosa9397 folded before Flop (didn't bet)
Seat 9: MaXo_18 folded before Flop (didn't bet)



PokerStars Hand #236828175881:  Hold'em No Limit ($0.01/$0.02 USD) - 2022/06/17 21:31:03 PT [2022/06/18 0:31:03 ET]
Table 'Pilcher' 9-max Seat #4 is the button
Seat 1: SavageIndian666 ($2.31 in chips) 
Seat 2: Dorex2007 ($5.73 in chips) 
Seat 3: docthedoc66 ($3.33 in chips) 
Seat 4: CutCut74 ($2.08 in chips) 
Seat 5: dmcrbr ($2 in chips) 
Seat 6: pilidel ($1.66 in chips) 
Seat 7: SneakySoup ($3.68 in chips) 
Seat 8: frosa9397 ($1.87 in chips) 
Seat 9: MaXo_18 ($0.94 in chips) 
dmcrbr: posts small blind $0.01
pilidel: posts big blind $0.02
*** HOLE CARDS ***
Dealt to Dorex2007 [Qc 7d]
SneakySoup: folds 
frosa9397: folds 
MaXo_18: folds 
SavageIndian666: folds 
Dorex2007: folds 
docthedoc66: folds 
CutCut74: folds 
dmcrbr: folds 
Uncalled bet ($0.01) returned to pilidel
pilidel collected $0.02 from pot
pilidel: doesn't show hand 
*** SUMMARY ***
Total pot $0.02 | Rake $0 
Seat 1: SavageIndian666 folded before Flop (didn't bet)
Seat 2: Dorex2007 folded before Flop (didn't bet)
Seat 3: docthedoc66 folded before Flop (didn't bet)
Seat 4: CutCut74 (button) folded before Flop (didn't bet)
Seat 5: dmcrbr (small blind) folded before Flop
Seat 6: pilidel (big blind) collected ($0.02)
Seat 7: SneakySoup folded before Flop (didn't bet)
Seat 8: frosa9397 folded before Flop (didn't bet)
Seat 9: MaXo_18 folded before Flop (didn't bet)



PokerStars Hand #236828178556:  Hold'em No Limit ($0.01/$0.02 USD) - 2022/06/17 21:31:22 PT [2022/06/18 0:31:22 ET]
Table 'Pilcher' 9-max Seat #5 is the button
Seat 1: SavageIndian666 ($2.31 in chips) 
Seat 2: Dorex2007 ($5.73 in chips) 
Seat 3: docthedoc66 ($3.33 in chips) 
Seat 4: CutCut74 ($2.08 in chips) 
Seat 5: dmcrbr ($2 in chips) 
Seat 6: pilidel ($1.67 in chips) 
Seat 7: SneakySoup ($3.68 in chips) 
Seat 8: frosa9397 ($1.87 in chips) 
Seat 9: MaXo_18 ($0.94 in chips) 
pilidel: posts small blind $0.01
SneakySoup: posts big blind $0.02
*** HOLE CARDS ***
Dealt to Dorex2007 [3c Ac]
frosa9397: raises $0.05 to $0.07
MaXo_18: folds 
SavageIndian666: folds 
Dorex2007: folds 
docthedoc66: folds 
CutCut74: calls $0.07
dmcrbr: folds 
pilidel: folds 
SneakySoup: folds 
*** FLOP *** [5c 2c Ts]
frosa9397: bets $0.10
CutCut74: calls $0.10
*** TURN *** [5c 2c Ts] [Kc]
frosa9397: bets $0.20
CutCut74: raises $1.71 to $1.91 and is all-in
frosa9397: folds 
Uncalled bet ($1.71) returned to CutCut74
CutCut74 collected $0.74 from pot
CutCut74: doesn't show hand 
*** SUMMARY ***
Total pot $0.77 | Rake $0.03 
Board [5c 2c Ts Kc]
Seat 1: SavageIndian666 folded before Flop (didn't bet)
Seat 2: Dorex2007 folded before Flop (didn't bet)
Seat 3: docthedoc66 folded before Flop (didn't bet)
Seat 4: CutCut74 collected ($0.74)
Seat 5: dmcrbr (button) folded before Flop (didn't bet)
Seat 6: pilidel (small blind) folded before Flop
Seat 7: SneakySoup (big blind) folded before Flop
Seat 8: frosa9397 folded on the Turn
Seat 9: MaXo_18 folded before Flop (didn't bet)



PokerStars Hand #236828191294:  Hold'em No Limit ($0.01/$0.02 USD) - 2022/06/17 21:32:50 PT [2022/06/18 0:32:50 ET]
Table 'Pilcher' 9-max Seat #6 is the button
Seat 1: SavageIndian666 ($2.31 in chips) 
Seat 2: Dorex2007 ($5.73 in chips) 
Seat 3: docthedoc66 ($3.33 in chips) 
Seat 4: CutCut74 ($2.45 in chips) 
Seat 5: dmcrbr ($2 in chips) 
Seat 6: pilidel ($1.66 in chips) 
Seat 7: SneakySoup ($3.66 in chips) 
Seat 8: frosa9397 ($1.50 in chips) 
Seat 9: MaXo_18 ($0.94 in chips) 
SneakySoup: posts small blind $0.01
frosa9397: posts big blind $0.02
*** HOLE CARDS ***
Dealt to Dorex2007 [5s Kc]
MaXo_18: folds 
SavageIndian666: calls $0.02
Dorex2007: folds 
docthedoc66: folds 
CutCut74: calls $0.02
dmcrbr: folds 
pilidel: folds 
SneakySoup: folds 
frosa9397: checks 
*** FLOP *** [3c Ac 4c]
frosa9397: checks 
SavageIndian666: checks 
CutCut74: checks 
*** TURN *** [3c Ac 4c] [2c]
frosa9397: checks 
SavageIndian666: checks 
CutCut74: checks 
*** RIVER *** [3c Ac 4c 2c] [Td]
frosa9397: checks 
SavageIndian666: checks 
CutCut74: checks 
*** SHOW DOWN ***
frosa9397: shows [7c 2s] (a flush, Ace high)
SavageIndian666: mucks hand 
CutCut74: mucks hand 
frosa9397 collected $0.07 from pot
*** SUMMARY ***
Total pot $0.07 | Rake $0 
Board [3c Ac 4c 2c Td]
Seat 1: SavageIndian666 mucked [Kd Jh]
Seat 2: Dorex2007 folded before Flop (didn't bet)
Seat 3: docthedoc66 folded before Flop (didn't bet)
Seat 4: CutCut74 mucked [4d Ah]
Seat 5: dmcrbr folded before Flop (didn't bet)
Seat 6: pilidel (button) folded before Flop (didn't bet)
Seat 7: SneakySoup (small blind) folded before Flop
Seat 8: frosa9397 (big blind) showed [7c 2s] and won ($0.07) with a flush, Ace high
Seat 9: MaXo_18 folded before Flop (didn't bet)



PokerStars Hand #236828200526:  Hold'em No Limit ($0.01/$0.02 USD) - 2022/06/17 21:33:55 PT [2022/06/18 0:33:55 ET]
Table 'Pilcher' 9-max Seat #7 is the button
Seat 1: SavageIndian666 ($2.29 in chips) 
Seat 2: Dorex2007 ($5.73 in chips) 
Seat 3: docthedoc66 ($3.33 in chips) 
Seat 4: CutCut74 ($2.43 in chips) 
Seat 5: dmcrbr ($2 in chips) 
Seat 6: pilidel ($1.66 in chips) 
Seat 7: SneakySoup ($3.65 in chips) 
Seat 8: frosa9397 ($1.55 in chips) 
Seat 9: MaXo_18 ($0.94 in chips) 
frosa9397: posts small blind $0.01
MaXo_18: posts big blind $0.02
*** HOLE CARDS ***
Dealt to Dorex2007 [Tc Td]
SavageIndian666: calls $0.02
Dorex2007: raises $0.04 to $0.06
docthedoc66: folds 
CutCut74: calls $0.06
dmcrbr: folds 
pilidel: folds 
SneakySoup: calls $0.06
frosa9397: folds 
MaXo_18: folds 
SavageIndian666: calls $0.04
*** FLOP *** [Qh 5s Js]
SavageIndian666: checks 
Dorex2007: checks 
CutCut74: checks 
SneakySoup: bets $0.13
SavageIndian666: folds 
Dorex2007: folds 
CutCut74: raises $0.27 to $0.40
SneakySoup: folds 
Uncalled bet ($0.27) returned to CutCut74
CutCut74 collected $0.51 from pot
CutCut74: doesn't show hand 
*** SUMMARY ***
Total pot $0.53 | Rake $0.02 
Board [Qh 5s Js]
Seat 1: SavageIndian666 folded on the Flop
Seat 2: Dorex2007 folded on the Flop
Seat 3: docthedoc66 folded before Flop (didn't bet)
Seat 4: CutCut74 collected ($0.51)
Seat 5: dmcrbr folded before Flop (didn't bet)
Seat 6: pilidel folded before Flop (didn't bet)
Seat 7: SneakySoup (button) folded on the Flop
Seat 8: frosa9397 (small blind) folded before Flop
Seat 9: MaXo_18 (big blind) folded before Flop



PokerStars Hand #236828213238:  Hold'em No Limit ($0.01/$0.02 USD) - 2022/06/17 21:35:25 PT [2022/06/18 0:35:25 ET]
Table 'Pilcher' 9-max Seat #8 is the button
Seat 1: SavageIndian666 ($2.23 in chips) 
Seat 2: Dorex2007 ($5.67 in chips) 
Seat 3: docthedoc66 ($3.33 in chips) 
Seat 4: CutCut74 ($2.75 in chips) 
Seat 5: dmcrbr ($2 in chips) 
Seat 6: pilidel ($1.66 in chips) 
Seat 7: SneakySoup ($3.46 in chips) 
Seat 8: frosa9397 ($1.54 in chips) 
Seat 9: MaXo_18 ($0.92 in chips) 
MaXo_18: posts small blind $0.01
SavageIndian666: posts big blind $0.02
*** HOLE CARDS ***
Dealt to Dorex2007 [Jd 4h]
Dorex2007: folds 
docthedoc66: folds 
CutCut74: folds 
dmcrbr: folds 
pilidel: calls $0.02
SneakySoup: folds 
frosa9397: folds 
MaXo_18: calls $0.01
SavageIndian666: checks 
*** FLOP *** [2d Js Qc]
MaXo_18: checks 
SavageIndian666: checks 
pilidel: checks 
*** TURN *** [2d Js Qc] [6s]
MaXo_18: bets $0.02
SavageIndian666: calls $0.02
pilidel: folds 
*** RIVER *** [2d Js Qc 6s] [5s]
MaXo_18: bets $0.02
SavageIndian666: raises $0.08 to $0.10
MaXo_18: calls $0.08
*** SHOW DOWN ***
SavageIndian666: shows [8s 9s] (a flush, Jack high)
MaXo_18: mucks hand 
SavageIndian666 collected $0.29 from pot
*** SUMMARY ***
Total pot $0.30 | Rake $0.01 
Board [2d Js Qc 6s 5s]
Seat 1: SavageIndian666 (big blind) showed [8s 9s] and won ($0.29) with a flush, Jack high
Seat 2: Dorex2007 folded before Flop (didn't bet)
Seat 3: docthedoc66 folded before Flop (didn't bet)
Seat 4: CutCut74 folded before Flop (didn't bet)
Seat 5: dmcrbr folded before Flop (didn't bet)
Seat 6: pilidel folded on the Turn
Seat 7: SneakySoup folded before Flop (didn't bet)
Seat 8: frosa9397 (button) folded before Flop (didn't bet)
Seat 9: MaXo_18 (small blind) mucked [2s 5c]



PokerStars Hand #236828222802:  Hold'em No Limit ($0.01/$0.02 USD) - 2022/06/17 21:36:31 PT [2022/06/18 0:36:31 ET]
Table 'Pilcher' 9-max Seat #9 is the button
Seat 1: SavageIndian666 ($2.38 in chips) 
Seat 2: Dorex2007 ($5.67 in chips) 
Seat 3: docthedoc66 ($3.33 in chips) 
Seat 4: CutCut74 ($2.75 in chips) 
Seat 5: dmcrbr ($2 in chips) 
Seat 6: pilidel ($1.64 in chips) 
Seat 7: SneakySoup ($3.46 in chips) 
Seat 8: frosa9397 ($1.54 in chips) 
Seat 9: MaXo_18 ($0.78 in chips) 
SavageIndian666: posts small blind $0.01
Dorex2007: posts big blind $0.02
*** HOLE CARDS ***
Dealt to Dorex2007 [4c Kd]
docthedoc66: folds 
CutCut74: folds 
dmcrbr: folds 
pilidel: folds 
SneakySoup: raises $0.04 to $0.06
frosa9397: folds 
MaXo_18: folds 
SavageIndian666: folds 
Dorex2007: folds 
Uncalled bet ($0.04) returned to SneakySoup
SneakySoup collected $0.05 from pot
SneakySoup: doesn't show hand 
*** SUMMARY ***
Total pot $0.05 | Rake $0 
Seat 1: SavageIndian666 (small blind) folded before Flop
Seat 2: Dorex2007 (big blind) folded before Flop
Seat 3: docthedoc66 folded before Flop (didn't bet)
Seat 4: CutCut74 folded before Flop (didn't bet)
Seat 5: dmcrbr folded before Flop (didn't bet)
Seat 6: pilidel folded before Flop (didn't bet)
Seat 7: SneakySoup collected ($0.05)
Seat 8: frosa9397 folded before Flop (didn't bet)
Seat 9: MaXo_18 (button) folded before Flop (didn't bet)



PokerStars Hand #236828226794:  Hold'em No Limit ($0.01/$0.02 USD) - 2022/06/17 21:36:59 PT [2022/06/18 0:36:59 ET]
Table 'Pilcher' 9-max Seat #1 is the button
Seat 1: SavageIndian666 ($2.37 in chips) 
Seat 2: Dorex2007 ($5.65 in chips) 
Seat 3: docthedoc66 ($3.33 in chips) 
Seat 4: CutCut74 ($2.75 in chips) 
Seat 5: dmcrbr ($2 in chips) 
Seat 6: pilidel ($1.64 in chips) 
Seat 7: SneakySoup ($3.49 in chips) 
Seat 8: frosa9397 ($1.54 in chips) 
Seat 9: MaXo_18 ($0.78 in chips) 
Dorex2007: posts small blind $0.01
docthedoc66: posts big blind $0.02
*** HOLE CARDS ***
Dealt to Dorex2007 [Ad Qc]
CutCut74: calls $0.02
dmcrbr: folds 
pilidel: folds 
SneakySoup: folds 
frosa9397: calls $0.02
MaXo_18: folds 
SavageIndian666: calls $0.02
Dorex2007: calls $0.01
docthedoc66: checks 
*** FLOP *** [Kc 2d 2s]
Dorex2007: checks 
docthedoc66: checks 
CutCut74: checks 
frosa9397: bets $0.05
SavageIndian666: folds 
Dorex2007: folds 
docthedoc66: folds 
CutCut74: folds 
Uncalled bet ($0.05) returned to frosa9397
frosa9397 collected $0.10 from pot
frosa9397: doesn't show hand 
*** SUMMARY ***
Total pot $0.10 | Rake $0 
Board [Kc 2d 2s]
Seat 1: SavageIndian666 (button) folded on the Flop
Seat 2: Dorex2007 (small blind) folded on the Flop
Seat 3: docthedoc66 (big blind) folded on the Flop
Seat 4: CutCut74 folded on the Flop
Seat 5: dmcrbr folded before Flop (didn't bet)
Seat 6: pilidel folded before Flop (didn't bet)
Seat 7: SneakySoup folded before Flop (didn't bet)
Seat 8: frosa9397 collected ($0.10)
Seat 9: MaXo_18 folded before Flop (didn't bet)



PokerStars Hand #236828233103:  Hold'em No Limit ($0.01/$0.02 USD) - 2022/06/17 21:37:43 PT [2022/06/18 0:37:43 ET]
Table 'Pilcher' 9-max Seat #2 is the button
Seat 1: SavageIndian666 ($2.35 in chips) 
Seat 2: Dorex2007 ($5.63 in chips) 
Seat 3: docthedoc66 ($3.31 in chips) 
Seat 4: CutCut74 ($2.73 in chips) 
Seat 5: dmcrbr ($2 in chips) 
Seat 6: pilidel ($1.64 in chips) 
Seat 7: SneakySoup ($3.49 in chips) 
Seat 8: frosa9397 ($1.62 in chips) 
docthedoc66: posts small blind $0.01
CutCut74: posts big blind $0.02
*** HOLE CARDS ***
Dealt to Dorex2007 [7h Kd]
dmcrbr: folds 
pilidel: folds 
SneakySoup: folds 
frosa9397: folds 
SavageIndian666: folds 
Dorex2007: folds 
docthedoc66: calls $0.01
CutCut74: raises $0.08 to $0.10
docthedoc66: calls $0.08
*** FLOP *** [Ah 5s 3c]
docthedoc66: checks 
CutCut74 is disconnected 
CutCut74 is connected 
CutCut74: bets $0.08
docthedoc66: folds 
Uncalled bet ($0.08) returned to CutCut74
CutCut74 collected $0.19 from pot
CutCut74: doesn't show hand 
*** SUMMARY ***
Total pot $0.20 | Rake $0.01 
Board [Ah 5s 3c]
Seat 1: SavageIndian666 folded before Flop (didn't bet)
Seat 2: Dorex2007 (button) folded before Flop (didn't bet)
Seat 3: docthedoc66 (small blind) folded on the Flop
Seat 4: CutCut74 (big blind) collected ($0.19)
Seat 5: dmcrbr folded before Flop (didn't bet)
Seat 6: pilidel folded before Flop (didn't bet)
Seat 7: SneakySoup folded before Flop (didn't bet)
Seat 8: frosa9397 folded before Flop (didn't bet)



PokerStars Hand #236828243911:  Hold'em No Limit ($0.01/$0.02 USD) - 2022/06/17 21:39:00 PT [2022/06/18 0:39:00 ET]
Table 'Pilcher' 9-max Seat #3 is the button
Seat 1: SavageIndian666 ($2.35 in chips) 
Seat 2: Dorex2007 ($5.63 in chips) 
Seat 3: docthedoc66 ($3.21 in chips) 
Seat 4: CutCut74 ($2.82 in chips) 
Seat 5: dmcrbr ($2 in chips) 
Seat 6: pilidel ($1.64 in chips) 
Seat 7: SneakySoup ($3.49 in chips) 
Seat 8: frosa9397 ($1.62 in chips) 
CutCut74: posts small blind $0.01
dmcrbr: posts big blind $0.02
*** HOLE CARDS ***
Dealt to Dorex2007 [Qd 3c]
pilidel: calls $0.02
SneakySoup: folds 
frosa9397: folds 
SavageIndian666: folds 
Dorex2007: folds 
docthedoc66: folds 
CutCut74: folds 
dmcrbr: checks 
*** FLOP *** [Ks 2d Td]
dmcrbr: checks 
pilidel: checks 
*** TURN *** [Ks 2d Td] [8d]
dmcrbr: checks 
pilidel: checks 
*** RIVER *** [Ks 2d Td 8d] [Kc]
dmcrbr: checks 
pilidel: checks 
*** SHOW DOWN ***
dmcrbr: shows [Ah 3s] (a pair of Kings)
pilidel: shows [9s As] (a pair of Kings - Ace+Ten+Nine kicker)
pilidel collected $0.05 from pot
*** SUMMARY ***
Total pot $0.05 | Rake $0 
Board [Ks 2d Td 8d Kc]
Seat 1: SavageIndian666 folded before Flop (didn't bet)
Seat 2: Dorex2007 folded before Flop (didn't bet)
Seat 3: docthedoc66 (button) folded before Flop (didn't bet)
Seat 4: CutCut74 (small blind) folded before Flop
Seat 5: dmcrbr (big blind) showed [Ah 3s] and lost with a pair of Kings
Seat 6: pilidel showed [9s As] and won ($0.05) with a pair of Kings
Seat 7: SneakySoup folded before Flop (didn't bet)
Seat 8: frosa9397 folded before Flop (didn't bet)



PokerStars Hand #236828250224:  Hold'em No Limit ($0.01/$0.02 USD) - 2022/06/17 21:39:44 PT [2022/06/18 0:39:44 ET]
Table 'Pilcher' 9-max Seat #4 is the button
Seat 1: SavageIndian666 ($2.35 in chips) 
Seat 2: Dorex2007 ($5.63 in chips) 
Seat 3: docthedoc66 ($3.21 in chips) 
Seat 4: CutCut74 ($2.81 in chips) 
Seat 5: dmcrbr ($2 in chips) 
Seat 6: pilidel ($1.67 in chips) 
Seat 7: SneakySoup ($3.49 in chips) 
Seat 8: frosa9397 ($1.62 in chips) 
dmcrbr: posts small blind $0.01
pilidel: posts big blind $0.02
*** HOLE CARDS ***
Dealt to Dorex2007 [5c Tc]
SneakySoup: raises $0.04 to $0.06
frosa9397: folds 
SavageIndian666: folds 
Dorex2007: folds 
docthedoc66: folds 
CutCut74: folds 
dmcrbr: folds 
pilidel: folds 
Uncalled bet ($0.04) returned to SneakySoup
SneakySoup collected $0.05 from pot
SneakySoup: doesn't show hand 
*** SUMMARY ***
Total pot $0.05 | Rake $0 
Seat 1: SavageIndian666 folded before Flop (didn't bet)
Seat 2: Dorex2007 folded before Flop (didn't bet)
Seat 3: docthedoc66 folded before Flop (didn't bet)
Seat 4: CutCut74 (button) folded before Flop (didn't bet)
Seat 5: dmcrbr (small blind) folded before Flop
Seat 6: pilidel (big blind) folded before Flop
Seat 7: SneakySoup collected ($0.05)
Seat 8: frosa9397 folded before Flop (didn't bet)



PokerStars Hand #236828254405:  Hold'em No Limit ($0.01/$0.02 USD) - 2022/06/17 21:40:14 PT [2022/06/18 0:40:14 ET]
Table 'Pilcher' 9-max Seat #5 is the button
Seat 1: SavageIndian666 ($2.35 in chips) 
Seat 2: Dorex2007 ($5.63 in chips) 
Seat 3: docthedoc66 ($3.21 in chips) 
Seat 4: CutCut74 ($2.81 in chips) 
Seat 5: dmcrbr ($2 in chips) 
Seat 6: pilidel ($1.65 in chips) 
Seat 7: SneakySoup ($3.52 in chips) 
Seat 8: frosa9397 ($1.62 in chips) 
pilidel: posts small blind $0.01
SneakySoup: posts big blind $0.02
*** HOLE CARDS ***
Dealt to Dorex2007 [7c Kc]
frosa9397: raises $0.02 to $0.04
SavageIndian666: folds 
Dorex2007: folds 
docthedoc66: folds 
CutCut74: folds 
dmcrbr: folds 
pilidel: calls $0.03
SneakySoup: folds 
*** FLOP *** [7h 4c Qh]
pilidel: checks 
frosa9397: bets $0.05
pilidel: folds 
Uncalled bet ($0.05) returned to frosa9397
frosa9397 collected $0.10 from pot
frosa9397: doesn't show hand 
*** SUMMARY ***
Total pot $0.10 | Rake $0 
Board [7h 4c Qh]
Seat 1: SavageIndian666 folded before Flop (didn't bet)
Seat 2: Dorex2007 folded before Flop (didn't bet)
Seat 3: docthedoc66 folded before Flop (didn't bet)
Seat 4: CutCut74 folded before Flop (didn't bet)
Seat 5: dmcrbr (button) folded before Flop (didn't bet)
Seat 6: pilidel (small blind) folded on the Flop
Seat 7: SneakySoup (big blind) folded before Flop
Seat 8: frosa9397 collected ($0.10)



