PokerStars Hand #230042058664:  Hold'em No Limit ($0.01/$0.02 USD) - 2021/09/21 21:00:29 PT [2021/09/22 0:00:29 ET]
Table 'Altona IV' 9-max Seat #1 is the button
Seat 1: nnatatiKA ($0.35 in chips) 
Seat 2: InsomniacCat ($2.36 in chips) 
Seat 3: lbitsch ($2 in chips) 
Seat 5: cissa186 ($11.11 in chips) 
Seat 6: Witt1106 ($1.11 in chips) 
Seat 7: Dorex2007 ($2 in chips) 
Seat 8: geniuss ($3.82 in chips) 
InsomniacCat: posts small blind $0.01
lbitsch: posts big blind $0.02
*** HOLE CARDS ***
Dealt to Dorex2007 [5c 6d]
cissa186: folds 
Witt1106: calls $0.02
Dorex2007: folds 
geniuss: folds 
nnatatiKA: folds 
InsomniacCat: calls $0.01
lbitsch: checks 
*** FLOP *** [Qs 5s 8c]
InsomniacCat: checks 
lbitsch: checks 
Witt1106: checks 
*** TURN *** [Qs 5s 8c] [6c]
InsomniacCat: checks 
lbitsch: bets $0.02
Witt1106: calls $0.02
InsomniacCat: calls $0.02
*** RIVER *** [Qs 5s 8c 6c] [Kc]
InsomniacCat: bets $0.10
lbitsch: folds 
Witt1106: folds 
Uncalled bet ($0.10) returned to InsomniacCat
InsomniacCat collected $0.12 from pot
InsomniacCat: doesn't show hand 
*** SUMMARY ***
Total pot $0.12 | Rake $0 
Board [Qs 5s 8c 6c Kc]
Seat 1: nnatatiKA (button) folded before Flop (didn't bet)
Seat 2: InsomniacCat (small blind) collected ($0.12)
Seat 3: lbitsch (big blind) folded on the River
Seat 5: cissa186 folded before Flop (didn't bet)
Seat 6: Witt1106 folded on the River
Seat 7: Dorex2007 folded before Flop (didn't bet)
Seat 8: geniuss folded before Flop (didn't bet)



PokerStars Hand #230042065354:  Hold'em No Limit ($0.01/$0.02 USD) - 2021/09/21 21:01:15 PT [2021/09/22 0:01:15 ET]
Table 'Altona IV' 9-max Seat #2 is the button
Seat 1: nnatatiKA ($0.35 in chips) 
Seat 2: InsomniacCat ($2.44 in chips) 
Seat 3: lbitsch ($1.96 in chips) 
Seat 5: cissa186 ($11.11 in chips) 
Seat 6: Witt1106 ($1.07 in chips) 
Seat 7: Dorex2007 ($2 in chips) 
Seat 8: geniuss ($3.82 in chips) 
lbitsch: posts small blind $0.01
cissa186: posts big blind $0.02
*** HOLE CARDS ***
Dealt to Dorex2007 [6h 3d]
Witt1106: raises $0.02 to $0.04
Dorex2007: folds 
geniuss: folds 
nnatatiKA: folds 
InsomniacCat: folds 
lbitsch: folds 
valera_9696@ joins the table at seat #4 
cissa186: raises $0.09 to $0.13
Witt1106: calls $0.09
*** FLOP *** [9c 6s 5h]
lbitsch leaves the table
cissa186: bets $0.26
Witt1106: folds 
Uncalled bet ($0.26) returned to cissa186
cissa186 collected $0.26 from pot
cissa186: doesn't show hand 
*** SUMMARY ***
Total pot $0.27 | Rake $0.01 
Board [9c 6s 5h]
Seat 1: nnatatiKA folded before Flop (didn't bet)
Seat 2: InsomniacCat (button) folded before Flop (didn't bet)
Seat 3: lbitsch (small blind) folded before Flop
Seat 5: cissa186 (big blind) collected ($0.26)
Seat 6: Witt1106 folded on the Flop
Seat 7: Dorex2007 folded before Flop (didn't bet)
Seat 8: geniuss folded before Flop (didn't bet)



PokerStars Hand #230042072401:  Hold'em No Limit ($0.01/$0.02 USD) - 2021/09/21 21:02:02 PT [2021/09/22 0:02:02 ET]
Table 'Altona IV' 9-max Seat #5 is the button
Seat 1: nnatatiKA ($0.35 in chips) 
Seat 2: InsomniacCat ($2.44 in chips) 
Seat 5: cissa186 ($11.24 in chips) 
Seat 6: Witt1106 ($0.94 in chips) 
Seat 7: Dorex2007 ($2 in chips) 
Seat 8: geniuss ($3.82 in chips) 
Witt1106: posts small blind $0.01
Dorex2007: posts big blind $0.02
valera_9696@: sits out 
*** HOLE CARDS ***
Dealt to Dorex2007 [7h 8h]
geniuss: folds 
nnatatiKA: folds 
InsomniacCat: folds 
cissa186: raises $0.02 to $0.04
Witt1106: calls $0.03
Dorex2007: calls $0.02
*** FLOP *** [8s Qd 8c]
Witt1106: checks 
Dorex2007: checks 
cissa186: bets $0.12
Witt1106: calls $0.12
Dorex2007: calls $0.12
*** TURN *** [8s Qd 8c] [4d]
Witt1106: checks 
Dorex2007: checks 
cissa186: checks 
*** RIVER *** [8s Qd 8c 4d] [3s]
poz0011 joins the table at seat #3 
Witt1106: bets $0.23
Dorex2007: raises $1.61 to $1.84 and is all-in
cissa186: folds 
Witt1106: folds 
Uncalled bet ($1.61) returned to Dorex2007
Dorex2007 collected $0.91 from pot
Dorex2007: doesn't show hand 
*** SUMMARY ***
Total pot $0.94 | Rake $0.03 
Board [8s Qd 8c 4d 3s]
Seat 1: nnatatiKA folded before Flop (didn't bet)
Seat 2: InsomniacCat folded before Flop (didn't bet)
Seat 5: cissa186 (button) folded on the River
Seat 6: Witt1106 (small blind) folded on the River
Seat 7: Dorex2007 (big blind) collected ($0.91)
Seat 8: geniuss folded before Flop (didn't bet)



PokerStars Hand #230042083389:  Hold'em No Limit ($0.01/$0.02 USD) - 2021/09/21 21:03:14 PT [2021/09/22 0:03:14 ET]
Table 'Altona IV' 9-max Seat #6 is the button
Seat 1: nnatatiKA ($0.35 in chips) 
Seat 2: InsomniacCat ($2.44 in chips) 
Seat 3: poz0011 ($0.80 in chips) 
Seat 5: cissa186 ($11.08 in chips) 
Seat 6: Witt1106 ($0.55 in chips) 
Seat 7: Dorex2007 ($2.52 in chips) 
Seat 8: geniuss ($3.82 in chips) 
Dorex2007: posts small blind $0.01
geniuss: posts big blind $0.02
poz0011: posts big blind $0.02
valera_9696@: sits out 
*** HOLE CARDS ***
Dealt to Dorex2007 [8s 9h]
nnatatiKA: folds 
InsomniacCat: calls $0.02
poz0011: checks 
cissa186: raises $0.04 to $0.06
Witt1106: folds 
Dorex2007: folds 
geniuss: folds 
InsomniacCat: calls $0.04
poz0011: folds 
*** FLOP *** [8d Js Th]
InsomniacCat: checks 
cissa186: bets $0.16
InsomniacCat: calls $0.16
*** TURN *** [8d Js Th] [5h]
InsomniacCat: checks 
cissa186: bets $0.47
InsomniacCat: calls $0.47
*** RIVER *** [8d Js Th 5h] [6h]
InsomniacCat: checks 
cissa186: checks 
*** SHOW DOWN ***
InsomniacCat: shows [Td Jd] (two pair, Jacks and Tens)
cissa186: mucks hand 
InsomniacCat collected $1.38 from pot
*** SUMMARY ***
Total pot $1.43 | Rake $0.05 
Board [8d Js Th 5h 6h]
Seat 1: nnatatiKA folded before Flop (didn't bet)
Seat 2: InsomniacCat showed [Td Jd] and won ($1.38) with two pair, Jacks and Tens
Seat 3: poz0011 folded before Flop (didn't bet)
Seat 5: cissa186 mucked [Qh Qd]
Seat 6: Witt1106 (button) folded before Flop (didn't bet)
Seat 7: Dorex2007 (small blind) folded before Flop
Seat 8: geniuss (big blind) folded before Flop



PokerStars Hand #230042092054:  Hold'em No Limit ($0.01/$0.02 USD) - 2021/09/21 21:04:10 PT [2021/09/22 0:04:10 ET]
Table 'Altona IV' 9-max Seat #7 is the button
Seat 1: nnatatiKA ($0.35 in chips) 
Seat 2: InsomniacCat ($3.13 in chips) 
Seat 3: poz0011 ($0.78 in chips) 
Seat 5: cissa186 ($10.39 in chips) 
Seat 6: Witt1106 ($0.55 in chips) 
Seat 7: Dorex2007 ($2.51 in chips) 
Seat 8: geniuss ($3.80 in chips) 
geniuss: posts small blind $0.01
nnatatiKA: posts big blind $0.02
valera_9696@: sits out 
*** HOLE CARDS ***
Dealt to Dorex2007 [9h 6h]
InsomniacCat: raises $0.03 to $0.05
poz0011: folds 
cissa186: raises $0.03 to $0.08
Witt1106: folds 
Dorex2007: folds 
geniuss: folds 
nnatatiKA: folds 
InsomniacCat: calls $0.03
*** FLOP *** [2c 8h Jc]
InsomniacCat: checks 
cissa186: bets $0.18
InsomniacCat: folds 
Uncalled bet ($0.18) returned to cissa186
cissa186 collected $0.18 from pot
cissa186: doesn't show hand 
*** SUMMARY ***
Total pot $0.19 | Rake $0.01 
Board [2c 8h Jc]
Seat 1: nnatatiKA (big blind) folded before Flop
Seat 2: InsomniacCat folded on the Flop
Seat 3: poz0011 folded before Flop (didn't bet)
Seat 5: cissa186 collected ($0.18)
Seat 6: Witt1106 folded before Flop (didn't bet)
Seat 7: Dorex2007 (button) folded before Flop (didn't bet)
Seat 8: geniuss (small blind) folded before Flop



PokerStars Hand #230042104795:  Hold'em No Limit ($0.01/$0.02 USD) - 2021/09/21 21:04:48 PT [2021/09/22 0:04:48 ET]
Table 'Altona IV' 9-max Seat #8 is the button
Seat 1: nnatatiKA ($0.33 in chips) 
Seat 2: InsomniacCat ($3.05 in chips) 
Seat 3: poz0011 ($0.78 in chips) 
Seat 5: cissa186 ($10.49 in chips) 
Seat 6: Witt1106 ($0.55 in chips) 
Seat 7: Dorex2007 ($2.51 in chips) 
Seat 8: geniuss ($3.79 in chips) 
nnatatiKA: posts small blind $0.01
InsomniacCat: posts big blind $0.02
valera_9696@: sits out 
*** HOLE CARDS ***
Dealt to Dorex2007 [4s Ah]
poz0011: folds 
cissa186: raises $0.18 to $0.20
Witt1106: folds 
Dorex2007: folds 
geniuss: folds 
nnatatiKA: folds 
InsomniacCat: folds 
Uncalled bet ($0.18) returned to cissa186
cissa186 collected $0.05 from pot
cissa186: doesn't show hand 
*** SUMMARY ***
Total pot $0.05 | Rake $0 
Seat 1: nnatatiKA (small blind) folded before Flop
Seat 2: InsomniacCat (big blind) folded before Flop
Seat 3: poz0011 folded before Flop (didn't bet)
Seat 5: cissa186 collected ($0.05)
Seat 6: Witt1106 folded before Flop (didn't bet)
Seat 7: Dorex2007 folded before Flop (didn't bet)
Seat 8: geniuss (button) folded before Flop (didn't bet)



PokerStars Hand #230042108693:  Hold'em No Limit ($0.01/$0.02 USD) - 2021/09/21 21:05:13 PT [2021/09/22 0:05:13 ET]
Table 'Altona IV' 9-max Seat #1 is the button
Seat 1: nnatatiKA ($0.32 in chips) 
Seat 2: InsomniacCat ($3.03 in chips) 
Seat 3: poz0011 ($0.78 in chips) 
Seat 5: cissa186 ($10.52 in chips) 
Seat 6: Witt1106 ($0.55 in chips) 
Seat 7: Dorex2007 ($2.51 in chips) 
Seat 8: geniuss ($3.79 in chips) 
InsomniacCat: posts small blind $0.01
poz0011: posts big blind $0.02
valera_9696@: sits out 
*** HOLE CARDS ***
Dealt to Dorex2007 [Ad Ac]
cissa186 has timed out
cissa186: folds 
Witt1106: folds 
Dorex2007: raises $0.04 to $0.06
geniuss: folds 
nnatatiKA: raises $0.26 to $0.32 and is all-in
InsomniacCat: folds 
poz0011: folds 
Dorex2007: calls $0.26
*** FLOP *** [9h Qh 9s]
*** TURN *** [9h Qh 9s] [8c]
*** RIVER *** [9h Qh 9s 8c] [6d]
*** SHOW DOWN ***
Dorex2007: shows [Ad Ac] (two pair, Aces and Nines)
nnatatiKA: shows [Kc Ah] (a pair of Nines)
Dorex2007 collected $0.65 from pot
*** SUMMARY ***
Total pot $0.67 | Rake $0.02 
Board [9h Qh 9s 8c 6d]
Seat 1: nnatatiKA (button) showed [Kc Ah] and lost with a pair of Nines
Seat 2: InsomniacCat (small blind) folded before Flop
Seat 3: poz0011 (big blind) folded before Flop
Seat 5: cissa186 folded before Flop (didn't bet)
Seat 6: Witt1106 folded before Flop (didn't bet)
Seat 7: Dorex2007 showed [Ad Ac] and won ($0.65) with two pair, Aces and Nines
Seat 8: geniuss folded before Flop (didn't bet)



PokerStars Hand #230042115137:  Hold'em No Limit ($0.01/$0.02 USD) - 2021/09/21 21:05:55 PT [2021/09/22 0:05:55 ET]
Table 'Altona IV' 9-max Seat #2 is the button
Seat 2: InsomniacCat ($3.02 in chips) 
Seat 3: poz0011 ($0.76 in chips) 
Seat 4: valera_9696@ ($2 in chips) 
Seat 5: cissa186 ($10.52 in chips) 
Seat 6: Witt1106 ($0.55 in chips) 
Seat 7: Dorex2007 ($2.84 in chips) 
Seat 8: geniuss ($3.79 in chips) 
poz0011: posts small blind $0.01
valera_9696@: posts big blind $0.02
*** HOLE CARDS ***
Dealt to Dorex2007 [Jd 9s]
cissa186: raises $0.06 to $0.08
Witt1106: folds 
Dorex2007: folds 
geniuss: folds 
InsomniacCat: folds 
poz0011: folds 
valera_9696@: folds 
Uncalled bet ($0.06) returned to cissa186
poz0011 leaves the table
cissa186 collected $0.05 from pot
cissa186: doesn't show hand 
*** SUMMARY ***
Total pot $0.05 | Rake $0 
Seat 2: InsomniacCat (button) folded before Flop (didn't bet)
Seat 3: poz0011 (small blind) folded before Flop
Seat 4: valera_9696@ (big blind) folded before Flop
Seat 5: cissa186 collected ($0.05)
Seat 6: Witt1106 folded before Flop (didn't bet)
Seat 7: Dorex2007 folded before Flop (didn't bet)
Seat 8: geniuss folded before Flop (didn't bet)



PokerStars Hand #230042119459:  Hold'em No Limit ($0.01/$0.02 USD) - 2021/09/21 21:06:23 PT [2021/09/22 0:06:23 ET]
Table 'Altona IV' 9-max Seat #4 is the button
Seat 2: InsomniacCat ($3.02 in chips) 
Seat 4: valera_9696@ ($2 in chips) 
Seat 5: cissa186 ($10.55 in chips) 
Seat 7: Dorex2007 ($2.84 in chips) 
Seat 8: geniuss ($3.79 in chips) 
cissa186: posts small blind $0.01
Witt1106: is sitting out 
Dorex2007: posts big blind $0.02
*** HOLE CARDS ***
Dealt to Dorex2007 [Tc Jd]
geniuss: folds 
InsomniacCat: raises $0.03 to $0.05
valera_9696@: raises $0.13 to $0.18
cissa186: calls $0.17
Dorex2007: folds 
Amudariya joins the table at seat #3 
InsomniacCat: calls $0.13
*** FLOP *** [2h 3s Ac]
cissa186: checks 
InsomniacCat: bets $0.24
valera_9696@: calls $0.24
cissa186: folds 
*** TURN *** [2h 3s Ac] [Qs]
Witt1106 leaves the table
InsomniacCat: bets $0.45
valera_9696@: folds 
Uncalled bet ($0.45) returned to InsomniacCat
InsomniacCat collected $1 from pot
InsomniacCat: doesn't show hand 
*** SUMMARY ***
Total pot $1.04 | Rake $0.04 
Board [2h 3s Ac Qs]
Seat 2: InsomniacCat collected ($1)
Seat 4: valera_9696@ (button) folded on the Turn
Seat 5: cissa186 (small blind) folded on the Flop
Seat 7: Dorex2007 (big blind) folded before Flop
Seat 8: geniuss folded before Flop (didn't bet)



PokerStars Hand #230042131649:  Hold'em No Limit ($0.01/$0.02 USD) - 2021/09/21 21:07:42 PT [2021/09/22 0:07:42 ET]
Table 'Altona IV' 9-max Seat #5 is the button
Seat 2: InsomniacCat ($3.60 in chips) 
Seat 4: valera_9696@ ($2 in chips) 
Seat 5: cissa186 ($10.37 in chips) 
Seat 7: Dorex2007 ($2.82 in chips) 
Seat 8: geniuss ($3.79 in chips) 
Dorex2007: posts small blind $0.01
geniuss: posts big blind $0.02
Amudariya: sits out 
*** HOLE CARDS ***
Dealt to Dorex2007 [7c 8h]
InsomniacCat: folds 
valera_9696@: folds 
cissa186: raises $0.02 to $0.04
Dorex2007: folds 
geniuss: folds 
Uncalled bet ($0.02) returned to cissa186
cissa186 collected $0.05 from pot
*** SUMMARY ***
Total pot $0.05 | Rake $0 
Seat 2: InsomniacCat folded before Flop (didn't bet)
Seat 4: valera_9696@ folded before Flop (didn't bet)
Seat 5: cissa186 (button) collected ($0.05)
Seat 7: Dorex2007 (small blind) folded before Flop
Seat 8: geniuss (big blind) folded before Flop



PokerStars Hand #230042134334:  Hold'em No Limit ($0.01/$0.02 USD) - 2021/09/21 21:08:00 PT [2021/09/22 0:08:00 ET]
Table 'Altona IV' 9-max Seat #7 is the button
Seat 2: InsomniacCat ($3.60 in chips) 
Seat 4: valera_9696@ ($2 in chips) 
Seat 5: cissa186 ($10.40 in chips) 
Seat 7: Dorex2007 ($2.81 in chips) 
Seat 8: geniuss ($3.77 in chips) 
geniuss: posts small blind $0.01
InsomniacCat: posts big blind $0.02
Amudariya: sits out 
*** HOLE CARDS ***
Dealt to Dorex2007 [2h 4d]
valera_9696@: folds 
cissa186: raises $0.04 to $0.06
Dorex2007: folds 
geniuss: folds 
InsomniacCat: folds 
Uncalled bet ($0.04) returned to cissa186
cissa186 collected $0.05 from pot
mvscdrqcdl leaves the table
cissa186: doesn't show hand 
*** SUMMARY ***
Total pot $0.05 | Rake $0 
Seat 2: InsomniacCat (big blind) folded before Flop
Seat 4: valera_9696@ folded before Flop (didn't bet)
Seat 5: cissa186 collected ($0.05)
Seat 7: Dorex2007 (button) folded before Flop (didn't bet)
Seat 8: geniuss (small blind) folded before Flop



PokerStars Hand #230042136661:  Hold'em No Limit ($0.01/$0.02 USD) - 2021/09/21 21:08:15 PT [2021/09/22 0:08:15 ET]
Table 'Altona IV' 9-max Seat #8 is the button
Seat 2: InsomniacCat ($3.58 in chips) 
Seat 3: Amudariya ($0.80 in chips) 
Seat 4: valera_9696@ ($2 in chips) 
Seat 5: cissa186 ($10.43 in chips) 
Seat 7: Dorex2007 ($2.81 in chips) 
Seat 8: geniuss ($3.76 in chips) 
InsomniacCat: posts small blind $0.01
Amudariya: posts big blind $0.02
*** HOLE CARDS ***
Dealt to Dorex2007 [2c 3s]
valera_9696@: raises $0.03 to $0.05
cissa186: folds 
cissa186 leaves the table
Dorex2007: folds 
geniuss: folds 
InsomniacCat: folds 
nnatatiKA leaves the table
Amudariya: calls $0.03
*** FLOP *** [Qd 8c Ah]
Amudariya: checks 
valera_9696@: bets $0.07
Amudariya: folds 
Uncalled bet ($0.07) returned to valera_9696@
valera_9696@ collected $0.11 from pot
valera_9696@: doesn't show hand 
*** SUMMARY ***
Total pot $0.11 | Rake $0 
Board [Qd 8c Ah]
Seat 2: InsomniacCat (small blind) folded before Flop
Seat 3: Amudariya (big blind) folded on the Flop
Seat 4: valera_9696@ collected ($0.11)
Seat 5: cissa186 folded before Flop (didn't bet)
Seat 7: Dorex2007 folded before Flop (didn't bet)
Seat 8: geniuss (button) folded before Flop (didn't bet)



