PokerStars Hand #232621606411:  Hold'em No Limit ($0.01/$0.02 USD) - 2021/12/28 20:25:44 PT [2021/12/28 23:25:44 ET]
Table 'Adelinda III' 9-max Seat #9 is the button
Seat 1: Pedrinj5 ($1.65 in chips) 
Seat 2: Dorex2007 ($2 in chips) 
Seat 4: ivangaucho16 ($1.06 in chips) 
Seat 5: Cormorant ($1.29 in chips) 
Seat 6: desdinova13 ($3.30 in chips) 
Seat 7: Nakuru24 ($1.56 in chips) 
Seat 8: takoyakimanbo ($2.25 in chips) 
Seat 9: buksi1117 ($1.45 in chips) 
Pedrinj5: posts small blind $0.01
Dorex2007: posts big blind $0.02
ALWIN72OFF.87SU has timed out
ALWIN72OFF.87SU: is sitting out 
*** HOLE CARDS ***
Dealt to Dorex2007 [2s Ts]
ivangaucho16: calls $0.02
Cormorant: folds 
desdinova13: raises $0.06 to $0.08
Nakuru24: folds 
takoyakimanbo: folds 
buksi1117: folds 
Pedrinj5: folds 
Dorex2007: folds 
ivangaucho16: calls $0.06
*** FLOP *** [Jd Kc 5d]
ivangaucho16: checks 
desdinova13: bets $0.14
ivangaucho16: calls $0.14
*** TURN *** [Jd Kc 5d] [Jc]
ivangaucho16: checks 
desdinova13: bets $0.30
ivangaucho16: calls $0.30
*** RIVER *** [Jd Kc 5d Jc] [8d]
ivangaucho16: checks 
desdinova13: checks 
*** SHOW DOWN ***
ivangaucho16: shows [Ad 7d] (a flush, Ace high)
desdinova13: mucks hand 
ivangaucho16 collected $1.03 from pot
*** SUMMARY ***
Total pot $1.07 | Rake $0.04 
Board [Jd Kc 5d Jc 8d]
Seat 1: Pedrinj5 (small blind) folded before Flop
Seat 2: Dorex2007 (big blind) folded before Flop
Seat 4: ivangaucho16 showed [Ad 7d] and won ($1.03) with a flush, Ace high
Seat 5: Cormorant folded before Flop (didn't bet)
Seat 6: desdinova13 mucked [Kh As]
Seat 7: Nakuru24 folded before Flop (didn't bet)
Seat 8: takoyakimanbo folded before Flop (didn't bet)
Seat 9: buksi1117 (button) folded before Flop (didn't bet)



PokerStars Hand #232621619211:  Hold'em No Limit ($0.01/$0.02 USD) - 2021/12/28 20:26:50 PT [2021/12/28 23:26:50 ET]
Table 'Adelinda III' 9-max Seat #1 is the button
Seat 1: Pedrinj5 ($1.64 in chips) 
Seat 2: Dorex2007 ($2 in chips) 
Seat 4: ivangaucho16 ($1.57 in chips) 
Seat 5: Cormorant ($1.29 in chips) 
Seat 6: desdinova13 ($2.78 in chips) 
Seat 7: Nakuru24 ($1.56 in chips) 
Seat 8: takoyakimanbo ($2.25 in chips) 
Seat 9: buksi1117 ($1.45 in chips) 
Dorex2007: posts small blind $0.01
ivangaucho16: posts big blind $0.02
*** HOLE CARDS ***
Dealt to Dorex2007 [Tc 6h]
Cormorant: folds 
desdinova13: folds 
Nakuru24: calls $0.02
takoyakimanbo: calls $0.02
buksi1117: folds 
Pedrinj5: folds 
Dorex2007: folds 
ivangaucho16: checks 
*** FLOP *** [5d 3c 3s]
ivangaucho16: checks 
Nakuru24: checks 
takoyakimanbo: bets $0.07
ivangaucho16: folds 
Nakuru24: calls $0.07
*** TURN *** [5d 3c 3s] [Kh]
Nakuru24: bets $0.02
takoyakimanbo: raises $0.02 to $0.04
Nakuru24: calls $0.02
*** RIVER *** [5d 3c 3s Kh] [2h]
Nakuru24: bets $0.06
takoyakimanbo: folds 
Uncalled bet ($0.06) returned to Nakuru24
Nakuru24 collected $0.28 from pot
Nakuru24: doesn't show hand 
*** SUMMARY ***
Total pot $0.29 | Rake $0.01 
Board [5d 3c 3s Kh 2h]
Seat 1: Pedrinj5 (button) folded before Flop (didn't bet)
Seat 2: Dorex2007 (small blind) folded before Flop
Seat 4: ivangaucho16 (big blind) folded on the Flop
Seat 5: Cormorant folded before Flop (didn't bet)
Seat 6: desdinova13 folded before Flop (didn't bet)
Seat 7: Nakuru24 collected ($0.28)
Seat 8: takoyakimanbo folded on the River
Seat 9: buksi1117 folded before Flop (didn't bet)



PokerStars Hand #232621631924:  Hold'em No Limit ($0.01/$0.02 USD) - 2021/12/28 20:27:57 PT [2021/12/28 23:27:57 ET]
Table 'Adelinda III' 9-max Seat #2 is the button
Seat 1: Pedrinj5 ($1.64 in chips) 
Seat 2: Dorex2007 ($2 in chips) 
Seat 4: ivangaucho16 ($1.55 in chips) 
Seat 5: Cormorant ($1.29 in chips) 
Seat 6: desdinova13 ($2.78 in chips) 
Seat 7: Nakuru24 ($1.71 in chips) 
Seat 8: takoyakimanbo ($2.12 in chips) 
Seat 9: buksi1117 ($1.45 in chips) 
ivangaucho16: posts small blind $0.01
Cormorant: posts big blind $0.02
*** HOLE CARDS ***
Dealt to Dorex2007 [Jd Ts]
desdinova13: folds 
Nakuru24: calls $0.02
takoyakimanbo: calls $0.02
buksi1117: folds 
Pedrinj5: folds 
Dorex2007: calls $0.02
ivangaucho16: calls $0.01
Cormorant: checks 
*** FLOP *** [6h 7h 8s]
ivangaucho16: checks 
Cormorant: checks 
Nakuru24: checks 
takoyakimanbo: bets $0.10
Dorex2007: calls $0.10
ALWIN72OFF.87SU is disconnected 
ivangaucho16: calls $0.10
Cormorant: folds 
Nakuru24: folds 
*** TURN *** [6h 7h 8s] [6d]
ivangaucho16: checks 
takoyakimanbo: bets $0.39
Dorex2007: folds 
ivangaucho16: folds 
Uncalled bet ($0.39) returned to takoyakimanbo
takoyakimanbo collected $0.39 from pot
*** SUMMARY ***
Total pot $0.40 | Rake $0.01 
Board [6h 7h 8s 6d]
Seat 1: Pedrinj5 folded before Flop (didn't bet)
Seat 2: Dorex2007 (button) folded on the Turn
Seat 4: ivangaucho16 (small blind) folded on the Turn
Seat 5: Cormorant (big blind) folded on the Flop
Seat 6: desdinova13 folded before Flop (didn't bet)
Seat 7: Nakuru24 folded on the Flop
Seat 8: takoyakimanbo collected ($0.39)
Seat 9: buksi1117 folded before Flop (didn't bet)



PokerStars Hand #232621648348:  Hold'em No Limit ($0.01/$0.02 USD) - 2021/12/28 20:29:24 PT [2021/12/28 23:29:24 ET]
Table 'Adelinda III' 9-max Seat #4 is the button
Seat 1: Pedrinj5 ($1.64 in chips) 
Seat 2: Dorex2007 ($2 in chips) 
Seat 4: ivangaucho16 ($1.43 in chips) 
Seat 5: Cormorant ($1.27 in chips) 
Seat 6: desdinova13 ($2.78 in chips) 
Seat 7: Nakuru24 ($1.69 in chips) 
Seat 8: takoyakimanbo ($2.39 in chips) 
Seat 9: buksi1117 ($1.45 in chips) 
Cormorant: posts small blind $0.01
desdinova13: posts big blind $0.02
*** HOLE CARDS ***
Dealt to Dorex2007 [9d 7d]
Nakuru24: calls $0.02
takoyakimanbo: folds 
buksi1117: folds 
Pedrinj5: folds 
Dorex2007: folds 
ivangaucho16: calls $0.02
Cormorant: calls $0.01
desdinova13: checks 
*** FLOP *** [9h Ac 6d]
Cormorant: checks 
desdinova13: checks 
Nakuru24: checks 
ivangaucho16: checks 
*** TURN *** [9h Ac 6d] [2d]
Cormorant: checks 
desdinova13: checks 
Nakuru24: bets $0.02
ivangaucho16: folds 
Cormorant: folds 
desdinova13: folds 
Uncalled bet ($0.02) returned to Nakuru24
Nakuru24 collected $0.08 from pot
Nakuru24: doesn't show hand 
*** SUMMARY ***
Total pot $0.08 | Rake $0 
Board [9h Ac 6d 2d]
Seat 1: Pedrinj5 folded before Flop (didn't bet)
Seat 2: Dorex2007 folded before Flop (didn't bet)
Seat 4: ivangaucho16 (button) folded on the Turn
Seat 5: Cormorant (small blind) folded on the Turn
Seat 6: desdinova13 (big blind) folded on the Turn
Seat 7: Nakuru24 collected ($0.08)
Seat 8: takoyakimanbo folded before Flop (didn't bet)
Seat 9: buksi1117 folded before Flop (didn't bet)



PokerStars Hand #232621661435:  Hold'em No Limit ($0.01/$0.02 USD) - 2021/12/28 20:30:32 PT [2021/12/28 23:30:32 ET]
Table 'Adelinda III' 9-max Seat #5 is the button
Seat 1: Pedrinj5 ($1.64 in chips) 
Seat 2: Dorex2007 ($2 in chips) 
Seat 4: ivangaucho16 ($1.41 in chips) 
Seat 5: Cormorant ($1.25 in chips) 
Seat 6: desdinova13 ($2.76 in chips) 
Seat 7: Nakuru24 ($1.75 in chips) 
Seat 8: takoyakimanbo ($2.39 in chips) 
Seat 9: buksi1117 ($1.45 in chips) 
desdinova13: posts small blind $0.01
Nakuru24: posts big blind $0.02
*** HOLE CARDS ***
Dealt to Dorex2007 [Qs Qh]
takoyakimanbo: raises $0.02 to $0.04
buksi1117: folds 
Pedrinj5: folds 
Dorex2007: raises $0.04 to $0.08
ivangaucho16: calls $0.08
Cormorant: folds 
desdinova13: calls $0.07
Nakuru24: folds 
takoyakimanbo: calls $0.04
*** FLOP *** [Ah 6s 8c]
desdinova13: checks 
takoyakimanbo: checks 
Dorex2007: bets $0.17
ivangaucho16: folds 
desdinova13: folds 
takoyakimanbo: folds 
Uncalled bet ($0.17) returned to Dorex2007
Dorex2007 collected $0.33 from pot
Dorex2007: doesn't show hand 
*** SUMMARY ***
Total pot $0.34 | Rake $0.01 
Board [Ah 6s 8c]
Seat 1: Pedrinj5 folded before Flop (didn't bet)
Seat 2: Dorex2007 collected ($0.33)
Seat 4: ivangaucho16 folded on the Flop
Seat 5: Cormorant (button) folded before Flop (didn't bet)
Seat 6: desdinova13 (small blind) folded on the Flop
Seat 7: Nakuru24 (big blind) folded before Flop
Seat 8: takoyakimanbo folded on the Flop
Seat 9: buksi1117 folded before Flop (didn't bet)



PokerStars Hand #232621669219:  Hold'em No Limit ($0.01/$0.02 USD) - 2021/12/28 20:31:13 PT [2021/12/28 23:31:13 ET]
Table 'Adelinda III' 9-max Seat #6 is the button
Seat 1: Pedrinj5 ($1.64 in chips) 
Seat 2: Dorex2007 ($2.25 in chips) 
Seat 4: ivangaucho16 ($1.33 in chips) 
Seat 5: Cormorant ($1.25 in chips) 
Seat 6: desdinova13 ($2.68 in chips) 
Seat 7: Nakuru24 ($1.73 in chips) 
Seat 8: takoyakimanbo ($2.31 in chips) 
Seat 9: buksi1117 ($1.45 in chips) 
Nakuru24: posts small blind $0.01
takoyakimanbo: posts big blind $0.02
*** HOLE CARDS ***
Dealt to Dorex2007 [8s 8d]
buksi1117: folds 
Pedrinj5: calls $0.02
Dorex2007: raises $0.02 to $0.04
ivangaucho16: folds 
Cormorant: folds 
desdinova13: folds 
Nakuru24: calls $0.03
takoyakimanbo: raises $0.14 to $0.18
Pedrinj5: folds 
Dorex2007: folds 
Nakuru24: folds 
Uncalled bet ($0.14) returned to takoyakimanbo
takoyakimanbo collected $0.14 from pot
*** SUMMARY ***
Total pot $0.14 | Rake $0 
Seat 1: Pedrinj5 folded before Flop
Seat 2: Dorex2007 folded before Flop
Seat 4: ivangaucho16 folded before Flop (didn't bet)
Seat 5: Cormorant folded before Flop (didn't bet)
Seat 6: desdinova13 (button) folded before Flop (didn't bet)
Seat 7: Nakuru24 (small blind) folded before Flop
Seat 8: takoyakimanbo (big blind) collected ($0.14)
Seat 9: buksi1117 folded before Flop (didn't bet)



PokerStars Hand #232621683208:  Hold'em No Limit ($0.01/$0.02 USD) - 2021/12/28 20:31:46 PT [2021/12/28 23:31:46 ET]
Table 'Adelinda III' 9-max Seat #7 is the button
Seat 1: Pedrinj5 ($1.62 in chips) 
Seat 2: Dorex2007 ($2.21 in chips) 
Seat 4: ivangaucho16 ($1.33 in chips) 
Seat 5: Cormorant ($1.25 in chips) 
Seat 6: desdinova13 ($2.68 in chips) 
Seat 7: Nakuru24 ($1.69 in chips) 
Seat 8: takoyakimanbo ($2.41 in chips) 
Seat 9: buksi1117 ($1.45 in chips) 
takoyakimanbo: posts small blind $0.01
buksi1117: posts big blind $0.02
*** HOLE CARDS ***
Dealt to Dorex2007 [Ad Kd]
Pedrinj5: calls $0.02
Dorex2007: raises $0.04 to $0.06
ivangaucho16: calls $0.06
Cormorant: folds 
desdinova13: folds 
Nakuru24: calls $0.06
takoyakimanbo: folds 
buksi1117: calls $0.04
Pedrinj5: calls $0.04
*** FLOP *** [Qs 7h Qd]
buksi1117: checks 
Pedrinj5: checks 
Dorex2007: bets $0.15
ivangaucho16: folds 
Nakuru24: calls $0.15
buksi1117: calls $0.15
Pedrinj5: folds 
*** TURN *** [Qs 7h Qd] [Td]
buksi1117: checks 
Dorex2007: bets $0.49
Nakuru24: folds 
buksi1117: calls $0.49
*** RIVER *** [Qs 7h Qd Td] [5s]
buksi1117: bets $0.75 and is all-in
Dorex2007: folds 
Uncalled bet ($0.75) returned to buksi1117
buksi1117 collected $1.68 from pot
buksi1117: doesn't show hand 
*** SUMMARY ***
Total pot $1.74 | Rake $0.06 
Board [Qs 7h Qd Td 5s]
Seat 1: Pedrinj5 folded on the Flop
Seat 2: Dorex2007 folded on the River
Seat 4: ivangaucho16 folded on the Flop
Seat 5: Cormorant folded before Flop (didn't bet)
Seat 6: desdinova13 folded before Flop (didn't bet)
Seat 7: Nakuru24 (button) folded on the Turn
Seat 8: takoyakimanbo (small blind) folded before Flop
Seat 9: buksi1117 (big blind) collected ($1.68)



PokerStars Hand #232621699042:  Hold'em No Limit ($0.01/$0.02 USD) - 2021/12/28 20:33:10 PT [2021/12/28 23:33:10 ET]
Table 'Adelinda III' 9-max Seat #8 is the button
Seat 1: Pedrinj5 ($1.56 in chips) 
Seat 2: Dorex2007 ($2 in chips) 
Seat 4: ivangaucho16 ($1.27 in chips) 
Seat 5: Cormorant ($1.25 in chips) 
Seat 6: desdinova13 ($2.68 in chips) 
Seat 7: Nakuru24 ($1.48 in chips) 
Seat 8: takoyakimanbo ($2.40 in chips) 
Seat 9: buksi1117 ($2.43 in chips) 
buksi1117: posts small blind $0.01
Pedrinj5: posts big blind $0.02
*** HOLE CARDS ***
Dealt to Dorex2007 [4c 5c]
Dorex2007: folds 
ivangaucho16: calls $0.02
Cormorant: folds 
desdinova13: folds 
Nakuru24: calls $0.02
takoyakimanbo: folds 
buksi1117: calls $0.01
Pedrinj5: checks 
*** FLOP *** [6c 7d Jc]
buksi1117: checks 
Pedrinj5: bets $0.02
ivangaucho16: folds 
Nakuru24: calls $0.02
buksi1117: folds 
*** TURN *** [6c 7d Jc] [2d]
Pedrinj5: bets $0.10
Nakuru24: folds 
Uncalled bet ($0.10) returned to Pedrinj5
Pedrinj5 collected $0.12 from pot
Pedrinj5: doesn't show hand 
*** SUMMARY ***
Total pot $0.12 | Rake $0 
Board [6c 7d Jc 2d]
Seat 1: Pedrinj5 (big blind) collected ($0.12)
Seat 2: Dorex2007 folded before Flop (didn't bet)
Seat 4: ivangaucho16 folded on the Flop
Seat 5: Cormorant folded before Flop (didn't bet)
Seat 6: desdinova13 folded before Flop (didn't bet)
Seat 7: Nakuru24 folded on the Turn
Seat 8: takoyakimanbo (button) folded before Flop (didn't bet)
Seat 9: buksi1117 (small blind) folded on the Flop



PokerStars Hand #232621711561:  Hold'em No Limit ($0.01/$0.02 USD) - 2021/12/28 20:34:18 PT [2021/12/28 23:34:18 ET]
Table 'Adelinda III' 9-max Seat #9 is the button
Seat 1: Pedrinj5 ($1.64 in chips) 
Seat 2: Dorex2007 ($2 in chips) 
Seat 4: ivangaucho16 ($1.25 in chips) 
Seat 5: Cormorant ($1.25 in chips) 
Seat 6: desdinova13 ($2.68 in chips) 
Seat 7: Nakuru24 ($1.44 in chips) 
Seat 8: takoyakimanbo ($2.40 in chips) 
Seat 9: buksi1117 ($2.41 in chips) 
Pedrinj5: posts small blind $0.01
Dorex2007: posts big blind $0.02
*** HOLE CARDS ***
Dealt to Dorex2007 [As 8c]
ivangaucho16: calls $0.02
Cormorant: folds 
desdinova13: raises $0.04 to $0.06
Nakuru24: folds 
takoyakimanbo: folds 
buksi1117: folds 
Pedrinj5: calls $0.05
Dorex2007: folds 
ivangaucho16: calls $0.04
*** FLOP *** [Ts 4h Kd]
Pedrinj5: checks 
ivangaucho16: checks 
desdinova13: checks 
*** TURN *** [Ts 4h Kd] [Jd]
Pedrinj5: bets $0.02
ivangaucho16: folds 
desdinova13: raises $0.15 to $0.17
Pedrinj5: calls $0.15
*** RIVER *** [Ts 4h Kd Jd] [Ks]
Pedrinj5: bets $0.08
desdinova13: folds 
Uncalled bet ($0.08) returned to Pedrinj5
Pedrinj5 collected $0.52 from pot
Pedrinj5: doesn't show hand 
*** SUMMARY ***
Total pot $0.54 | Rake $0.02 
Board [Ts 4h Kd Jd Ks]
Seat 1: Pedrinj5 (small blind) collected ($0.52)
Seat 2: Dorex2007 (big blind) folded before Flop
Seat 4: ivangaucho16 folded on the Turn
Seat 5: Cormorant folded before Flop (didn't bet)
Seat 6: desdinova13 folded on the River
Seat 7: Nakuru24 folded before Flop (didn't bet)
Seat 8: takoyakimanbo folded before Flop (didn't bet)
Seat 9: buksi1117 (button) folded before Flop (didn't bet)



PokerStars Hand #232621732728:  Hold'em No Limit ($0.01/$0.02 USD) - 2021/12/28 20:35:36 PT [2021/12/28 23:35:36 ET]
Table 'Adelinda III' 9-max Seat #1 is the button
Seat 1: Pedrinj5 ($1.93 in chips) 
Seat 2: Dorex2007 ($2 in chips) 
Seat 4: ivangaucho16 ($1.19 in chips) 
Seat 5: Cormorant ($1.25 in chips) 
Seat 6: desdinova13 ($2.45 in chips) 
Seat 7: Nakuru24 ($1.44 in chips) 
Seat 8: takoyakimanbo ($2.40 in chips) 
Seat 9: buksi1117 ($2.41 in chips) 
Dorex2007: posts small blind $0.01
ivangaucho16: posts big blind $0.02
*** HOLE CARDS ***
Dealt to Dorex2007 [2d 8h]
Cormorant: folds 
desdinova13: folds 
Nakuru24: calls $0.02
takoyakimanbo: folds 
buksi1117: folds 
Pedrinj5: folds 
Dorex2007: folds 
ivangaucho16: checks 
*** FLOP *** [Ks 9c 9d]
ivangaucho16: checks 
Nakuru24: bets $0.02
ivangaucho16: calls $0.02
*** TURN *** [Ks 9c 9d] [Qc]
ivangaucho16: checks 
Nakuru24: bets $0.04
ivangaucho16: folds 
Uncalled bet ($0.04) returned to Nakuru24
Nakuru24 collected $0.09 from pot
Nakuru24: doesn't show hand 
*** SUMMARY ***
Total pot $0.09 | Rake $0 
Board [Ks 9c 9d Qc]
Seat 1: Pedrinj5 (button) folded before Flop (didn't bet)
Seat 2: Dorex2007 (small blind) folded before Flop
Seat 4: ivangaucho16 (big blind) folded on the Turn
Seat 5: Cormorant folded before Flop (didn't bet)
Seat 6: desdinova13 folded before Flop (didn't bet)
Seat 7: Nakuru24 collected ($0.09)
Seat 8: takoyakimanbo folded before Flop (didn't bet)
Seat 9: buksi1117 folded before Flop (didn't bet)



PokerStars Hand #232621741902:  Hold'em No Limit ($0.01/$0.02 USD) - 2021/12/28 20:36:27 PT [2021/12/28 23:36:27 ET]
Table 'Adelinda III' 9-max Seat #2 is the button
Seat 1: Pedrinj5 ($1.93 in chips) 
Seat 2: Dorex2007 ($2 in chips) 
Seat 4: ivangaucho16 ($1.15 in chips) 
Seat 6: desdinova13 ($2.45 in chips) 
Seat 7: Nakuru24 ($1.49 in chips) 
Seat 8: takoyakimanbo ($2.40 in chips) 
Seat 9: buksi1117 ($2.41 in chips) 
ivangaucho16: posts small blind $0.01
desdinova13: posts big blind $0.02
*** HOLE CARDS ***
Dealt to Dorex2007 [2d 6d]
Nakuru24: folds 
takoyakimanbo: folds 
buksi1117: calls $0.02
Pedrinj5: calls $0.02
Dorex2007: folds 
ivangaucho16: calls $0.01
desdinova13: checks 
*** FLOP *** [7c As 5d]
ivangaucho16: checks 
desdinova13: checks 
buksi1117: checks 
Pedrinj5: checks 
*** TURN *** [7c As 5d] [4h]
ivangaucho16: checks 
desdinova13: bets $0.06
buksi1117: calls $0.06
Pedrinj5: folds 
ivangaucho16: calls $0.06
*** RIVER *** [7c As 5d 4h] [7d]
ivangaucho16: checks 
desdinova13: bets $0.19
buksi1117: folds 
ivangaucho16: folds 
Uncalled bet ($0.19) returned to desdinova13
desdinova13 collected $0.25 from pot
desdinova13: doesn't show hand 
*** SUMMARY ***
Total pot $0.26 | Rake $0.01 
Board [7c As 5d 4h 7d]
Seat 1: Pedrinj5 folded on the Turn
Seat 2: Dorex2007 (button) folded before Flop (didn't bet)
Seat 4: ivangaucho16 (small blind) folded on the River
Seat 6: desdinova13 (big blind) collected ($0.25)
Seat 7: Nakuru24 folded before Flop (didn't bet)
Seat 8: takoyakimanbo folded before Flop (didn't bet)
Seat 9: buksi1117 folded on the River



PokerStars Hand #232621752334:  Hold'em No Limit ($0.01/$0.02 USD) - 2021/12/28 20:37:24 PT [2021/12/28 23:37:24 ET]
Table 'Adelinda III' 9-max Seat #4 is the button
Seat 1: Pedrinj5 ($1.91 in chips) 
Seat 2: Dorex2007 ($2 in chips) 
Seat 4: ivangaucho16 ($1.07 in chips) 
Seat 6: desdinova13 ($2.62 in chips) 
Seat 7: Nakuru24 ($1.49 in chips) 
Seat 8: takoyakimanbo ($2.40 in chips) 
Seat 9: buksi1117 ($2.33 in chips) 
desdinova13: posts small blind $0.01
Nakuru24: posts big blind $0.02
*** HOLE CARDS ***
Dealt to Dorex2007 [8c Kc]
takoyakimanbo: folds 
buksi1117: folds 
Pedrinj5: folds 
Dorex2007: raises $0.04 to $0.06
ivangaucho16: calls $0.06
desdinova13: folds 
Nakuru24: calls $0.04
*** FLOP *** [Ad Ac Jc]
Nakuru24: bets $0.02
Dorex2007: calls $0.02
ivangaucho16: folds 
*** TURN *** [Ad Ac Jc] [9s]
Nakuru24: checks 
Dorex2007: bets $0.11
Nakuru24: folds 
Uncalled bet ($0.11) returned to Dorex2007
Dorex2007 collected $0.22 from pot
Dorex2007: doesn't show hand 
*** SUMMARY ***
Total pot $0.23 | Rake $0.01 
Board [Ad Ac Jc 9s]
Seat 1: Pedrinj5 folded before Flop (didn't bet)
Seat 2: Dorex2007 collected ($0.22)
Seat 4: ivangaucho16 (button) folded on the Flop
Seat 6: desdinova13 (small blind) folded before Flop
Seat 7: Nakuru24 (big blind) folded on the Turn
Seat 8: takoyakimanbo folded before Flop (didn't bet)
Seat 9: buksi1117 folded before Flop (didn't bet)



PokerStars Hand #232621761363:  Hold'em No Limit ($0.01/$0.02 USD) - 2021/12/28 20:38:14 PT [2021/12/28 23:38:14 ET]
Table 'Adelinda III' 9-max Seat #6 is the button
Seat 1: Pedrinj5 ($1.91 in chips) 
Seat 2: Dorex2007 ($2.14 in chips) 
Seat 4: ivangaucho16 ($1.01 in chips) 
Seat 6: desdinova13 ($2.61 in chips) 
Seat 7: Nakuru24 ($1.41 in chips) 
Seat 8: takoyakimanbo ($2.40 in chips) 
Seat 9: buksi1117 ($2.33 in chips) 
Nakuru24: posts small blind $0.01
takoyakimanbo: posts big blind $0.02
*** HOLE CARDS ***
Dealt to Dorex2007 [Qh Kd]
buksi1117: calls $0.02
Pedrinj5: calls $0.02
Dorex2007: folds 
ivangaucho16: calls $0.02
desdinova13: folds 
Nakuru24: calls $0.01
takoyakimanbo: checks 
*** FLOP *** [5d 8d 9c]
Nakuru24: checks 
ALWIN72OFF.87SU leaves the table
bloody55hawk joins the table at seat #3 
takoyakimanbo: checks 
buksi1117: bets $0.10
Pedrinj5: calls $0.10
ivangaucho16: folds 
Nakuru24: calls $0.10
takoyakimanbo: folds 
*** TURN *** [5d 8d 9c] [3c]
Nakuru24: checks 
buksi1117: bets $0.20
Pedrinj5: calls $0.20
Nakuru24: folds 
*** RIVER *** [5d 8d 9c 3c] [Jd]
buksi1117: checks 
Pedrinj5: checks 
*** SHOW DOWN ***
buksi1117: shows [5h 5c] (three of a kind, Fives)
Pedrinj5: mucks hand 
buksi1117 collected $0.77 from pot
*** SUMMARY ***
Total pot $0.80 | Rake $0.03 
Board [5d 8d 9c 3c Jd]
Seat 1: Pedrinj5 mucked [9d 3h]
Seat 2: Dorex2007 folded before Flop (didn't bet)
Seat 4: ivangaucho16 folded on the Flop
Seat 6: desdinova13 (button) folded before Flop (didn't bet)
Seat 7: Nakuru24 (small blind) folded on the Turn
Seat 8: takoyakimanbo (big blind) folded on the Flop
Seat 9: buksi1117 showed [5h 5c] and won ($0.77) with three of a kind, Fives



PokerStars Hand #232621783272:  Hold'em No Limit ($0.01/$0.02 USD) - 2021/12/28 20:39:42 PT [2021/12/28 23:39:42 ET]
Table 'Adelinda III' 9-max Seat #7 is the button
Seat 1: Pedrinj5 ($1.59 in chips) 
Seat 2: Dorex2007 ($2.14 in chips) 
Seat 4: ivangaucho16 ($0.99 in chips) 
Seat 6: desdinova13 ($2.61 in chips) 
Seat 7: Nakuru24 ($1.29 in chips) 
Seat 8: takoyakimanbo ($2.38 in chips) 
takoyakimanbo: posts small blind $0.01
buksi1117: is sitting out 
Pedrinj5: posts big blind $0.02
bloody55hawk: sits out 
Cormorant: sits out 
*** HOLE CARDS ***
Dealt to Dorex2007 [3c 4h]
buksi1117 leaves the table
Dorex2007: folds 
ivangaucho16: raises $0.02 to $0.04
desdinova13: folds 
Nakuru24: calls $0.04
takoyakimanbo: folds 
rspk4T joins the table at seat #9 
Pedrinj5: calls $0.02
*** FLOP *** [6h Td 9s]
Pedrinj5: bets $0.07
ivangaucho16: calls $0.07
Nakuru24: folds 
*** TURN *** [6h Td 9s] [Kd]
Pedrinj5: bets $0.02
ivangaucho16: raises $0.15 to $0.17
Pedrinj5: calls $0.15
*** RIVER *** [6h Td 9s Kd] [Tc]
Pedrinj5: bets $0.30
ivangaucho16: raises $0.30 to $0.60
Pedrinj5: calls $0.30
*** SHOW DOWN ***
ivangaucho16: shows [Ts Ks] (a full house, Tens full of Kings)
Pedrinj5: mucks hand 
ivangaucho16 collected $1.75 from pot
*** SUMMARY ***
Total pot $1.81 | Rake $0.06 
Board [6h Td 9s Kd Tc]
Seat 1: Pedrinj5 (big blind) mucked [Qh 9h]
Seat 2: Dorex2007 folded before Flop (didn't bet)
Seat 4: ivangaucho16 showed [Ts Ks] and won ($1.75) with a full house, Tens full of Kings
Seat 6: desdinova13 folded before Flop (didn't bet)
Seat 7: Nakuru24 (button) folded on the Flop
Seat 8: takoyakimanbo (small blind) folded before Flop



PokerStars Hand #232621793804:  Hold'em No Limit ($0.01/$0.02 USD) - 2021/12/28 20:40:41 PT [2021/12/28 23:40:41 ET]
Table 'Adelinda III' 9-max Seat #8 is the button
Seat 1: Pedrinj5 ($0.71 in chips) 
Seat 2: Dorex2007 ($2.14 in chips) 
Seat 4: ivangaucho16 ($1.86 in chips) 
Seat 6: desdinova13 ($2.61 in chips) 
Seat 7: Nakuru24 ($1.25 in chips) 
Seat 8: takoyakimanbo ($2.37 in chips) 
Pedrinj5: posts small blind $0.01
Dorex2007: posts big blind $0.02
bloody55hawk: sits out 
Cormorant: sits out 
*** HOLE CARDS ***
Dealt to Dorex2007 [5h 4h]
ivangaucho16: raises $0.02 to $0.04
desdinova13: folds 
Nakuru24: calls $0.04
takoyakimanbo: calls $0.04
Pedrinj5: calls $0.03
Dorex2007: folds 
*** FLOP *** [9h Td 8d]
Pedrinj5: bets $0.67 and is all-in
ivangaucho16: calls $0.67
Nakuru24: folds 
takoyakimanbo: raises $1.66 to $2.33 and is all-in
ivangaucho16: calls $1.15 and is all-in
Uncalled bet ($0.51) returned to takoyakimanbo
*** TURN *** [9h Td 8d] [Th]
*** RIVER *** [9h Td 8d Th] [Qd]
*** SHOW DOWN ***
ivangaucho16: shows [8s 8c] (a full house, Eights full of Tens)
takoyakimanbo: shows [Jd Ts] (a straight, Eight to Queen)
Pedrinj5: shows [Js Kd] (a straight, Nine to King)
ivangaucho16 cashed out the hand for $3 | Cash Out Fee $0.03
*** SUMMARY ***
Total pot $4.49 Main pot $2.11. Side pot $2.22. | Rake $0.16 
Board [9h Td 8d Th Qd]
Seat 1: Pedrinj5 (small blind) showed [Js Kd] and lost with a straight, Nine to King
Seat 2: Dorex2007 (big blind) folded before Flop
Seat 4: ivangaucho16 showed [8s 8c] and won ($4.33) with a full house, Eights full of Tens (pot not awarded as player cashed out)
Seat 6: desdinova13 folded before Flop (didn't bet)
Seat 7: Nakuru24 folded on the Flop
Seat 8: takoyakimanbo (button) showed [Jd Ts] and lost with a straight, Eight to Queen



PokerStars Hand #232621805181:  Hold'em No Limit ($0.01/$0.02 USD) - 2021/12/28 20:41:44 PT [2021/12/28 23:41:44 ET]
Table 'Adelinda III' 9-max Seat #2 is the button
Seat 2: Dorex2007 ($2.12 in chips) 
Seat 4: ivangaucho16 ($3 in chips) 
Seat 5: Cormorant ($1.25 in chips) 
Seat 6: desdinova13 ($2.61 in chips) 
Seat 7: Nakuru24 ($1.21 in chips) 
Seat 8: takoyakimanbo ($0.51 in chips) 
Seat 9: rspk4T ($2 in chips) 
ivangaucho16: posts small blind $0.01
Cormorant: posts big blind $0.02
rspk4T: posts big blind $0.02
*** HOLE CARDS ***
Dealt to Dorex2007 [2d Qd]
desdinova13: folds 
Pedrinj5 leaves the table
Nakuru24: folds 
takoyakimanbo: raises $0.07 to $0.09
rspk4T: folds 
Dorex2007: folds 
ivangaucho16: calls $0.08
Cormorant: folds 
*** FLOP *** [4d Th 5c]
ivangaucho16: checks 
takoyakimanbo: bets $0.42 and is all-in
ivangaucho16: calls $0.42
*** TURN *** [4d Th 5c] [9d]
*** RIVER *** [4d Th 5c 9d] [6s]
*** SHOW DOWN ***
ivangaucho16: shows [7d Td] (a pair of Tens)
takoyakimanbo: shows [As 4s] (a pair of Fours)
ivangaucho16 collected $1.02 from pot
*** SUMMARY ***
Total pot $1.06 | Rake $0.04 
Board [4d Th 5c 9d 6s]
Seat 2: Dorex2007 (button) folded before Flop (didn't bet)
Seat 4: ivangaucho16 (small blind) showed [7d Td] and won ($1.02) with a pair of Tens
Seat 5: Cormorant (big blind) folded before Flop
Seat 6: desdinova13 folded before Flop (didn't bet)
Seat 7: Nakuru24 folded before Flop (didn't bet)
Seat 8: takoyakimanbo showed [As 4s] and lost with a pair of Fours
Seat 9: rspk4T folded before Flop (didn't bet)



PokerStars Hand #232621813384:  Hold'em No Limit ($0.01/$0.02 USD) - 2021/12/28 20:42:29 PT [2021/12/28 23:42:29 ET]
Table 'Adelinda III' 9-max Seat #4 is the button
Seat 2: Dorex2007 ($2.12 in chips) 
Seat 4: ivangaucho16 ($3.51 in chips) 
Seat 5: Cormorant ($1.23 in chips) 
Seat 6: desdinova13 ($2.61 in chips) 
Seat 7: Nakuru24 ($1.21 in chips) 
Seat 9: rspk4T ($1.98 in chips) 
Cormorant: posts small blind $0.01
desdinova13: posts big blind $0.02
bloody55hawk: sits out 
*** HOLE CARDS ***
Dealt to Dorex2007 [Js 9h]
Nakuru24: calls $0.02
takoyakimanbo leaves the table
rspk4T: calls $0.02
Dorex2007: folds 
ivangaucho16: raises $0.04 to $0.06
Cormorant: folds 
desdinova13: folds 
Nakuru24: calls $0.04
rspk4T: raises $0.06 to $0.12
ivangaucho16: calls $0.06
Nakuru24: folds 
*** FLOP *** [5h Ac Kc]
rspk4T: bets $0.24
ivangaucho16: raises $0.40 to $0.64
rspk4T: calls $0.40
*** TURN *** [5h Ac Kc] [3s]
rspk4T: bets $1.22 and is all-in
ivangaucho16: calls $1.22
*** RIVER *** [5h Ac Kc 3s] [Th]
*** SHOW DOWN ***
rspk4T: shows [Ah 7d] (a pair of Aces)
ivangaucho16: shows [Kd Jd] (a pair of Kings)
rspk4T collected $3.91 from pot
ivangaucho16 cashed out the hand for $0.44
*** SUMMARY ***
Total pot $4.05 | Rake $0.14 
Board [5h Ac Kc 3s Th]
Seat 2: Dorex2007 folded before Flop (didn't bet)
Seat 4: ivangaucho16 (button) showed [Kd Jd] and lost with a pair of Kings (cashed out).
Seat 5: Cormorant (small blind) folded before Flop
Seat 6: desdinova13 (big blind) folded before Flop
Seat 7: Nakuru24 folded before Flop
Seat 9: rspk4T showed [Ah 7d] and won ($3.91) with a pair of Aces



PokerStars Hand #232621831098:  Hold'em No Limit ($0.01/$0.02 USD) - 2021/12/28 20:44:09 PT [2021/12/28 23:44:09 ET]
Table 'Adelinda III' 9-max Seat #5 is the button
Seat 2: Dorex2007 ($2.12 in chips) 
Seat 4: ivangaucho16 ($1.97 in chips) 
Seat 5: Cormorant ($1.22 in chips) 
Seat 6: desdinova13 ($2.59 in chips) 
Seat 7: Nakuru24 ($1.15 in chips) 
Seat 9: rspk4T ($3.91 in chips) 
desdinova13: posts small blind $0.01
Nakuru24: posts big blind $0.02
bloody55hawk: sits out 
*** HOLE CARDS ***
Dealt to Dorex2007 [Ah 4s]
rspk4T: folds 
Dorex2007: folds 
ivangaucho16: calls $0.02
Cormorant: calls $0.02
desdinova13: folds 
Nakuru24: checks 
*** FLOP *** [8c 7h As]
rspk4T said, "jajajaja"
Nakuru24: checks 
ivangaucho16: checks 
Cormorant: bets $0.02
Nakuru24: folds 
ivangaucho16: calls $0.02
*** TURN *** [8c 7h As] [Tc]
ivangaucho16: bets $0.05
Cormorant: calls $0.05
*** RIVER *** [8c 7h As Tc] [5h]
ivangaucho16: bets $0.10
Cormorant: calls $0.10
*** SHOW DOWN ***
ivangaucho16: shows [Td 7d] (two pair, Tens and Sevens)
Cormorant: shows [Ac Th] (two pair, Aces and Tens)
Cormorant collected $0.40 from pot
*** SUMMARY ***
Total pot $0.41 | Rake $0.01 
Board [8c 7h As Tc 5h]
Seat 2: Dorex2007 folded before Flop (didn't bet)
Seat 4: ivangaucho16 showed [Td 7d] and lost with two pair, Tens and Sevens
Seat 5: Cormorant (button) showed [Ac Th] and won ($0.40) with two pair, Aces and Tens
Seat 6: desdinova13 (small blind) folded before Flop
Seat 7: Nakuru24 (big blind) folded on the Flop
Seat 9: rspk4T folded before Flop (didn't bet)



PokerStars Hand #232621842599:  Hold'em No Limit ($0.01/$0.02 USD) - 2021/12/28 20:45:13 PT [2021/12/28 23:45:13 ET]
Table 'Adelinda III' 9-max Seat #6 is the button
Seat 2: Dorex2007 ($2.12 in chips) 
Seat 4: ivangaucho16 ($1.78 in chips) 
Seat 5: Cormorant ($1.43 in chips) 
Seat 6: desdinova13 ($2.58 in chips) 
Seat 7: Nakuru24 ($1.13 in chips) 
Seat 9: rspk4T ($3.91 in chips) 
Nakuru24: posts small blind $0.01
rspk4T: posts big blind $0.02
bloody55hawk: sits out 
*** HOLE CARDS ***
Dealt to Dorex2007 [Js 4c]
Dorex2007: folds 
ivangaucho16: calls $0.02
Cormorant has timed out
Cormorant: folds 
desdinova13: folds 
Nakuru24: folds 
rspk4T: checks 
*** FLOP *** [7c 2h Qh]
rspk4T: bets $0.04
ivangaucho16: folds 
Uncalled bet ($0.04) returned to rspk4T
rspk4T collected $0.05 from pot
rspk4T: doesn't show hand 
*** SUMMARY ***
Total pot $0.05 | Rake $0 
Board [7c 2h Qh]
Seat 2: Dorex2007 folded before Flop (didn't bet)
Seat 4: ivangaucho16 folded on the Flop
Seat 5: Cormorant folded before Flop (didn't bet)
Seat 6: desdinova13 (button) folded before Flop (didn't bet)
Seat 7: Nakuru24 (small blind) folded before Flop
Seat 9: rspk4T (big blind) collected ($0.05)



PokerStars Hand #232621848813:  Hold'em No Limit ($0.01/$0.02 USD) - 2021/12/28 20:45:48 PT [2021/12/28 23:45:48 ET]
Table 'Adelinda III' 9-max Seat #7 is the button
Seat 2: Dorex2007 ($2.12 in chips) 
Seat 4: ivangaucho16 ($1.76 in chips) 
Seat 6: desdinova13 ($2.58 in chips) 
Seat 7: Nakuru24 ($1.12 in chips) 
Seat 9: rspk4T ($3.94 in chips) 
rspk4T: posts small blind $0.01
Dorex2007: posts big blind $0.02
bloody55hawk: sits out 
*** HOLE CARDS ***
Dealt to Dorex2007 [6h 5s]
ivangaucho16: calls $0.02
desdinova13: folds 
Nakuru24 has timed out
Nakuru24: folds 
rspk4T: calls $0.01
Dorex2007: checks 
*** FLOP *** [Ad 4h 5c]
rspk4T: bets $0.02
Dorex2007: folds 
ivangaucho16: folds 
Uncalled bet ($0.02) returned to rspk4T
rspk4T collected $0.06 from pot
rspk4T: doesn't show hand 
*** SUMMARY ***
Total pot $0.06 | Rake $0 
Board [Ad 4h 5c]
Seat 2: Dorex2007 (big blind) folded on the Flop
Seat 4: ivangaucho16 folded on the Flop
Seat 6: desdinova13 folded before Flop (didn't bet)
Seat 7: Nakuru24 (button) folded before Flop (didn't bet)
Seat 9: rspk4T (small blind) collected ($0.06)



PokerStars Hand #232621856615:  Hold'em No Limit ($0.01/$0.02 USD) - 2021/12/28 20:46:33 PT [2021/12/28 23:46:33 ET]
Table 'Adelinda III' 9-max Seat #9 is the button
Seat 2: Dorex2007 ($2.10 in chips) 
Seat 3: bloody55hawk ($0.80 in chips) 
Seat 4: ivangaucho16 ($1.74 in chips) 
Seat 6: desdinova13 ($2.58 in chips) 
Seat 7: Nakuru24 ($1.12 in chips) 
Seat 9: rspk4T ($3.98 in chips) 
Dorex2007: posts small blind $0.01
bloody55hawk: posts big blind $0.02
*** HOLE CARDS ***
Dealt to Dorex2007 [Ts 7c]
ivangaucho16: calls $0.02
desdinova13: folds 
Nakuru24: calls $0.02
rspk4T: calls $0.02
Dorex2007: folds 
bloody55hawk: checks 
*** FLOP *** [Qs Td Js]
bloody55hawk: checks 
ivangaucho16: checks 
Nakuru24: checks 
frosa9397 joins the table at seat #1 
rspk4T: bets $0.02
bloody55hawk: folds 
ivangaucho16: folds 
Nakuru24: calls $0.02
*** TURN *** [Qs Td Js] [Tc]
Nakuru24: bets $0.04
makyzi joins the table at seat #8 
rspk4T: raises $0.21 to $0.25
Nakuru24: folds 
Uncalled bet ($0.21) returned to rspk4T
rspk4T collected $0.20 from pot
rspk4T: doesn't show hand 
*** SUMMARY ***
Total pot $0.21 | Rake $0.01 
Board [Qs Td Js Tc]
Seat 2: Dorex2007 (small blind) folded before Flop
Seat 3: bloody55hawk (big blind) folded on the Flop
Seat 4: ivangaucho16 folded on the Flop
Seat 6: desdinova13 folded before Flop (didn't bet)
Seat 7: Nakuru24 folded on the Turn
Seat 9: rspk4T (button) collected ($0.20)



PokerStars Hand #232621864838:  Hold'em No Limit ($0.01/$0.02 USD) - 2021/12/28 20:47:19 PT [2021/12/28 23:47:19 ET]
Table 'Adelinda III' 9-max Seat #2 is the button
Seat 2: Dorex2007 ($2.09 in chips) 
Seat 3: bloody55hawk ($0.80 in chips) 
Seat 4: ivangaucho16 ($1.72 in chips) 
Seat 6: desdinova13 ($2.58 in chips) 
Seat 7: Nakuru24 ($1.04 in chips) 
Seat 9: rspk4T ($4.10 in chips) 
bloody55hawk: posts small blind $0.01
ivangaucho16: posts big blind $0.02
makyzi: sits out 
frosa9397: sits out 
*** HOLE CARDS ***
Dealt to Dorex2007 [Kc 4h]
desdinova13: folds 
Nakuru24: folds 
rspk4T: calls $0.02
Dorex2007: folds 
bloody55hawk: calls $0.01
ivangaucho16: raises $0.06 to $0.08
rspk4T: calls $0.06
bloody55hawk: folds 
*** FLOP *** [3d Ks 7d]
ivangaucho16: checks 
rspk4T: bets $0.09
ivangaucho16: folds 
Uncalled bet ($0.09) returned to rspk4T
rspk4T collected $0.17 from pot
rspk4T: doesn't show hand 
*** SUMMARY ***
Total pot $0.18 | Rake $0.01 
Board [3d Ks 7d]
Seat 2: Dorex2007 (button) folded before Flop (didn't bet)
Seat 3: bloody55hawk (small blind) folded before Flop
Seat 4: ivangaucho16 (big blind) folded on the Flop
Seat 6: desdinova13 folded before Flop (didn't bet)
Seat 7: Nakuru24 folded before Flop (didn't bet)
Seat 9: rspk4T collected ($0.17)



PokerStars Hand #232621874570:  Hold'em No Limit ($0.01/$0.02 USD) - 2021/12/28 20:48:15 PT [2021/12/28 23:48:15 ET]
Table 'Adelinda III' 9-max Seat #3 is the button
Seat 2: Dorex2007 ($2.09 in chips) 
Seat 3: bloody55hawk ($0.80 in chips) 
Seat 4: ivangaucho16 ($1.64 in chips) 
Seat 6: desdinova13 ($2.58 in chips) 
Seat 7: Nakuru24 ($1.04 in chips) 
Seat 8: makyzi ($2 in chips) 
Seat 9: rspk4T ($4.19 in chips) 
ivangaucho16: posts small blind $0.01
desdinova13: posts big blind $0.02
makyzi: posts big blind $0.02
frosa9397: sits out 
*** HOLE CARDS ***
Dealt to Dorex2007 [2c 5h]
Nakuru24: folds 
makyzi: checks 
rspk4T: folds 
Dorex2007: folds 
bloody55hawk: raises $0.04 to $0.06
ivangaucho16: folds 
desdinova13: folds 
makyzi: folds 
Uncalled bet ($0.04) returned to bloody55hawk
bloody55hawk collected $0.07 from pot
bloody55hawk: doesn't show hand 
*** SUMMARY ***
Total pot $0.07 | Rake $0 
Seat 2: Dorex2007 folded before Flop (didn't bet)
Seat 3: bloody55hawk (button) collected ($0.07)
Seat 4: ivangaucho16 (small blind) folded before Flop
Seat 6: desdinova13 (big blind) folded before Flop
Seat 7: Nakuru24 folded before Flop (didn't bet)
Seat 8: makyzi folded before Flop (didn't bet)
Seat 9: rspk4T folded before Flop (didn't bet)



PokerStars Hand #232621880509:  Hold'em No Limit ($0.01/$0.02 USD) - 2021/12/28 20:48:48 PT [2021/12/28 23:48:48 ET]
Table 'Adelinda III' 9-max Seat #4 is the button
Seat 2: Dorex2007 ($2.09 in chips) 
Seat 3: bloody55hawk ($0.85 in chips) 
Seat 4: ivangaucho16 ($1.63 in chips) 
Seat 6: desdinova13 ($2.56 in chips) 
Seat 7: Nakuru24 ($1.04 in chips) 
Seat 8: makyzi ($1.98 in chips) 
Seat 9: rspk4T ($4.19 in chips) 
desdinova13: posts small blind $0.01
Nakuru24: posts big blind $0.02
frosa9397: sits out 
*** HOLE CARDS ***
Dealt to Dorex2007 [Qd 5s]
makyzi: folds 
rspk4T has timed out
rspk4T: folds 
Dorex2007: folds 
bloody55hawk: folds 
ivangaucho16: calls $0.02
desdinova13: folds 
Nakuru24: checks 
*** FLOP *** [Jh Ks 4d]
Nakuru24: checks 
ivangaucho16: bets $0.02
Nakuru24: folds 
Uncalled bet ($0.02) returned to ivangaucho16
ivangaucho16 collected $0.05 from pot
ivangaucho16: doesn't show hand 
*** SUMMARY ***
Total pot $0.05 | Rake $0 
Board [Jh Ks 4d]
Seat 2: Dorex2007 folded before Flop (didn't bet)
Seat 3: bloody55hawk folded before Flop (didn't bet)
Seat 4: ivangaucho16 (button) collected ($0.05)
Seat 6: desdinova13 (small blind) folded before Flop
Seat 7: Nakuru24 (big blind) folded on the Flop
Seat 8: makyzi folded before Flop (didn't bet)
Seat 9: rspk4T folded before Flop (didn't bet)



PokerStars Hand #232621888257:  Hold'em No Limit ($0.01/$0.02 USD) - 2021/12/28 20:49:34 PT [2021/12/28 23:49:34 ET]
Table 'Adelinda III' 9-max Seat #6 is the button
Seat 2: Dorex2007 ($2.09 in chips) 
Seat 3: bloody55hawk ($0.85 in chips) 
Seat 4: ivangaucho16 ($1.66 in chips) 
Seat 6: desdinova13 ($2.55 in chips) 
Seat 7: Nakuru24 ($1.02 in chips) 
Seat 8: makyzi ($1.98 in chips) 
Seat 9: rspk4T ($4.19 in chips) 
Nakuru24: posts small blind $0.01
makyzi: posts big blind $0.02
frosa9397: sits out 
*** HOLE CARDS ***
Dealt to Dorex2007 [8d 2s]
rspk4T: folds 
Dorex2007: folds 
bloody55hawk: folds 
ivangaucho16: folds 
desdinova13: raises $0.05 to $0.07
Nakuru24: calls $0.06
makyzi: folds 
*** FLOP *** [Jh 6d Kc]
Nakuru24: checks 
desdinova13: bets $0.10
Nakuru24: folds 
Uncalled bet ($0.10) returned to desdinova13
desdinova13 collected $0.15 from pot
desdinova13: doesn't show hand 
*** SUMMARY ***
Total pot $0.16 | Rake $0.01 
Board [Jh 6d Kc]
Seat 2: Dorex2007 folded before Flop (didn't bet)
Seat 3: bloody55hawk folded before Flop (didn't bet)
Seat 4: ivangaucho16 folded before Flop (didn't bet)
Seat 6: desdinova13 (button) collected ($0.15)
Seat 7: Nakuru24 (small blind) folded on the Flop
Seat 8: makyzi (big blind) folded before Flop
Seat 9: rspk4T folded before Flop (didn't bet)



PokerStars Hand #232621893476:  Hold'em No Limit ($0.01/$0.02 USD) - 2021/12/28 20:50:04 PT [2021/12/28 23:50:04 ET]
Table 'Adelinda III' 9-max Seat #7 is the button
Seat 2: Dorex2007 ($2.09 in chips) 
Seat 3: bloody55hawk ($0.85 in chips) 
Seat 4: ivangaucho16 ($1.66 in chips) 
Seat 6: desdinova13 ($2.63 in chips) 
Seat 7: Nakuru24 ($0.95 in chips) 
Seat 8: makyzi ($1.96 in chips) 
Seat 9: rspk4T ($4.19 in chips) 
makyzi: posts small blind $0.01
rspk4T: posts big blind $0.02
frosa9397: sits out 
*** HOLE CARDS ***
Dealt to Dorex2007 [Js 2c]
Dorex2007: folds 
bloody55hawk: folds 
ivangaucho16: calls $0.02
desdinova13: folds 
Nakuru24: calls $0.02
makyzi: folds 
rspk4T: checks 
*** FLOP *** [7s 3s Qd]
rspk4T: checks 
ivangaucho16: checks 
Nakuru24: checks 
*** TURN *** [7s 3s Qd] [Ks]
rspk4T: bets $0.02
ivangaucho16: folds 
Nakuru24: calls $0.02
*** RIVER *** [7s 3s Qd Ks] [As]
rspk4T: bets $0.02
Nakuru24: calls $0.02
*** SHOW DOWN ***
rspk4T: shows [Td Qs] (a flush, Ace high)
Nakuru24: mucks hand 
rspk4T collected $0.14 from pot
*** SUMMARY ***
Total pot $0.15 | Rake $0.01 
Board [7s 3s Qd Ks As]
Seat 2: Dorex2007 folded before Flop (didn't bet)
Seat 3: bloody55hawk folded before Flop (didn't bet)
Seat 4: ivangaucho16 folded on the Turn
Seat 6: desdinova13 folded before Flop (didn't bet)
Seat 7: Nakuru24 (button) mucked [5s 5d]
Seat 8: makyzi (small blind) folded before Flop
Seat 9: rspk4T (big blind) showed [Td Qs] and won ($0.14) with a flush, Ace high



PokerStars Hand #232621904303:  Hold'em No Limit ($0.01/$0.02 USD) - 2021/12/28 20:50:51 PT [2021/12/28 23:50:51 ET]
Table 'Adelinda III' 9-max Seat #8 is the button
Seat 1: frosa9397 ($2 in chips) 
Seat 2: Dorex2007 ($2.09 in chips) 
Seat 3: bloody55hawk ($0.85 in chips) 
Seat 4: ivangaucho16 ($1.64 in chips) 
Seat 6: desdinova13 ($2.63 in chips) 
Seat 7: Nakuru24 ($0.89 in chips) 
Seat 8: makyzi ($1.95 in chips) 
Seat 9: rspk4T ($4.27 in chips) 
rspk4T: posts small blind $0.01
frosa9397: posts big blind $0.02
*** HOLE CARDS ***
Dealt to Dorex2007 [2h 5h]
Dorex2007: folds 
bloody55hawk: folds 
ivangaucho16: calls $0.02
desdinova13: folds 
Nakuru24: calls $0.02
makyzi: folds 
rspk4T: folds 
frosa9397: checks 
*** FLOP *** [Jc 4s 4c]
frosa9397: checks 
ivangaucho16: checks 
Nakuru24: checks 
*** TURN *** [Jc 4s 4c] [5d]
frosa9397: checks 
ivangaucho16: checks 
Nakuru24: checks 
*** RIVER *** [Jc 4s 4c 5d] [9h]
frosa9397: checks 
ivangaucho16: bets $0.02
Nakuru24: calls $0.02
frosa9397: folds 
*** SHOW DOWN ***
ivangaucho16: shows [8s Ah] (a pair of Fours)
Nakuru24: shows [Qs 5c] (two pair, Fives and Fours)
Nakuru24 collected $0.11 from pot
*** SUMMARY ***
Total pot $0.11 | Rake $0 
Board [Jc 4s 4c 5d 9h]
Seat 1: frosa9397 (big blind) folded on the River
Seat 2: Dorex2007 folded before Flop (didn't bet)
Seat 3: bloody55hawk folded before Flop (didn't bet)
Seat 4: ivangaucho16 showed [8s Ah] and lost with a pair of Fours
Seat 6: desdinova13 folded before Flop (didn't bet)
Seat 7: Nakuru24 showed [Qs 5c] and won ($0.11) with two pair, Fives and Fours
Seat 8: makyzi (button) folded before Flop (didn't bet)
Seat 9: rspk4T (small blind) folded before Flop



PokerStars Hand #232621915380:  Hold'em No Limit ($0.01/$0.02 USD) - 2021/12/28 20:51:55 PT [2021/12/28 23:51:55 ET]
Table 'Adelinda III' 9-max Seat #9 is the button
Seat 1: frosa9397 ($1.98 in chips) 
Seat 2: Dorex2007 ($2.09 in chips) 
Seat 3: bloody55hawk ($0.85 in chips) 
Seat 4: ivangaucho16 ($1.60 in chips) 
Seat 6: desdinova13 ($2.63 in chips) 
Seat 7: Nakuru24 ($0.96 in chips) 
Seat 8: makyzi ($1.95 in chips) 
Seat 9: rspk4T ($4.26 in chips) 
frosa9397: posts small blind $0.01
Dorex2007: posts big blind $0.02
Cormorant: sits out 
*** HOLE CARDS ***
Dealt to Dorex2007 [As Js]
bloody55hawk: folds 
ivangaucho16: folds 
desdinova13: folds 
Nakuru24: calls $0.02
ivangaucho16 leaves the table
makyzi: folds 
rspk4T: folds 
Canguru19 joins the table at seat #4 
frosa9397: folds 
Dorex2007: checks 
*** FLOP *** [4c 3c Ac]
Dorex2007: bets $0.05
Nakuru24: calls $0.05
*** TURN *** [4c 3c Ac] [Qd]
Dorex2007: checks 
Nakuru24: checks 
*** RIVER *** [4c 3c Ac Qd] [6s]
Dorex2007: bets $0.07
Nakuru24: calls $0.07
*** SHOW DOWN ***
Dorex2007: shows [As Js] (a pair of Aces)
Nakuru24: mucks hand 
Dorex2007 collected $0.28 from pot
*** SUMMARY ***
Total pot $0.29 | Rake $0.01 
Board [4c 3c Ac Qd 6s]
Seat 1: frosa9397 (small blind) folded before Flop
Seat 2: Dorex2007 (big blind) showed [As Js] and won ($0.28) with a pair of Aces
Seat 3: bloody55hawk folded before Flop (didn't bet)
Seat 4: ivangaucho16 folded before Flop (didn't bet)
Seat 6: desdinova13 folded before Flop (didn't bet)
Seat 7: Nakuru24 mucked [Ts Ad]
Seat 8: makyzi folded before Flop (didn't bet)
Seat 9: rspk4T (button) folded before Flop (didn't bet)



PokerStars Hand #232621923722:  Hold'em No Limit ($0.01/$0.02 USD) - 2021/12/28 20:52:44 PT [2021/12/28 23:52:44 ET]
Table 'Adelinda III' 9-max Seat #1 is the button
Seat 1: frosa9397 ($1.97 in chips) 
Seat 2: Dorex2007 ($2.23 in chips) 
Seat 3: bloody55hawk ($0.85 in chips) 
Seat 6: desdinova13 ($2.63 in chips) 
Seat 7: Nakuru24 ($0.82 in chips) 
Seat 8: makyzi ($1.95 in chips) 
Seat 9: rspk4T ($4.26 in chips) 
Dorex2007: posts small blind $0.01
bloody55hawk: posts big blind $0.02
Canguru19: sits out 
Cormorant: sits out 
*** HOLE CARDS ***
Dealt to Dorex2007 [3d 7d]
desdinova13: folds 
Nakuru24: folds 
makyzi: raises $0.04 to $0.06
rspk4T has timed out
rspk4T: folds 
frosa9397: folds 
Dorex2007: folds 
bloody55hawk: folds 
Uncalled bet ($0.04) returned to makyzi
makyzi collected $0.05 from pot
makyzi: doesn't show hand 
*** SUMMARY ***
Total pot $0.05 | Rake $0 
Seat 1: frosa9397 (button) folded before Flop (didn't bet)
Seat 2: Dorex2007 (small blind) folded before Flop
Seat 3: bloody55hawk (big blind) folded before Flop
Seat 6: desdinova13 folded before Flop (didn't bet)
Seat 7: Nakuru24 folded before Flop (didn't bet)
Seat 8: makyzi collected ($0.05)
Seat 9: rspk4T folded before Flop (didn't bet)



PokerStars Hand #232621928712:  Hold'em No Limit ($0.01/$0.02 USD) - 2021/12/28 20:53:12 PT [2021/12/28 23:53:12 ET]
Table 'Adelinda III' 9-max Seat #2 is the button
Seat 1: frosa9397 ($1.97 in chips) 
Seat 2: Dorex2007 ($2.22 in chips) 
Seat 3: bloody55hawk ($0.83 in chips) 
Seat 4: Canguru19 ($1.60 in chips) 
Seat 6: desdinova13 ($2.63 in chips) 
Seat 7: Nakuru24 ($0.82 in chips) 
Seat 8: makyzi ($1.98 in chips) 
bloody55hawk: posts small blind $0.01
Canguru19: posts big blind $0.02
Cormorant: sits out 
*** HOLE CARDS ***
Dealt to Dorex2007 [7s Kd]
desdinova13: folds 
Nakuru24: calls $0.02
makyzi: folds 
frosa9397: folds 
Dorex2007: folds 
bloody55hawk: folds 
Canguru19: checks 
*** FLOP *** [Ts 4d 9h]
Canguru19: checks 
Nakuru24: checks 
*** TURN *** [Ts 4d 9h] [Ac]
Canguru19: bets $0.02
Nakuru24: folds 
Uncalled bet ($0.02) returned to Canguru19
Canguru19 collected $0.05 from pot
*** SUMMARY ***
Total pot $0.05 | Rake $0 
Board [Ts 4d 9h Ac]
Seat 1: frosa9397 folded before Flop (didn't bet)
Seat 2: Dorex2007 (button) folded before Flop (didn't bet)
Seat 3: bloody55hawk (small blind) folded before Flop
Seat 4: Canguru19 (big blind) collected ($0.05)
Seat 6: desdinova13 folded before Flop (didn't bet)
Seat 7: Nakuru24 folded on the Turn
Seat 8: makyzi folded before Flop (didn't bet)



PokerStars Hand #232621935694:  Hold'em No Limit ($0.01/$0.02 USD) - 2021/12/28 20:53:53 PT [2021/12/28 23:53:53 ET]
Table 'Adelinda III' 9-max Seat #3 is the button
Seat 1: frosa9397 ($1.97 in chips) 
Seat 2: Dorex2007 ($2.22 in chips) 
Seat 3: bloody55hawk ($0.82 in chips) 
Seat 4: Canguru19 ($1.63 in chips) 
Seat 5: Cormorant ($1.43 in chips) 
Seat 6: desdinova13 ($2.63 in chips) 
Seat 7: Nakuru24 ($0.80 in chips) 
Seat 8: makyzi ($1.98 in chips) 
Canguru19: posts small blind $0.01
Cormorant: posts big blind $0.02
*** HOLE CARDS ***
Dealt to Dorex2007 [Jc 9h]
desdinova13: folds 
Nakuru24: folds 
makyzi: folds 
frosa9397: folds 
Dorex2007: folds 
bloody55hawk: raises $0.04 to $0.06
Canguru19: folds 
Cormorant: calls $0.04
*** FLOP *** [8d 4h Kc]
Cormorant: checks 
bloody55hawk: bets $0.07
Cormorant: folds 
Uncalled bet ($0.07) returned to bloody55hawk
bloody55hawk collected $0.13 from pot
bloody55hawk: doesn't show hand 
*** SUMMARY ***
Total pot $0.13 | Rake $0 
Board [8d 4h Kc]
Seat 1: frosa9397 folded before Flop (didn't bet)
Seat 2: Dorex2007 folded before Flop (didn't bet)
Seat 3: bloody55hawk (button) collected ($0.13)
Seat 4: Canguru19 (small blind) folded before Flop
Seat 5: Cormorant (big blind) folded on the Flop
Seat 6: desdinova13 folded before Flop (didn't bet)
Seat 7: Nakuru24 folded before Flop (didn't bet)
Seat 8: makyzi folded before Flop (didn't bet)



PokerStars Hand #232621944450:  Hold'em No Limit ($0.01/$0.02 USD) - 2021/12/28 20:54:45 PT [2021/12/28 23:54:45 ET]
Table 'Adelinda III' 9-max Seat #4 is the button
Seat 1: frosa9397 ($1.97 in chips) 
Seat 2: Dorex2007 ($2.22 in chips) 
Seat 3: bloody55hawk ($0.89 in chips) 
Seat 4: Canguru19 ($1.62 in chips) 
Seat 5: Cormorant ($1.37 in chips) 
Seat 6: desdinova13 ($2.63 in chips) 
Seat 7: Nakuru24 ($0.80 in chips) 
Seat 8: makyzi ($1.98 in chips) 
Seat 9: rspk4T ($4.26 in chips) 
Cormorant: posts small blind $0.01
desdinova13: posts big blind $0.02
*** HOLE CARDS ***
Dealt to Dorex2007 [9c As]
Nakuru24: folds 
makyzi: folds 
rspk4T: calls $0.02
frosa9397 has timed out
frosa9397: folds 
Dorex2007: folds 
bloody55hawk: folds 
Canguru19: folds 
Cormorant: calls $0.01
desdinova13: checks 
*** FLOP *** [Th 3c 5s]
Cormorant: checks 
desdinova13: checks 
rspk4T: bets $0.12
Cormorant: folds 
desdinova13: folds 
Uncalled bet ($0.12) returned to rspk4T
rspk4T collected $0.06 from pot
rspk4T: doesn't show hand 
*** SUMMARY ***
Total pot $0.06 | Rake $0 
Board [Th 3c 5s]
Seat 1: frosa9397 folded before Flop (didn't bet)
Seat 2: Dorex2007 folded before Flop (didn't bet)
Seat 3: bloody55hawk folded before Flop (didn't bet)
Seat 4: Canguru19 (button) folded before Flop (didn't bet)
Seat 5: Cormorant (small blind) folded on the Flop
Seat 6: desdinova13 (big blind) folded on the Flop
Seat 7: Nakuru24 folded before Flop (didn't bet)
Seat 8: makyzi folded before Flop (didn't bet)
Seat 9: rspk4T collected ($0.06)



PokerStars Hand #232621953610:  Hold'em No Limit ($0.01/$0.02 USD) - 2021/12/28 20:55:44 PT [2021/12/28 23:55:44 ET]
Table 'Adelinda III' 9-max Seat #5 is the button
Seat 1: frosa9397 ($1.97 in chips) 
Seat 2: Dorex2007 ($2.22 in chips) 
Seat 3: bloody55hawk ($0.89 in chips) 
Seat 4: Canguru19 ($1.62 in chips) 
Seat 5: Cormorant ($1.35 in chips) 
Seat 6: desdinova13 ($2.61 in chips) 
Seat 7: Nakuru24 ($0.80 in chips) 
Seat 8: makyzi ($1.98 in chips) 
Seat 9: rspk4T ($4.30 in chips) 
desdinova13: posts small blind $0.01
Nakuru24: posts big blind $0.02
*** HOLE CARDS ***
Dealt to Dorex2007 [7s 7c]
makyzi: folds 
rspk4T: folds 
frosa9397: folds 
Dorex2007: raises $0.02 to $0.04
bloody55hawk: folds 
Canguru19: folds 
Cormorant: calls $0.04
desdinova13: folds 
Nakuru24: calls $0.02
*** FLOP *** [4d Ah 6d]
Nakuru24: checks 
Dorex2007: checks 
Cormorant: checks 
*** TURN *** [4d Ah 6d] [Ac]
Nakuru24: checks 
Dorex2007: checks 
Cormorant: checks 
*** RIVER *** [4d Ah 6d Ac] [Js]
Nakuru24: checks 
Dorex2007: checks 
Cormorant: checks 
*** SHOW DOWN ***
Nakuru24: shows [Qh 9s] (a pair of Aces)
Dorex2007: shows [7s 7c] (two pair, Aces and Sevens)
Cormorant: mucks hand 
Dorex2007 collected $0.13 from pot
*** SUMMARY ***
Total pot $0.13 | Rake $0 
Board [4d Ah 6d Ac Js]
Seat 1: frosa9397 folded before Flop (didn't bet)
Seat 2: Dorex2007 showed [7s 7c] and won ($0.13) with two pair, Aces and Sevens
Seat 3: bloody55hawk folded before Flop (didn't bet)
Seat 4: Canguru19 folded before Flop (didn't bet)
Seat 5: Cormorant (button) mucked [5d 5s]
Seat 6: desdinova13 (small blind) folded before Flop
Seat 7: Nakuru24 (big blind) showed [Qh 9s] and lost with a pair of Aces
Seat 8: makyzi folded before Flop (didn't bet)
Seat 9: rspk4T folded before Flop (didn't bet)



PokerStars Hand #232621964097:  Hold'em No Limit ($0.01/$0.02 USD) - 2021/12/28 20:56:54 PT [2021/12/28 23:56:54 ET]
Table 'Adelinda III' 9-max Seat #6 is the button
Seat 1: frosa9397 ($1.97 in chips) 
Seat 2: Dorex2007 ($2.31 in chips) 
Seat 3: bloody55hawk ($0.89 in chips) 
Seat 4: Canguru19 ($1.62 in chips) 
Seat 5: Cormorant ($1.31 in chips) 
Seat 6: desdinova13 ($2.60 in chips) 
Seat 7: Nakuru24 ($0.76 in chips) 
Seat 8: makyzi ($1.98 in chips) 
Seat 9: rspk4T ($4.30 in chips) 
Nakuru24: posts small blind $0.01
makyzi: posts big blind $0.02
*** HOLE CARDS ***
Dealt to Dorex2007 [2d 3c]
rspk4T: calls $0.02
frosa9397: folds 
Dorex2007: folds 
bloody55hawk: folds 
Canguru19: calls $0.02
Cormorant: folds 
desdinova13: folds 
Nakuru24: calls $0.01
makyzi: checks 
*** FLOP *** [6c 9s Qh]
Nakuru24: checks 
makyzi: checks 
rspk4T: checks 
Canguru19: checks 
*** TURN *** [6c 9s Qh] [8s]
Nakuru24: checks 
makyzi: checks 
rspk4T: bets $0.02
Canguru19: raises $0.04 to $0.06
Nakuru24: folds 
makyzi: folds 
rspk4T: raises $0.04 to $0.10
Canguru19: calls $0.04
*** RIVER *** [6c 9s Qh 8s] [2s]
rspk4T: bets $0.22
Canguru19: folds 
Uncalled bet ($0.22) returned to rspk4T
rspk4T collected $0.27 from pot
rspk4T: doesn't show hand 
*** SUMMARY ***
Total pot $0.28 | Rake $0.01 
Board [6c 9s Qh 8s 2s]
Seat 1: frosa9397 folded before Flop (didn't bet)
Seat 2: Dorex2007 folded before Flop (didn't bet)
Seat 3: bloody55hawk folded before Flop (didn't bet)
Seat 4: Canguru19 folded on the River
Seat 5: Cormorant folded before Flop (didn't bet)
Seat 6: desdinova13 (button) folded before Flop (didn't bet)
Seat 7: Nakuru24 (small blind) folded on the Turn
Seat 8: makyzi (big blind) folded on the Turn
Seat 9: rspk4T collected ($0.27)



PokerStars Hand #232621986869:  Hold'em No Limit ($0.01/$0.02 USD) - 2021/12/28 20:58:38 PT [2021/12/28 23:58:38 ET]
Table 'Adelinda III' 9-max Seat #7 is the button
Seat 1: frosa9397 ($1.97 in chips) 
Seat 2: Dorex2007 ($2.31 in chips) 
Seat 3: bloody55hawk ($0.89 in chips) 
Seat 4: Canguru19 ($1.50 in chips) 
Seat 5: Cormorant ($1.31 in chips) 
Seat 6: desdinova13 ($2.60 in chips) 
Seat 7: Nakuru24 ($0.74 in chips) 
Seat 8: makyzi ($1.96 in chips) 
Seat 9: rspk4T ($4.45 in chips) 
makyzi: posts small blind $0.01
rspk4T: posts big blind $0.02
*** HOLE CARDS ***
Dealt to Dorex2007 [3s 2d]
frosa9397: folds 
Dorex2007: folds 
bloody55hawk: raises $0.04 to $0.06
Canguru19: calls $0.06
Cormorant: folds 
desdinova13: folds 
Nakuru24: folds 
makyzi: folds 
rspk4T: calls $0.04
*** FLOP *** [Kh 5d 2s]
rspk4T: checks 
bloody55hawk: bets $0.83 and is all-in
Canguru19: folds 
rspk4T: folds 
Uncalled bet ($0.83) returned to bloody55hawk
bloody55hawk collected $0.18 from pot
bloody55hawk: doesn't show hand 
*** SUMMARY ***
Total pot $0.19 | Rake $0.01 
Board [Kh 5d 2s]
Seat 1: frosa9397 folded before Flop (didn't bet)
Seat 2: Dorex2007 folded before Flop (didn't bet)
Seat 3: bloody55hawk collected ($0.18)
Seat 4: Canguru19 folded on the Flop
Seat 5: Cormorant folded before Flop (didn't bet)
Seat 6: desdinova13 folded before Flop (didn't bet)
Seat 7: Nakuru24 (button) folded before Flop (didn't bet)
Seat 8: makyzi (small blind) folded before Flop
Seat 9: rspk4T (big blind) folded on the Flop



PokerStars Hand #232622000101:  Hold'em No Limit ($0.01/$0.02 USD) - 2021/12/28 20:59:31 PT [2021/12/28 23:59:31 ET]
Table 'Adelinda III' 9-max Seat #8 is the button
Seat 1: frosa9397 ($1.97 in chips) 
Seat 2: Dorex2007 ($2.31 in chips) 
Seat 3: bloody55hawk ($1.01 in chips) 
Seat 4: Canguru19 ($1.44 in chips) 
Seat 5: Cormorant ($1.31 in chips) 
Seat 6: desdinova13 ($2.60 in chips) 
Seat 7: Nakuru24 ($0.74 in chips) 
Seat 8: makyzi ($1.95 in chips) 
Seat 9: rspk4T ($4.39 in chips) 
rspk4T: posts small blind $0.01
frosa9397: posts big blind $0.02
*** HOLE CARDS ***
Dealt to Dorex2007 [7c As]
Dorex2007: folds 
bloody55hawk: folds 
Canguru19: calls $0.02
Cormorant: folds 
desdinova13: folds 
Nakuru24: folds 
makyzi: folds 
rspk4T: calls $0.01
frosa9397: checks 
*** FLOP *** [7d 5c 5h]
rspk4T: bets $0.02
frosa9397: raises $0.04 to $0.06
Canguru19: folds 
rspk4T: raises $0.04 to $0.10
frosa9397: calls $0.04
*** TURN *** [7d 5c 5h] [Jd]
rspk4T: bets $0.10
frosa9397: calls $0.10
*** RIVER *** [7d 5c 5h Jd] [Jc]
rspk4T: bets $0.26
frosa9397: calls $0.26
*** SHOW DOWN ***
rspk4T: shows [Kd 9h] (two pair, Jacks and Fives)
frosa9397: shows [5s Th] (a full house, Fives full of Jacks)
frosa9397 collected $0.95 from pot
*** SUMMARY ***
Total pot $0.98 | Rake $0.03 
Board [7d 5c 5h Jd Jc]
Seat 1: frosa9397 (big blind) showed [5s Th] and won ($0.95) with a full house, Fives full of Jacks
Seat 2: Dorex2007 folded before Flop (didn't bet)
Seat 3: bloody55hawk folded before Flop (didn't bet)
Seat 4: Canguru19 folded on the Flop
Seat 5: Cormorant folded before Flop (didn't bet)
Seat 6: desdinova13 folded before Flop (didn't bet)
Seat 7: Nakuru24 folded before Flop (didn't bet)
Seat 8: makyzi (button) folded before Flop (didn't bet)
Seat 9: rspk4T (small blind) showed [Kd 9h] and lost with two pair, Jacks and Fives



