PokerStars Hand #232785109361:  Hold'em No Limit ($0.01/$0.02 USD) - 2022/01/03 11:37:31 PT [2022/01/03 14:37:31 ET]
Table 'Massinga V' 9-max Seat #5 is the button
Seat 1: sunsetpower67 ($1.34 in chips) 
Seat 2: etienne16671 ($3.13 in chips) 
Seat 3: Alllisina ($1.49 in chips) 
Seat 4: Dorex2007 ($2 in chips) 
Seat 5: Oranjewilla ($2.84 in chips) 
Seat 6: dogzice ($1.98 in chips) 
Seat 7: Mr DenSE ($2.38 in chips) 
Seat 9: Dan strawman ($1.90 in chips) 
dogzice: posts small blind $0.01
Mr DenSE: posts big blind $0.02
Dorex2007: posts big blind $0.02
*** HOLE CARDS ***
Dealt to Dorex2007 [Qh 2d]
Dan strawman: folds 
sunsetpower67: calls $0.02
etienne16671: calls $0.02
Alllisina: calls $0.02
Dorex2007: checks 
Oranjewilla: folds 
dogzice: calls $0.01
Mr DenSE: checks 
*** FLOP *** [9h Kd Ah]
dogzice: checks 
Mr DenSE: checks 
sunsetpower67: checks 
etienne16671: checks 
Alllisina: bets $0.12
Dorex2007: folds 
dogzice: folds 
Mr DenSE: folds 
sunsetpower67: folds 
etienne16671: folds 
Uncalled bet ($0.12) returned to Alllisina
Alllisina collected $0.12 from pot
*** SUMMARY ***
Total pot $0.12 | Rake $0 
Board [9h Kd Ah]
Seat 1: sunsetpower67 folded on the Flop
Seat 2: etienne16671 folded on the Flop
Seat 3: Alllisina collected ($0.12)
Seat 4: Dorex2007 folded on the Flop (didn't bet)
Seat 5: Oranjewilla (button) folded before Flop (didn't bet)
Seat 6: dogzice (small blind) folded on the Flop
Seat 7: Mr DenSE (big blind) folded on the Flop
Seat 9: Dan strawman folded before Flop (didn't bet)



PokerStars Hand #232785145220:  Hold'em No Limit ($0.01/$0.02 USD) - 2022/01/03 11:38:30 PT [2022/01/03 14:38:30 ET]
Table 'Massinga V' 9-max Seat #6 is the button
Seat 1: sunsetpower67 ($1.32 in chips) 
Seat 2: etienne16671 ($3.11 in chips) 
Seat 3: Alllisina ($1.59 in chips) 
Seat 4: Dorex2007 ($2 in chips) 
Seat 5: Oranjewilla ($2.84 in chips) 
Seat 6: dogzice ($1.96 in chips) 
Seat 7: Mr DenSE ($2.36 in chips) 
Seat 9: Dan strawman ($1.90 in chips) 
Mr DenSE: posts small blind $0.01
Dan strawman: posts big blind $0.02
*** HOLE CARDS ***
Dealt to Dorex2007 [2s 4h]
sunsetpower67: folds 
etienne16671: folds 
Alllisina: calls $0.02
Dorex2007: folds 
Oranjewilla: calls $0.02
dogzice: calls $0.02
Mr DenSE: folds 
Dan strawman: checks 
*** FLOP *** [2h 8s 5h]
Dan strawman: checks 
Alllisina: checks 
Oranjewilla: checks 
dogzice: bets $0.09
Dan strawman: calls $0.09
Alllisina: folds 
Oranjewilla: folds 
*** TURN *** [2h 8s 5h] [9d]
Dan strawman: checks 
dogzice: checks 
*** RIVER *** [2h 8s 5h 9d] [7s]
Dan strawman: checks 
dogzice: checks 
*** SHOW DOWN ***
Dan strawman: shows [5s Js] (a pair of Fives)
dogzice: shows [8d Qd] (a pair of Eights)
dogzice collected $0.26 from pot
*** SUMMARY ***
Total pot $0.27 | Rake $0.01 
Board [2h 8s 5h 9d 7s]
Seat 1: sunsetpower67 folded before Flop (didn't bet)
Seat 2: etienne16671 folded before Flop (didn't bet)
Seat 3: Alllisina folded on the Flop
Seat 4: Dorex2007 folded before Flop (didn't bet)
Seat 5: Oranjewilla folded on the Flop
Seat 6: dogzice (button) showed [8d Qd] and won ($0.26) with a pair of Eights
Seat 7: Mr DenSE (small blind) folded before Flop
Seat 9: Dan strawman (big blind) showed [5s Js] and lost with a pair of Fives



PokerStars Hand #232785185930:  Hold'em No Limit ($0.01/$0.02 USD) - 2022/01/03 11:39:37 PT [2022/01/03 14:39:37 ET]
Table 'Massinga V' 9-max Seat #7 is the button
Seat 1: sunsetpower67 ($1.32 in chips) 
Seat 2: etienne16671 ($3.11 in chips) 
Seat 3: Alllisina ($1.57 in chips) 
Seat 4: Dorex2007 ($2 in chips) 
Seat 5: Oranjewilla ($2.82 in chips) 
Seat 6: dogzice ($2.11 in chips) 
Seat 7: Mr DenSE ($2.35 in chips) 
Seat 9: Dan strawman ($1.79 in chips) 
Dan strawman: posts small blind $0.01
sunsetpower67: posts big blind $0.02
*** HOLE CARDS ***
Dealt to Dorex2007 [2h 8s]
etienne16671: folds 
Alllisina: calls $0.02
Dorex2007: folds 
Oranjewilla: folds 
dogzice: folds 
Mr DenSE: folds 
Dan strawman: folds 
sunsetpower67: checks 
*** FLOP *** [Ah 2d 5h]
sunsetpower67: checks 
Alllisina: checks 
*** TURN *** [Ah 2d 5h] [4d]
sunsetpower67: bets $0.04
Alllisina: calls $0.04
*** RIVER *** [Ah 2d 5h 4d] [Jd]
sunsetpower67: bets $0.06
Alllisina: calls $0.06
*** SHOW DOWN ***
sunsetpower67: shows [Qc As] (a pair of Aces)
Alllisina: mucks hand 
sunsetpower67 collected $0.24 from pot
*** SUMMARY ***
Total pot $0.25 | Rake $0.01 
Board [Ah 2d 5h 4d Jd]
Seat 1: sunsetpower67 (big blind) showed [Qc As] and won ($0.24) with a pair of Aces
Seat 2: etienne16671 folded before Flop (didn't bet)
Seat 3: Alllisina mucked [4c 9c]
Seat 4: Dorex2007 folded before Flop (didn't bet)
Seat 5: Oranjewilla folded before Flop (didn't bet)
Seat 6: dogzice folded before Flop (didn't bet)
Seat 7: Mr DenSE (button) folded before Flop (didn't bet)
Seat 9: Dan strawman (small blind) folded before Flop



PokerStars Hand #232785214608:  Hold'em No Limit ($0.01/$0.02 USD) - 2022/01/03 11:40:25 PT [2022/01/03 14:40:25 ET]
Table 'Massinga V' 9-max Seat #9 is the button
Seat 1: sunsetpower67 ($1.44 in chips) 
Seat 2: etienne16671 ($3.11 in chips) 
Seat 3: Alllisina ($1.45 in chips) 
Seat 4: Dorex2007 ($2 in chips) 
Seat 5: Oranjewilla ($2.82 in chips) 
Seat 6: dogzice ($2.11 in chips) 
Seat 7: Mr DenSE ($2.35 in chips) 
Seat 9: Dan strawman ($2 in chips) 
sunsetpower67: posts small blind $0.01
etienne16671: posts big blind $0.02
leopoker1: sits out 
*** HOLE CARDS ***
Dealt to Dorex2007 [Kh 3h]
Alllisina: calls $0.02
Dorex2007: folds 
Oranjewilla: calls $0.02
dogzice: folds 
Mr DenSE: folds 
Dan strawman: calls $0.02
sunsetpower67: calls $0.01
etienne16671: raises $0.06 to $0.08
Alllisina: calls $0.06
Oranjewilla: calls $0.06
Dan strawman: calls $0.06
sunsetpower67: folds 
*** FLOP *** [6s 9c 7s]
etienne16671: checks 
Alllisina: checks 
Oranjewilla: checks 
Dan strawman: bets $0.41
etienne16671: folds 
Alllisina: folds 
Oranjewilla: folds 
Uncalled bet ($0.41) returned to Dan strawman
Dan strawman collected $0.33 from pot
Dan strawman: doesn't show hand 
*** SUMMARY ***
Total pot $0.34 | Rake $0.01 
Board [6s 9c 7s]
Seat 1: sunsetpower67 (small blind) folded before Flop
Seat 2: etienne16671 (big blind) folded on the Flop
Seat 3: Alllisina folded on the Flop
Seat 4: Dorex2007 folded before Flop (didn't bet)
Seat 5: Oranjewilla folded on the Flop
Seat 6: dogzice folded before Flop (didn't bet)
Seat 7: Mr DenSE folded before Flop (didn't bet)
Seat 9: Dan strawman (button) collected ($0.33)



PokerStars Hand #232785267100:  Hold'em No Limit ($0.01/$0.02 USD) - 2022/01/03 11:41:51 PT [2022/01/03 14:41:51 ET]
Table 'Massinga V' 9-max Seat #1 is the button
Seat 1: sunsetpower67 ($1.42 in chips) 
Seat 2: etienne16671 ($3.03 in chips) 
Seat 3: Alllisina ($1.37 in chips) 
Seat 4: Dorex2007 ($2 in chips) 
Seat 5: Oranjewilla ($2.74 in chips) 
Seat 6: dogzice ($2.11 in chips) 
Seat 7: Mr DenSE ($2.35 in chips) 
Seat 9: Dan strawman ($2.25 in chips) 
etienne16671: posts small blind $0.01
Alllisina: posts big blind $0.02
leopoker1: sits out 
*** HOLE CARDS ***
Dealt to Dorex2007 [8h 3c]
Dorex2007: folds 
Oranjewilla: calls $0.02
dogzice: folds 
Mr DenSE: folds 
Dan strawman: folds 
sunsetpower67: raises $0.06 to $0.08
etienne16671: folds 
Alllisina: calls $0.06
Oranjewilla: calls $0.06
*** FLOP *** [2h 4d Ks]
Alllisina: checks 
Oranjewilla: bets $0.24
sunsetpower67: folds 
Alllisina: folds 
Uncalled bet ($0.24) returned to Oranjewilla
Oranjewilla collected $0.24 from pot
*** SUMMARY ***
Total pot $0.25 | Rake $0.01 
Board [2h 4d Ks]
Seat 1: sunsetpower67 (button) folded on the Flop
Seat 2: etienne16671 (small blind) folded before Flop
Seat 3: Alllisina (big blind) folded on the Flop
Seat 4: Dorex2007 folded before Flop (didn't bet)
Seat 5: Oranjewilla collected ($0.24)
Seat 6: dogzice folded before Flop (didn't bet)
Seat 7: Mr DenSE folded before Flop (didn't bet)
Seat 9: Dan strawman folded before Flop (didn't bet)



PokerStars Hand #232785296358:  Hold'em No Limit ($0.01/$0.02 USD) - 2022/01/03 11:42:39 PT [2022/01/03 14:42:39 ET]
Table 'Massinga V' 9-max Seat #2 is the button
Seat 1: sunsetpower67 ($1.34 in chips) 
Seat 2: etienne16671 ($3.02 in chips) 
Seat 3: Alllisina ($1.29 in chips) 
Seat 4: Dorex2007 ($2 in chips) 
Seat 5: Oranjewilla ($2.90 in chips) 
Seat 6: dogzice ($2.11 in chips) 
Seat 7: Mr DenSE ($2.35 in chips) 
Seat 9: Dan strawman ($2.25 in chips) 
Alllisina: posts small blind $0.01
Dorex2007: posts big blind $0.02
leopoker1: sits out 
*** HOLE CARDS ***
Dealt to Dorex2007 [9h 5c]
Oranjewilla: folds 
dogzice: folds 
Mr DenSE: folds 
Dan strawman: folds 
sunsetpower67: calls $0.02
etienne16671: raises $0.06 to $0.08
Alllisina: folds 
Dorex2007: folds 
sunsetpower67: calls $0.06
*** FLOP *** [9s 9d Th]
sunsetpower67: checks 
etienne16671: bets $0.10
sunsetpower67: folds 
Uncalled bet ($0.10) returned to etienne16671
etienne16671 collected $0.18 from pot
etienne16671: doesn't show hand 
*** SUMMARY ***
Total pot $0.19 | Rake $0.01 
Board [9s 9d Th]
Seat 1: sunsetpower67 folded on the Flop
Seat 2: etienne16671 (button) collected ($0.18)
Seat 3: Alllisina (small blind) folded before Flop
Seat 4: Dorex2007 (big blind) folded before Flop
Seat 5: Oranjewilla folded before Flop (didn't bet)
Seat 6: dogzice folded before Flop (didn't bet)
Seat 7: Mr DenSE folded before Flop (didn't bet)
Seat 9: Dan strawman folded before Flop (didn't bet)



PokerStars Hand #232785322842:  Hold'em No Limit ($0.01/$0.02 USD) - 2022/01/03 11:43:17 PT [2022/01/03 14:43:17 ET]
Table 'Massinga V' 9-max Seat #3 is the button
Seat 1: sunsetpower67 ($1.26 in chips) 
Seat 2: etienne16671 ($3.12 in chips) 
Seat 3: Alllisina ($1.28 in chips) 
Seat 4: Dorex2007 ($2 in chips) 
Seat 5: Oranjewilla ($2.90 in chips) 
Seat 6: dogzice ($2.11 in chips) 
Seat 7: Mr DenSE ($2.35 in chips) 
Seat 9: Dan strawman ($2.25 in chips) 
Dorex2007: posts small blind $0.01
Oranjewilla: posts big blind $0.02
leopoker1: sits out 
*** HOLE CARDS ***
Dealt to Dorex2007 [8d 4d]
dogzice: folds 
Mr DenSE: folds 
Dan strawman: raises $0.04 to $0.06
sunsetpower67: folds 
etienne16671: folds 
Alllisina: folds 
Dorex2007: folds 
Oranjewilla: calls $0.04
*** FLOP *** [Ts 7s 5c]
Oranjewilla: checks 
Dan strawman: bets $0.08
Oranjewilla: folds 
Uncalled bet ($0.08) returned to Dan strawman
Dan strawman collected $0.13 from pot
Dan strawman: doesn't show hand 
*** SUMMARY ***
Total pot $0.13 | Rake $0 
Board [Ts 7s 5c]
Seat 1: sunsetpower67 folded before Flop (didn't bet)
Seat 2: etienne16671 folded before Flop (didn't bet)
Seat 3: Alllisina (button) folded before Flop (didn't bet)
Seat 4: Dorex2007 (small blind) folded before Flop
Seat 5: Oranjewilla (big blind) folded on the Flop
Seat 6: dogzice folded before Flop (didn't bet)
Seat 7: Mr DenSE folded before Flop (didn't bet)
Seat 9: Dan strawman collected ($0.13)



PokerStars Hand #232785343558:  Hold'em No Limit ($0.01/$0.02 USD) - 2022/01/03 11:43:51 PT [2022/01/03 14:43:51 ET]
Table 'Massinga V' 9-max Seat #4 is the button
Seat 1: sunsetpower67 ($1.26 in chips) 
Seat 2: etienne16671 ($3.12 in chips) 
Seat 3: Alllisina ($1.28 in chips) 
Seat 4: Dorex2007 ($2 in chips) 
Seat 5: Oranjewilla ($2.84 in chips) 
Seat 6: dogzice ($2.11 in chips) 
Seat 7: Mr DenSE ($2.35 in chips) 
Seat 9: Dan strawman ($2.32 in chips) 
Oranjewilla: posts small blind $0.01
dogzice: posts big blind $0.02
leopoker1: sits out 
*** HOLE CARDS ***
Dealt to Dorex2007 [Kh Ah]
Mr DenSE: folds 
Dan strawman: folds 
sunsetpower67: calls $0.02
etienne16671: folds 
Alllisina: calls $0.02
Dorex2007: raises $0.10 to $0.12
Oranjewilla: folds 
dogzice: folds 
sunsetpower67: folds 
Alllisina: folds 
Uncalled bet ($0.10) returned to Dorex2007
Dorex2007 collected $0.09 from pot
Dorex2007: doesn't show hand 
*** SUMMARY ***
Total pot $0.09 | Rake $0 
Seat 1: sunsetpower67 folded before Flop
Seat 2: etienne16671 folded before Flop (didn't bet)
Seat 3: Alllisina folded before Flop
Seat 4: Dorex2007 (button) collected ($0.09)
Seat 5: Oranjewilla (small blind) folded before Flop
Seat 6: dogzice (big blind) folded before Flop
Seat 7: Mr DenSE folded before Flop (didn't bet)
Seat 9: Dan strawman folded before Flop (didn't bet)



PokerStars Hand #232785368971:  Hold'em No Limit ($0.01/$0.02 USD) - 2022/01/03 11:44:26 PT [2022/01/03 14:44:26 ET]
Table 'Massinga V' 9-max Seat #5 is the button
Seat 1: sunsetpower67 ($1.24 in chips) 
Seat 2: etienne16671 ($3.12 in chips) 
Seat 3: Alllisina ($1.26 in chips) 
Seat 4: Dorex2007 ($2.07 in chips) 
Seat 5: Oranjewilla ($2.83 in chips) 
Seat 6: dogzice ($2.09 in chips) 
Seat 7: Mr DenSE ($2.35 in chips) 
Seat 9: Dan strawman ($2.32 in chips) 
dogzice: posts small blind $0.01
Mr DenSE: posts big blind $0.02
leopoker1: sits out 
*** HOLE CARDS ***
Dealt to Dorex2007 [Qc 4c]
Dan strawman: folds 
sunsetpower67: calls $0.02
etienne16671: raises $0.04 to $0.06
Alllisina: calls $0.06
Dorex2007: folds 
Oranjewilla: calls $0.06
dogzice: calls $0.05
Mr DenSE: folds 
sunsetpower67: calls $0.04
*** FLOP *** [2h 7s Ts]
Mr DenSE leaves the table
dogzice: checks 
sunsetpower67: checks 
etienne16671: bets $0.08
Alllisina: folds 
Oranjewilla: folds 
dogzice: calls $0.08
sunsetpower67: calls $0.08
*** TURN *** [2h 7s Ts] [5h]
dogzice: checks 
sunsetpower67: bets $0.64
etienne16671: calls $0.64
Luigipok87 joins the table at seat #7 
dogzice: folds 
*** RIVER *** [2h 7s Ts 5h] [3h]
sunsetpower67: bets $0.46 and is all-in
etienne16671: calls $0.46
*** SHOW DOWN ***
sunsetpower67: shows [5s 2s] (two pair, Fives and Deuces)
etienne16671: shows [Tc Th] (three of a kind, Tens)
etienne16671 collected $2.66 from pot
*** SUMMARY ***
Total pot $2.76 | Rake $0.10 
Board [2h 7s Ts 5h 3h]
Seat 1: sunsetpower67 showed [5s 2s] and lost with two pair, Fives and Deuces
Seat 2: etienne16671 showed [Tc Th] and won ($2.66) with three of a kind, Tens
Seat 3: Alllisina folded on the Flop
Seat 4: Dorex2007 folded before Flop (didn't bet)
Seat 5: Oranjewilla (button) folded on the Flop
Seat 6: dogzice (small blind) folded on the Turn
Seat 7: Mr DenSE (big blind) folded before Flop
Seat 9: Dan strawman folded before Flop (didn't bet)



PokerStars Hand #232785430195:  Hold'em No Limit ($0.01/$0.02 USD) - 2022/01/03 11:45:59 PT [2022/01/03 14:45:59 ET]
Table 'Massinga V' 9-max Seat #6 is the button
Seat 2: etienne16671 ($4.54 in chips) 
Seat 3: Alllisina ($1.20 in chips) 
Seat 4: Dorex2007 ($2.07 in chips) 
Seat 5: Oranjewilla ($2.77 in chips) 
Seat 6: dogzice ($1.95 in chips) 
Seat 9: Dan strawman ($2.32 in chips) 
Dan strawman: posts small blind $0.01
etienne16671: posts big blind $0.02
*** HOLE CARDS ***
Dealt to Dorex2007 [9h 4h]
Alllisina: calls $0.02
Dorex2007: folds 
Oranjewilla: calls $0.02
dogzice: folds 
Dan strawman: calls $0.01
etienne16671: checks 
*** FLOP *** [7d 8d 3c]
Dan strawman: checks 
etienne16671: bets $0.04
Alllisina: calls $0.04
Oranjewilla: calls $0.04
Dan strawman: folds 
*** TURN *** [7d 8d 3c] [Qc]
etienne16671: bets $0.10
Alllisina: calls $0.10
Oranjewilla: calls $0.10
*** RIVER *** [7d 8d 3c Qc] [7s]
etienne16671: bets $0.10
Alllisina: folds 
Oranjewilla: raises $0.68 to $0.78
etienne16671: raises $2.04 to $2.82
Oranjewilla: folds 
Uncalled bet ($2.04) returned to etienne16671
etienne16671 collected $1.99 from pot
*** SUMMARY ***
Total pot $2.06 | Rake $0.07 
Board [7d 8d 3c Qc 7s]
Seat 2: etienne16671 (big blind) collected ($1.99)
Seat 3: Alllisina folded on the River
Seat 4: Dorex2007 folded before Flop (didn't bet)
Seat 5: Oranjewilla folded on the River
Seat 6: dogzice (button) folded before Flop (didn't bet)
Seat 9: Dan strawman (small blind) folded on the Flop



PokerStars Hand #232785473286:  Hold'em No Limit ($0.01/$0.02 USD) - 2022/01/03 11:47:10 PT [2022/01/03 14:47:10 ET]
Table 'Massinga V' 9-max Seat #9 is the button
Seat 2: etienne16671 ($5.59 in chips) 
Seat 3: Alllisina ($1.04 in chips) 
Seat 4: Dorex2007 ($2.07 in chips) 
Seat 5: Oranjewilla ($1.83 in chips) 
Seat 6: dogzice ($1.95 in chips) 
Seat 7: Luigipok87 ($1 in chips) 
Seat 9: Dan strawman ($2.30 in chips) 
etienne16671: posts small blind $0.01
Alllisina: posts big blind $0.02
Luigipok87: posts big blind $0.02
leopoker1: sits out 
*** HOLE CARDS ***
Dealt to Dorex2007 [8s 4h]
Dorex2007: folds 
Oranjewilla: calls $0.02
dogzice: folds 
Luigipok87: checks 
Dan strawman: raises $0.08 to $0.10
etienne16671: calls $0.09
Alllisina: calls $0.08
Oranjewilla: calls $0.08
Luigipok87: folds 
*** FLOP *** [8h 9d Kh]
etienne16671: bets $0.21
Alllisina: calls $0.21
Oranjewilla: calls $0.21
Dan strawman: folds 
*** TURN *** [8h 9d Kh] [6c]
etienne16671: checks 
Alllisina: checks 
Oranjewilla: bets $1.01
etienne16671: raises $1.52 to $2.53
Alllisina: folds 
Oranjewilla: calls $0.51 and is all-in
Uncalled bet ($1.01) returned to etienne16671
*** RIVER *** [8h 9d Kh 6c] [Qs]
*** SHOW DOWN ***
etienne16671: shows [Ah Kd] (a pair of Kings)
Oranjewilla: shows [6h 5h] (a pair of Sixes)
etienne16671 collected $3.95 from pot
*** SUMMARY ***
Total pot $4.09 | Rake $0.14 
Board [8h 9d Kh 6c Qs]
Seat 2: etienne16671 (small blind) showed [Ah Kd] and won ($3.95) with a pair of Kings
Seat 3: Alllisina (big blind) folded on the Turn
Seat 4: Dorex2007 folded before Flop (didn't bet)
Seat 5: Oranjewilla showed [6h 5h] and lost with a pair of Sixes
Seat 6: dogzice folded before Flop (didn't bet)
Seat 7: Luigipok87 folded before Flop (didn't bet)
Seat 9: Dan strawman (button) folded on the Flop



PokerStars Hand #232785526290:  Hold'em No Limit ($0.01/$0.02 USD) - 2022/01/03 11:48:37 PT [2022/01/03 14:48:37 ET]
Table 'Massinga V' 9-max Seat #2 is the button
Seat 1: sunsetpower67 ($2 in chips) 
Seat 2: etienne16671 ($7.71 in chips) 
Seat 3: Alllisina ($0.73 in chips) 
Seat 4: Dorex2007 ($2.07 in chips) 
Seat 6: dogzice ($1.95 in chips) 
Seat 7: Luigipok87 ($0.98 in chips) 
Seat 9: Dan strawman ($2.20 in chips) 
Alllisina: posts small blind $0.01
Dorex2007: posts big blind $0.02
leopoker1: sits out 
sunsetpower67: posts small & big blinds $0.03
*** HOLE CARDS ***
Dealt to Dorex2007 [6h 5s]
dogzice: folds 
Luigipok87: folds 
Dan strawman: folds 
sunsetpower67: checks 
etienne16671: folds 
Alllisina: calls $0.01
Dorex2007: checks 
*** FLOP *** [2s As 5d]
Alllisina: checks 
Dorex2007: bets $0.05
sunsetpower67: calls $0.05
Alllisina: calls $0.05
*** TURN *** [2s As 5d] [Tc]
Alllisina: checks 
Dorex2007: checks 
sunsetpower67: bets $0.10
Alllisina: calls $0.10
Dorex2007: folds 
*** RIVER *** [2s As 5d Tc] [9c]
Alllisina: checks 
sunsetpower67: bets $0.41
Alllisina: folds 
Uncalled bet ($0.41) returned to sunsetpower67
sunsetpower67 collected $0.41 from pot
sunsetpower67: doesn't show hand 
*** SUMMARY ***
Total pot $0.42 | Rake $0.01 
Board [2s As 5d Tc 9c]
Seat 1: sunsetpower67 collected ($0.41)
Seat 2: etienne16671 (button) folded before Flop (didn't bet)
Seat 3: Alllisina (small blind) folded on the River
Seat 4: Dorex2007 (big blind) folded on the Turn
Seat 6: dogzice folded before Flop (didn't bet)
Seat 7: Luigipok87 folded before Flop (didn't bet)
Seat 9: Dan strawman folded before Flop (didn't bet)



PokerStars Hand #232785552519:  Hold'em No Limit ($0.01/$0.02 USD) - 2022/01/03 11:49:21 PT [2022/01/03 14:49:21 ET]
Table 'Massinga V' 9-max Seat #3 is the button
Seat 1: sunsetpower67 ($2.23 in chips) 
Seat 2: etienne16671 ($7.71 in chips) 
Seat 3: Alllisina ($0.56 in chips) 
Seat 4: Dorex2007 ($2 in chips) 
Seat 5: Oranjewilla ($2 in chips) 
Seat 6: dogzice ($1.95 in chips) 
Seat 7: Luigipok87 ($0.98 in chips) 
Seat 9: Dan strawman ($2.20 in chips) 
Dorex2007: posts small blind $0.01
Oranjewilla: posts big blind $0.02
leopoker1: sits out 
*** HOLE CARDS ***
Dealt to Dorex2007 [Kd Ts]
dogzice: folds 
Luigipok87: folds 
Dan strawman: folds 
sunsetpower67: folds 
etienne16671 has timed out
etienne16671: folds 
Alllisina: folds 
Dorex2007: raises $0.04 to $0.06
Oranjewilla: folds 
Uncalled bet ($0.04) returned to Dorex2007
Dorex2007 collected $0.04 from pot
Dorex2007: doesn't show hand 
*** SUMMARY ***
Total pot $0.04 | Rake $0 
Seat 1: sunsetpower67 folded before Flop (didn't bet)
Seat 2: etienne16671 folded before Flop (didn't bet)
Seat 3: Alllisina (button) folded before Flop (didn't bet)
Seat 4: Dorex2007 (small blind) collected ($0.04)
Seat 5: Oranjewilla (big blind) folded before Flop
Seat 6: dogzice folded before Flop (didn't bet)
Seat 7: Luigipok87 folded before Flop (didn't bet)
Seat 9: Dan strawman folded before Flop (didn't bet)



PokerStars Hand #232785571539:  Hold'em No Limit ($0.01/$0.02 USD) - 2022/01/03 11:49:52 PT [2022/01/03 14:49:52 ET]
Table 'Massinga V' 9-max Seat #4 is the button
Seat 1: sunsetpower67 ($2.23 in chips) 
Seat 3: Alllisina ($1.36 in chips) 
Seat 4: Dorex2007 ($2.02 in chips) 
Seat 5: Oranjewilla ($1.98 in chips) 
Seat 6: dogzice ($1.95 in chips) 
Seat 7: Luigipok87 ($0.98 in chips) 
Seat 9: Dan strawman ($2.20 in chips) 
Oranjewilla: posts small blind $0.01
dogzice: posts big blind $0.02
leopoker1: sits out 
*** HOLE CARDS ***
Dealt to Dorex2007 [4h Kc]
Luigipok87: folds 
Dan strawman: raises $0.04 to $0.06
sunsetpower67: folds 
Alllisina: folds 
Dorex2007: folds 
Oranjewilla: folds 
dogzice: folds 
Uncalled bet ($0.04) returned to Dan strawman
Dan strawman collected $0.05 from pot
Dan strawman: doesn't show hand 
*** SUMMARY ***
Total pot $0.05 | Rake $0 
Seat 1: sunsetpower67 folded before Flop (didn't bet)
Seat 3: Alllisina folded before Flop (didn't bet)
Seat 4: Dorex2007 (button) folded before Flop (didn't bet)
Seat 5: Oranjewilla (small blind) folded before Flop
Seat 6: dogzice (big blind) folded before Flop
Seat 7: Luigipok87 folded before Flop (didn't bet)
Seat 9: Dan strawman collected ($0.05)



PokerStars Hand #232785583067:  Hold'em No Limit ($0.01/$0.02 USD) - 2022/01/03 11:50:11 PT [2022/01/03 14:50:11 ET]
Table 'Massinga V' 9-max Seat #5 is the button
Seat 1: sunsetpower67 ($2.23 in chips) 
Seat 2: etienne16671 ($7.71 in chips) 
Seat 3: Alllisina ($1.36 in chips) 
Seat 4: Dorex2007 ($2.02 in chips) 
Seat 5: Oranjewilla ($1.97 in chips) 
Seat 6: dogzice ($1.93 in chips) 
Seat 7: Luigipok87 ($0.98 in chips) 
Seat 9: Dan strawman ($2.23 in chips) 
dogzice: posts small blind $0.01
Luigipok87: posts big blind $0.02
leopoker1: sits out 
*** HOLE CARDS ***
Dealt to Dorex2007 [9d 3h]
Dan strawman: calls $0.02
sunsetpower67: folds 
etienne16671: raises $0.04 to $0.06
Alllisina: folds 
Dorex2007: folds 
Oranjewilla: folds 
dogzice: folds 
Luigipok87: folds 
Dan strawman: calls $0.04
*** FLOP *** [9c Jd Qh]
Dan strawman: checks 
etienne16671: checks 
*** TURN *** [9c Jd Qh] [Kd]
Dan strawman: checks 
etienne16671: checks 
*** RIVER *** [9c Jd Qh Kd] [6s]
Dan strawman: checks 
etienne16671: checks 
*** SHOW DOWN ***
Dan strawman: shows [Ks Js] (two pair, Kings and Jacks)
etienne16671: mucks hand 
Dan strawman collected $0.14 from pot
*** SUMMARY ***
Total pot $0.15 | Rake $0.01 
Board [9c Jd Qh Kd 6s]
Seat 1: sunsetpower67 folded before Flop (didn't bet)
Seat 2: etienne16671 mucked [7c 7d]
Seat 3: Alllisina folded before Flop (didn't bet)
Seat 4: Dorex2007 folded before Flop (didn't bet)
Seat 5: Oranjewilla (button) folded before Flop (didn't bet)
Seat 6: dogzice (small blind) folded before Flop
Seat 7: Luigipok87 (big blind) folded before Flop
Seat 9: Dan strawman showed [Ks Js] and won ($0.14) with two pair, Kings and Jacks



PokerStars Hand #232785617748:  Hold'em No Limit ($0.01/$0.02 USD) - 2022/01/03 11:51:08 PT [2022/01/03 14:51:08 ET]
Table 'Massinga V' 9-max Seat #6 is the button
Seat 1: sunsetpower67 ($2.23 in chips) 
Seat 2: etienne16671 ($7.65 in chips) 
Seat 3: Alllisina ($1.36 in chips) 
Seat 4: Dorex2007 ($2.02 in chips) 
Seat 5: Oranjewilla ($1.97 in chips) 
Seat 6: dogzice ($1.92 in chips) 
Seat 7: Luigipok87 ($0.96 in chips) 
Seat 8: leopoker1 ($2.14 in chips) 
Seat 9: Dan strawman ($2.31 in chips) 
Luigipok87: posts small blind $0.01
leopoker1: posts big blind $0.02
*** HOLE CARDS ***
Dealt to Dorex2007 [Js Ks]
Dan strawman: folds 
sunsetpower67: calls $0.02
etienne16671: folds 
Alllisina: folds 
Dorex2007: folds 
Oranjewilla: folds 
dogzice: folds 
Luigipok87: folds 
leopoker1: checks 
*** FLOP *** [Qd 3h 6c]
leopoker1: checks 
sunsetpower67: bets $0.04
leopoker1: calls $0.04
*** TURN *** [Qd 3h 6c] [8d]
leopoker1: checks 
sunsetpower67: bets $0.06
leopoker1: calls $0.06
*** RIVER *** [Qd 3h 6c 8d] [As]
leopoker1: checks 
sunsetpower67: bets $0.14
leopoker1: folds 
Uncalled bet ($0.14) returned to sunsetpower67
sunsetpower67 collected $0.24 from pot
sunsetpower67: doesn't show hand 
*** SUMMARY ***
Total pot $0.25 | Rake $0.01 
Board [Qd 3h 6c 8d As]
Seat 1: sunsetpower67 collected ($0.24)
Seat 2: etienne16671 folded before Flop (didn't bet)
Seat 3: Alllisina folded before Flop (didn't bet)
Seat 4: Dorex2007 folded before Flop (didn't bet)
Seat 5: Oranjewilla folded before Flop (didn't bet)
Seat 6: dogzice (button) folded before Flop (didn't bet)
Seat 7: Luigipok87 (small blind) folded before Flop
Seat 8: leopoker1 (big blind) folded on the River
Seat 9: Dan strawman folded before Flop (didn't bet)



PokerStars Hand #232785651042:  Hold'em No Limit ($0.01/$0.02 USD) - 2022/01/03 11:52:02 PT [2022/01/03 14:52:02 ET]
Table 'Massinga V' 9-max Seat #7 is the button
Seat 1: sunsetpower67 ($2.35 in chips) 
Seat 2: etienne16671 ($7.65 in chips) 
Seat 3: Alllisina ($1.36 in chips) 
Seat 4: Dorex2007 ($2.02 in chips) 
Seat 5: Oranjewilla ($1.97 in chips) 
Seat 6: dogzice ($1.92 in chips) 
Seat 7: Luigipok87 ($0.95 in chips) 
Seat 8: leopoker1 ($2.02 in chips) 
Seat 9: Dan strawman ($2.31 in chips) 
leopoker1: posts small blind $0.01
Dan strawman: posts big blind $0.02
*** HOLE CARDS ***
Dealt to Dorex2007 [Td 3c]
sunsetpower67: calls $0.02
etienne16671: folds 
Alllisina: folds 
Dorex2007: folds 
Oranjewilla: calls $0.02
dogzice: calls $0.02
Luigipok87: calls $0.02
leopoker1: raises $0.16 to $0.18
Dan strawman: folds 
sunsetpower67: calls $0.16
Oranjewilla: calls $0.16
dogzice: folds 
Luigipok87: calls $0.16
*** FLOP *** [Th 7h 3s]
leopoker1: bets $0.52
sunsetpower67: raises $1.65 to $2.17 and is all-in
Oranjewilla: folds 
Luigipok87: folds 
leopoker1: calls $1.32 and is all-in
Uncalled bet ($0.33) returned to sunsetpower67
*** TURN *** [Th 7h 3s] [7d]
*** RIVER *** [Th 7h 3s 7d] [2s]
*** SHOW DOWN ***
leopoker1: shows [Jh Jd] (two pair, Jacks and Sevens)
sunsetpower67: shows [Qs Tc] (two pair, Tens and Sevens)
leopoker1 collected $4.28 from pot
sunsetpower67 cashed out the hand for $0.81 | Cash Out Fee $0.01
*** SUMMARY ***
Total pot $4.44 | Rake $0.16 
Board [Th 7h 3s 7d 2s]
Seat 1: sunsetpower67 showed [Qs Tc] and lost with two pair, Tens and Sevens (cashed out).
Seat 2: etienne16671 folded before Flop (didn't bet)
Seat 3: Alllisina folded before Flop (didn't bet)
Seat 4: Dorex2007 folded before Flop (didn't bet)
Seat 5: Oranjewilla folded on the Flop
Seat 6: dogzice folded before Flop
Seat 7: Luigipok87 (button) folded on the Flop
Seat 8: leopoker1 (small blind) showed [Jh Jd] and won ($4.28) with two pair, Jacks and Sevens
Seat 9: Dan strawman (big blind) folded before Flop



PokerStars Hand #232785694015:  Hold'em No Limit ($0.01/$0.02 USD) - 2022/01/03 11:53:12 PT [2022/01/03 14:53:12 ET]
Table 'Massinga V' 9-max Seat #8 is the button
Seat 1: sunsetpower67 ($1.14 in chips) 
Seat 2: etienne16671 ($7.65 in chips) 
Seat 3: Alllisina ($1.36 in chips) 
Seat 4: Dorex2007 ($2.02 in chips) 
Seat 5: Oranjewilla ($1.79 in chips) 
Seat 6: dogzice ($1.90 in chips) 
Seat 7: Luigipok87 ($0.77 in chips) 
Seat 8: leopoker1 ($4.28 in chips) 
Seat 9: Dan strawman ($2.29 in chips) 
Dan strawman: posts small blind $0.01
sunsetpower67: posts big blind $0.02
*** HOLE CARDS ***
Dealt to Dorex2007 [Qd 7d]
etienne16671: folds 
Alllisina: folds 
Dorex2007: folds 
Oranjewilla: calls $0.02
dogzice: folds 
Luigipok87: calls $0.02
leopoker1: folds 
Dan strawman: calls $0.01
sunsetpower67: checks 
*** FLOP *** [6d 9d Tc]
Dan strawman: bets $0.06
sunsetpower67: calls $0.06
Oranjewilla: folds 
Luigipok87: folds 
*** TURN *** [6d 9d Tc] [2s]
Dan strawman: bets $0.11
sunsetpower67: calls $0.11
*** RIVER *** [6d 9d Tc 2s] [9h]
Dan strawman: checks 
sunsetpower67: bets $0.41
Dan strawman: folds 
Uncalled bet ($0.41) returned to sunsetpower67
sunsetpower67 collected $0.41 from pot
sunsetpower67: doesn't show hand 
*** SUMMARY ***
Total pot $0.42 | Rake $0.01 
Board [6d 9d Tc 2s 9h]
Seat 1: sunsetpower67 (big blind) collected ($0.41)
Seat 2: etienne16671 folded before Flop (didn't bet)
Seat 3: Alllisina folded before Flop (didn't bet)
Seat 4: Dorex2007 folded before Flop (didn't bet)
Seat 5: Oranjewilla folded on the Flop
Seat 6: dogzice folded before Flop (didn't bet)
Seat 7: Luigipok87 folded on the Flop
Seat 8: leopoker1 (button) folded before Flop (didn't bet)
Seat 9: Dan strawman (small blind) folded on the River



PokerStars Hand #232785729769:  Hold'em No Limit ($0.01/$0.02 USD) - 2022/01/03 11:54:11 PT [2022/01/03 14:54:11 ET]
Table 'Massinga V' 9-max Seat #9 is the button
Seat 1: sunsetpower67 ($1.36 in chips) 
Seat 2: etienne16671 ($7.65 in chips) 
Seat 3: Alllisina ($1.36 in chips) 
Seat 4: Dorex2007 ($2.02 in chips) 
Seat 5: Oranjewilla ($1.77 in chips) 
Seat 6: dogzice ($1.90 in chips) 
Seat 7: Luigipok87 ($0.75 in chips) 
Seat 8: leopoker1 ($4.28 in chips) 
Seat 9: Dan strawman ($2.10 in chips) 
sunsetpower67: posts small blind $0.01
etienne16671: posts big blind $0.02
*** HOLE CARDS ***
Dealt to Dorex2007 [4s Kd]
Alllisina: calls $0.02
Dorex2007: folds 
Oranjewilla: calls $0.02
dogzice: folds 
Luigipok87: calls $0.02
leopoker1: calls $0.02
Dan strawman: folds 
sunsetpower67: calls $0.01
etienne16671: folds 
*** FLOP *** [7s Jh 5d]
etienne16671 leaves the table
sunsetpower67: checks 
Alllisina: checks 
Oranjewilla: bets $0.06
Luigipok87: folds 
leopoker1: folds 
sunsetpower67: folds 
Alllisina: folds 
Uncalled bet ($0.06) returned to Oranjewilla
Oranjewilla collected $0.12 from pot
*** SUMMARY ***
Total pot $0.12 | Rake $0 
Board [7s Jh 5d]
Seat 1: sunsetpower67 (small blind) folded on the Flop
Seat 2: etienne16671 (big blind) folded before Flop
Seat 3: Alllisina folded on the Flop
Seat 4: Dorex2007 folded before Flop (didn't bet)
Seat 5: Oranjewilla collected ($0.12)
Seat 6: dogzice folded before Flop (didn't bet)
Seat 7: Luigipok87 folded on the Flop
Seat 8: leopoker1 folded on the Flop
Seat 9: Dan strawman (button) folded before Flop (didn't bet)



PokerStars Hand #232785762945:  Hold'em No Limit ($0.01/$0.02 USD) - 2022/01/03 11:55:07 PT [2022/01/03 14:55:07 ET]
Table 'Massinga V' 9-max Seat #1 is the button
Seat 1: sunsetpower67 ($1.34 in chips) 
Seat 4: Dorex2007 ($2.02 in chips) 
Seat 5: Oranjewilla ($1.87 in chips) 
Seat 6: dogzice ($1.90 in chips) 
Seat 7: Luigipok87 ($0.73 in chips) 
Seat 8: leopoker1 ($4.26 in chips) 
Seat 9: Dan strawman ($2.10 in chips) 
Dorex2007: posts small blind $0.01
Oranjewilla: posts big blind $0.02
*** HOLE CARDS ***
Dealt to Dorex2007 [9s Ks]
dogzice: raises $0.06 to $0.08
Luigipok87: folds 
attila225 joins the table at seat #2 
leopoker1: folds 
Dan strawman has timed out
Dan strawman: folds 
sunsetpower67: folds 
Dorex2007: folds 
Oranjewilla: calls $0.06
*** FLOP *** [8h Ah Qh]
Oranjewilla: checks 
dogzice: bets $0.16
Oranjewilla: folds 
Uncalled bet ($0.16) returned to dogzice
dogzice collected $0.16 from pot
dogzice: doesn't show hand 
*** SUMMARY ***
Total pot $0.17 | Rake $0.01 
Board [8h Ah Qh]
Seat 1: sunsetpower67 (button) folded before Flop (didn't bet)
Seat 4: Dorex2007 (small blind) folded before Flop
Seat 5: Oranjewilla (big blind) folded on the Flop
Seat 6: dogzice collected ($0.16)
Seat 7: Luigipok87 folded before Flop (didn't bet)
Seat 8: leopoker1 folded before Flop (didn't bet)
Seat 9: Dan strawman folded before Flop (didn't bet)



PokerStars Hand #232785785023:  Hold'em No Limit ($0.01/$0.02 USD) - 2022/01/03 11:55:59 PT [2022/01/03 14:55:59 ET]
Table 'Massinga V' 9-max Seat #4 is the button
Seat 1: sunsetpower67 ($1.34 in chips) 
Seat 4: Dorex2007 ($2.01 in chips) 
Seat 5: Oranjewilla ($1.79 in chips) 
Seat 6: dogzice ($1.98 in chips) 
Seat 7: Luigipok87 ($0.73 in chips) 
Seat 8: leopoker1 ($4.26 in chips) 
Oranjewilla: posts small blind $0.01
dogzice: posts big blind $0.02
attila225: sits out 
*** HOLE CARDS ***
Dealt to Dorex2007 [Ts Ad]
Luigipok87: calls $0.02
leopoker1: folds 
sunsetpower67: calls $0.02
Dorex2007: calls $0.02
Oranjewilla: calls $0.01
dogzice: checks 
*** FLOP *** [Ah 8c 6h]
Oranjewilla: checks 
dogzice: checks 
Luigipok87: checks 
sunsetpower67: checks 
Dorex2007: bets $0.10
Oranjewilla: folds 
dogzice: folds 
Luigipok87: folds 
sunsetpower67: folds 
Uncalled bet ($0.10) returned to Dorex2007
Dorex2007 collected $0.10 from pot
Dorex2007: doesn't show hand 
*** SUMMARY ***
Total pot $0.10 | Rake $0 
Board [Ah 8c 6h]
Seat 1: sunsetpower67 folded on the Flop
Seat 4: Dorex2007 (button) collected ($0.10)
Seat 5: Oranjewilla (small blind) folded on the Flop
Seat 6: dogzice (big blind) folded on the Flop
Seat 7: Luigipok87 folded on the Flop
Seat 8: leopoker1 folded before Flop (didn't bet)



PokerStars Hand #232785809336:  Hold'em No Limit ($0.01/$0.02 USD) - 2022/01/03 11:56:55 PT [2022/01/03 14:56:55 ET]
Table 'Massinga V' 9-max Seat #5 is the button
Seat 1: sunsetpower67 ($1.32 in chips) 
Seat 4: Dorex2007 ($2.09 in chips) 
Seat 5: Oranjewilla ($1.77 in chips) 
Seat 6: dogzice ($1.96 in chips) 
Seat 7: Luigipok87 ($0.71 in chips) 
Seat 8: leopoker1 ($4.26 in chips) 
dogzice: posts small blind $0.01
Luigipok87: posts big blind $0.02
attila225: sits out 
*** HOLE CARDS ***
Dealt to Dorex2007 [4d Qs]
leopoker1: folds 
sunsetpower67: calls $0.02
Dorex2007: folds 
Oranjewilla: calls $0.02
dogzice: calls $0.01
Luigipok87: checks 
*** FLOP *** [Jd 6h 3h]
dogzice: checks 
Luigipok87: checks 
sunsetpower67: checks 
Oranjewilla: bets $0.08
dogzice: folds 
Luigipok87: raises $0.08 to $0.16
sunsetpower67: folds 
Oranjewilla: calls $0.08
*** TURN *** [Jd 6h 3h] [8s]
Luigipok87: bets $0.53 and is all-in
Oranjewilla: calls $0.53
*** RIVER *** [Jd 6h 3h 8s] [8c]
*** SHOW DOWN ***
Luigipok87: shows [6d Jc] (two pair, Jacks and Eights)
Oranjewilla: shows [5h Ah] (a pair of Eights)
Luigipok87 cashed out the hand for $1.15 | Cash Out Fee $0.01
*** SUMMARY ***
Total pot $1.46 | Rake $0.05 
Board [Jd 6h 3h 8s 8c]
Seat 1: sunsetpower67 folded on the Flop
Seat 4: Dorex2007 folded before Flop (didn't bet)
Seat 5: Oranjewilla (button) showed [5h Ah] and lost with a pair of Eights
Seat 6: dogzice (small blind) folded on the Flop
Seat 7: Luigipok87 (big blind) showed [6d Jc] and won ($1.41) with two pair, Jacks and Eights (pot not awarded as player cashed out)
Seat 8: leopoker1 folded before Flop (didn't bet)



PokerStars Hand #232785839333:  Hold'em No Limit ($0.01/$0.02 USD) - 2022/01/03 11:58:04 PT [2022/01/03 14:58:04 ET]
Table 'Massinga V' 9-max Seat #6 is the button
Seat 1: sunsetpower67 ($1.30 in chips) 
Seat 4: Dorex2007 ($2.09 in chips) 
Seat 5: Oranjewilla ($1.06 in chips) 
Seat 6: dogzice ($1.94 in chips) 
Seat 7: Luigipok87 ($1.15 in chips) 
Seat 8: leopoker1 ($4.26 in chips) 
Luigipok87: posts small blind $0.01
leopoker1: posts big blind $0.02
attila225: sits out 
*** HOLE CARDS ***
Dealt to Dorex2007 [6s 7s]
sunsetpower67 has timed out
sunsetpower67: folds 
Dorex2007: folds 
Oranjewilla: folds 
dogzice: folds 
Luigipok87: calls $0.01
leopoker1: checks 
*** FLOP *** [2h 9s Ad]
Luigipok87: checks 
leopoker1: checks 
*** TURN *** [2h 9s Ad] [9d]
Luigipok87: bets $0.02
leopoker1: folds 
Uncalled bet ($0.02) returned to Luigipok87
Luigipok87 collected $0.04 from pot
Luigipok87: doesn't show hand 
*** SUMMARY ***
Total pot $0.04 | Rake $0 
Board [2h 9s Ad 9d]
Seat 1: sunsetpower67 folded before Flop (didn't bet)
Seat 4: Dorex2007 folded before Flop (didn't bet)
Seat 5: Oranjewilla folded before Flop (didn't bet)
Seat 6: dogzice (button) folded before Flop (didn't bet)
Seat 7: Luigipok87 (small blind) collected ($0.04)
Seat 8: leopoker1 (big blind) folded on the Turn



PokerStars Hand #232785878797:  Hold'em No Limit ($0.01/$0.02 USD) - 2022/01/03 11:58:58 PT [2022/01/03 14:58:58 ET]
Table 'Massinga V' 9-max Seat #7 is the button
Seat 1: sunsetpower67 ($1.30 in chips) 
Seat 3: Alllisina ($1.34 in chips) 
Seat 4: Dorex2007 ($2.09 in chips) 
Seat 5: Oranjewilla ($1.06 in chips) 
Seat 6: dogzice ($1.94 in chips) 
Seat 7: Luigipok87 ($1.17 in chips) 
Seat 8: leopoker1 ($4.24 in chips) 
Seat 9: Dan strawman ($2.10 in chips) 
leopoker1: posts small blind $0.01
Dan strawman: posts big blind $0.02
attila225: sits out 
Alllisina: posts small blind $0.01
*** HOLE CARDS ***
Dealt to Dorex2007 [Qs Qc]
sunsetpower67: calls $0.02
Alllisina: folds 
Dorex2007: raises $0.10 to $0.12
Oranjewilla: calls $0.12
dogzice: folds 
Luigipok87: folds 
leopoker1: folds 
Dan strawman: calls $0.10
sunsetpower67: calls $0.10
*** FLOP *** [Ah Jh Qd]
Dan strawman: checks 
sunsetpower67: checks 
Dorex2007: bets $1.97 and is all-in
Oranjewilla: calls $0.94 and is all-in
Dan strawman: folds 
sunsetpower67: folds 
Uncalled bet ($1.03) returned to Dorex2007
*** TURN *** [Ah Jh Qd] [Th]
*** RIVER *** [Ah Jh Qd Th] [2d]
*** SHOW DOWN ***
Dorex2007: shows [Qs Qc] (three of a kind, Queens)
Oranjewilla: shows [7s Ad] (a pair of Aces)
Dorex2007 cashed out the hand for $2.24 | Cash Out Fee $0.02
*** SUMMARY ***
Total pot $2.38 | Rake $0.08 
Board [Ah Jh Qd Th 2d]
Seat 1: sunsetpower67 folded on the Flop
Seat 3: Alllisina folded before Flop (didn't bet)
Seat 4: Dorex2007 showed [Qs Qc] and won ($2.30) with three of a kind, Queens (pot not awarded as player cashed out)
Seat 5: Oranjewilla showed [7s Ad] and lost with a pair of Aces
Seat 6: dogzice folded before Flop (didn't bet)
Seat 7: Luigipok87 (button) folded before Flop (didn't bet)
Seat 8: leopoker1 (small blind) folded before Flop
Seat 9: Dan strawman (big blind) folded on the Flop



PokerStars Hand #232785910429:  Hold'em No Limit ($0.01/$0.02 USD) - 2022/01/03 12:00:10 PT [2022/01/03 15:00:10 ET]
Table 'Massinga V' 9-max Seat #8 is the button
Seat 1: sunsetpower67 ($1.18 in chips) 
Seat 3: Alllisina ($1.33 in chips) 
Seat 4: Dorex2007 ($3.27 in chips) 
Seat 6: dogzice ($1.94 in chips) 
Seat 7: Luigipok87 ($1.17 in chips) 
Seat 8: leopoker1 ($4.23 in chips) 
Seat 9: Dan strawman ($1.98 in chips) 
Dan strawman: posts small blind $0.01
sunsetpower67: posts big blind $0.02
attila225: sits out 
*** HOLE CARDS ***
Dealt to Dorex2007 [Qh 4h]
Alllisina: calls $0.02
Dorex2007: folds 
dogzice: folds 
Luigipok87: folds 
leopoker1: folds 
Dan strawman: raises $0.04 to $0.06
sunsetpower67: calls $0.04
Alllisina: calls $0.04
*** FLOP *** [Ad Kc As]
Dan strawman: checks 
sunsetpower67: bets $0.04
Alllisina: folds 
Dan strawman: calls $0.04
*** TURN *** [Ad Kc As] [3d]
Dan strawman: checks 
sunsetpower67: bets $0.10
Dan strawman: raises $0.31 to $0.41
sunsetpower67: raises $0.67 to $1.08 and is all-in
Dan strawman: calls $0.67
*** RIVER *** [Ad Kc As 3d] [5h]
*** SHOW DOWN ***
Dan strawman: shows [Ac 7d] (three of a kind, Aces)
sunsetpower67: shows [9c Kd] (two pair, Aces and Kings)
Dan strawman collected $2.34 from pot
*** SUMMARY ***
Total pot $2.42 | Rake $0.08 
Board [Ad Kc As 3d 5h]
Seat 1: sunsetpower67 (big blind) showed [9c Kd] and lost with two pair, Aces and Kings
Seat 3: Alllisina folded on the Flop
Seat 4: Dorex2007 folded before Flop (didn't bet)
Seat 6: dogzice folded before Flop (didn't bet)
Seat 7: Luigipok87 folded before Flop (didn't bet)
Seat 8: leopoker1 (button) folded before Flop (didn't bet)
Seat 9: Dan strawman (small blind) showed [Ac 7d] and won ($2.34) with three of a kind, Aces



PokerStars Hand #232785959398:  Hold'em No Limit ($0.01/$0.02 USD) - 2022/01/03 12:01:47 PT [2022/01/03 15:01:47 ET]
Table 'Massinga V' 9-max Seat #9 is the button
Seat 3: Alllisina ($1.27 in chips) 
Seat 4: Dorex2007 ($3.27 in chips) 
Seat 5: Oranjewilla ($1.09 in chips) 
Seat 6: dogzice ($1.94 in chips) 
Seat 7: Luigipok87 ($1.17 in chips) 
Seat 8: leopoker1 ($4.23 in chips) 
Seat 9: Dan strawman ($3.14 in chips) 
Alllisina: posts small blind $0.01
Dorex2007: posts big blind $0.02
*** HOLE CARDS ***
Dealt to Dorex2007 [Jc Td]
Oranjewilla: folds 
dogzice: folds 
Luigipok87: raises $0.02 to $0.04
leopoker1: calls $0.04
Dan strawman: folds 
Alllisina: calls $0.03
Dorex2007: folds 
*** FLOP *** [Qh 7h 8h]
Alllisina: checks 
Luigipok87: checks 
leopoker1: checks 
*** TURN *** [Qh 7h 8h] [Tc]
Alllisina: bets $0.02
Luigipok87: calls $0.02
leopoker1: folds 
*** RIVER *** [Qh 7h 8h Tc] [Qs]
Alllisina: bets $0.02
Luigipok87: calls $0.02
*** SHOW DOWN ***
Alllisina: shows [2d 7s] (two pair, Queens and Sevens)
Luigipok87: shows [Qc Kc] (three of a kind, Queens)
Luigipok87 collected $0.21 from pot
*** SUMMARY ***
Total pot $0.22 | Rake $0.01 
Board [Qh 7h 8h Tc Qs]
Seat 3: Alllisina (small blind) showed [2d 7s] and lost with two pair, Queens and Sevens
Seat 4: Dorex2007 (big blind) folded before Flop
Seat 5: Oranjewilla folded before Flop (didn't bet)
Seat 6: dogzice folded before Flop (didn't bet)
Seat 7: Luigipok87 showed [Qc Kc] and won ($0.21) with three of a kind, Queens
Seat 8: leopoker1 folded on the Turn
Seat 9: Dan strawman (button) folded before Flop (didn't bet)



PokerStars Hand #232785981849:  Hold'em No Limit ($0.01/$0.02 USD) - 2022/01/03 12:02:25 PT [2022/01/03 15:02:25 ET]
Table 'Massinga V' 9-max Seat #3 is the button
Seat 1: sunsetpower67 ($2 in chips) 
Seat 3: Alllisina ($1.19 in chips) 
Seat 4: Dorex2007 ($3.25 in chips) 
Seat 5: Oranjewilla ($1.09 in chips) 
Seat 6: dogzice ($1.94 in chips) 
Seat 7: Luigipok87 ($1.30 in chips) 
Seat 8: leopoker1 ($4.19 in chips) 
Seat 9: Dan strawman ($3.14 in chips) 
Dorex2007: posts small blind $0.01
Oranjewilla: posts big blind $0.02
sunsetpower67: posts small blind $0.01
attila225: sits out 
*** HOLE CARDS ***
Dealt to Dorex2007 [Ac 4s]
dogzice: folds 
Luigipok87: folds 
leopoker1: raises $0.04 to $0.06
Dan strawman: folds 
sunsetpower67: folds 
Alllisina: folds 
Dorex2007: folds 
Oranjewilla: calls $0.04
*** FLOP *** [4d Jc 3c]
Oranjewilla: checks 
leopoker1: bets $0.09
Oranjewilla: calls $0.09
*** TURN *** [4d Jc 3c] [6d]
Oranjewilla: checks 
leopoker1: bets $0.24
Oranjewilla: raises $0.70 to $0.94 and is all-in
leopoker1: calls $0.70
*** RIVER *** [4d Jc 3c 6d] [Td]
*** SHOW DOWN ***
Oranjewilla: shows [3d 3s] (three of a kind, Threes)
leopoker1: shows [Ks Kh] (a pair of Kings)
Oranjewilla collected $2.10 from pot
*** SUMMARY ***
Total pot $2.20 | Rake $0.10 
Board [4d Jc 3c 6d Td]
Seat 1: sunsetpower67 folded before Flop (didn't bet)
Seat 3: Alllisina (button) folded before Flop (didn't bet)
Seat 4: Dorex2007 (small blind) folded before Flop
Seat 5: Oranjewilla (big blind) showed [3d 3s] and won ($2.10) with three of a kind, Threes
Seat 6: dogzice folded before Flop (didn't bet)
Seat 7: Luigipok87 folded before Flop (didn't bet)
Seat 8: leopoker1 showed [Ks Kh] and lost with a pair of Kings
Seat 9: Dan strawman folded before Flop (didn't bet)



PokerStars Hand #232786018730:  Hold'em No Limit ($0.01/$0.02 USD) - 2022/01/03 12:03:27 PT [2022/01/03 15:03:27 ET]
Table 'Massinga V' 9-max Seat #4 is the button
Seat 1: sunsetpower67 ($1.99 in chips) 
Seat 3: Alllisina ($1.19 in chips) 
Seat 4: Dorex2007 ($3.24 in chips) 
Seat 5: Oranjewilla ($2.10 in chips) 
Seat 7: Luigipok87 ($1.30 in chips) 
Seat 8: leopoker1 ($3.10 in chips) 
Seat 9: Dan strawman ($3.14 in chips) 
Oranjewilla: posts small blind $0.01
dogzice: is sitting out 
dogzice leaves the table
Luigipok87: posts big blind $0.02
attila225: sits out 
*** HOLE CARDS ***
Dealt to Dorex2007 [7s 2c]
leopoker1: folds 
Dan strawman: folds 
panKastus joins the table at seat #6 
sunsetpower67: calls $0.02
Alllisina: folds 
Dorex2007: folds 
Oranjewilla: calls $0.01
Luigipok87: checks 
*** FLOP *** [Tc Qh 6h]
Oranjewilla: checks 
Luigipok87: checks 
sunsetpower67: checks 
*** TURN *** [Tc Qh 6h] [2h]
Oranjewilla: checks 
Luigipok87: checks 
sunsetpower67: bets $0.06
Oranjewilla: calls $0.06
Luigipok87: folds 
*** RIVER *** [Tc Qh 6h 2h] [Ah]
Oranjewilla: checks 
sunsetpower67: checks 
*** SHOW DOWN ***
Oranjewilla: shows [Qs 9c] (a pair of Queens)
sunsetpower67: shows [6d 6s] (three of a kind, Sixes)
sunsetpower67 collected $0.17 from pot
*** SUMMARY ***
Total pot $0.18 | Rake $0.01 
Board [Tc Qh 6h 2h Ah]
Seat 1: sunsetpower67 showed [6d 6s] and won ($0.17) with three of a kind, Sixes
Seat 3: Alllisina folded before Flop (didn't bet)
Seat 4: Dorex2007 (button) folded before Flop (didn't bet)
Seat 5: Oranjewilla (small blind) showed [Qs 9c] and lost with a pair of Queens
Seat 7: Luigipok87 (big blind) folded on the Turn
Seat 8: leopoker1 folded before Flop (didn't bet)
Seat 9: Dan strawman folded before Flop (didn't bet)



PokerStars Hand #232786050230:  Hold'em No Limit ($0.01/$0.02 USD) - 2022/01/03 12:04:18 PT [2022/01/03 15:04:18 ET]
Table 'Massinga V' 9-max Seat #5 is the button
Seat 1: sunsetpower67 ($2.08 in chips) 
Seat 3: Alllisina ($1.19 in chips) 
Seat 4: Dorex2007 ($3.24 in chips) 
Seat 5: Oranjewilla ($2.02 in chips) 
Seat 7: Luigipok87 ($1.28 in chips) 
Seat 8: leopoker1 ($3.10 in chips) 
Seat 9: Dan strawman ($3.14 in chips) 
Luigipok87: posts small blind $0.01
leopoker1: posts big blind $0.02
attila225: sits out 
*** HOLE CARDS ***
Dealt to Dorex2007 [4s As]
Dan strawman: folds 
sunsetpower67: folds 
Alllisina: folds 
Dorex2007: raises $0.02 to $0.04
Oranjewilla: calls $0.04
Luigipok87: folds 
leopoker1: folds 
*** FLOP *** [3d 9d 7d]
Dorex2007: checks 
Oranjewilla: checks 
*** TURN *** [3d 9d 7d] [Th]
Dorex2007: bets $0.07
Oranjewilla: folds 
Uncalled bet ($0.07) returned to Dorex2007
Dorex2007 collected $0.11 from pot
Dorex2007: doesn't show hand 
*** SUMMARY ***
Total pot $0.11 | Rake $0 
Board [3d 9d 7d Th]
Seat 1: sunsetpower67 folded before Flop (didn't bet)
Seat 3: Alllisina folded before Flop (didn't bet)
Seat 4: Dorex2007 collected ($0.11)
Seat 5: Oranjewilla (button) folded on the Turn
Seat 7: Luigipok87 (small blind) folded before Flop
Seat 8: leopoker1 (big blind) folded before Flop
Seat 9: Dan strawman folded before Flop (didn't bet)



PokerStars Hand #232786078814:  Hold'em No Limit ($0.01/$0.02 USD) - 2022/01/03 12:05:03 PT [2022/01/03 15:05:03 ET]
Table 'Massinga V' 9-max Seat #7 is the button
Seat 1: sunsetpower67 ($2.08 in chips) 
Seat 3: Alllisina ($1.19 in chips) 
Seat 4: Dorex2007 ($3.31 in chips) 
Seat 5: Oranjewilla ($1.98 in chips) 
Seat 7: Luigipok87 ($1.27 in chips) 
Seat 8: leopoker1 ($3.08 in chips) 
Seat 9: Dan strawman ($3.14 in chips) 
leopoker1: posts small blind $0.01
Dan strawman: posts big blind $0.02
attila225: sits out 
panKastus: sits out 
*** HOLE CARDS ***
Dealt to Dorex2007 [Qs 3c]
sunsetpower67: folds 
Alllisina: calls $0.02
Dorex2007: folds 
Oranjewilla: calls $0.02
Luigipok87: raises $0.02 to $0.04
sunsetpower67 leaves the table
Mengual84 joins the table at seat #1 
leopoker1 has timed out
leopoker1: folds 
Dan strawman: calls $0.02
Alllisina: calls $0.02
Oranjewilla: calls $0.02
*** FLOP *** [5d 5h 4h]
Dan strawman: checks 
Alllisina: checks 
Oranjewilla: bets $0.16
Luigipok87: folds 
Dan strawman: folds 
Alllisina: folds 
Uncalled bet ($0.16) returned to Oranjewilla
Oranjewilla collected $0.16 from pot
*** SUMMARY ***
Total pot $0.17 | Rake $0.01 
Board [5d 5h 4h]
Seat 1: sunsetpower67 folded before Flop (didn't bet)
Seat 3: Alllisina folded on the Flop
Seat 4: Dorex2007 folded before Flop (didn't bet)
Seat 5: Oranjewilla collected ($0.16)
Seat 7: Luigipok87 (button) folded on the Flop
Seat 8: leopoker1 (small blind) folded before Flop
Seat 9: Dan strawman (big blind) folded on the Flop



PokerStars Hand #232786325269:  Hold'em No Limit ($0.01/$0.02 USD) - 2022/01/03 12:11:21 PT [2022/01/03 15:11:21 ET]
Table 'Massinga V' 9-max Seat #5 is the button
Seat 1: Mengual84 ($2.92 in chips) 
Seat 2: attila225 ($0.77 in chips) 
Seat 3: Alllisina ($1.44 in chips) 
Seat 4: Dorex2007 ($3.31 in chips) 
Seat 5: Oranjewilla ($1.85 in chips) 
Seat 6: panKastus ($1.98 in chips) 
Seat 7: 1 Baro ($1.54 in chips) 
Seat 8: leopoker1 ($2.65 in chips) 
Seat 9: Dan strawman ($2.85 in chips) 
panKastus: posts small blind $0.01
1 Baro: posts big blind $0.02
Dorex2007: posts small & big blinds $0.03
*** HOLE CARDS ***
Dealt to Dorex2007 [5c 9c]
leopoker1: folds 
Dan strawman: folds 
Mengual84: folds 
attila225: folds 
Alllisina: folds 
Dorex2007: checks 
Oranjewilla: raises $0.06 to $0.08
panKastus: folds 
1 Baro: folds 
Dorex2007: folds 
Uncalled bet ($0.06) returned to Oranjewilla
Oranjewilla collected $0.08 from pot
*** SUMMARY ***
Total pot $0.08 | Rake $0 
Seat 1: Mengual84 folded before Flop (didn't bet)
Seat 2: attila225 folded before Flop (didn't bet)
Seat 3: Alllisina folded before Flop (didn't bet)
Seat 4: Dorex2007 folded before Flop (didn't bet)
Seat 5: Oranjewilla (button) collected ($0.08)
Seat 6: panKastus (small blind) folded before Flop
Seat 7: 1 Baro (big blind) folded before Flop
Seat 8: leopoker1 folded before Flop (didn't bet)
Seat 9: Dan strawman folded before Flop (didn't bet)



PokerStars Hand #232786352080:  Hold'em No Limit ($0.01/$0.02 USD) - 2022/01/03 12:12:03 PT [2022/01/03 15:12:03 ET]
Table 'Massinga V' 9-max Seat #6 is the button
Seat 1: Mengual84 ($2.92 in chips) 
Seat 2: attila225 ($0.77 in chips) 
Seat 3: Alllisina ($1.44 in chips) 
Seat 4: Dorex2007 ($3.28 in chips) 
Seat 5: Oranjewilla ($1.91 in chips) 
Seat 6: panKastus ($1.97 in chips) 
Seat 7: 1 Baro ($1.52 in chips) 
Seat 8: leopoker1 ($2.65 in chips) 
Seat 9: Dan strawman ($2.85 in chips) 
1 Baro: posts small blind $0.01
leopoker1: posts big blind $0.02
*** HOLE CARDS ***
Dealt to Dorex2007 [Th Qh]
Dan strawman: folds 
Mengual84: folds 
attila225: folds 
Alllisina: folds 
Dorex2007: folds 
Oranjewilla: calls $0.02
panKastus: folds 
1 Baro: calls $0.01
leopoker1: checks 
*** FLOP *** [Td Tc Ac]
1 Baro: bets $0.02
leopoker1: folds 
Oranjewilla: calls $0.02
*** TURN *** [Td Tc Ac] [9c]
1 Baro: bets $0.05
Oranjewilla: raises $0.05 to $0.10
1 Baro: calls $0.05
*** RIVER *** [Td Tc Ac 9c] [5c]
1 Baro: bets $0.14
Oranjewilla: folds 
Uncalled bet ($0.14) returned to 1 Baro
1 Baro collected $0.29 from pot
1 Baro: doesn't show hand 
*** SUMMARY ***
Total pot $0.30 | Rake $0.01 
Board [Td Tc Ac 9c 5c]
Seat 1: Mengual84 folded before Flop (didn't bet)
Seat 2: attila225 folded before Flop (didn't bet)
Seat 3: Alllisina folded before Flop (didn't bet)
Seat 4: Dorex2007 folded before Flop (didn't bet)
Seat 5: Oranjewilla folded on the River
Seat 6: panKastus (button) folded before Flop (didn't bet)
Seat 7: 1 Baro (small blind) collected ($0.29)
Seat 8: leopoker1 (big blind) folded on the Flop
Seat 9: Dan strawman folded before Flop (didn't bet)



PokerStars Hand #232786392114:  Hold'em No Limit ($0.01/$0.02 USD) - 2022/01/03 12:13:04 PT [2022/01/03 15:13:04 ET]
Table 'Massinga V' 9-max Seat #7 is the button
Seat 1: Mengual84 ($2.92 in chips) 
Seat 2: attila225 ($0.77 in chips) 
Seat 3: Alllisina ($1.44 in chips) 
Seat 4: Dorex2007 ($3.28 in chips) 
Seat 5: Oranjewilla ($1.77 in chips) 
Seat 6: panKastus ($1.97 in chips) 
Seat 7: 1 Baro ($1.67 in chips) 
Seat 8: leopoker1 ($2.63 in chips) 
Seat 9: Dan strawman ($2.85 in chips) 
leopoker1: posts small blind $0.01
Dan strawman: posts big blind $0.02
*** HOLE CARDS ***
Dealt to Dorex2007 [Js 9d]
Mengual84: folds 
attila225: folds 
Alllisina: calls $0.02
Dorex2007: folds 
Oranjewilla: calls $0.02
panKastus: raises $0.10 to $0.12
1 Baro: calls $0.12
leopoker1: folds 
Dan strawman: calls $0.10
Alllisina: calls $0.10
Oranjewilla: calls $0.10
*** FLOP *** [2h 4d Qc]
Dan strawman: checks 
Alllisina: checks 
Oranjewilla: bets $0.59
panKastus: folds 
1 Baro: folds 
Dan strawman: folds 
Alllisina: folds 
Uncalled bet ($0.59) returned to Oranjewilla
Oranjewilla collected $0.59 from pot
*** SUMMARY ***
Total pot $0.61 | Rake $0.02 
Board [2h 4d Qc]
Seat 1: Mengual84 folded before Flop (didn't bet)
Seat 2: attila225 folded before Flop (didn't bet)
Seat 3: Alllisina folded on the Flop
Seat 4: Dorex2007 folded before Flop (didn't bet)
Seat 5: Oranjewilla collected ($0.59)
Seat 6: panKastus folded on the Flop
Seat 7: 1 Baro (button) folded on the Flop
Seat 8: leopoker1 (small blind) folded before Flop
Seat 9: Dan strawman (big blind) folded on the Flop



PokerStars Hand #232786425942:  Hold'em No Limit ($0.01/$0.02 USD) - 2022/01/03 12:13:56 PT [2022/01/03 15:13:56 ET]
Table 'Massinga V' 9-max Seat #8 is the button
Seat 1: Mengual84 ($2.92 in chips) 
Seat 2: attila225 ($0.77 in chips) 
Seat 3: Alllisina ($1.32 in chips) 
Seat 4: Dorex2007 ($3.28 in chips) 
Seat 5: Oranjewilla ($2.24 in chips) 
Seat 6: panKastus ($1.85 in chips) 
Seat 7: 1 Baro ($1.55 in chips) 
Seat 8: leopoker1 ($2.62 in chips) 
Seat 9: Dan strawman ($2.73 in chips) 
Dan strawman: posts small blind $0.01
Mengual84: posts big blind $0.02
*** HOLE CARDS ***
Dealt to Dorex2007 [8s 4d]
attila225: folds 
Alllisina: folds 
Dorex2007: folds 
Oranjewilla: calls $0.02
panKastus: folds 
1 Baro: raises $0.04 to $0.06
leopoker1: folds 
Dan strawman: folds 
Mengual84: folds 
Oranjewilla: calls $0.04
*** FLOP *** [2s Qs Jd]
Oranjewilla: bets $0.07
1 Baro: calls $0.07
*** TURN *** [2s Qs Jd] [Ks]
Oranjewilla: bets $0.14
1 Baro: calls $0.14
*** RIVER *** [2s Qs Jd Ks] [8d]
Oranjewilla: bets $0.28
1 Baro: calls $0.28
*** SHOW DOWN ***
Oranjewilla: shows [Ad Qh] (a pair of Queens)
1 Baro: shows [Jh Kd] (two pair, Kings and Jacks)
1 Baro collected $1.09 from pot
*** SUMMARY ***
Total pot $1.13 | Rake $0.04 
Board [2s Qs Jd Ks 8d]
Seat 1: Mengual84 (big blind) folded before Flop
Seat 2: attila225 folded before Flop (didn't bet)
Seat 3: Alllisina folded before Flop (didn't bet)
Seat 4: Dorex2007 folded before Flop (didn't bet)
Seat 5: Oranjewilla showed [Ad Qh] and lost with a pair of Queens
Seat 6: panKastus folded before Flop (didn't bet)
Seat 7: 1 Baro showed [Jh Kd] and won ($1.09) with two pair, Kings and Jacks
Seat 8: leopoker1 (button) folded before Flop (didn't bet)
Seat 9: Dan strawman (small blind) folded before Flop



PokerStars Hand #232786455476:  Hold'em No Limit ($0.01/$0.02 USD) - 2022/01/03 12:14:41 PT [2022/01/03 15:14:41 ET]
Table 'Massinga V' 9-max Seat #9 is the button
Seat 1: Mengual84 ($2.90 in chips) 
Seat 2: attila225 ($0.77 in chips) 
Seat 3: Alllisina ($1.32 in chips) 
Seat 4: Dorex2007 ($3.28 in chips) 
Seat 5: Oranjewilla ($1.69 in chips) 
Seat 6: panKastus ($1.85 in chips) 
Seat 7: 1 Baro ($2.09 in chips) 
Seat 8: leopoker1 ($2.62 in chips) 
Seat 9: Dan strawman ($2.72 in chips) 
Mengual84: posts small blind $0.01
attila225: posts big blind $0.02
*** HOLE CARDS ***
Dealt to Dorex2007 [7h 7c]
Alllisina: calls $0.02
Dorex2007: calls $0.02
Oranjewilla: calls $0.02
panKastus: folds 
1 Baro: raises $0.11 to $0.13
leopoker1: folds 
Dan strawman: folds 
Mengual84: folds 
attila225: folds 
Alllisina: calls $0.11
Dorex2007: folds 
Oranjewilla: folds 
*** FLOP *** [Qc 9d 6h]
Alllisina: checks 
1 Baro: bets $0.16
Alllisina: folds 
Uncalled bet ($0.16) returned to 1 Baro
1 Baro collected $0.32 from pot
1 Baro: doesn't show hand 
*** SUMMARY ***
Total pot $0.33 | Rake $0.01 
Board [Qc 9d 6h]
Seat 1: Mengual84 (small blind) folded before Flop
Seat 2: attila225 (big blind) folded before Flop
Seat 3: Alllisina folded on the Flop
Seat 4: Dorex2007 folded before Flop
Seat 5: Oranjewilla folded before Flop
Seat 6: panKastus folded before Flop (didn't bet)
Seat 7: 1 Baro collected ($0.32)
Seat 8: leopoker1 folded before Flop (didn't bet)
Seat 9: Dan strawman (button) folded before Flop (didn't bet)



PokerStars Hand #232786479900:  Hold'em No Limit ($0.01/$0.02 USD) - 2022/01/03 12:15:19 PT [2022/01/03 15:15:19 ET]
Table 'Massinga V' 9-max Seat #1 is the button
Seat 1: Mengual84 ($2.89 in chips) 
Seat 2: attila225 ($0.75 in chips) 
Seat 3: Alllisina ($1.19 in chips) 
Seat 4: Dorex2007 ($3.26 in chips) 
Seat 5: Oranjewilla ($1.67 in chips) 
Seat 6: panKastus ($1.85 in chips) 
Seat 7: 1 Baro ($2.28 in chips) 
Seat 8: leopoker1 ($2.62 in chips) 
Seat 9: Dan strawman ($2.72 in chips) 
attila225: posts small blind $0.01
Alllisina: posts big blind $0.02
*** HOLE CARDS ***
Dealt to Dorex2007 [5c As]
Dorex2007: folds 
Oranjewilla: folds 
panKastus: folds 
1 Baro: folds 
leopoker1: folds 
Dan strawman: folds 
Mengual84: raises $0.04 to $0.06
attila225: folds 
Alllisina: folds 
Uncalled bet ($0.04) returned to Mengual84
Mengual84 collected $0.05 from pot
Mengual84: doesn't show hand 
*** SUMMARY ***
Total pot $0.05 | Rake $0 
Seat 1: Mengual84 (button) collected ($0.05)
Seat 2: attila225 (small blind) folded before Flop
Seat 3: Alllisina (big blind) folded before Flop
Seat 4: Dorex2007 folded before Flop (didn't bet)
Seat 5: Oranjewilla folded before Flop (didn't bet)
Seat 6: panKastus folded before Flop (didn't bet)
Seat 7: 1 Baro folded before Flop (didn't bet)
Seat 8: leopoker1 folded before Flop (didn't bet)
Seat 9: Dan strawman folded before Flop (didn't bet)



PokerStars Hand #232786497465:  Hold'em No Limit ($0.01/$0.02 USD) - 2022/01/03 12:15:46 PT [2022/01/03 15:15:46 ET]
Table 'Massinga V' 9-max Seat #2 is the button
Seat 1: Mengual84 ($2.92 in chips) 
Seat 2: attila225 ($0.74 in chips) 
Seat 3: Alllisina ($1.17 in chips) 
Seat 4: Dorex2007 ($3.26 in chips) 
Seat 5: Oranjewilla ($1.67 in chips) 
Seat 6: panKastus ($1.85 in chips) 
Seat 7: 1 Baro ($2.28 in chips) 
Seat 8: leopoker1 ($2.62 in chips) 
Seat 9: Dan strawman ($2.72 in chips) 
Alllisina: posts small blind $0.01
Dorex2007: posts big blind $0.02
*** HOLE CARDS ***
Dealt to Dorex2007 [5s 2s]
Oranjewilla: calls $0.02
panKastus: folds 
1 Baro: folds 
leopoker1: raises $0.08 to $0.10
Dan strawman: folds 
Mengual84: folds 
attila225: folds 
Alllisina: folds 
Dorex2007: folds 
Oranjewilla: calls $0.08
*** FLOP *** [7c Qs Td]
Oranjewilla: bets $0.11
leopoker1: calls $0.11
*** TURN *** [7c Qs Td] [8d]
Oranjewilla: checks 
leopoker1: checks 
*** RIVER *** [7c Qs Td 8d] [9d]
Oranjewilla: checks 
leopoker1: bets $0.50
Oranjewilla: folds 
Uncalled bet ($0.50) returned to leopoker1
leopoker1 collected $0.43 from pot
leopoker1: doesn't show hand 
*** SUMMARY ***
Total pot $0.45 | Rake $0.02 
Board [7c Qs Td 8d 9d]
Seat 1: Mengual84 folded before Flop (didn't bet)
Seat 2: attila225 (button) folded before Flop (didn't bet)
Seat 3: Alllisina (small blind) folded before Flop
Seat 4: Dorex2007 (big blind) folded before Flop
Seat 5: Oranjewilla folded on the River
Seat 6: panKastus folded before Flop (didn't bet)
Seat 7: 1 Baro folded before Flop (didn't bet)
Seat 8: leopoker1 collected ($0.43)
Seat 9: Dan strawman folded before Flop (didn't bet)



PokerStars Hand #232786538128:  Hold'em No Limit ($0.01/$0.02 USD) - 2022/01/03 12:16:33 PT [2022/01/03 15:16:33 ET]
Table 'Massinga V' 9-max Seat #3 is the button
Seat 1: Mengual84 ($2.92 in chips) 
Seat 2: attila225 ($0.74 in chips) 
Seat 3: Alllisina ($1.16 in chips) 
Seat 4: Dorex2007 ($3.24 in chips) 
Seat 5: Oranjewilla ($1.46 in chips) 
Seat 6: panKastus ($1.85 in chips) 
Seat 7: 1 Baro ($2.28 in chips) 
Seat 8: leopoker1 ($2.84 in chips) 
Seat 9: Dan strawman ($2.72 in chips) 
Dorex2007: posts small blind $0.01
Oranjewilla: posts big blind $0.02
*** HOLE CARDS ***
Dealt to Dorex2007 [Ah Kc]
panKastus: folds 
1 Baro: calls $0.02
leopoker1: folds 
Dan strawman: folds 
Mengual84: folds 
attila225: folds 
Alllisina: folds 
Dorex2007: raises $0.02 to $0.04
Oranjewilla: calls $0.02
1 Baro: calls $0.02
*** FLOP *** [Qh Ts Tc]
Dorex2007: checks 
Oranjewilla: bets $0.12
1 Baro: calls $0.12
Dorex2007: folds 
*** TURN *** [Qh Ts Tc] [Ad]
Oranjewilla: bets $0.18
1 Baro: calls $0.18
*** RIVER *** [Qh Ts Tc Ad] [9h]
Oranjewilla: bets $0.69
1 Baro: raises $0.69 to $1.38
Oranjewilla: calls $0.43 and is all-in
Uncalled bet ($0.26) returned to 1 Baro
*** SHOW DOWN ***
1 Baro: shows [Qc Th] (a full house, Tens full of Queens)
Oranjewilla: shows [8h As] (two pair, Aces and Tens)
1 Baro collected $2.86 from pot
*** SUMMARY ***
Total pot $2.96 | Rake $0.10 
Board [Qh Ts Tc Ad 9h]
Seat 1: Mengual84 folded before Flop (didn't bet)
Seat 2: attila225 folded before Flop (didn't bet)
Seat 3: Alllisina (button) folded before Flop (didn't bet)
Seat 4: Dorex2007 (small blind) folded on the Flop
Seat 5: Oranjewilla (big blind) showed [8h As] and lost with two pair, Aces and Tens
Seat 6: panKastus folded before Flop (didn't bet)
Seat 7: 1 Baro showed [Qc Th] and won ($2.86) with a full house, Tens full of Queens
Seat 8: leopoker1 folded before Flop (didn't bet)
Seat 9: Dan strawman folded before Flop (didn't bet)



PokerStars Hand #232786580117:  Hold'em No Limit ($0.01/$0.02 USD) - 2022/01/03 12:17:37 PT [2022/01/03 15:17:37 ET]
Table 'Massinga V' 9-max Seat #4 is the button
Seat 1: Mengual84 ($2.92 in chips) 
Seat 2: attila225 ($0.74 in chips) 
Seat 3: Alllisina ($1.16 in chips) 
Seat 4: Dorex2007 ($3.20 in chips) 
Seat 6: panKastus ($1.85 in chips) 
Seat 7: 1 Baro ($3.68 in chips) 
Seat 8: leopoker1 ($2.84 in chips) 
Seat 9: Dan strawman ($2.72 in chips) 
panKastus: posts small blind $0.01
1 Baro: posts big blind $0.02
*** HOLE CARDS ***
Dealt to Dorex2007 [3d 9d]
leopoker1: folds 
Oranjewilla leaves the table
Dan strawman: raises $0.04 to $0.06
Mengual84: folds 
attila225: folds 
Alllisina: folds 
Dorex2007: folds 
panKastus: folds 
1 Baro: folds 
Uncalled bet ($0.04) returned to Dan strawman
Dan strawman collected $0.05 from pot
Dan strawman: doesn't show hand 
*** SUMMARY ***
Total pot $0.05 | Rake $0 
Seat 1: Mengual84 folded before Flop (didn't bet)
Seat 2: attila225 folded before Flop (didn't bet)
Seat 3: Alllisina folded before Flop (didn't bet)
Seat 4: Dorex2007 (button) folded before Flop (didn't bet)
Seat 6: panKastus (small blind) folded before Flop
Seat 7: 1 Baro (big blind) folded before Flop
Seat 8: leopoker1 folded before Flop (didn't bet)
Seat 9: Dan strawman collected ($0.05)



PokerStars Hand #232786594660:  Hold'em No Limit ($0.01/$0.02 USD) - 2022/01/03 12:17:59 PT [2022/01/03 15:17:59 ET]
Table 'Massinga V' 9-max Seat #6 is the button
Seat 1: Mengual84 ($2.92 in chips) 
Seat 2: attila225 ($0.74 in chips) 
Seat 3: Alllisina ($1.16 in chips) 
Seat 4: Dorex2007 ($3.20 in chips) 
Seat 6: panKastus ($1.84 in chips) 
Seat 7: 1 Baro ($3.66 in chips) 
Seat 8: leopoker1 ($2.84 in chips) 
Seat 9: Dan strawman ($2.75 in chips) 
1 Baro: posts small blind $0.01
leopoker1: posts big blind $0.02
*** HOLE CARDS ***
Dealt to Dorex2007 [5d Qh]
Dan strawman: folds 
Mengual84: folds 
attila225: folds 
Alllisina: folds 
Dorex2007: folds 
panKastus: folds 
1 Baro: folds 
Uncalled bet ($0.01) returned to leopoker1
leopoker1 collected $0.02 from pot
leopoker1: doesn't show hand 
*** SUMMARY ***
Total pot $0.02 | Rake $0 
Seat 1: Mengual84 folded before Flop (didn't bet)
Seat 2: attila225 folded before Flop (didn't bet)
Seat 3: Alllisina folded before Flop (didn't bet)
Seat 4: Dorex2007 folded before Flop (didn't bet)
Seat 6: panKastus (button) folded before Flop (didn't bet)
Seat 7: 1 Baro (small blind) folded before Flop
Seat 8: leopoker1 (big blind) collected ($0.02)
Seat 9: Dan strawman folded before Flop (didn't bet)



PokerStars Hand #232786604273:  Hold'em No Limit ($0.01/$0.02 USD) - 2022/01/03 12:18:14 PT [2022/01/03 15:18:14 ET]
Table 'Massinga V' 9-max Seat #7 is the button
Seat 1: Mengual84 ($2.92 in chips) 
Seat 2: attila225 ($0.74 in chips) 
Seat 3: Alllisina ($1.16 in chips) 
Seat 4: Dorex2007 ($3.20 in chips) 
Seat 6: panKastus ($1.84 in chips) 
Seat 7: 1 Baro ($3.65 in chips) 
Seat 8: leopoker1 ($2.85 in chips) 
leopoker1: posts small blind $0.01
Dan strawman: is sitting out 
Mengual84: posts big blind $0.02
*** HOLE CARDS ***
Dealt to Dorex2007 [9h 3d]
attila225: folds 
Alllisina: folds 
Dorex2007: folds 
panKastus: raises $0.06 to $0.08
1 Baro: folds 
leopoker1: folds 
goldlife10 joins the table at seat #5 
Mengual84: folds 
Uncalled bet ($0.06) returned to panKastus
panKastus collected $0.05 from pot
panKastus: doesn't show hand 
*** SUMMARY ***
Total pot $0.05 | Rake $0 
Seat 1: Mengual84 (big blind) folded before Flop
Seat 2: attila225 folded before Flop (didn't bet)
Seat 3: Alllisina folded before Flop (didn't bet)
Seat 4: Dorex2007 folded before Flop (didn't bet)
Seat 6: panKastus collected ($0.05)
Seat 7: 1 Baro (button) folded before Flop (didn't bet)
Seat 8: leopoker1 (small blind) folded before Flop



PokerStars Hand #232786627517:  Hold'em No Limit ($0.01/$0.02 USD) - 2022/01/03 12:18:38 PT [2022/01/03 15:18:38 ET]
Table 'Massinga V' 9-max Seat #8 is the button
Seat 1: Mengual84 ($2.90 in chips) 
Seat 2: attila225 ($0.74 in chips) 
Seat 3: Alllisina ($1.16 in chips) 
Seat 4: Dorex2007 ($3.20 in chips) 
Seat 6: panKastus ($1.87 in chips) 
Seat 7: 1 Baro ($3.65 in chips) 
Seat 8: leopoker1 ($2.84 in chips) 
Mengual84: posts small blind $0.01
attila225: posts big blind $0.02
goldlife10: sits out 
*** HOLE CARDS ***
Dealt to Dorex2007 [4h 7c]
Alllisina: folds 
Dorex2007: folds 
panKastus: folds 
1 Baro has timed out
1 Baro: folds 
leopoker1: folds 
Mengual84: raises $0.06 to $0.08
attila225: calls $0.06
*** FLOP *** [Tc 9d As]
Mengual84: checks 
attila225: checks 
*** TURN *** [Tc 9d As] [Th]
Mengual84: bets $0.12
attila225: calls $0.12
*** RIVER *** [Tc 9d As Th] [2c]
Mengual84: checks 
attila225: checks 
*** SHOW DOWN ***
Mengual84: shows [9c 5s] (two pair, Tens and Nines)
attila225: mucks hand 
Mengual84 collected $0.39 from pot
*** SUMMARY ***
Total pot $0.40 | Rake $0.01 
Board [Tc 9d As Th 2c]
Seat 1: Mengual84 (small blind) showed [9c 5s] and won ($0.39) with two pair, Tens and Nines
Seat 2: attila225 (big blind) mucked [Jc Kc]
Seat 3: Alllisina folded before Flop (didn't bet)
Seat 4: Dorex2007 folded before Flop (didn't bet)
Seat 6: panKastus folded before Flop (didn't bet)
Seat 7: 1 Baro folded before Flop (didn't bet)
Seat 8: leopoker1 (button) folded before Flop (didn't bet)



PokerStars Hand #232786821088:  Hold'em No Limit ($0.01/$0.02 USD) - 2022/01/03 12:23:34 PT [2022/01/03 15:23:34 ET]
Table 'Massinga V' 9-max Seat #2 is the button
Seat 2: attila225 ($0.81 in chips) 
Seat 3: fester999999 ($2.06 in chips) 
Seat 4: Dorex2007 ($3.20 in chips) 
Seat 5: goldlife10 ($1.96 in chips) 
Seat 6: panKastus ($1.86 in chips) 
Seat 7: 1 Baro ($3.45 in chips) 
Seat 8: leopoker1 ($4.26 in chips) 
fester999999: posts small blind $0.01
Dorex2007: posts big blind $0.02
*** HOLE CARDS ***
Dealt to Dorex2007 [2h Kc]
goldlife10: folds 
panKastus: folds 
1 Baro: folds 
1 Baro leaves the table
leopoker1: folds 
attila225: folds 
fester999999: calls $0.01
goldlife10 leaves the table
Dorex2007: checks 
*** FLOP *** [6d Ad 5h]
fester999999: bets $0.02
panKastus leaves the table
Dorex2007: folds 
Uncalled bet ($0.02) returned to fester999999
fester999999 collected $0.04 from pot
fester999999: doesn't show hand 
*** SUMMARY ***
Total pot $0.04 | Rake $0 
Board [6d Ad 5h]
Seat 2: attila225 (button) folded before Flop (didn't bet)
Seat 3: fester999999 (small blind) collected ($0.04)
Seat 4: Dorex2007 (big blind) folded on the Flop
Seat 5: goldlife10 folded before Flop (didn't bet)
Seat 6: panKastus folded before Flop (didn't bet)
Seat 7: 1 Baro folded before Flop (didn't bet)
Seat 8: leopoker1 folded before Flop (didn't bet)



PokerStars Hand #232786857201:  Hold'em No Limit ($0.01/$0.02 USD) - 2022/01/03 12:24:29 PT [2022/01/03 15:24:29 ET]
Table 'Massinga V' 9-max Seat #8 is the button
Seat 4: Dorex2007 ($3.18 in chips) 
Seat 8: leopoker1 ($4.26 in chips) 
leopoker1: posts small blind $0.01
attila225: is sitting out 
Dorex2007: posts big blind $0.02
*** HOLE CARDS ***
Dealt to Dorex2007 [3h Ac]
attila225 leaves the table
fester999999 leaves the table
leopoker1: raises $0.03 to $0.05
Dorex2007: folds 
Uncalled bet ($0.03) returned to leopoker1
leopoker1 collected $0.04 from pot
leopoker1: doesn't show hand 
*** SUMMARY ***
Total pot $0.04 | Rake $0 
Seat 4: Dorex2007 (big blind) folded before Flop
Seat 8: leopoker1 (button) (small blind) collected ($0.04)



PokerStars Hand #232786862341:  Hold'em No Limit ($0.01/$0.02 USD) - 2022/01/03 12:24:37 PT [2022/01/03 15:24:37 ET]
Table 'Massinga V' 9-max Seat #4 is the button
Seat 4: Dorex2007 ($3.16 in chips) 
Seat 8: leopoker1 ($4.28 in chips) 
Dorex2007: posts small blind $0.01
leopoker1: posts big blind $0.02
*** HOLE CARDS ***
Dealt to Dorex2007 [7s Ks]
Dorex2007: calls $0.01
leopoker1: checks 
*** FLOP *** [5s Js 7d]
leopoker1: checks 
Dorex2007: bets $0.04
leopoker1: folds 
Uncalled bet ($0.04) returned to Dorex2007
Dorex2007 collected $0.04 from pot
Dorex2007: doesn't show hand 
*** SUMMARY ***
Total pot $0.04 | Rake $0 
Board [5s Js 7d]
Seat 4: Dorex2007 (button) (small blind) collected ($0.04)
Seat 8: leopoker1 (big blind) folded on the Flop



