PokerStars Hand #236656915853:  Hold'em No Limit ($0.01/$0.02 USD) - 2022/06/08 21:00:45 PT [2022/06/09 0:00:45 ET]
Table 'Ulula III' 9-max Seat #4 is the button
Seat 1: ATR691 ($2.13 in chips) 
Seat 2: gastong88 ($0.86 in chips) 
Seat 3: KRandall12 ($2 in chips) 
Seat 4: troldamadruga ($4 in chips) 
Seat 5: MusaiT ($2.09 in chips) 
Seat 6: wALEXSANDRw ($2.30 in chips) 
Seat 7: Dorex2007 ($2.83 in chips) 
Seat 8: embezel ($1.70 in chips) 
Seat 9: joacoseque ($2.04 in chips) 
MusaiT: posts small blind $0.01
wALEXSANDRw: posts big blind $0.02
joacoseque: posts small & big blinds $0.03
*** HOLE CARDS ***
Dealt to Dorex2007 [6c 7d]
Dorex2007: folds 
embezel: raises $0.02 to $0.04
joacoseque: calls $0.02
ATR691: folds 
gastong88: folds 
KRandall12: folds 
troldamadruga: folds 
MusaiT: folds 
wALEXSANDRw: calls $0.02
*** FLOP *** [2d 5h Tc]
wALEXSANDRw: checks 
embezel: bets $0.04
joacoseque: calls $0.04
wALEXSANDRw: calls $0.04
*** TURN *** [2d 5h Tc] [8d]
wALEXSANDRw: checks 
embezel: bets $0.25
joacoseque: folds 
wALEXSANDRw: folds 
Uncalled bet ($0.25) returned to embezel
embezel collected $0.25 from pot
embezel: doesn't show hand 
*** SUMMARY ***
Total pot $0.26 | Rake $0.01 
Board [2d 5h Tc 8d]
Seat 1: ATR691 folded before Flop (didn't bet)
Seat 2: gastong88 folded before Flop (didn't bet)
Seat 3: KRandall12 folded before Flop (didn't bet)
Seat 4: troldamadruga (button) folded before Flop (didn't bet)
Seat 5: MusaiT (small blind) folded before Flop
Seat 6: wALEXSANDRw (big blind) folded on the Turn
Seat 7: Dorex2007 folded before Flop (didn't bet)
Seat 8: embezel collected ($0.25)
Seat 9: joacoseque folded on the Turn



PokerStars Hand #236656923535:  Hold'em No Limit ($0.01/$0.02 USD) - 2022/06/08 21:01:44 PT [2022/06/09 0:01:44 ET]
Table 'Ulula III' 9-max Seat #5 is the button
Seat 1: ATR691 ($2.13 in chips) 
Seat 2: gastong88 ($0.86 in chips) 
Seat 3: KRandall12 ($2 in chips) 
Seat 4: troldamadruga ($4 in chips) 
Seat 5: MusaiT ($2.08 in chips) 
Seat 6: wALEXSANDRw ($2.22 in chips) 
Seat 7: Dorex2007 ($2.83 in chips) 
Seat 8: embezel ($1.87 in chips) 
Seat 9: joacoseque ($1.95 in chips) 
wALEXSANDRw: posts small blind $0.01
Dorex2007: posts big blind $0.02
*** HOLE CARDS ***
Dealt to Dorex2007 [9h 3h]
embezel: calls $0.02
joacoseque: calls $0.02
ATR691: folds 
gastong88: folds 
KRandall12: folds 
troldamadruga: folds 
MusaiT: folds 
wALEXSANDRw: calls $0.01
Dorex2007: checks 
*** FLOP *** [Ad Tc 9s]
wALEXSANDRw: checks 
Dorex2007: checks 
embezel: bets $0.02
joacoseque: folds 
wALEXSANDRw: calls $0.02
Dorex2007: folds 
*** TURN *** [Ad Tc 9s] [4s]
wALEXSANDRw: checks 
embezel: checks 
*** RIVER *** [Ad Tc 9s 4s] [2d]
wALEXSANDRw: checks 
embezel: bets $0.04
wALEXSANDRw: folds 
Uncalled bet ($0.04) returned to embezel
embezel collected $0.12 from pot
embezel: doesn't show hand 
*** SUMMARY ***
Total pot $0.12 | Rake $0 
Board [Ad Tc 9s 4s 2d]
Seat 1: ATR691 folded before Flop (didn't bet)
Seat 2: gastong88 folded before Flop (didn't bet)
Seat 3: KRandall12 folded before Flop (didn't bet)
Seat 4: troldamadruga folded before Flop (didn't bet)
Seat 5: MusaiT (button) folded before Flop (didn't bet)
Seat 6: wALEXSANDRw (small blind) folded on the River
Seat 7: Dorex2007 (big blind) folded on the Flop
Seat 8: embezel collected ($0.12)
Seat 9: joacoseque folded on the Flop



PokerStars Hand #236656930659:  Hold'em No Limit ($0.01/$0.02 USD) - 2022/06/08 21:02:38 PT [2022/06/09 0:02:38 ET]
Table 'Ulula III' 9-max Seat #6 is the button
Seat 1: ATR691 ($2.13 in chips) 
Seat 2: gastong88 ($0.86 in chips) 
Seat 3: KRandall12 ($2 in chips) 
Seat 4: troldamadruga ($4 in chips) 
Seat 5: MusaiT ($2.08 in chips) 
Seat 6: wALEXSANDRw ($2.18 in chips) 
Seat 7: Dorex2007 ($2.81 in chips) 
Seat 8: embezel ($1.95 in chips) 
Seat 9: joacoseque ($1.93 in chips) 
Dorex2007: posts small blind $0.01
embezel: posts big blind $0.02
*** HOLE CARDS ***
Dealt to Dorex2007 [Js Qd]
joacoseque: raises $0.02 to $0.04
ATR691: folds 
gastong88: folds 
KRandall12: calls $0.04
troldamadruga: calls $0.04
MusaiT: folds 
wALEXSANDRw: calls $0.04
Dorex2007: calls $0.03
embezel: calls $0.02
*** FLOP *** [Tc 6s 8d]
Dorex2007: bets $0.12
embezel: folds 
joacoseque: calls $0.12
KRandall12: folds 
troldamadruga: calls $0.12
wALEXSANDRw: folds 
*** TURN *** [Tc 6s 8d] [Jh]
Dorex2007: bets $0.58
joacoseque: calls $0.58
troldamadruga: folds 
*** RIVER *** [Tc 6s 8d Jh] [Ts]
Dorex2007: bets $1.70
joacoseque: calls $1.19 and is all-in
Uncalled bet ($0.51) returned to Dorex2007
*** SHOW DOWN ***
Dorex2007: shows [Js Qd] (two pair, Jacks and Tens)
joacoseque: shows [Jd Td] (a full house, Tens full of Jacks)
joacoseque collected $4 from pot
*** SUMMARY ***
Total pot $4.14 | Rake $0.14 
Board [Tc 6s 8d Jh Ts]
Seat 1: ATR691 folded before Flop (didn't bet)
Seat 2: gastong88 folded before Flop (didn't bet)
Seat 3: KRandall12 folded on the Flop
Seat 4: troldamadruga folded on the Turn
Seat 5: MusaiT folded before Flop (didn't bet)
Seat 6: wALEXSANDRw (button) folded on the Flop
Seat 7: Dorex2007 (small blind) showed [Js Qd] and lost with two pair, Jacks and Tens
Seat 8: embezel (big blind) folded on the Flop
Seat 9: joacoseque showed [Jd Td] and won ($4) with a full house, Tens full of Jacks



PokerStars Hand #236656938619:  Hold'em No Limit ($0.01/$0.02 USD) - 2022/06/08 21:03:38 PT [2022/06/09 0:03:38 ET]
Table 'Ulula III' 9-max Seat #7 is the button
Seat 1: ATR691 ($2.13 in chips) 
Seat 2: gastong88 ($0.86 in chips) 
Seat 3: KRandall12 ($2 in chips) 
Seat 4: troldamadruga ($3.84 in chips) 
Seat 5: MusaiT ($2.08 in chips) 
Seat 6: wALEXSANDRw ($2.14 in chips) 
Seat 7: Dorex2007 ($2 in chips) 
Seat 8: embezel ($1.91 in chips) 
embezel: posts small blind $0.01
ATR691: posts big blind $0.02
*** HOLE CARDS ***
Dealt to Dorex2007 [7d 6c]
gastong88: folds 
KRandall12: folds 
troldamadruga: folds 
MusaiT: folds 
wALEXSANDRw: raises $0.04 to $0.06
Dorex2007: folds 
embezel: folds 
ATR691: calls $0.04
*** FLOP *** [2s 8s 6h]
ATR691: checks 
wALEXSANDRw: checks 
*** TURN *** [2s 8s 6h] [3h]
ATR691: checks 
wALEXSANDRw: checks 
*** RIVER *** [2s 8s 6h 3h] [Kd]
ATR691: checks 
wALEXSANDRw: bets $0.06
ATR691: calls $0.06
*** SHOW DOWN ***
wALEXSANDRw: shows [Ad Qd] (high card Ace)
ATR691: shows [Qh Ks] (a pair of Kings)
ATR691 collected $0.24 from pot
*** SUMMARY ***
Total pot $0.25 | Rake $0.01 
Board [2s 8s 6h 3h Kd]
Seat 1: ATR691 (big blind) showed [Qh Ks] and won ($0.24) with a pair of Kings
Seat 2: gastong88 folded before Flop (didn't bet)
Seat 3: KRandall12 folded before Flop (didn't bet)
Seat 4: troldamadruga folded before Flop (didn't bet)
Seat 5: MusaiT folded before Flop (didn't bet)
Seat 6: wALEXSANDRw showed [Ad Qd] and lost with high card Ace
Seat 7: Dorex2007 (button) folded before Flop (didn't bet)
Seat 8: embezel (small blind) folded before Flop



PokerStars Hand #236656945897:  Hold'em No Limit ($0.01/$0.02 USD) - 2022/06/08 21:04:34 PT [2022/06/09 0:04:34 ET]
Table 'Ulula III' 9-max Seat #8 is the button
Seat 1: ATR691 ($2.25 in chips) 
Seat 3: KRandall12 ($2 in chips) 
Seat 4: troldamadruga ($3.84 in chips) 
Seat 5: MusaiT ($2.08 in chips) 
Seat 6: wALEXSANDRw ($2.02 in chips) 
Seat 7: Dorex2007 ($2 in chips) 
Seat 8: embezel ($1.90 in chips) 
ATR691: posts small blind $0.01
gastong88: is sitting out 
KRandall12: posts big blind $0.02
*** HOLE CARDS ***
Dealt to Dorex2007 [2c 3s]
gastong88 leaves the table
troldamadruga: folds 
MusaiT: folds 
wALEXSANDRw: folds 
Dorex2007: folds 
embezel: raises $0.02 to $0.04
ATR691: folds 
KRandall12: folds 
Uncalled bet ($0.02) returned to embezel
embezel collected $0.05 from pot
embezel: doesn't show hand 
*** SUMMARY ***
Total pot $0.05 | Rake $0 
Seat 1: ATR691 (small blind) folded before Flop
Seat 3: KRandall12 (big blind) folded before Flop
Seat 4: troldamadruga folded before Flop (didn't bet)
Seat 5: MusaiT folded before Flop (didn't bet)
Seat 6: wALEXSANDRw folded before Flop (didn't bet)
Seat 7: Dorex2007 folded before Flop (didn't bet)
Seat 8: embezel (button) collected ($0.05)



PokerStars Hand #236656948253:  Hold'em No Limit ($0.01/$0.02 USD) - 2022/06/08 21:04:52 PT [2022/06/09 0:04:52 ET]
Table 'Ulula III' 9-max Seat #1 is the button
Seat 1: ATR691 ($2.24 in chips) 
Seat 3: KRandall12 ($2 in chips) 
Seat 4: troldamadruga ($3.84 in chips) 
Seat 5: MusaiT ($2.08 in chips) 
Seat 6: wALEXSANDRw ($2.02 in chips) 
Seat 7: Dorex2007 ($2 in chips) 
Seat 8: embezel ($1.93 in chips) 
KRandall12: posts small blind $0.01
troldamadruga: posts big blind $0.02
*** HOLE CARDS ***
Dealt to Dorex2007 [Kh 8h]
MusaiT: folds 
wALEXSANDRw: folds 
Dorex2007: calls $0.02
embezel: calls $0.02
ATR691: calls $0.02
KRandall12: folds 
troldamadruga: raises $0.02 to $0.04
Dorex2007: calls $0.02
embezel: calls $0.02
ATR691: calls $0.02
*** FLOP *** [Js Td 3d]
troldamadruga: bets $0.16
Dorex2007: folds 
embezel: calls $0.16
ATR691: calls $0.16
*** TURN *** [Js Td 3d] [Ac]
troldamadruga: checks 
embezel: checks 
ATR691: checks 
*** RIVER *** [Js Td 3d Ac] [4c]
harbaka joins the table at seat #2 
troldamadruga: checks 
embezel: bets $0.35
ATR691: folds 
troldamadruga: folds 
Uncalled bet ($0.35) returned to embezel
embezel collected $0.63 from pot
embezel: doesn't show hand 
*** SUMMARY ***
Total pot $0.65 | Rake $0.02 
Board [Js Td 3d Ac 4c]
Seat 1: ATR691 (button) folded on the River
Seat 3: KRandall12 (small blind) folded before Flop
Seat 4: troldamadruga (big blind) folded on the River
Seat 5: MusaiT folded before Flop (didn't bet)
Seat 6: wALEXSANDRw folded before Flop (didn't bet)
Seat 7: Dorex2007 folded on the Flop
Seat 8: embezel collected ($0.63)



PokerStars Hand #236656961894:  Hold'em No Limit ($0.01/$0.02 USD) - 2022/06/08 21:06:35 PT [2022/06/09 0:06:35 ET]
Table 'Ulula III' 9-max Seat #3 is the button
Seat 1: ATR691 ($2.04 in chips) 
Seat 3: KRandall12 ($2 in chips) 
Seat 4: troldamadruga ($3.64 in chips) 
Seat 5: MusaiT ($2.08 in chips) 
Seat 6: wALEXSANDRw ($2.02 in chips) 
Seat 7: Dorex2007 ($2 in chips) 
Seat 8: embezel ($2.36 in chips) 
troldamadruga: posts small blind $0.01
MusaiT: posts big blind $0.02
harbaka: sits out 
*** HOLE CARDS ***
Dealt to Dorex2007 [9h Jh]
wALEXSANDRw: folds 
Dorex2007: calls $0.02
embezel: calls $0.02
ATR691: folds 
KRandall12: folds 
troldamadruga: raises $0.02 to $0.04
MusaiT: folds 
Dorex2007: calls $0.02
embezel: calls $0.02
*** FLOP *** [6s Jc 3s]
troldamadruga: checks 
Dorex2007: bets $0.14
embezel: folds 
troldamadruga: folds 
Uncalled bet ($0.14) returned to Dorex2007
Dorex2007 collected $0.14 from pot
Dorex2007: doesn't show hand 
*** SUMMARY ***
Total pot $0.14 | Rake $0 
Board [6s Jc 3s]
Seat 1: ATR691 folded before Flop (didn't bet)
Seat 3: KRandall12 (button) folded before Flop (didn't bet)
Seat 4: troldamadruga (small blind) folded on the Flop
Seat 5: MusaiT (big blind) folded before Flop
Seat 6: wALEXSANDRw folded before Flop (didn't bet)
Seat 7: Dorex2007 collected ($0.14)
Seat 8: embezel folded on the Flop



PokerStars Hand #236656968074:  Hold'em No Limit ($0.01/$0.02 USD) - 2022/06/08 21:07:22 PT [2022/06/09 0:07:22 ET]
Table 'Ulula III' 9-max Seat #4 is the button
Seat 1: ATR691 ($2.04 in chips) 
Seat 3: KRandall12 ($2 in chips) 
Seat 4: troldamadruga ($3.60 in chips) 
Seat 5: MusaiT ($2.06 in chips) 
Seat 6: wALEXSANDRw ($2.02 in chips) 
Seat 7: Dorex2007 ($2.10 in chips) 
Seat 8: embezel ($2.32 in chips) 
MusaiT: posts small blind $0.01
wALEXSANDRw: posts big blind $0.02
harbaka: sits out 
*** HOLE CARDS ***
Dealt to Dorex2007 [6d Tc]
Dorex2007: folds 
embezel: folds 
ATR691: folds 
KRandall12: folds 
troldamadruga: folds 
MusaiT: folds 
Uncalled bet ($0.01) returned to wALEXSANDRw
wALEXSANDRw collected $0.02 from pot
wALEXSANDRw: doesn't show hand 
*** SUMMARY ***
Total pot $0.02 | Rake $0 
Seat 1: ATR691 folded before Flop (didn't bet)
Seat 3: KRandall12 folded before Flop (didn't bet)
Seat 4: troldamadruga (button) folded before Flop (didn't bet)
Seat 5: MusaiT (small blind) folded before Flop
Seat 6: wALEXSANDRw (big blind) collected ($0.02)
Seat 7: Dorex2007 folded before Flop (didn't bet)
Seat 8: embezel folded before Flop (didn't bet)



PokerStars Hand #236656969514:  Hold'em No Limit ($0.01/$0.02 USD) - 2022/06/08 21:07:32 PT [2022/06/09 0:07:32 ET]
Table 'Ulula III' 9-max Seat #5 is the button
Seat 1: ATR691 ($2.04 in chips) 
Seat 3: KRandall12 ($2 in chips) 
Seat 4: troldamadruga ($3.60 in chips) 
Seat 5: MusaiT ($2.05 in chips) 
Seat 6: wALEXSANDRw ($2.03 in chips) 
Seat 7: Dorex2007 ($2.10 in chips) 
Seat 8: embezel ($2.32 in chips) 
wALEXSANDRw: posts small blind $0.01
Dorex2007: posts big blind $0.02
harbaka: sits out 
*** HOLE CARDS ***
Dealt to Dorex2007 [3d 2h]
embezel: calls $0.02
ATR691: calls $0.02
KRandall12: calls $0.02
troldamadruga: folds 
MusaiT: raises $0.09 to $0.11
wALEXSANDRw: folds 
Dorex2007: folds 
embezel: calls $0.09
ATR691: calls $0.09
KRandall12: calls $0.09
*** FLOP *** [8d 3s Ah]
embezel: checks 
ATR691: checks 
KRandall12: checks 
MusaiT: bets $0.34
embezel: calls $0.34
ATR691: folds 
KRandall12: folds 
*** TURN *** [8d 3s Ah] [4h]
embezel: checks 
MusaiT: bets $0.83
embezel: raises $1.04 to $1.87 and is all-in
MusaiT: folds 
Uncalled bet ($1.04) returned to embezel
embezel collected $2.71 from pot
embezel: doesn't show hand 
*** SUMMARY ***
Total pot $2.81 | Rake $0.10 
Board [8d 3s Ah 4h]
Seat 1: ATR691 folded on the Flop
Seat 3: KRandall12 folded on the Flop
Seat 4: troldamadruga folded before Flop (didn't bet)
Seat 5: MusaiT (button) folded on the Turn
Seat 6: wALEXSANDRw (small blind) folded before Flop
Seat 7: Dorex2007 (big blind) folded before Flop
Seat 8: embezel collected ($2.71)



PokerStars Hand #236656979154:  Hold'em No Limit ($0.01/$0.02 USD) - 2022/06/08 21:08:45 PT [2022/06/09 0:08:45 ET]
Table 'Ulula III' 9-max Seat #6 is the button
Seat 1: ATR691 ($2 in chips) 
Seat 3: KRandall12 ($2 in chips) 
Seat 4: troldamadruga ($3.60 in chips) 
Seat 5: MusaiT ($2 in chips) 
Seat 6: wALEXSANDRw ($2.02 in chips) 
Seat 7: Dorex2007 ($2.08 in chips) 
Seat 8: embezel ($3.75 in chips) 
Dorex2007: posts small blind $0.01
embezel: posts big blind $0.02
harbaka: sits out 
*** HOLE CARDS ***
Dealt to Dorex2007 [Kd 4d]
ATR691: folds 
KRandall12: folds 
troldamadruga: calls $0.02
MusaiT: folds 
wALEXSANDRw: raises $0.04 to $0.06
Dorex2007: folds 
embezel: folds 
troldamadruga: raises $0.04 to $0.10
wALEXSANDRw: calls $0.04
*** FLOP *** [Kh Ad Jc]
troldamadruga: bets $0.22
wALEXSANDRw: folds 
Uncalled bet ($0.22) returned to troldamadruga
troldamadruga collected $0.22 from pot
troldamadruga: doesn't show hand 
*** SUMMARY ***
Total pot $0.23 | Rake $0.01 
Board [Kh Ad Jc]
Seat 1: ATR691 folded before Flop (didn't bet)
Seat 3: KRandall12 folded before Flop (didn't bet)
Seat 4: troldamadruga collected ($0.22)
Seat 5: MusaiT folded before Flop (didn't bet)
Seat 6: wALEXSANDRw (button) folded on the Flop
Seat 7: Dorex2007 (small blind) folded before Flop
Seat 8: embezel (big blind) folded before Flop



PokerStars Hand #236656983328:  Hold'em No Limit ($0.01/$0.02 USD) - 2022/06/08 21:09:17 PT [2022/06/09 0:09:17 ET]
Table 'Ulula III' 9-max Seat #7 is the button
Seat 1: ATR691 ($2 in chips) 
Seat 3: KRandall12 ($2 in chips) 
Seat 4: troldamadruga ($3.72 in chips) 
Seat 5: MusaiT ($2 in chips) 
Seat 6: wALEXSANDRw ($1.92 in chips) 
Seat 7: Dorex2007 ($2.07 in chips) 
Seat 8: embezel ($3.73 in chips) 
embezel: posts small blind $0.01
ATR691: posts big blind $0.02
harbaka: sits out 
*** HOLE CARDS ***
Dealt to Dorex2007 [2h 2s]
KRandall12: folds 
troldamadruga: calls $0.02
MusaiT: folds 
wALEXSANDRw: calls $0.02
Dorex2007: calls $0.02
embezel: raises $0.08 to $0.10
ATR691: folds 
troldamadruga: raises $0.08 to $0.18
wALEXSANDRw: folds 
Dorex2007: folds 
embezel: calls $0.08
*** FLOP *** [5h 3s 7h]
embezel: checks 
troldamadruga: bets $0.41
embezel: folds 
Uncalled bet ($0.41) returned to troldamadruga
troldamadruga collected $0.41 from pot
troldamadruga: doesn't show hand 
*** SUMMARY ***
Total pot $0.42 | Rake $0.01 
Board [5h 3s 7h]
Seat 1: ATR691 (big blind) folded before Flop
Seat 3: KRandall12 folded before Flop (didn't bet)
Seat 4: troldamadruga collected ($0.41)
Seat 5: MusaiT folded before Flop (didn't bet)
Seat 6: wALEXSANDRw folded before Flop
Seat 7: Dorex2007 (button) folded before Flop
Seat 8: embezel (small blind) folded on the Flop



PokerStars Hand #236656990687:  Hold'em No Limit ($0.01/$0.02 USD) - 2022/06/08 21:10:12 PT [2022/06/09 0:10:12 ET]
Table 'Ulula III' 9-max Seat #8 is the button
Seat 1: ATR691 ($2 in chips) 
Seat 2: harbaka ($0.80 in chips) 
Seat 3: KRandall12 ($2 in chips) 
Seat 4: troldamadruga ($3.95 in chips) 
Seat 5: MusaiT ($2 in chips) 
Seat 6: wALEXSANDRw ($1.90 in chips) 
Seat 7: Dorex2007 ($2.05 in chips) 
Seat 8: embezel ($3.55 in chips) 
ATR691: posts small blind $0.01
harbaka: posts big blind $0.02
*** HOLE CARDS ***
Dealt to Dorex2007 [Jd 5h]
KRandall12: folds 
troldamadruga: folds 
MusaiT: raises $0.04 to $0.06
wALEXSANDRw: folds 
Dorex2007: folds 
embezel: folds 
ATR691: raises $0.10 to $0.16
harbaka: folds 
MusaiT: folds 
Uncalled bet ($0.10) returned to ATR691
ATR691 collected $0.14 from pot
ATR691: doesn't show hand 
*** SUMMARY ***
Total pot $0.14 | Rake $0 
Seat 1: ATR691 (small blind) collected ($0.14)
Seat 2: harbaka (big blind) folded before Flop
Seat 3: KRandall12 folded before Flop (didn't bet)
Seat 4: troldamadruga folded before Flop (didn't bet)
Seat 5: MusaiT folded before Flop
Seat 6: wALEXSANDRw folded before Flop (didn't bet)
Seat 7: Dorex2007 folded before Flop (didn't bet)
Seat 8: embezel (button) folded before Flop (didn't bet)



PokerStars Hand #236656993945:  Hold'em No Limit ($0.01/$0.02 USD) - 2022/06/08 21:10:38 PT [2022/06/09 0:10:38 ET]
Table 'Ulula III' 9-max Seat #1 is the button
Seat 1: ATR691 ($2.08 in chips) 
Seat 2: harbaka ($0.78 in chips) 
Seat 3: KRandall12 ($2 in chips) 
Seat 4: troldamadruga ($3.95 in chips) 
Seat 5: MusaiT ($2 in chips) 
Seat 6: wALEXSANDRw ($1.90 in chips) 
Seat 7: Dorex2007 ($2.05 in chips) 
Seat 8: embezel ($3.55 in chips) 
harbaka: posts small blind $0.01
KRandall12: posts big blind $0.02
*** HOLE CARDS ***
Dealt to Dorex2007 [6d Ac]
troldamadruga: folds 
MusaiT: folds 
wALEXSANDRw: raises $0.04 to $0.06
Dorex2007: folds 
embezel: folds 
ATR691: folds 
harbaka: folds 
KRandall12: calls $0.04
*** FLOP *** [Kc 4d 5h]
KRandall12: checks 
wALEXSANDRw: bets $0.06
KRandall12: folds 
Uncalled bet ($0.06) returned to wALEXSANDRw
wALEXSANDRw collected $0.13 from pot
wALEXSANDRw: doesn't show hand 
*** SUMMARY ***
Total pot $0.13 | Rake $0 
Board [Kc 4d 5h]
Seat 1: ATR691 (button) folded before Flop (didn't bet)
Seat 2: harbaka (small blind) folded before Flop
Seat 3: KRandall12 (big blind) folded on the Flop
Seat 4: troldamadruga folded before Flop (didn't bet)
Seat 5: MusaiT folded before Flop (didn't bet)
Seat 6: wALEXSANDRw collected ($0.13)
Seat 7: Dorex2007 folded before Flop (didn't bet)
Seat 8: embezel folded before Flop (didn't bet)



PokerStars Hand #236656998189:  Hold'em No Limit ($0.01/$0.02 USD) - 2022/06/08 21:11:10 PT [2022/06/09 0:11:10 ET]
Table 'Ulula III' 9-max Seat #2 is the button
Seat 1: ATR691 ($2.08 in chips) 
Seat 2: harbaka ($0.77 in chips) 
Seat 3: KRandall12 ($2 in chips) 
Seat 4: troldamadruga ($3.95 in chips) 
Seat 5: MusaiT ($2 in chips) 
Seat 6: wALEXSANDRw ($1.97 in chips) 
Seat 7: Dorex2007 ($2.05 in chips) 
Seat 8: embezel ($3.55 in chips) 
KRandall12: posts small blind $0.01
troldamadruga: posts big blind $0.02
*** HOLE CARDS ***
Dealt to Dorex2007 [9h 8h]
MusaiT: folds 
wALEXSANDRw: folds 
embezel is disconnected 
Dorex2007: calls $0.02
embezel has timed out while disconnected
embezel: folds 
ATR691: folds 
harbaka: folds 
KRandall12: calls $0.01
troldamadruga: raises $0.02 to $0.04
Dorex2007: calls $0.02
KRandall12: calls $0.02
*** FLOP *** [7d 7c Jd]
KRandall12: checks 
troldamadruga: bets $0.12
Dorex2007: folds 
KRandall12: folds 
Uncalled bet ($0.12) returned to troldamadruga
troldamadruga collected $0.12 from pot
troldamadruga: doesn't show hand 
*** SUMMARY ***
Total pot $0.12 | Rake $0 
Board [7d 7c Jd]
Seat 1: ATR691 folded before Flop (didn't bet)
Seat 2: harbaka (button) folded before Flop (didn't bet)
Seat 3: KRandall12 (small blind) folded on the Flop
Seat 4: troldamadruga (big blind) collected ($0.12)
Seat 5: MusaiT folded before Flop (didn't bet)
Seat 6: wALEXSANDRw folded before Flop (didn't bet)
Seat 7: Dorex2007 folded on the Flop
Seat 8: embezel folded before Flop (didn't bet)



PokerStars Hand #236657004994:  Hold'em No Limit ($0.01/$0.02 USD) - 2022/06/08 21:12:03 PT [2022/06/09 0:12:03 ET]
Table 'Ulula III' 9-max Seat #3 is the button
Seat 1: ATR691 ($2.08 in chips) 
Seat 2: harbaka ($0.77 in chips) 
Seat 3: KRandall12 ($2 in chips) 
Seat 4: troldamadruga ($4.03 in chips) 
Seat 5: MusaiT ($2 in chips) 
Seat 6: wALEXSANDRw ($1.97 in chips) 
Seat 7: Dorex2007 ($2.01 in chips) 
troldamadruga: posts small blind $0.01
MusaiT: posts big blind $0.02
*** HOLE CARDS ***
Dealt to Dorex2007 [Qc 7d]
wALEXSANDRw: folds 
Dorex2007: folds 
ATR691: folds 
harbaka: folds 
KRandall12: folds 
troldamadruga: folds 
Uncalled bet ($0.01) returned to MusaiT
MusaiT collected $0.02 from pot
MusaiT: doesn't show hand 
*** SUMMARY ***
Total pot $0.02 | Rake $0 
Seat 1: ATR691 folded before Flop (didn't bet)
Seat 2: harbaka folded before Flop (didn't bet)
Seat 3: KRandall12 (button) folded before Flop (didn't bet)
Seat 4: troldamadruga (small blind) folded before Flop
Seat 5: MusaiT (big blind) collected ($0.02)
Seat 6: wALEXSANDRw folded before Flop (didn't bet)
Seat 7: Dorex2007 folded before Flop (didn't bet)



PokerStars Hand #236657007055:  Hold'em No Limit ($0.01/$0.02 USD) - 2022/06/08 21:12:18 PT [2022/06/09 0:12:18 ET]
Table 'Ulula III' 9-max Seat #4 is the button
Seat 1: ATR691 ($2.08 in chips) 
Seat 2: harbaka ($0.77 in chips) 
Seat 3: KRandall12 ($2 in chips) 
Seat 4: troldamadruga ($4.02 in chips) 
Seat 5: MusaiT ($2.01 in chips) 
Seat 6: wALEXSANDRw ($1.97 in chips) 
Seat 7: Dorex2007 ($2.01 in chips) 
MusaiT: posts small blind $0.01
wALEXSANDRw: posts big blind $0.02
*** HOLE CARDS ***
Dealt to Dorex2007 [Jd 5s]
Dorex2007: folds 
ATR691: folds 
harbaka: folds 
KRandall12: raises $0.03 to $0.05
troldamadruga: folds 
MusaiT: folds 
wALEXSANDRw: calls $0.03
*** FLOP *** [5h Jc 7d]
wALEXSANDRw: checks 
KRandall12: bets $0.04
wALEXSANDRw: calls $0.04
*** TURN *** [5h Jc 7d] [3h]
wALEXSANDRw: checks 
KRandall12: checks 
*** RIVER *** [5h Jc 7d 3h] [Ks]
wALEXSANDRw: bets $0.04
KRandall12: calls $0.04
*** SHOW DOWN ***
wALEXSANDRw: shows [As Js] (a pair of Jacks)
KRandall12: shows [9c Kc] (a pair of Kings)
KRandall12 collected $0.26 from pot
*** SUMMARY ***
Total pot $0.27 | Rake $0.01 
Board [5h Jc 7d 3h Ks]
Seat 1: ATR691 folded before Flop (didn't bet)
Seat 2: harbaka folded before Flop (didn't bet)
Seat 3: KRandall12 showed [9c Kc] and won ($0.26) with a pair of Kings
Seat 4: troldamadruga (button) folded before Flop (didn't bet)
Seat 5: MusaiT (small blind) folded before Flop
Seat 6: wALEXSANDRw (big blind) showed [As Js] and lost with a pair of Jacks
Seat 7: Dorex2007 folded before Flop (didn't bet)



PokerStars Hand #236657011584:  Hold'em No Limit ($0.01/$0.02 USD) - 2022/06/08 21:12:53 PT [2022/06/09 0:12:53 ET]
Table 'Ulula III' 9-max Seat #5 is the button
Seat 1: ATR691 ($2.08 in chips) 
Seat 2: harbaka ($0.77 in chips) 
Seat 3: KRandall12 ($2.13 in chips) 
Seat 4: troldamadruga ($4.02 in chips) 
Seat 5: MusaiT ($2 in chips) 
Seat 6: wALEXSANDRw ($1.84 in chips) 
Seat 7: Dorex2007 ($2.01 in chips) 
wALEXSANDRw: posts small blind $0.01
Dorex2007: posts big blind $0.02
*** HOLE CARDS ***
Dealt to Dorex2007 [7s 2s]
ATR691: raises $0.04 to $0.06
harbaka: folds 
KRandall12: folds 
troldamadruga: folds 
MusaiT: folds 
wALEXSANDRw: folds 
Dorex2007: folds 
Uncalled bet ($0.04) returned to ATR691
ATR691 collected $0.05 from pot
ATR691: doesn't show hand 
*** SUMMARY ***
Total pot $0.05 | Rake $0 
Seat 1: ATR691 collected ($0.05)
Seat 2: harbaka folded before Flop (didn't bet)
Seat 3: KRandall12 folded before Flop (didn't bet)
Seat 4: troldamadruga folded before Flop (didn't bet)
Seat 5: MusaiT (button) folded before Flop (didn't bet)
Seat 6: wALEXSANDRw (small blind) folded before Flop
Seat 7: Dorex2007 (big blind) folded before Flop



PokerStars Hand #236657013278:  Hold'em No Limit ($0.01/$0.02 USD) - 2022/06/08 21:13:06 PT [2022/06/09 0:13:06 ET]
Table 'Ulula III' 9-max Seat #6 is the button
Seat 1: ATR691 ($2.11 in chips) 
Seat 2: harbaka ($0.77 in chips) 
Seat 3: KRandall12 ($2.13 in chips) 
Seat 4: troldamadruga ($4.02 in chips) 
Seat 5: MusaiT ($2 in chips) 
Seat 6: wALEXSANDRw ($1.83 in chips) 
Seat 7: Dorex2007 ($2 in chips) 
Dorex2007: posts small blind $0.01
ATR691: posts big blind $0.02
*** HOLE CARDS ***
Dealt to Dorex2007 [8h Ad]
harbaka: folds 
KRandall12: folds 
troldamadruga: folds 
MusaiT: folds 
wALEXSANDRw: folds 
Dorex2007: calls $0.01
ATR691: checks 
*** FLOP *** [6s 4h Jh]
Dorex2007: checks 
ATR691: bets $0.04
Dorex2007: folds 
Uncalled bet ($0.04) returned to ATR691
ATR691 collected $0.04 from pot
ATR691: doesn't show hand 
*** SUMMARY ***
Total pot $0.04 | Rake $0 
Board [6s 4h Jh]
Seat 1: ATR691 (big blind) collected ($0.04)
Seat 2: harbaka folded before Flop (didn't bet)
Seat 3: KRandall12 folded before Flop (didn't bet)
Seat 4: troldamadruga folded before Flop (didn't bet)
Seat 5: MusaiT folded before Flop (didn't bet)
Seat 6: wALEXSANDRw (button) folded before Flop (didn't bet)
Seat 7: Dorex2007 (small blind) folded on the Flop



PokerStars Hand #236657017388:  Hold'em No Limit ($0.01/$0.02 USD) - 2022/06/08 21:13:38 PT [2022/06/09 0:13:38 ET]
Table 'Ulula III' 9-max Seat #7 is the button
Seat 1: ATR691 ($2.13 in chips) 
Seat 2: harbaka ($0.77 in chips) 
Seat 3: KRandall12 ($2.13 in chips) 
Seat 4: troldamadruga ($4.02 in chips) 
Seat 5: MusaiT ($2 in chips) 
Seat 6: wALEXSANDRw ($1.83 in chips) 
Seat 7: Dorex2007 ($2 in chips) 
ATR691: posts small blind $0.01
harbaka: posts big blind $0.02
*** HOLE CARDS ***
Dealt to Dorex2007 [3s Kc]
KRandall12: folds 
troldamadruga: folds 
MusaiT: folds 
wALEXSANDRw: raises $0.04 to $0.06
Dorex2007: folds 
ATR691: folds 
harbaka: folds 
Uncalled bet ($0.04) returned to wALEXSANDRw
wALEXSANDRw collected $0.05 from pot
wALEXSANDRw: doesn't show hand 
*** SUMMARY ***
Total pot $0.05 | Rake $0 
Seat 1: ATR691 (small blind) folded before Flop
Seat 2: harbaka (big blind) folded before Flop
Seat 3: KRandall12 folded before Flop (didn't bet)
Seat 4: troldamadruga folded before Flop (didn't bet)
Seat 5: MusaiT folded before Flop (didn't bet)
Seat 6: wALEXSANDRw collected ($0.05)
Seat 7: Dorex2007 (button) folded before Flop (didn't bet)



PokerStars Hand #236657019560:  Hold'em No Limit ($0.01/$0.02 USD) - 2022/06/08 21:13:55 PT [2022/06/09 0:13:55 ET]
Table 'Ulula III' 9-max Seat #1 is the button
Seat 1: ATR691 ($2.12 in chips) 
Seat 2: harbaka ($0.75 in chips) 
Seat 3: KRandall12 ($2.13 in chips) 
Seat 4: troldamadruga ($4.02 in chips) 
Seat 5: MusaiT ($2 in chips) 
Seat 6: wALEXSANDRw ($1.86 in chips) 
Seat 7: Dorex2007 ($2 in chips) 
harbaka: posts small blind $0.01
KRandall12: posts big blind $0.02
*** HOLE CARDS ***
Dealt to Dorex2007 [3d 2d]
troldamadruga has timed out
troldamadruga: folds 
MusaiT: folds 
wALEXSANDRw: raises $0.02 to $0.04
Dorex2007: folds 
ATR691: folds 
harbaka: calls $0.03
KRandall12: folds 
*** FLOP *** [6c As 9s]
harbaka: checks 
wALEXSANDRw: bets $0.05
harbaka: folds 
Uncalled bet ($0.05) returned to wALEXSANDRw
wALEXSANDRw collected $0.10 from pot
wALEXSANDRw: doesn't show hand 
*** SUMMARY ***
Total pot $0.10 | Rake $0 
Board [6c As 9s]
Seat 1: ATR691 (button) folded before Flop (didn't bet)
Seat 2: harbaka (small blind) folded on the Flop
Seat 3: KRandall12 (big blind) folded before Flop
Seat 4: troldamadruga folded before Flop (didn't bet)
Seat 5: MusaiT folded before Flop (didn't bet)
Seat 6: wALEXSANDRw collected ($0.10)
Seat 7: Dorex2007 folded before Flop (didn't bet)



PokerStars Hand #236657070196:  Hold'em No Limit ($0.01/$0.02 USD) - 2022/06/08 21:19:25 PT [2022/06/09 0:19:25 ET]
Table 'Ulula III' 9-max Seat #8 is the button
Seat 1: ATR691 ($2.52 in chips) 
Seat 2: harbaka ($0.71 in chips) 
Seat 3: KRandall12 ($2 in chips) 
Seat 4: troldamadruga ($3.97 in chips) 
Seat 5: MusaiT ($2 in chips) 
Seat 6: wALEXSANDRw ($2.03 in chips) 
Seat 7: Dorex2007 ($2 in chips) 
Seat 8: embezel ($5.45 in chips) 
Seat 9: joacoseque ($3.60 in chips) 
joacoseque: posts small blind $0.01
ATR691: posts big blind $0.02
Dorex2007: posts small & big blinds $0.03
*** HOLE CARDS ***
Dealt to Dorex2007 [2d 9s]
harbaka: folds 
KRandall12: folds 
troldamadruga: calls $0.02
MusaiT: folds 
wALEXSANDRw: calls $0.02
Dorex2007: checks 
embezel: calls $0.02
joacoseque: calls $0.01
ATR691: checks 
*** FLOP *** [7s 5s 4h]
joacoseque: checks 
ATR691: checks 
troldamadruga: checks 
wALEXSANDRw: checks 
Dorex2007: checks 
embezel: bets $0.04
joacoseque: folds 
ATR691: folds 
troldamadruga: calls $0.04
wALEXSANDRw: folds 
Dorex2007: folds 
*** TURN *** [7s 5s 4h] [2s]
troldamadruga: checks 
embezel: bets $0.08
troldamadruga: calls $0.08
*** RIVER *** [7s 5s 4h 2s] [9d]
troldamadruga: checks 
embezel: bets $0.10
troldamadruga: folds 
Uncalled bet ($0.10) returned to embezel
embezel collected $0.36 from pot
embezel: doesn't show hand 
*** SUMMARY ***
Total pot $0.37 | Rake $0.01 
Board [7s 5s 4h 2s 9d]
Seat 1: ATR691 (big blind) folded on the Flop
Seat 2: harbaka folded before Flop (didn't bet)
Seat 3: KRandall12 folded before Flop (didn't bet)
Seat 4: troldamadruga folded on the River
Seat 5: MusaiT folded before Flop (didn't bet)
Seat 6: wALEXSANDRw folded on the Flop
Seat 7: Dorex2007 folded on the Flop (didn't bet)
Seat 8: embezel (button) collected ($0.36)
Seat 9: joacoseque (small blind) folded on the Flop



PokerStars Hand #236657079284:  Hold'em No Limit ($0.01/$0.02 USD) - 2022/06/08 21:20:34 PT [2022/06/09 0:20:34 ET]
Table 'Ulula III' 9-max Seat #9 is the button
Seat 1: ATR691 ($2.50 in chips) 
Seat 2: harbaka ($0.71 in chips) 
Seat 3: KRandall12 ($2 in chips) 
Seat 4: troldamadruga ($3.83 in chips) 
Seat 5: MusaiT ($2 in chips) 
Seat 6: wALEXSANDRw ($2.01 in chips) 
Seat 7: Dorex2007 ($2 in chips) 
Seat 8: embezel ($5.67 in chips) 
Seat 9: joacoseque ($3.58 in chips) 
ATR691: posts small blind $0.01
harbaka: posts big blind $0.02
*** HOLE CARDS ***
Dealt to Dorex2007 [6d 6c]
KRandall12: folds 
troldamadruga: folds 
MusaiT: folds 
wALEXSANDRw: folds 
troldamadruga leaves the table
Dorex2007: raises $0.04 to $0.06
embezel: calls $0.06
joacoseque: calls $0.06
ATR691: folds 
harbaka: folds 
*** FLOP *** [Ts Ad Ah]
Dorex2007: bets $0.20
embezel: calls $0.20
joacoseque: folds 
*** TURN *** [Ts Ad Ah] [Kd]
Dorex2007: bets $0.30
embezel: calls $0.30
*** RIVER *** [Ts Ad Ah Kd] [3s]
Dorex2007: bets $1.17
embezel: raises $1.17 to $2.34
Dorex2007: folds 
Uncalled bet ($1.17) returned to embezel
embezel collected $3.43 from pot
embezel: doesn't show hand 
*** SUMMARY ***
Total pot $3.55 | Rake $0.12 
Board [Ts Ad Ah Kd 3s]
Seat 1: ATR691 (small blind) folded before Flop
Seat 2: harbaka (big blind) folded before Flop
Seat 3: KRandall12 folded before Flop (didn't bet)
Seat 4: troldamadruga folded before Flop (didn't bet)
Seat 5: MusaiT folded before Flop (didn't bet)
Seat 6: wALEXSANDRw folded before Flop (didn't bet)
Seat 7: Dorex2007 folded on the River
Seat 8: embezel collected ($3.43)
Seat 9: joacoseque (button) folded on the Flop



PokerStars Hand #236657087545:  Hold'em No Limit ($0.01/$0.02 USD) - 2022/06/08 21:21:36 PT [2022/06/09 0:21:36 ET]
Table 'Ulula III' 9-max Seat #1 is the button
Seat 1: ATR691 ($2.49 in chips) 
Seat 2: harbaka ($0.69 in chips) 
Seat 3: KRandall12 ($2 in chips) 
Seat 5: MusaiT ($2 in chips) 
Seat 6: wALEXSANDRw ($2.01 in chips) 
Seat 7: Dorex2007 ($2 in chips) 
Seat 8: embezel ($7.37 in chips) 
Seat 9: joacoseque ($3.52 in chips) 
harbaka: posts small blind $0.01
KRandall12: posts big blind $0.02
*** HOLE CARDS ***
Dealt to Dorex2007 [As 5c]
MusaiT: folds 
ckudka joins the table at seat #4 
wALEXSANDRw is disconnected 
wALEXSANDRw has timed out while being disconnected
wALEXSANDRw: folds 
Dorex2007: calls $0.02
embezel: folds 
joacoseque: calls $0.02
ATR691: calls $0.02
harbaka: calls $0.01
KRandall12: checks 
*** FLOP *** [Js 3d 7c]
harbaka: bets $0.10
KRandall12: folds 
Dorex2007: folds 
joacoseque: calls $0.10
ATR691: folds 
*** TURN *** [Js 3d 7c] [Ks]
harbaka: checks 
joacoseque: checks 
*** RIVER *** [Js 3d 7c Ks] [5d]
harbaka: checks 
joacoseque: checks 
*** SHOW DOWN ***
harbaka: shows [Ac Jc] (a pair of Jacks)
joacoseque: mucks hand 
harbaka collected $0.29 from pot
*** SUMMARY ***
Total pot $0.30 | Rake $0.01 
Board [Js 3d 7c Ks 5d]
Seat 1: ATR691 (button) folded on the Flop
Seat 2: harbaka (small blind) showed [Ac Jc] and won ($0.29) with a pair of Jacks
Seat 3: KRandall12 (big blind) folded on the Flop
Seat 5: MusaiT folded before Flop (didn't bet)
Seat 6: wALEXSANDRw folded before Flop (didn't bet)
Seat 7: Dorex2007 folded on the Flop
Seat 8: embezel folded before Flop (didn't bet)
Seat 9: joacoseque mucked [Td 9d]



PokerStars Hand #236657097258:  Hold'em No Limit ($0.01/$0.02 USD) - 2022/06/08 21:22:48 PT [2022/06/09 0:22:48 ET]
Table 'Ulula III' 9-max Seat #2 is the button
Seat 1: ATR691 ($2.47 in chips) 
Seat 2: harbaka ($0.86 in chips) 
Seat 3: KRandall12 ($2 in chips) 
Seat 4: ckudka ($1 in chips) 
Seat 5: MusaiT ($2 in chips) 
Seat 7: Dorex2007 ($2 in chips) 
Seat 8: embezel ($7.37 in chips) 
Seat 9: joacoseque ($3.40 in chips) 
KRandall12: posts small blind $0.01
ckudka: posts big blind $0.02
*** HOLE CARDS ***
Dealt to Dorex2007 [7d 5h]
MusaiT: raises $0.04 to $0.06
Dorex2007: folds 
embezel: folds 
joacoseque: calls $0.06
ATR691: folds 
harbaka: folds 
KRandall12: folds 
ckudka: folds 
*** FLOP *** [8s 4c 3d]
MusaiT: checks 
joacoseque: checks 
*** TURN *** [8s 4c 3d] [7c]
MusaiT: checks 
joacoseque: checks 
*** RIVER *** [8s 4c 3d 7c] [3h]
MusaiT: checks 
joacoseque: bets $0.10
MusaiT: folds 
Uncalled bet ($0.10) returned to joacoseque
joacoseque collected $0.14 from pot
joacoseque: doesn't show hand 
*** SUMMARY ***
Total pot $0.15 | Rake $0.01 
Board [8s 4c 3d 7c 3h]
Seat 1: ATR691 folded before Flop (didn't bet)
Seat 2: harbaka (button) folded before Flop (didn't bet)
Seat 3: KRandall12 (small blind) folded before Flop
Seat 4: ckudka (big blind) folded before Flop
Seat 5: MusaiT folded on the River
Seat 7: Dorex2007 folded before Flop (didn't bet)
Seat 8: embezel folded before Flop (didn't bet)
Seat 9: joacoseque collected ($0.14)



PokerStars Hand #236657102089:  Hold'em No Limit ($0.01/$0.02 USD) - 2022/06/08 21:23:25 PT [2022/06/09 0:23:25 ET]
Table 'Ulula III' 9-max Seat #3 is the button
Seat 1: ATR691 ($2.47 in chips) 
Seat 2: harbaka ($0.86 in chips) 
Seat 3: KRandall12 ($2 in chips) 
Seat 4: ckudka ($0.98 in chips) 
Seat 5: MusaiT ($2 in chips) 
Seat 7: Dorex2007 ($2 in chips) 
Seat 8: embezel ($7.37 in chips) 
ckudka: posts small blind $0.01
MusaiT: posts big blind $0.02
*** HOLE CARDS ***
Dealt to Dorex2007 [9h 7c]
joacoseque leaves the table
Dorex2007: folds 
embezel: calls $0.02
ATR691: raises $0.04 to $0.06
harbaka: folds 
KRandall12: calls $0.06
ckudka: folds 
MusaiT: calls $0.04
embezel: calls $0.04
*** FLOP *** [Ts 4s As]
MusaiT: checks 
embezel: checks 
ATR691: bets $0.20
KRandall12: calls $0.20
MusaiT: folds 
embezel: raises $0.26 to $0.46
ATR691: folds 
KRandall12: raises $1.48 to $1.94 and is all-in
embezel: calls $1.48
*** TURN *** [Ts 4s As] [5s]
*** RIVER *** [Ts 4s As 5s] [Qh]
*** SHOW DOWN ***
embezel: shows [6s Js] (a flush, Ace high)
KRandall12: shows [Ah Ks] (a flush, Ace high - King higher)
KRandall12 collected $4.18 from pot
*** SUMMARY ***
Total pot $4.33 | Rake $0.15 
Board [Ts 4s As 5s Qh]
Seat 1: ATR691 folded on the Flop
Seat 2: harbaka folded before Flop (didn't bet)
Seat 3: KRandall12 (button) showed [Ah Ks] and won ($4.18) with a flush, Ace high
Seat 4: ckudka (small blind) folded before Flop
Seat 5: MusaiT (big blind) folded on the Flop
Seat 7: Dorex2007 folded before Flop (didn't bet)
Seat 8: embezel showed [6s Js] and lost with a flush, Ace high



PokerStars Hand #236657110631:  Hold'em No Limit ($0.01/$0.02 USD) - 2022/06/08 21:24:31 PT [2022/06/09 0:24:31 ET]
Table 'Ulula III' 9-max Seat #4 is the button
Seat 1: ATR691 ($2.21 in chips) 
Seat 2: harbaka ($0.86 in chips) 
Seat 3: KRandall12 ($4.18 in chips) 
Seat 4: ckudka ($0.97 in chips) 
Seat 5: MusaiT ($2 in chips) 
Seat 7: Dorex2007 ($2 in chips) 
Seat 8: embezel ($5.37 in chips) 
MusaiT: posts small blind $0.01
Dorex2007: posts big blind $0.02
*** HOLE CARDS ***
Dealt to Dorex2007 [9h Ks]
embezel: calls $0.02
ATR691: folds 
harbaka: folds 
KRandall12: folds 
ckudka: folds 
MusaiT: folds 
Dorex2007: checks 
*** FLOP *** [6h 3d 5c]
Dorex2007: checks 
embezel: checks 
*** TURN *** [6h 3d 5c] [Jh]
Dorex2007: checks 
embezel: bets $0.05
Dorex2007: folds 
Uncalled bet ($0.05) returned to embezel
embezel collected $0.05 from pot
embezel: doesn't show hand 
*** SUMMARY ***
Total pot $0.05 | Rake $0 
Board [6h 3d 5c Jh]
Seat 1: ATR691 folded before Flop (didn't bet)
Seat 2: harbaka folded before Flop (didn't bet)
Seat 3: KRandall12 folded before Flop (didn't bet)
Seat 4: ckudka (button) folded before Flop (didn't bet)
Seat 5: MusaiT (small blind) folded before Flop
Seat 7: Dorex2007 (big blind) folded on the Turn
Seat 8: embezel collected ($0.05)



PokerStars Hand #236657115076:  Hold'em No Limit ($0.01/$0.02 USD) - 2022/06/08 21:25:05 PT [2022/06/09 0:25:05 ET]
Table 'Ulula III' 9-max Seat #5 is the button
Seat 1: ATR691 ($2.21 in chips) 
Seat 2: harbaka ($0.86 in chips) 
Seat 3: KRandall12 ($4.18 in chips) 
Seat 4: ckudka ($0.97 in chips) 
Seat 5: MusaiT ($2 in chips) 
Seat 7: Dorex2007 ($2 in chips) 
Seat 8: embezel ($5.40 in chips) 
Dorex2007: posts small blind $0.01
embezel: posts big blind $0.02
*** HOLE CARDS ***
Dealt to Dorex2007 [6d 3s]
ATR691: folds 
harbaka: folds 
KRandall12: folds 
ckudka: folds 
MusaiT: raises $0.03 to $0.05
Dorex2007: folds 
embezel: calls $0.03
*** FLOP *** [Jc 6h 9s]
KRandall12 leaves the table
embezel: bets $0.04
MusaiT: folds 
Uncalled bet ($0.04) returned to embezel
embezel collected $0.11 from pot
embezel: doesn't show hand 
*** SUMMARY ***
Total pot $0.11 | Rake $0 
Board [Jc 6h 9s]
Seat 1: ATR691 folded before Flop (didn't bet)
Seat 2: harbaka folded before Flop (didn't bet)
Seat 3: KRandall12 folded before Flop (didn't bet)
Seat 4: ckudka folded before Flop (didn't bet)
Seat 5: MusaiT (button) folded on the Flop
Seat 7: Dorex2007 (small blind) folded before Flop
Seat 8: embezel (big blind) collected ($0.11)



PokerStars Hand #236657119606:  Hold'em No Limit ($0.01/$0.02 USD) - 2022/06/08 21:25:39 PT [2022/06/09 0:25:39 ET]
Table 'Ulula III' 9-max Seat #7 is the button
Seat 1: ATR691 ($2.21 in chips) 
Seat 2: harbaka ($0.86 in chips) 
Seat 4: ckudka ($0.97 in chips) 
Seat 5: MusaiT ($2 in chips) 
Seat 7: Dorex2007 ($2 in chips) 
Seat 8: embezel ($5.46 in chips) 
embezel: posts small blind $0.01
ATR691: posts big blind $0.02
*** HOLE CARDS ***
Dealt to Dorex2007 [9d 4h]
harbaka: folds 
ckudka: folds 
MusaiT: folds 
Dorex2007: folds 
embezel: raises $0.02 to $0.04
ATR691: calls $0.02
*** FLOP *** [4d 8c Jc]
embezel: checks 
ATR691: bets $0.06
embezel: calls $0.06
*** TURN *** [4d 8c Jc] [7d]
embezel: checks 
ATR691: bets $0.14
embezel: folds 
Uncalled bet ($0.14) returned to ATR691
ATR691 collected $0.19 from pot
ATR691: doesn't show hand 
*** SUMMARY ***
Total pot $0.20 | Rake $0.01 
Board [4d 8c Jc 7d]
Seat 1: ATR691 (big blind) collected ($0.19)
Seat 2: harbaka folded before Flop (didn't bet)
Seat 4: ckudka folded before Flop (didn't bet)
Seat 5: MusaiT folded before Flop (didn't bet)
Seat 7: Dorex2007 (button) folded before Flop (didn't bet)
Seat 8: embezel (small blind) folded on the Turn



PokerStars Hand #236657126710:  Hold'em No Limit ($0.01/$0.02 USD) - 2022/06/08 21:26:35 PT [2022/06/09 0:26:35 ET]
Table 'Ulula III' 9-max Seat #8 is the button
Seat 1: ATR691 ($2.30 in chips) 
Seat 2: harbaka ($0.86 in chips) 
Seat 4: ckudka ($0.97 in chips) 
Seat 5: MusaiT ($2 in chips) 
Seat 7: Dorex2007 ($2 in chips) 
Seat 8: embezel ($5.36 in chips) 
ATR691: posts small blind $0.01
harbaka: posts big blind $0.02
*** HOLE CARDS ***
Dealt to Dorex2007 [Kd 4d]
ckudka: folds 
MusaiT: folds 
Dorex2007: folds 
embezel: calls $0.02
ATR691: folds 
harbaka: checks 
*** FLOP *** [Kh Qc 6c]
harbaka: checks 
embezel: checks 
*** TURN *** [Kh Qc 6c] [As]
harbaka: bets $0.03
embezel: calls $0.03
*** RIVER *** [Kh Qc 6c As] [7h]
harbaka: checks 
embezel: bets $0.08
harbaka: calls $0.08
*** SHOW DOWN ***
embezel: shows [8h 5s] (high card Ace)
harbaka: shows [Ts Ad] (a pair of Aces)
harbaka collected $0.26 from pot
*** SUMMARY ***
Total pot $0.27 | Rake $0.01 
Board [Kh Qc 6c As 7h]
Seat 1: ATR691 (small blind) folded before Flop
Seat 2: harbaka (big blind) showed [Ts Ad] and won ($0.26) with a pair of Aces
Seat 4: ckudka folded before Flop (didn't bet)
Seat 5: MusaiT folded before Flop (didn't bet)
Seat 7: Dorex2007 folded before Flop (didn't bet)
Seat 8: embezel (button) showed [8h 5s] and lost with high card Ace



PokerStars Hand #236657130670:  Hold'em No Limit ($0.01/$0.02 USD) - 2022/06/08 21:27:06 PT [2022/06/09 0:27:06 ET]
Table 'Ulula III' 9-max Seat #1 is the button
Seat 1: ATR691 ($2.29 in chips) 
Seat 2: harbaka ($0.99 in chips) 
Seat 4: ckudka ($0.97 in chips) 
Seat 5: MusaiT ($2 in chips) 
Seat 7: Dorex2007 ($2 in chips) 
Seat 8: embezel ($5.23 in chips) 
harbaka: posts small blind $0.01
ckudka: posts big blind $0.02
*** HOLE CARDS ***
Dealt to Dorex2007 [Th 7h]
MusaiT: folds 
Dorex2007: folds 
embezel: raises $0.02 to $0.04
ATR691: folds 
MusaiT leaves the table
harbaka: calls $0.03
ckudka: calls $0.02
*** FLOP *** [Qh 9d As]
harbaka: checks 
ckudka: checks 
embezel: checks 
*** TURN *** [Qh 9d As] [9h]
harbaka: checks 
ckudka: bets $0.02
embezel: calls $0.02
harbaka: folds 
*** RIVER *** [Qh 9d As 9h] [Qd]
ckudka: bets $0.04
embezel: raises $0.12 to $0.16
ckudka: folds 
Uncalled bet ($0.12) returned to embezel
embezel collected $0.23 from pot
embezel: doesn't show hand 
*** SUMMARY ***
Total pot $0.24 | Rake $0.01 
Board [Qh 9d As 9h Qd]
Seat 1: ATR691 (button) folded before Flop (didn't bet)
Seat 2: harbaka (small blind) folded on the Turn
Seat 4: ckudka (big blind) folded on the River
Seat 5: MusaiT folded before Flop (didn't bet)
Seat 7: Dorex2007 folded before Flop (didn't bet)
Seat 8: embezel collected ($0.23)



PokerStars Hand #236657143256:  Hold'em No Limit ($0.01/$0.02 USD) - 2022/06/08 21:28:05 PT [2022/06/09 0:28:05 ET]
Table 'Ulula III' 9-max Seat #2 is the button
Seat 1: ATR691 ($2.29 in chips) 
Seat 2: harbaka ($0.95 in chips) 
Seat 4: ckudka ($0.87 in chips) 
Seat 7: Dorex2007 ($2 in chips) 
Seat 8: embezel ($5.36 in chips) 
ckudka: posts small blind $0.01
Dorex2007: posts big blind $0.02
*** HOLE CARDS ***
Dealt to Dorex2007 [9s 8s]
embezel: folds 
ATR691: folds 
harbaka: raises $0.04 to $0.06
ckudka: folds 
Dorex2007: calls $0.04
*** FLOP *** [Kd 4c 5h]
Dorex2007: checks 
harbaka: bets $0.07
Dorex2007: folds 
Uncalled bet ($0.07) returned to harbaka
harbaka collected $0.13 from pot
*** SUMMARY ***
Total pot $0.13 | Rake $0 
Board [Kd 4c 5h]
Seat 1: ATR691 folded before Flop (didn't bet)
Seat 2: harbaka (button) collected ($0.13)
Seat 4: ckudka (small blind) folded before Flop
Seat 7: Dorex2007 (big blind) folded on the Flop
Seat 8: embezel folded before Flop (didn't bet)



PokerStars Hand #236657146122:  Hold'em No Limit ($0.01/$0.02 USD) - 2022/06/08 21:28:27 PT [2022/06/09 0:28:27 ET]
Table 'Ulula III' 9-max Seat #4 is the button
Seat 1: ATR691 ($2.29 in chips) 
Seat 2: harbaka ($1.02 in chips) 
Seat 4: ckudka ($0.86 in chips) 
Seat 7: Dorex2007 ($2 in chips) 
Seat 8: embezel ($5.36 in chips) 
Dorex2007: posts small blind $0.01
embezel: posts big blind $0.02
*** HOLE CARDS ***
Dealt to Dorex2007 [9d As]
ATR691: raises $0.04 to $0.06
harbaka: folds 
ckudka: folds 
Dorex2007: folds 
embezel: calls $0.04
*** FLOP *** [Kh 7h 4s]
fabri74 joins the table at seat #5 
embezel: checks 
ATR691: bets $0.10
embezel: folds 
Uncalled bet ($0.10) returned to ATR691
ATR691 collected $0.13 from pot
ATR691: doesn't show hand 
*** SUMMARY ***
Total pot $0.13 | Rake $0 
Board [Kh 7h 4s]
Seat 1: ATR691 collected ($0.13)
Seat 2: harbaka folded before Flop (didn't bet)
Seat 4: ckudka (button) folded before Flop (didn't bet)
Seat 7: Dorex2007 (small blind) folded before Flop
Seat 8: embezel (big blind) folded on the Flop



PokerStars Hand #236657148905:  Hold'em No Limit ($0.01/$0.02 USD) - 2022/06/08 21:28:49 PT [2022/06/09 0:28:49 ET]
Table 'Ulula III' 9-max Seat #7 is the button
Seat 1: ATR691 ($2.36 in chips) 
Seat 2: harbaka ($1.02 in chips) 
Seat 4: ckudka ($0.86 in chips) 
Seat 7: Dorex2007 ($2 in chips) 
Seat 8: embezel ($5.30 in chips) 
embezel: posts small blind $0.01
ATR691: posts big blind $0.02
fabri74: sits out 
*** HOLE CARDS ***
Dealt to Dorex2007 [Qs 2c]
harbaka: folds 
ckudka: folds 
Dorex2007: folds 
embezel: calls $0.01
ATR691: checks 
*** FLOP *** [Kd 9s 6h]
embezel: bets $0.02
ATR691: calls $0.02
*** TURN *** [Kd 9s 6h] [5d]
embezel: bets $0.02
ATR691: calls $0.02
*** RIVER *** [Kd 9s 6h 5d] [Ac]
embezel: bets $0.08
ATR691: calls $0.08
*** SHOW DOWN ***
embezel: shows [4s 8d] (high card Ace)
ATR691: shows [As 9h] (two pair, Aces and Nines)
ATR691 collected $0.27 from pot
*** SUMMARY ***
Total pot $0.28 | Rake $0.01 
Board [Kd 9s 6h 5d Ac]
Seat 1: ATR691 (big blind) showed [As 9h] and won ($0.27) with two pair, Aces and Nines
Seat 2: harbaka folded before Flop (didn't bet)
Seat 4: ckudka folded before Flop (didn't bet)
Seat 7: Dorex2007 (button) folded before Flop (didn't bet)
Seat 8: embezel (small blind) showed [4s 8d] and lost with high card Ace



PokerStars Hand #236657153154:  Hold'em No Limit ($0.01/$0.02 USD) - 2022/06/08 21:29:23 PT [2022/06/09 0:29:23 ET]
Table 'Ulula III' 9-max Seat #8 is the button
Seat 1: ATR691 ($2.49 in chips) 
Seat 2: harbaka ($1.02 in chips) 
Seat 4: ckudka ($0.86 in chips) 
Seat 7: Dorex2007 ($2 in chips) 
Seat 8: embezel ($5.16 in chips) 
ATR691: posts small blind $0.01
harbaka: posts big blind $0.02
fabri74: sits out 
*** HOLE CARDS ***
Dealt to Dorex2007 [Tc 5h]
ckudka: folds 
Dorex2007: folds 
embezel: calls $0.02
ATR691: folds 
harbaka: checks 
*** FLOP *** [As Kc 9d]
harbaka: checks 
embezel: bets $0.02
harbaka: folds 
Uncalled bet ($0.02) returned to embezel
embezel collected $0.05 from pot
embezel: doesn't show hand 
*** SUMMARY ***
Total pot $0.05 | Rake $0 
Board [As Kc 9d]
Seat 1: ATR691 (small blind) folded before Flop
Seat 2: harbaka (big blind) folded on the Flop
Seat 4: ckudka folded before Flop (didn't bet)
Seat 7: Dorex2007 folded before Flop (didn't bet)
Seat 8: embezel (button) collected ($0.05)



PokerStars Hand #236657156468:  Hold'em No Limit ($0.01/$0.02 USD) - 2022/06/08 21:29:49 PT [2022/06/09 0:29:49 ET]
Table 'Ulula III' 9-max Seat #1 is the button
Seat 1: ATR691 ($2.48 in chips) 
Seat 2: harbaka ($1 in chips) 
Seat 4: ckudka ($0.86 in chips) 
Seat 7: Dorex2007 ($2 in chips) 
Seat 8: embezel ($5.19 in chips) 
harbaka: posts small blind $0.01
ckudka: posts big blind $0.02
fabri74: sits out 
*** HOLE CARDS ***
Dealt to Dorex2007 [8s Qs]
Dorex2007: folds 
embezel: folds 
ATR691: folds 
harbaka: folds 
Uncalled bet ($0.01) returned to ckudka
ckudka collected $0.02 from pot
ckudka: doesn't show hand 
*** SUMMARY ***
Total pot $0.02 | Rake $0 
Seat 1: ATR691 (button) folded before Flop (didn't bet)
Seat 2: harbaka (small blind) folded before Flop
Seat 4: ckudka (big blind) collected ($0.02)
Seat 7: Dorex2007 folded before Flop (didn't bet)
Seat 8: embezel folded before Flop (didn't bet)



PokerStars Hand #236657157363:  Hold'em No Limit ($0.01/$0.02 USD) - 2022/06/08 21:29:56 PT [2022/06/09 0:29:56 ET]
Table 'Ulula III' 9-max Seat #2 is the button
Seat 1: ATR691 ($2.48 in chips) 
Seat 2: harbaka ($0.99 in chips) 
Seat 4: ckudka ($0.87 in chips) 
Seat 5: fabri74 ($0.80 in chips) 
Seat 7: Dorex2007 ($2 in chips) 
Seat 8: embezel ($5.19 in chips) 
ckudka: posts small blind $0.01
fabri74: posts big blind $0.02
*** HOLE CARDS ***
Dealt to Dorex2007 [8h 9c]
Dorex2007: folds 
embezel: folds 
ATR691: folds 
harbaka: folds 
ckudka: calls $0.01
barrera69 joins the table at seat #9 
fabri74: checks 
*** FLOP *** [3c Qd 2s]
ckudka: checks 
haronkz joins the table at seat #3 
fabri74: checks 
*** TURN *** [3c Qd 2s] [7h]
ckudka: checks 
fabri74: checks 
*** RIVER *** [3c Qd 2s 7h] [3d]
ckudka: checks 
fabri74: checks 
*** SHOW DOWN ***
ckudka: shows [4h 5d] (a pair of Threes)
fabri74: shows [8d 6c] (a pair of Threes - Queen+Eight kicker)
fabri74 collected $0.04 from pot
*** SUMMARY ***
Total pot $0.04 | Rake $0 
Board [3c Qd 2s 7h 3d]
Seat 1: ATR691 folded before Flop (didn't bet)
Seat 2: harbaka (button) folded before Flop (didn't bet)
Seat 4: ckudka (small blind) showed [4h 5d] and lost with a pair of Threes
Seat 5: fabri74 (big blind) showed [8d 6c] and won ($0.04) with a pair of Threes
Seat 7: Dorex2007 folded before Flop (didn't bet)
Seat 8: embezel folded before Flop (didn't bet)



PokerStars Hand #236657161367:  Hold'em No Limit ($0.01/$0.02 USD) - 2022/06/08 21:30:27 PT [2022/06/09 0:30:27 ET]
Table 'Ulula III' 9-max Seat #4 is the button
Seat 1: ATR691 ($2.48 in chips) 
Seat 2: harbaka ($0.99 in chips) 
Seat 4: ckudka ($0.85 in chips) 
Seat 5: fabri74 ($0.82 in chips) 
Seat 7: Dorex2007 ($2 in chips) 
Seat 8: embezel ($5.19 in chips) 
Seat 9: barrera69 ($1.50 in chips) 
fabri74: posts small blind $0.01
Dorex2007: posts big blind $0.02
barrera69: posts big blind $0.02
haronkz: sits out 
*** HOLE CARDS ***
Dealt to Dorex2007 [9s 5h]
embezel: calls $0.02
barrera69: raises $0.04 to $0.06
ATR691: folds 
harbaka: folds 
ckudka: folds 
fabri74: folds 
Dorex2007: folds 
embezel: calls $0.04
*** FLOP *** [7c Ad 8d]
embezel: checks 
barrera69: bets $0.06
embezel: calls $0.06
*** TURN *** [7c Ad 8d] [3s]
embezel: checks 
barrera69: bets $0.06
embezel: raises $0.11 to $0.17
barrera69: calls $0.11
*** RIVER *** [7c Ad 8d 3s] [Td]
embezel: bets $0.19
barrera69: raises $0.97 to $1.16
wALEXSANDRw leaves the table
embezel: folds 
Uncalled bet ($0.97) returned to barrera69
barrera69 collected $0.96 from pot
*** SUMMARY ***
Total pot $0.99 | Rake $0.03 
Board [7c Ad 8d 3s Td]
Seat 1: ATR691 folded before Flop (didn't bet)
Seat 2: harbaka folded before Flop (didn't bet)
Seat 4: ckudka (button) folded before Flop (didn't bet)
Seat 5: fabri74 (small blind) folded before Flop
Seat 7: Dorex2007 (big blind) folded before Flop
Seat 8: embezel folded on the River
Seat 9: barrera69 collected ($0.96)



PokerStars Hand #236657174637:  Hold'em No Limit ($0.01/$0.02 USD) - 2022/06/08 21:32:13 PT [2022/06/09 0:32:13 ET]
Table 'Ulula III' 9-max Seat #5 is the button
Seat 1: ATR691 ($2.48 in chips) 
Seat 2: harbaka ($0.99 in chips) 
Seat 4: ckudka ($0.85 in chips) 
Seat 5: fabri74 ($0.81 in chips) 
Seat 7: Dorex2007 ($2 in chips) 
Seat 8: embezel ($4.71 in chips) 
Seat 9: barrera69 ($1.98 in chips) 
Dorex2007: posts small blind $0.01
embezel: posts big blind $0.02
haronkz: sits out 
*** HOLE CARDS ***
Dealt to Dorex2007 [Td Ac]
barrera69: folds 
ATR691: folds 
harbaka: folds 
ckudka: folds 
fabri74: folds 
Dorex2007: calls $0.01
embezel: checks 
*** FLOP *** [4c Kc 9s]
Dorex2007: checks 
embezel: bets $0.02
Dorex2007: calls $0.02
*** TURN *** [4c Kc 9s] [9c]
Dorex2007: bets $0.05
embezel: folds 
Uncalled bet ($0.05) returned to Dorex2007
Dorex2007 collected $0.08 from pot
Dorex2007: doesn't show hand 
*** SUMMARY ***
Total pot $0.08 | Rake $0 
Board [4c Kc 9s 9c]
Seat 1: ATR691 folded before Flop (didn't bet)
Seat 2: harbaka folded before Flop (didn't bet)
Seat 4: ckudka folded before Flop (didn't bet)
Seat 5: fabri74 (button) folded before Flop (didn't bet)
Seat 7: Dorex2007 (small blind) collected ($0.08)
Seat 8: embezel (big blind) folded on the Turn
Seat 9: barrera69 folded before Flop (didn't bet)



PokerStars Hand #236657179866:  Hold'em No Limit ($0.01/$0.02 USD) - 2022/06/08 21:32:56 PT [2022/06/09 0:32:56 ET]
Table 'Ulula III' 9-max Seat #7 is the button
Seat 1: ATR691 ($2.48 in chips) 
Seat 2: harbaka ($0.99 in chips) 
Seat 4: ckudka ($0.85 in chips) 
Seat 5: fabri74 ($0.81 in chips) 
Seat 7: Dorex2007 ($2.04 in chips) 
Seat 8: embezel ($4.67 in chips) 
Seat 9: barrera69 ($1.98 in chips) 
embezel: posts small blind $0.01
barrera69: posts big blind $0.02
haronkz: sits out 
*** HOLE CARDS ***
Dealt to Dorex2007 [6d 8s]
ATR691: folds 
harbaka: raises $0.04 to $0.06
ckudka: folds 
fabri74: raises $0.12 to $0.18
Dorex2007: folds 
embezel: folds 
barrera69: folds 
harbaka: folds 
Uncalled bet ($0.12) returned to fabri74
fabri74 collected $0.15 from pot
*** SUMMARY ***
Total pot $0.15 | Rake $0 
Seat 1: ATR691 folded before Flop (didn't bet)
Seat 2: harbaka folded before Flop
Seat 4: ckudka folded before Flop (didn't bet)
Seat 5: fabri74 collected ($0.15)
Seat 7: Dorex2007 (button) folded before Flop (didn't bet)
Seat 8: embezel (small blind) folded before Flop
Seat 9: barrera69 (big blind) folded before Flop



PokerStars Hand #236657182635:  Hold'em No Limit ($0.01/$0.02 USD) - 2022/06/08 21:33:18 PT [2022/06/09 0:33:18 ET]
Table 'Ulula III' 9-max Seat #8 is the button
Seat 1: ATR691 ($2.48 in chips) 
Seat 2: harbaka ($0.93 in chips) 
Seat 4: ckudka ($0.85 in chips) 
Seat 5: fabri74 ($0.90 in chips) 
Seat 7: Dorex2007 ($2.04 in chips) 
Seat 8: embezel ($4.66 in chips) 
Seat 9: barrera69 ($1.96 in chips) 
barrera69: posts small blind $0.01
ATR691: posts big blind $0.02
haronkz: sits out 
*** HOLE CARDS ***
Dealt to Dorex2007 [3s Ks]
harbaka: folds 
ckudka: folds 
fabri74: folds 
Dorex2007: calls $0.02
embezel: folds 
barrera69: calls $0.01
ATR691: checks 
*** FLOP *** [Qd Kd 3h]
barrera69: bets $0.02
ATR691: folds 
Dorex2007: raises $0.07 to $0.09
barrera69: folds 
Uncalled bet ($0.07) returned to Dorex2007
Dorex2007 collected $0.10 from pot
Dorex2007: doesn't show hand 
*** SUMMARY ***
Total pot $0.10 | Rake $0 
Board [Qd Kd 3h]
Seat 1: ATR691 (big blind) folded on the Flop
Seat 2: harbaka folded before Flop (didn't bet)
Seat 4: ckudka folded before Flop (didn't bet)
Seat 5: fabri74 folded before Flop (didn't bet)
Seat 7: Dorex2007 collected ($0.10)
Seat 8: embezel (button) folded before Flop (didn't bet)
Seat 9: barrera69 (small blind) folded on the Flop



PokerStars Hand #236657186905:  Hold'em No Limit ($0.01/$0.02 USD) - 2022/06/08 21:33:53 PT [2022/06/09 0:33:53 ET]
Table 'Ulula III' 9-max Seat #9 is the button
Seat 1: ATR691 ($2.46 in chips) 
Seat 2: harbaka ($0.93 in chips) 
Seat 4: ckudka ($0.85 in chips) 
Seat 5: fabri74 ($0.90 in chips) 
Seat 7: Dorex2007 ($2.10 in chips) 
Seat 8: embezel ($4.66 in chips) 
Seat 9: barrera69 ($1.92 in chips) 
ATR691: posts small blind $0.01
harbaka: posts big blind $0.02
haronkz: sits out 
*** HOLE CARDS ***
Dealt to Dorex2007 [4s Qs]
ckudka: folds 
fabri74: raises $0.04 to $0.06
Dorex2007: folds 
embezel: folds 
barrera69: calls $0.06
ATR691: folds 
harbaka: folds 
*** FLOP *** [7s Ah Qd]
fabri74: bets $0.07
barrera69: calls $0.07
*** TURN *** [7s Ah Qd] [6s]
fabri74: bets $0.19
barrera69: folds 
Uncalled bet ($0.19) returned to fabri74
fabri74 collected $0.28 from pot
*** SUMMARY ***
Total pot $0.29 | Rake $0.01 
Board [7s Ah Qd 6s]
Seat 1: ATR691 (small blind) folded before Flop
Seat 2: harbaka (big blind) folded before Flop
Seat 4: ckudka folded before Flop (didn't bet)
Seat 5: fabri74 collected ($0.28)
Seat 7: Dorex2007 folded before Flop (didn't bet)
Seat 8: embezel folded before Flop (didn't bet)
Seat 9: barrera69 (button) folded on the Turn



PokerStars Hand #236657191554:  Hold'em No Limit ($0.01/$0.02 USD) - 2022/06/08 21:34:30 PT [2022/06/09 0:34:30 ET]
Table 'Ulula III' 9-max Seat #1 is the button
Seat 1: ATR691 ($2.45 in chips) 
Seat 2: harbaka ($0.91 in chips) 
Seat 3: haronkz ($2 in chips) 
Seat 4: ckudka ($0.85 in chips) 
Seat 5: fabri74 ($1.05 in chips) 
Seat 7: Dorex2007 ($2.10 in chips) 
Seat 8: embezel ($4.66 in chips) 
Seat 9: barrera69 ($1.79 in chips) 
harbaka: posts small blind $0.01
haronkz: posts big blind $0.02
*** HOLE CARDS ***
Dealt to Dorex2007 [9c Ts]
ckudka: folds 
fabri74: folds 
Dorex2007: folds 
embezel: raises $0.02 to $0.04
barrera69: calls $0.04
ATR691: folds 
harbaka: folds 
haronkz: folds 
*** FLOP *** [4h Js 5s]
embezel: bets $0.04
barrera69: calls $0.04
*** TURN *** [4h Js 5s] [Qh]
embezel: checks 
barrera69: bets $0.08
embezel: raises $0.10 to $0.18
barrera69: calls $0.10
*** RIVER *** [4h Js 5s Qh] [Ac]
embezel: bets $0.28
GeorgiaPlayer joins the table at seat #6 
barrera69: raises $0.34 to $0.62
embezel: calls $0.34
*** SHOW DOWN ***
barrera69: shows [8h Kh] (high card Ace)
embezel: shows [Jd 4s] (two pair, Jacks and Fours)
embezel collected $1.73 from pot
*** SUMMARY ***
Total pot $1.79 | Rake $0.06 
Board [4h Js 5s Qh Ac]
Seat 1: ATR691 (button) folded before Flop (didn't bet)
Seat 2: harbaka (small blind) folded before Flop
Seat 3: haronkz (big blind) folded before Flop
Seat 4: ckudka folded before Flop (didn't bet)
Seat 5: fabri74 folded before Flop (didn't bet)
Seat 7: Dorex2007 folded before Flop (didn't bet)
Seat 8: embezel showed [Jd 4s] and won ($1.73) with two pair, Jacks and Fours
Seat 9: barrera69 showed [8h Kh] and lost with high card Ace



PokerStars Hand #236657199188:  Hold'em No Limit ($0.01/$0.02 USD) - 2022/06/08 21:35:32 PT [2022/06/09 0:35:32 ET]
Table 'Ulula III' 9-max Seat #2 is the button
Seat 1: ATR691 ($2.45 in chips) 
Seat 2: harbaka ($0.90 in chips) 
Seat 3: haronkz ($1.98 in chips) 
Seat 4: ckudka ($0.85 in chips) 
Seat 5: fabri74 ($1.05 in chips) 
Seat 7: Dorex2007 ($2.10 in chips) 
Seat 8: embezel ($5.51 in chips) 
Seat 9: barrera69 ($0.91 in chips) 
haronkz: posts small blind $0.01
ckudka: posts big blind $0.02
GeorgiaPlayer: sits out 
*** HOLE CARDS ***
Dealt to Dorex2007 [Ks 2d]
fabri74: folds 
Dorex2007: folds 
embezel: calls $0.02
barrera69: folds 
ATR691: folds 
harbaka: folds 
haronkz: folds 
ckudka: checks 
*** FLOP *** [8c 3d Ah]
ckudka: checks 
embezel: checks 
*** TURN *** [8c 3d Ah] [9d]
ckudka: bets $0.02
embezel: calls $0.02
*** RIVER *** [8c 3d Ah 9d] [5s]
ckudka: bets $0.02
embezel: raises $0.13 to $0.15
ckudka: folds 
Uncalled bet ($0.13) returned to embezel
embezel collected $0.13 from pot
embezel: doesn't show hand 
*** SUMMARY ***
Total pot $0.13 | Rake $0 
Board [8c 3d Ah 9d 5s]
Seat 1: ATR691 folded before Flop (didn't bet)
Seat 2: harbaka (button) folded before Flop (didn't bet)
Seat 3: haronkz (small blind) folded before Flop
Seat 4: ckudka (big blind) folded on the River
Seat 5: fabri74 folded before Flop (didn't bet)
Seat 7: Dorex2007 folded before Flop (didn't bet)
Seat 8: embezel collected ($0.13)
Seat 9: barrera69 folded before Flop (didn't bet)



PokerStars Hand #236657203958:  Hold'em No Limit ($0.01/$0.02 USD) - 2022/06/08 21:36:11 PT [2022/06/09 0:36:11 ET]
Table 'Ulula III' 9-max Seat #3 is the button
Seat 1: ATR691 ($2.45 in chips) 
Seat 2: harbaka ($0.90 in chips) 
Seat 3: haronkz ($1.97 in chips) 
Seat 4: ckudka ($0.79 in chips) 
Seat 5: fabri74 ($1.05 in chips) 
Seat 7: Dorex2007 ($2.10 in chips) 
Seat 8: embezel ($5.58 in chips) 
Seat 9: barrera69 ($0.91 in chips) 
ckudka: posts small blind $0.01
fabri74: posts big blind $0.02
GeorgiaPlayer: sits out 
*** HOLE CARDS ***
Dealt to Dorex2007 [7s 3s]
Dorex2007: folds 
embezel: calls $0.02
barrera69: folds 
ATR691: folds 
harbaka: calls $0.02
haronkz: folds 
ckudka: calls $0.01
fabri74: checks 
*** FLOP *** [Jh 3h 3c]
ckudka: checks 
fabri74: bets $0.06
embezel: calls $0.06
harbaka: folds 
ckudka: folds 
*** TURN *** [Jh 3h 3c] [Qs]
fabri74: bets $0.16
embezel: calls $0.16
*** RIVER *** [Jh 3h 3c Qs] [As]
fabri74: bets $0.34
embezel: calls $0.34
*** SHOW DOWN ***
fabri74: shows [6c 3d] (three of a kind, Threes)
embezel: mucks hand 
fabri74 collected $1.16 from pot
*** SUMMARY ***
Total pot $1.20 | Rake $0.04 
Board [Jh 3h 3c Qs As]
Seat 1: ATR691 folded before Flop (didn't bet)
Seat 2: harbaka folded on the Flop
Seat 3: haronkz (button) folded before Flop (didn't bet)
Seat 4: ckudka (small blind) folded on the Flop
Seat 5: fabri74 (big blind) showed [6c 3d] and won ($1.16) with three of a kind, Threes
Seat 7: Dorex2007 folded before Flop (didn't bet)
Seat 8: embezel mucked [Ad Js]
Seat 9: barrera69 folded before Flop (didn't bet)



PokerStars Hand #236657211566:  Hold'em No Limit ($0.01/$0.02 USD) - 2022/06/08 21:37:13 PT [2022/06/09 0:37:13 ET]
Table 'Ulula III' 9-max Seat #4 is the button
Seat 1: ATR691 ($2.45 in chips) 
Seat 2: harbaka ($0.88 in chips) 
Seat 3: haronkz ($1.97 in chips) 
Seat 4: ckudka ($0.77 in chips) 
Seat 5: fabri74 ($1.63 in chips) 
Seat 6: GeorgiaPlayer ($2 in chips) 
Seat 7: Dorex2007 ($2.10 in chips) 
Seat 8: embezel ($5 in chips) 
Seat 9: barrera69 ($0.91 in chips) 
fabri74: posts small blind $0.01
GeorgiaPlayer: posts big blind $0.02
*** HOLE CARDS ***
Dealt to Dorex2007 [Qs 4h]
Dorex2007: folds 
embezel: folds 
barrera69: folds 
ATR691: folds 
harbaka: folds 
haronkz: folds 
ckudka: calls $0.02
fabri74: folds 
GeorgiaPlayer: checks 
*** FLOP *** [9s Tc 4c]
GeorgiaPlayer: checks 
ckudka: checks 
*** TURN *** [9s Tc 4c] [Jd]
GeorgiaPlayer: checks 
ckudka: checks 
*** RIVER *** [9s Tc 4c Jd] [2c]
GeorgiaPlayer: checks 
ckudka: checks 
*** SHOW DOWN ***
GeorgiaPlayer: shows [5h 6c] (high card Jack)
ckudka: shows [Ah 3h] (high card Ace)
ckudka collected $0.05 from pot
*** SUMMARY ***
Total pot $0.05 | Rake $0 
Board [9s Tc 4c Jd 2c]
Seat 1: ATR691 folded before Flop (didn't bet)
Seat 2: harbaka folded before Flop (didn't bet)
Seat 3: haronkz folded before Flop (didn't bet)
Seat 4: ckudka (button) showed [Ah 3h] and won ($0.05) with high card Ace
Seat 5: fabri74 (small blind) folded before Flop
Seat 6: GeorgiaPlayer (big blind) showed [5h 6c] and lost with high card Jack
Seat 7: Dorex2007 folded before Flop (didn't bet)
Seat 8: embezel folded before Flop (didn't bet)
Seat 9: barrera69 folded before Flop (didn't bet)



PokerStars Hand #236657216276:  Hold'em No Limit ($0.01/$0.02 USD) - 2022/06/08 21:37:51 PT [2022/06/09 0:37:51 ET]
Table 'Ulula III' 9-max Seat #5 is the button
Seat 1: ATR691 ($2.45 in chips) 
Seat 2: harbaka ($0.88 in chips) 
Seat 3: haronkz ($1.97 in chips) 
Seat 4: ckudka ($0.80 in chips) 
Seat 5: fabri74 ($1.62 in chips) 
Seat 6: GeorgiaPlayer ($1.98 in chips) 
Seat 7: Dorex2007 ($2.10 in chips) 
Seat 8: embezel ($5 in chips) 
Seat 9: barrera69 ($0.91 in chips) 
GeorgiaPlayer: posts small blind $0.01
Dorex2007: posts big blind $0.02
*** HOLE CARDS ***
Dealt to Dorex2007 [9d 9s]
embezel: calls $0.02
barrera69: folds 
ATR691: folds 
harbaka: folds 
haronkz: raises $0.06 to $0.08
ckudka: folds 
fabri74: folds 
GeorgiaPlayer: folds 
Dorex2007: calls $0.06
embezel: raises $0.14 to $0.22
haronkz: raises $1.75 to $1.97 and is all-in
Dorex2007: folds 
embezel: calls $1.75
*** FLOP *** [Jd 7s Ts]
*** TURN *** [Jd 7s Ts] [3h]
*** RIVER *** [Jd 7s Ts 3h] [6d]
*** SHOW DOWN ***
embezel: shows [Jh Jc] (three of a kind, Jacks)
haronkz: shows [Qc Qd] (a pair of Queens)
embezel collected $3.89 from pot
*** SUMMARY ***
Total pot $4.03 | Rake $0.14 
Board [Jd 7s Ts 3h 6d]
Seat 1: ATR691 folded before Flop (didn't bet)
Seat 2: harbaka folded before Flop (didn't bet)
Seat 3: haronkz showed [Qc Qd] and lost with a pair of Queens
Seat 4: ckudka folded before Flop (didn't bet)
Seat 5: fabri74 (button) folded before Flop (didn't bet)
Seat 6: GeorgiaPlayer (small blind) folded before Flop
Seat 7: Dorex2007 (big blind) folded before Flop
Seat 8: embezel showed [Jh Jc] and won ($3.89) with three of a kind, Jacks
Seat 9: barrera69 folded before Flop (didn't bet)



PokerStars Hand #236657222140:  Hold'em No Limit ($0.01/$0.02 USD) - 2022/06/08 21:38:38 PT [2022/06/09 0:38:38 ET]
Table 'Ulula III' 9-max Seat #6 is the button
Seat 1: ATR691 ($2.45 in chips) 
Seat 2: harbaka ($0.88 in chips) 
Seat 4: ckudka ($0.80 in chips) 
Seat 5: fabri74 ($1.62 in chips) 
Seat 6: GeorgiaPlayer ($1.97 in chips) 
Seat 7: Dorex2007 ($2.02 in chips) 
Seat 8: embezel ($6.92 in chips) 
Seat 9: barrera69 ($0.91 in chips) 
Dorex2007: posts small blind $0.01
embezel: posts big blind $0.02
*** HOLE CARDS ***
Dealt to Dorex2007 [8c 7d]
barrera69: folds 
ATR691: calls $0.02
harbaka: folds 
ckudka: folds 
fabri74: folds 
GeorgiaPlayer: folds 
Dorex2007: calls $0.01
embezel: checks 
*** FLOP *** [8s 4c Qc]
Dorex2007: checks 
embezel: bets $0.02
ATR691: raises $0.06 to $0.08
Dorex2007: folds 
embezel: calls $0.06
*** TURN *** [8s 4c Qc] [7c]
embezel: checks 
ATR691: checks 
*** RIVER *** [8s 4c Qc 7c] [7s]
embezel: bets $0.10
ATR691: calls $0.10
*** SHOW DOWN ***
embezel: shows [9d Qs] (two pair, Queens and Sevens)
ATR691: shows [Ac Ad] (two pair, Aces and Sevens)
ATR691 collected $0.41 from pot
*** SUMMARY ***
Total pot $0.42 | Rake $0.01 
Board [8s 4c Qc 7c 7s]
Seat 1: ATR691 showed [Ac Ad] and won ($0.41) with two pair, Aces and Sevens
Seat 2: harbaka folded before Flop (didn't bet)
Seat 4: ckudka folded before Flop (didn't bet)
Seat 5: fabri74 folded before Flop (didn't bet)
Seat 6: GeorgiaPlayer (button) folded before Flop (didn't bet)
Seat 7: Dorex2007 (small blind) folded on the Flop
Seat 8: embezel (big blind) showed [9d Qs] and lost with two pair, Queens and Sevens
Seat 9: barrera69 folded before Flop (didn't bet)



PokerStars Hand #236657230615:  Hold'em No Limit ($0.01/$0.02 USD) - 2022/06/08 21:39:46 PT [2022/06/09 0:39:46 ET]
Table 'Ulula III' 9-max Seat #7 is the button
Seat 1: ATR691 ($2.66 in chips) 
Seat 2: harbaka ($0.88 in chips) 
Seat 3: haronkz ($2 in chips) 
Seat 4: ckudka ($0.80 in chips) 
Seat 5: fabri74 ($1.62 in chips) 
Seat 6: GeorgiaPlayer ($1.97 in chips) 
Seat 7: Dorex2007 ($2 in chips) 
Seat 8: embezel ($6.72 in chips) 
Seat 9: barrera69 ($0.91 in chips) 
embezel: posts small blind $0.01
barrera69: posts big blind $0.02
*** HOLE CARDS ***
Dealt to Dorex2007 [Td Qs]
ATR691: folds 
harbaka: folds 
haronkz: folds 
ckudka: folds 
fabri74: folds 
GeorgiaPlayer: folds 
Dorex2007: calls $0.02
embezel: calls $0.01
barrera69: checks 
*** FLOP *** [3d Js Kd]
embezel: checks 
barrera69: checks 
Dorex2007: bets $0.04
embezel: calls $0.04
barrera69: folds 
*** TURN *** [3d Js Kd] [6c]
embezel: checks 
Dorex2007: checks 
*** RIVER *** [3d Js Kd 6c] [Kc]
embezel: bets $0.06
Dorex2007: folds 
Uncalled bet ($0.06) returned to embezel
embezel collected $0.14 from pot
embezel: doesn't show hand 
*** SUMMARY ***
Total pot $0.14 | Rake $0 
Board [3d Js Kd 6c Kc]
Seat 1: ATR691 folded before Flop (didn't bet)
Seat 2: harbaka folded before Flop (didn't bet)
Seat 3: haronkz folded before Flop (didn't bet)
Seat 4: ckudka folded before Flop (didn't bet)
Seat 5: fabri74 folded before Flop (didn't bet)
Seat 6: GeorgiaPlayer folded before Flop (didn't bet)
Seat 7: Dorex2007 (button) folded on the River
Seat 8: embezel (small blind) collected ($0.14)
Seat 9: barrera69 (big blind) folded on the Flop



PokerStars Hand #236657236313:  Hold'em No Limit ($0.01/$0.02 USD) - 2022/06/08 21:40:32 PT [2022/06/09 0:40:32 ET]
Table 'Ulula III' 9-max Seat #8 is the button
Seat 1: ATR691 ($2.66 in chips) 
Seat 2: harbaka ($0.88 in chips) 
Seat 3: haronkz ($2 in chips) 
Seat 4: ckudka ($0.80 in chips) 
Seat 5: fabri74 ($1.62 in chips) 
Seat 6: GeorgiaPlayer ($1.97 in chips) 
Seat 7: Dorex2007 ($2 in chips) 
Seat 8: embezel ($6.80 in chips) 
Seat 9: barrera69 ($0.89 in chips) 
barrera69: posts small blind $0.01
ATR691: posts big blind $0.02
*** HOLE CARDS ***
Dealt to Dorex2007 [5d 6c]
harbaka: folds 
haronkz: folds 
ckudka: folds 
fabri74: folds 
GeorgiaPlayer: raises $0.04 to $0.06
Dorex2007: folds 
embezel: folds 
barrera69: folds 
ATR691: folds 
Uncalled bet ($0.04) returned to GeorgiaPlayer
GeorgiaPlayer collected $0.05 from pot
GeorgiaPlayer: doesn't show hand 
*** SUMMARY ***
Total pot $0.05 | Rake $0 
Seat 1: ATR691 (big blind) folded before Flop
Seat 2: harbaka folded before Flop (didn't bet)
Seat 3: haronkz folded before Flop (didn't bet)
Seat 4: ckudka folded before Flop (didn't bet)
Seat 5: fabri74 folded before Flop (didn't bet)
Seat 6: GeorgiaPlayer collected ($0.05)
Seat 7: Dorex2007 folded before Flop (didn't bet)
Seat 8: embezel (button) folded before Flop (didn't bet)
Seat 9: barrera69 (small blind) folded before Flop



PokerStars Hand #236657238596:  Hold'em No Limit ($0.01/$0.02 USD) - 2022/06/08 21:40:50 PT [2022/06/09 0:40:50 ET]
Table 'Ulula III' 9-max Seat #9 is the button
Seat 1: ATR691 ($2.64 in chips) 
Seat 2: harbaka ($0.88 in chips) 
Seat 3: haronkz ($2 in chips) 
Seat 4: ckudka ($0.80 in chips) 
Seat 5: fabri74 ($1.62 in chips) 
Seat 6: GeorgiaPlayer ($2 in chips) 
Seat 7: Dorex2007 ($2 in chips) 
Seat 8: embezel ($6.80 in chips) 
Seat 9: barrera69 ($0.88 in chips) 
ATR691: posts small blind $0.01
harbaka: posts big blind $0.02
*** HOLE CARDS ***
Dealt to Dorex2007 [2h 2d]
haronkz: folds 
ckudka: folds 
fabri74: folds 
GeorgiaPlayer: folds 
Dorex2007: calls $0.02
embezel: raises $0.04 to $0.06
barrera69: folds 
ATR691: folds 
harbaka: folds 
Dorex2007: calls $0.04
*** FLOP *** [Tc 8h 4s]
Dorex2007: checks 
embezel: bets $0.04
Dorex2007: raises $0.11 to $0.15
embezel: calls $0.11
*** TURN *** [Tc 8h 4s] [5c]
Dorex2007: bets $0.43
embezel: folds 
Uncalled bet ($0.43) returned to Dorex2007
Dorex2007 collected $0.43 from pot
Dorex2007: doesn't show hand 
*** SUMMARY ***
Total pot $0.45 | Rake $0.02 
Board [Tc 8h 4s 5c]
Seat 1: ATR691 (small blind) folded before Flop
Seat 2: harbaka (big blind) folded before Flop
Seat 3: haronkz folded before Flop (didn't bet)
Seat 4: ckudka folded before Flop (didn't bet)
Seat 5: fabri74 folded before Flop (didn't bet)
Seat 6: GeorgiaPlayer folded before Flop (didn't bet)
Seat 7: Dorex2007 collected ($0.43)
Seat 8: embezel folded on the Turn
Seat 9: barrera69 (button) folded before Flop (didn't bet)



PokerStars Hand #236657244981:  Hold'em No Limit ($0.01/$0.02 USD) - 2022/06/08 21:41:43 PT [2022/06/09 0:41:43 ET]
Table 'Ulula III' 9-max Seat #1 is the button
Seat 1: ATR691 ($2.63 in chips) 
Seat 2: harbaka ($0.86 in chips) 
Seat 3: haronkz ($2 in chips) 
Seat 4: ckudka ($0.80 in chips) 
Seat 5: fabri74 ($1.62 in chips) 
Seat 6: GeorgiaPlayer ($2 in chips) 
Seat 7: Dorex2007 ($2.22 in chips) 
Seat 8: embezel ($6.59 in chips) 
Seat 9: barrera69 ($0.88 in chips) 
harbaka: posts small blind $0.01
haronkz: posts big blind $0.02
*** HOLE CARDS ***
Dealt to Dorex2007 [Kh 8s]
ckudka: raises $0.04 to $0.06
fabri74: raises $0.12 to $0.18
GeorgiaPlayer: folds 
Dorex2007: folds 
embezel: folds 
barrera69: folds 
ATR691: folds 
harbaka: folds 
haronkz: folds 
ckudka: calls $0.12
*** FLOP *** [7s 3c As]
ckudka: checks 
fabri74: checks 
*** TURN *** [7s 3c As] [2c]
ckudka: checks 
fabri74: bets $0.19
ckudka: calls $0.19
*** RIVER *** [7s 3c As 2c] [7d]
ckudka: checks 
fabri74: checks 
*** SHOW DOWN ***
ckudka: shows [Kc Ks] (two pair, Kings and Sevens)
fabri74: shows [Ac Qs] (two pair, Aces and Sevens)
fabri74 collected $0.74 from pot
*** SUMMARY ***
Total pot $0.77 | Rake $0.03 
Board [7s 3c As 2c 7d]
Seat 1: ATR691 (button) folded before Flop (didn't bet)
Seat 2: harbaka (small blind) folded before Flop
Seat 3: haronkz (big blind) folded before Flop
Seat 4: ckudka showed [Kc Ks] and lost with two pair, Kings and Sevens
Seat 5: fabri74 showed [Ac Qs] and won ($0.74) with two pair, Aces and Sevens
Seat 6: GeorgiaPlayer folded before Flop (didn't bet)
Seat 7: Dorex2007 folded before Flop (didn't bet)
Seat 8: embezel folded before Flop (didn't bet)
Seat 9: barrera69 folded before Flop (didn't bet)



PokerStars Hand #236657253111:  Hold'em No Limit ($0.01/$0.02 USD) - 2022/06/08 21:42:50 PT [2022/06/09 0:42:50 ET]
Table 'Ulula III' 9-max Seat #2 is the button
Seat 1: ATR691 ($2.63 in chips) 
Seat 2: harbaka ($0.85 in chips) 
Seat 3: haronkz ($1.98 in chips) 
Seat 4: ckudka ($0.43 in chips) 
Seat 5: fabri74 ($1.99 in chips) 
Seat 6: GeorgiaPlayer ($2 in chips) 
Seat 7: Dorex2007 ($2.22 in chips) 
Seat 8: embezel ($6.59 in chips) 
Seat 9: barrera69 ($0.88 in chips) 
haronkz: posts small blind $0.01
ckudka: posts big blind $0.02
*** HOLE CARDS ***
Dealt to Dorex2007 [Ad Qd]
fabri74: raises $0.04 to $0.06
GeorgiaPlayer: folds 
Dorex2007: calls $0.06
embezel: folds 
barrera69: folds 
ATR691: folds 
harbaka: folds 
haronkz: folds 
ckudka: folds 
*** FLOP *** [Ac 5d 4d]
fabri74 is connected 
fabri74: bets $0.07
Dorex2007: raises $0.11 to $0.18
fabri74: calls $0.11
*** TURN *** [Ac 5d 4d] [5s]
fabri74: checks 
Dorex2007: bets $0.33
fabri74: calls $0.33
*** RIVER *** [Ac 5d 4d 5s] [Js]
fabri74: checks 
Dorex2007: bets $0.75
fabri74: calls $0.75
*** SHOW DOWN ***
Dorex2007: shows [Ad Qd] (two pair, Aces and Fives)
fabri74: shows [Ks Ah] (two pair, Aces and Fives - King kicker)
fabri74 collected $2.58 from pot
*** SUMMARY ***
Total pot $2.67 | Rake $0.09 
Board [Ac 5d 4d 5s Js]
Seat 1: ATR691 folded before Flop (didn't bet)
Seat 2: harbaka (button) folded before Flop (didn't bet)
Seat 3: haronkz (small blind) folded before Flop
Seat 4: ckudka (big blind) folded before Flop
Seat 5: fabri74 showed [Ks Ah] and won ($2.58) with two pair, Aces and Fives
Seat 6: GeorgiaPlayer folded before Flop (didn't bet)
Seat 7: Dorex2007 showed [Ad Qd] and lost with two pair, Aces and Fives
Seat 8: embezel folded before Flop (didn't bet)
Seat 9: barrera69 folded before Flop (didn't bet)



PokerStars Hand #236657260055:  Hold'em No Limit ($0.01/$0.02 USD) - 2022/06/08 21:43:47 PT [2022/06/09 0:43:47 ET]
Table 'Ulula III' 9-max Seat #3 is the button
Seat 1: ATR691 ($2.63 in chips) 
Seat 2: harbaka ($0.85 in chips) 
Seat 3: haronkz ($1.97 in chips) 
Seat 4: ckudka ($0.41 in chips) 
Seat 5: fabri74 ($3.25 in chips) 
Seat 6: GeorgiaPlayer ($2 in chips) 
Seat 7: Dorex2007 ($2 in chips) 
Seat 8: embezel ($6.59 in chips) 
Seat 9: barrera69 ($0.88 in chips) 
ckudka: posts small blind $0.01
fabri74: posts big blind $0.02
*** HOLE CARDS ***
Dealt to Dorex2007 [3c 4s]
GeorgiaPlayer: folds 
Dorex2007: folds 
embezel: raises $0.02 to $0.04
barrera69: folds 
ATR691: raises $0.06 to $0.10
harbaka: folds 
haronkz: folds 
ckudka: folds 
fabri74: folds 
embezel: folds 
Uncalled bet ($0.06) returned to ATR691
ATR691 collected $0.11 from pot
ATR691: doesn't show hand 
*** SUMMARY ***
Total pot $0.11 | Rake $0 
Seat 1: ATR691 collected ($0.11)
Seat 2: harbaka folded before Flop (didn't bet)
Seat 3: haronkz (button) folded before Flop (didn't bet)
Seat 4: ckudka (small blind) folded before Flop
Seat 5: fabri74 (big blind) folded before Flop
Seat 6: GeorgiaPlayer folded before Flop (didn't bet)
Seat 7: Dorex2007 folded before Flop (didn't bet)
Seat 8: embezel folded before Flop
Seat 9: barrera69 folded before Flop (didn't bet)



PokerStars Hand #236657264259:  Hold'em No Limit ($0.01/$0.02 USD) - 2022/06/08 21:44:22 PT [2022/06/09 0:44:22 ET]
Table 'Ulula III' 9-max Seat #4 is the button
Seat 1: ATR691 ($2.70 in chips) 
Seat 2: harbaka ($0.85 in chips) 
Seat 3: haronkz ($1.97 in chips) 
Seat 4: ckudka ($0.40 in chips) 
Seat 5: fabri74 ($3.23 in chips) 
Seat 6: GeorgiaPlayer ($2 in chips) 
Seat 7: Dorex2007 ($2 in chips) 
Seat 8: embezel ($6.55 in chips) 
Seat 9: barrera69 ($0.88 in chips) 
fabri74: posts small blind $0.01
GeorgiaPlayer: posts big blind $0.02
*** HOLE CARDS ***
Dealt to Dorex2007 [9s 4h]
Dorex2007: folds 
embezel: calls $0.02
barrera69: calls $0.02
ATR691: folds 
harbaka: folds 
haronkz: raises $0.08 to $0.10
ckudka: folds 
fabri74: folds 
GeorgiaPlayer: folds 
embezel: calls $0.08
barrera69: folds 
*** FLOP *** [Qh 3d 5c]
embezel: bets $0.12
haronkz: calls $0.12
*** TURN *** [Qh 3d 5c] [Tc]
embezel: checks 
haronkz: checks 
*** RIVER *** [Qh 3d 5c Tc] [As]
embezel: bets $0.18
haronkz: raises $0.26 to $0.44
embezel: folds 
Uncalled bet ($0.26) returned to haronkz
haronkz collected $0.82 from pot
haronkz: doesn't show hand 
*** SUMMARY ***
Total pot $0.85 | Rake $0.03 
Board [Qh 3d 5c Tc As]
Seat 1: ATR691 folded before Flop (didn't bet)
Seat 2: harbaka folded before Flop (didn't bet)
Seat 3: haronkz collected ($0.82)
Seat 4: ckudka (button) folded before Flop (didn't bet)
Seat 5: fabri74 (small blind) folded before Flop
Seat 6: GeorgiaPlayer (big blind) folded before Flop
Seat 7: Dorex2007 folded before Flop (didn't bet)
Seat 8: embezel folded on the River
Seat 9: barrera69 folded before Flop



PokerStars Hand #236657275712:  Hold'em No Limit ($0.01/$0.02 USD) - 2022/06/08 21:45:34 PT [2022/06/09 0:45:34 ET]
Table 'Ulula III' 9-max Seat #5 is the button
Seat 1: ATR691 ($2.70 in chips) 
Seat 2: harbaka ($0.85 in chips) 
Seat 3: haronkz ($2.39 in chips) 
Seat 4: ckudka ($0.40 in chips) 
Seat 5: fabri74 ($3.22 in chips) 
Seat 6: GeorgiaPlayer ($1.98 in chips) 
Seat 7: Dorex2007 ($2 in chips) 
Seat 8: embezel ($6.15 in chips) 
Seat 9: barrera69 ($0.86 in chips) 
GeorgiaPlayer: posts small blind $0.01
Dorex2007: posts big blind $0.02
*** HOLE CARDS ***
Dealt to Dorex2007 [9h 7s]
embezel: calls $0.02
barrera69: calls $0.02
ATR691: raises $0.04 to $0.06
harbaka: folds 
haronkz: folds 
ckudka: folds 
fabri74: folds 
GeorgiaPlayer: calls $0.05
Dorex2007: folds 
embezel: calls $0.04
barrera69: calls $0.04
*** FLOP *** [2d 4d 3s]
GeorgiaPlayer: bets $0.18
embezel: calls $0.18
barrera69: raises $0.22 to $0.40
ATR691: folds 
GeorgiaPlayer: calls $0.22
embezel: folds 
*** TURN *** [2d 4d 3s] [Qc]
GeorgiaPlayer: checks 
barrera69: bets $0.40 and is all-in
GeorgiaPlayer: calls $0.40
*** RIVER *** [2d 4d 3s Qc] [Js]
*** SHOW DOWN ***
GeorgiaPlayer: shows [5c 5s] (a pair of Fives)
barrera69: shows [As 5h] (a straight, Ace to Five)
barrera69 collected $1.97 from pot
*** SUMMARY ***
Total pot $2.04 | Rake $0.07 
Board [2d 4d 3s Qc Js]
Seat 1: ATR691 folded on the Flop
Seat 2: harbaka folded before Flop (didn't bet)
Seat 3: haronkz folded before Flop (didn't bet)
Seat 4: ckudka folded before Flop (didn't bet)
Seat 5: fabri74 (button) folded before Flop (didn't bet)
Seat 6: GeorgiaPlayer (small blind) showed [5c 5s] and lost with a pair of Fives
Seat 7: Dorex2007 (big blind) folded before Flop
Seat 8: embezel folded on the Flop
Seat 9: barrera69 showed [As 5h] and won ($1.97) with a straight, Ace to Five



PokerStars Hand #236657284739:  Hold'em No Limit ($0.01/$0.02 USD) - 2022/06/08 21:46:49 PT [2022/06/09 0:46:49 ET]
Table 'Ulula III' 9-max Seat #6 is the button
Seat 1: ATR691 ($2.64 in chips) 
Seat 2: harbaka ($0.85 in chips) 
Seat 3: haronkz ($2.39 in chips) 
Seat 4: ckudka ($0.40 in chips) 
Seat 5: fabri74 ($3.22 in chips) 
Seat 6: GeorgiaPlayer ($1.12 in chips) 
Seat 7: Dorex2007 ($2 in chips) 
Seat 8: embezel ($5.91 in chips) 
Seat 9: barrera69 ($1.97 in chips) 
Dorex2007: posts small blind $0.01
embezel: posts big blind $0.02
*** HOLE CARDS ***
Dealt to Dorex2007 [Td 8c]
barrera69: calls $0.02
ATR691: folds 
harbaka: folds 
haronkz: folds 
ckudka: folds 
fabri74: folds 
GeorgiaPlayer: raises $0.04 to $0.06
Dorex2007: folds 
embezel: folds 
barrera69: calls $0.04
*** FLOP *** [3s 2c Qs]
barrera69: checks 
GeorgiaPlayer: bets $0.07
barrera69: calls $0.07
*** TURN *** [3s 2c Qs] [6h]
barrera69: checks 
GeorgiaPlayer: bets $0.18
barrera69: calls $0.18
*** RIVER *** [3s 2c Qs 6h] [Qc]
barrera69: checks 
GeorgiaPlayer: bets $0.81 and is all-in
barrera69: calls $0.81
*** SHOW DOWN ***
GeorgiaPlayer: shows [5c Ah] (a pair of Queens)
barrera69: shows [Kc Qh] (three of a kind, Queens)
barrera69 collected $2.19 from pot
*** SUMMARY ***
Total pot $2.27 | Rake $0.08 
Board [3s 2c Qs 6h Qc]
Seat 1: ATR691 folded before Flop (didn't bet)
Seat 2: harbaka folded before Flop (didn't bet)
Seat 3: haronkz folded before Flop (didn't bet)
Seat 4: ckudka folded before Flop (didn't bet)
Seat 5: fabri74 folded before Flop (didn't bet)
Seat 6: GeorgiaPlayer (button) showed [5c Ah] and lost with a pair of Queens
Seat 7: Dorex2007 (small blind) folded before Flop
Seat 8: embezel (big blind) folded before Flop
Seat 9: barrera69 showed [Kc Qh] and won ($2.19) with three of a kind, Queens



PokerStars Hand #236657290880:  Hold'em No Limit ($0.01/$0.02 USD) - 2022/06/08 21:47:40 PT [2022/06/09 0:47:40 ET]
Table 'Ulula III' 9-max Seat #7 is the button
Seat 1: ATR691 ($2.64 in chips) 
Seat 2: harbaka ($0.85 in chips) 
Seat 3: haronkz ($2.39 in chips) 
Seat 4: ckudka ($0.40 in chips) 
Seat 5: fabri74 ($3.22 in chips) 
Seat 7: Dorex2007 ($2 in chips) 
Seat 8: embezel ($5.89 in chips) 
Seat 9: barrera69 ($3.04 in chips) 
embezel: posts small blind $0.01
barrera69: posts big blind $0.02
*** HOLE CARDS ***
Dealt to Dorex2007 [Kd Qd]
ATR691: folds 
harbaka: folds 
haronkz: folds 
ckudka: folds 
fabri74: raises $0.04 to $0.06
Dorex2007: calls $0.06
embezel: calls $0.05
barrera69: calls $0.04
*** FLOP *** [Kc 5d Jh]
GeorgiaPlayer leaves the table
embezel: checks 
barrera69: checks 
fabri74: bets $0.14
Dorex2007: raises $0.51 to $0.65
embezel: folds 
barrera69: folds 
fabri74: folds 
Uncalled bet ($0.51) returned to Dorex2007
Dorex2007 collected $0.50 from pot
Dorex2007: doesn't show hand 
*** SUMMARY ***
Total pot $0.52 | Rake $0.02 
Board [Kc 5d Jh]
Seat 1: ATR691 folded before Flop (didn't bet)
Seat 2: harbaka folded before Flop (didn't bet)
Seat 3: haronkz folded before Flop (didn't bet)
Seat 4: ckudka folded before Flop (didn't bet)
Seat 5: fabri74 folded on the Flop
Seat 7: Dorex2007 (button) collected ($0.50)
Seat 8: embezel (small blind) folded on the Flop
Seat 9: barrera69 (big blind) folded on the Flop



PokerStars Hand #236657299140:  Hold'em No Limit ($0.01/$0.02 USD) - 2022/06/08 21:48:49 PT [2022/06/09 0:48:49 ET]
Table 'Ulula III' 9-max Seat #8 is the button
Seat 1: ATR691 ($2.64 in chips) 
Seat 2: harbaka ($0.85 in chips) 
Seat 3: haronkz ($2.39 in chips) 
Seat 4: ckudka ($0.40 in chips) 
Seat 5: fabri74 ($3.02 in chips) 
Seat 7: Dorex2007 ($2.30 in chips) 
Seat 8: embezel ($5.83 in chips) 
Seat 9: barrera69 ($2.98 in chips) 
barrera69: posts small blind $0.01
ATR691: posts big blind $0.02
*** HOLE CARDS ***
Dealt to Dorex2007 [3d 2d]
harbaka: folds 
haronkz: folds 
ckudka: folds 
fabri74: folds 
Dorex2007: folds 
embezel: calls $0.02
barrera69: calls $0.01
ATR691: checks 
*** FLOP *** [2h 9d Ac]
barrera69: bets $0.04
ATR691: folds 
embezel: folds 
Uncalled bet ($0.04) returned to barrera69
barrera69 collected $0.06 from pot
barrera69: doesn't show hand 
*** SUMMARY ***
Total pot $0.06 | Rake $0 
Board [2h 9d Ac]
Seat 1: ATR691 (big blind) folded on the Flop
Seat 2: harbaka folded before Flop (didn't bet)
Seat 3: haronkz folded before Flop (didn't bet)
Seat 4: ckudka folded before Flop (didn't bet)
Seat 5: fabri74 folded before Flop (didn't bet)
Seat 7: Dorex2007 folded before Flop (didn't bet)
Seat 8: embezel (button) folded on the Flop
Seat 9: barrera69 (small blind) collected ($0.06)



PokerStars Hand #236657303837:  Hold'em No Limit ($0.01/$0.02 USD) - 2022/06/08 21:49:27 PT [2022/06/09 0:49:27 ET]
Table 'Ulula III' 9-max Seat #9 is the button
Seat 1: ATR691 ($2.62 in chips) 
Seat 2: harbaka ($0.85 in chips) 
Seat 3: haronkz ($2.39 in chips) 
Seat 4: ckudka ($0.40 in chips) 
Seat 5: fabri74 ($3.02 in chips) 
Seat 7: Dorex2007 ($2.30 in chips) 
Seat 8: embezel ($5.81 in chips) 
Seat 9: barrera69 ($3.02 in chips) 
ATR691: posts small blind $0.01
harbaka: posts big blind $0.02
*** HOLE CARDS ***
Dealt to Dorex2007 [5s As]
haronkz: folds 
ckudka: folds 
fabri74: folds 
Dorex2007: raises $0.02 to $0.04
embezel: calls $0.04
barrera69: folds 
ATR691: folds 
harbaka: folds 
*** FLOP *** [6s Ac 5h]
Dorex2007: checks 
embezel: bets $0.02
Dorex2007: calls $0.02
*** TURN *** [6s Ac 5h] [4s]
Dorex2007: checks 
embezel: checks 
*** RIVER *** [6s Ac 5h 4s] [4h]
Dorex2007: bets $0.14
embezel: calls $0.14
*** SHOW DOWN ***
Dorex2007: shows [5s As] (two pair, Aces and Fives)
embezel: mucks hand 
Dorex2007 collected $0.41 from pot
*** SUMMARY ***
Total pot $0.43 | Rake $0.02 
Board [6s Ac 5h 4s 4h]
Seat 1: ATR691 (small blind) folded before Flop
Seat 2: harbaka (big blind) folded before Flop
Seat 3: haronkz folded before Flop (didn't bet)
Seat 4: ckudka folded before Flop (didn't bet)
Seat 5: fabri74 folded before Flop (didn't bet)
Seat 7: Dorex2007 showed [5s As] and won ($0.41) with two pair, Aces and Fives
Seat 8: embezel mucked [Ad 9c]
Seat 9: barrera69 (button) folded before Flop (didn't bet)



PokerStars Hand #236657308309:  Hold'em No Limit ($0.01/$0.02 USD) - 2022/06/08 21:50:05 PT [2022/06/09 0:50:05 ET]
Table 'Ulula III' 9-max Seat #1 is the button
Seat 1: ATR691 ($2.61 in chips) 
Seat 2: harbaka ($0.83 in chips) 
Seat 3: haronkz ($2.39 in chips) 
Seat 4: ckudka ($0.40 in chips) 
Seat 5: fabri74 ($3.02 in chips) 
Seat 7: Dorex2007 ($2.51 in chips) 
Seat 8: embezel ($5.61 in chips) 
Seat 9: barrera69 ($3.02 in chips) 
harbaka: posts small blind $0.01
haronkz: posts big blind $0.02
*** HOLE CARDS ***
Dealt to Dorex2007 [6h 7c]
ckudka: folds 
fabri74: folds 
Dorex2007: folds 
embezel: raises $0.02 to $0.04
barrera69: calls $0.04
fabri74 leaves the table
ATR691: folds 
harbaka: folds 
haronkz: folds 
*** FLOP *** [Ad Jc Th]
embezel: checks 
barrera69: checks 
*** TURN *** [Ad Jc Th] [7d]
embezel: bets $0.04
barrera69: calls $0.04
*** RIVER *** [Ad Jc Th 7d] [Ts]
embezel: bets $0.11
barrera69: folds 
Uncalled bet ($0.11) returned to embezel
embezel collected $0.18 from pot
embezel: doesn't show hand 
*** SUMMARY ***
Total pot $0.19 | Rake $0.01 
Board [Ad Jc Th 7d Ts]
Seat 1: ATR691 (button) folded before Flop (didn't bet)
Seat 2: harbaka (small blind) folded before Flop
Seat 3: haronkz (big blind) folded before Flop
Seat 4: ckudka folded before Flop (didn't bet)
Seat 5: fabri74 folded before Flop (didn't bet)
Seat 7: Dorex2007 folded before Flop (didn't bet)
Seat 8: embezel collected ($0.18)
Seat 9: barrera69 folded on the River



PokerStars Hand #236657313604:  Hold'em No Limit ($0.01/$0.02 USD) - 2022/06/08 21:50:49 PT [2022/06/09 0:50:49 ET]
Table 'Ulula III' 9-max Seat #2 is the button
Seat 1: ATR691 ($2.61 in chips) 
Seat 2: harbaka ($0.82 in chips) 
Seat 3: haronkz ($2.37 in chips) 
Seat 4: ckudka ($0.40 in chips) 
Seat 7: Dorex2007 ($2.51 in chips) 
Seat 8: embezel ($5.71 in chips) 
Seat 9: barrera69 ($2.94 in chips) 
haronkz: posts small blind $0.01
ckudka: posts big blind $0.02
*** HOLE CARDS ***
Dealt to Dorex2007 [2c 9s]
Dorex2007: folds 
embezel: folds 
barrera69: folds 
ATR691: raises $0.04 to $0.06
harbaka: folds 
haronkz: folds 
ckudka: folds 
Uncalled bet ($0.04) returned to ATR691
ATR691 collected $0.05 from pot
ATR691: doesn't show hand 
*** SUMMARY ***
Total pot $0.05 | Rake $0 
Seat 1: ATR691 collected ($0.05)
Seat 2: harbaka (button) folded before Flop (didn't bet)
Seat 3: haronkz (small blind) folded before Flop
Seat 4: ckudka (big blind) folded before Flop
Seat 7: Dorex2007 folded before Flop (didn't bet)
Seat 8: embezel folded before Flop (didn't bet)
Seat 9: barrera69 folded before Flop (didn't bet)



PokerStars Hand #236657316203:  Hold'em No Limit ($0.01/$0.02 USD) - 2022/06/08 21:51:10 PT [2022/06/09 0:51:10 ET]
Table 'Ulula III' 9-max Seat #3 is the button
Seat 1: ATR691 ($2.64 in chips) 
Seat 2: harbaka ($0.82 in chips) 
Seat 3: haronkz ($2.36 in chips) 
Seat 4: ckudka ($0.38 in chips) 
Seat 7: Dorex2007 ($2.51 in chips) 
Seat 8: embezel ($5.71 in chips) 
Seat 9: barrera69 ($2.94 in chips) 
ckudka: posts small blind $0.01
Dorex2007: posts big blind $0.02
*** HOLE CARDS ***
Dealt to Dorex2007 [2d Th]
embezel: raises $0.02 to $0.04
barrera69: raises $0.06 to $0.10
ATR691: folds 
harbaka: folds 
haronkz: folds 
ckudka: folds 
Dorex2007: folds 
embezel: calls $0.06
*** FLOP *** [6c 5h 5s]
embezel: checks 
barrera69: bets $0.10
embezel: calls $0.10
*** TURN *** [6c 5h 5s] [6d]
embezel: bets $0.16
barrera69: calls $0.16
*** RIVER *** [6c 5h 5s 6d] [Qd]
embezel: bets $0.40
barrera69: calls $0.40
*** SHOW DOWN ***
embezel: shows [Jc Kc] (two pair, Sixes and Fives)
barrera69: shows [As Jd] (two pair, Sixes and Fives - Ace kicker)
barrera69 collected $1.50 from pot
*** SUMMARY ***
Total pot $1.55 | Rake $0.05 
Board [6c 5h 5s 6d Qd]
Seat 1: ATR691 folded before Flop (didn't bet)
Seat 2: harbaka folded before Flop (didn't bet)
Seat 3: haronkz (button) folded before Flop (didn't bet)
Seat 4: ckudka (small blind) folded before Flop
Seat 7: Dorex2007 (big blind) folded before Flop
Seat 8: embezel showed [Jc Kc] and lost with two pair, Sixes and Fives
Seat 9: barrera69 showed [As Jd] and won ($1.50) with two pair, Sixes and Fives



PokerStars Hand #236657322404:  Hold'em No Limit ($0.01/$0.02 USD) - 2022/06/08 21:52:02 PT [2022/06/09 0:52:02 ET]
Table 'Ulula III' 9-max Seat #4 is the button
Seat 1: ATR691 ($2.64 in chips) 
Seat 2: harbaka ($0.82 in chips) 
Seat 3: haronkz ($2.36 in chips) 
Seat 4: ckudka ($0.37 in chips) 
Seat 7: Dorex2007 ($2.49 in chips) 
Seat 8: embezel ($4.95 in chips) 
Seat 9: barrera69 ($3.68 in chips) 
Dorex2007: posts small blind $0.01
embezel: posts big blind $0.02
*** HOLE CARDS ***
Dealt to Dorex2007 [Qh Jc]
barrera69: folds 
ATR691: folds 
harbaka: folds 
haronkz: folds 
ckudka: folds 
Dorex2007: raises $0.02 to $0.04
embezel: calls $0.02
*** FLOP *** [8h 3d 2h]
Dorex2007: checks 
embezel: checks 
*** TURN *** [8h 3d 2h] [Kc]
Dorex2007: bets $0.04
embezel: calls $0.04
*** RIVER *** [8h 3d 2h Kc] [Kh]
Dorex2007: bets $0.08
embezel: folds 
Uncalled bet ($0.08) returned to Dorex2007
Dorex2007 collected $0.15 from pot
Dorex2007: doesn't show hand 
*** SUMMARY ***
Total pot $0.16 | Rake $0.01 
Board [8h 3d 2h Kc Kh]
Seat 1: ATR691 folded before Flop (didn't bet)
Seat 2: harbaka folded before Flop (didn't bet)
Seat 3: haronkz folded before Flop (didn't bet)
Seat 4: ckudka (button) folded before Flop (didn't bet)
Seat 7: Dorex2007 (small blind) collected ($0.15)
Seat 8: embezel (big blind) folded on the River
Seat 9: barrera69 folded before Flop (didn't bet)



PokerStars Hand #236657328545:  Hold'em No Limit ($0.01/$0.02 USD) - 2022/06/08 21:52:52 PT [2022/06/09 0:52:52 ET]
Table 'Ulula III' 9-max Seat #7 is the button
Seat 1: ATR691 ($2.64 in chips) 
Seat 2: harbaka ($0.82 in chips) 
Seat 3: haronkz ($2.36 in chips) 
Seat 4: ckudka ($0.37 in chips) 
Seat 7: Dorex2007 ($2.56 in chips) 
Seat 8: embezel ($4.87 in chips) 
Seat 9: barrera69 ($3.68 in chips) 
embezel: posts small blind $0.01
barrera69: posts big blind $0.02
*** HOLE CARDS ***
Dealt to Dorex2007 [2d 3s]
ATR691: folds 
harbaka: folds 
haronkz: folds 
ckudka: folds 
Dorex2007: folds 
embezel: calls $0.01
barrera69: checks 
*** FLOP *** [Ks Qs Qh]
embezel: checks 
barrera69: bets $0.04
embezel: folds 
Uncalled bet ($0.04) returned to barrera69
barrera69 collected $0.04 from pot
barrera69: doesn't show hand 
*** SUMMARY ***
Total pot $0.04 | Rake $0 
Board [Ks Qs Qh]
Seat 1: ATR691 folded before Flop (didn't bet)
Seat 2: harbaka folded before Flop (didn't bet)
Seat 3: haronkz folded before Flop (didn't bet)
Seat 4: ckudka folded before Flop (didn't bet)
Seat 7: Dorex2007 (button) folded before Flop (didn't bet)
Seat 8: embezel (small blind) folded on the Flop
Seat 9: barrera69 (big blind) collected ($0.04)



PokerStars Hand #236657332005:  Hold'em No Limit ($0.01/$0.02 USD) - 2022/06/08 21:53:21 PT [2022/06/09 0:53:21 ET]
Table 'Ulula III' 9-max Seat #8 is the button
Seat 1: ATR691 ($2.64 in chips) 
Seat 2: harbaka ($0.82 in chips) 
Seat 3: haronkz ($2.36 in chips) 
Seat 4: ckudka ($0.37 in chips) 
Seat 7: Dorex2007 ($2.56 in chips) 
Seat 8: embezel ($4.85 in chips) 
Seat 9: barrera69 ($3.70 in chips) 
barrera69: posts small blind $0.01
ATR691: posts big blind $0.02
*** HOLE CARDS ***
Dealt to Dorex2007 [2h Ad]
harbaka: folds 
haronkz: folds 
haronkz leaves the table
ckudka: folds 
Dorex2007: folds 
embezel: calls $0.02
barrera69: raises $0.04 to $0.06
ATR691: folds 
embezel: calls $0.04
*** FLOP *** [9c 6d Qs]
barrera69: checks 
embezel: checks 
*** TURN *** [9c 6d Qs] [Tc]
barrera69: bets $0.06
embezel: folds 
Uncalled bet ($0.06) returned to barrera69
barrera69 collected $0.14 from pot
barrera69: doesn't show hand 
*** SUMMARY ***
Total pot $0.14 | Rake $0 
Board [9c 6d Qs Tc]
Seat 1: ATR691 (big blind) folded before Flop
Seat 2: harbaka folded before Flop (didn't bet)
Seat 3: haronkz folded before Flop (didn't bet)
Seat 4: ckudka folded before Flop (didn't bet)
Seat 7: Dorex2007 folded before Flop (didn't bet)
Seat 8: embezel (button) folded on the Turn
Seat 9: barrera69 (small blind) collected ($0.14)



PokerStars Hand #236657338366:  Hold'em No Limit ($0.01/$0.02 USD) - 2022/06/08 21:54:14 PT [2022/06/09 0:54:14 ET]
Table 'Ulula III' 9-max Seat #9 is the button
Seat 1: ATR691 ($2.62 in chips) 
Seat 2: harbaka ($0.82 in chips) 
Seat 4: ckudka ($0.37 in chips) 
Seat 7: Dorex2007 ($2.56 in chips) 
Seat 8: embezel ($4.79 in chips) 
Seat 9: barrera69 ($3.78 in chips) 
ATR691: posts small blind $0.01
harbaka: posts big blind $0.02
*** HOLE CARDS ***
Dealt to Dorex2007 [7s 2d]
ckudka: folds 
Dorex2007: folds 
embezel: folds 
barrera69: raises $0.04 to $0.06
ATR691: folds 
harbaka: folds 
Uncalled bet ($0.04) returned to barrera69
barrera69 collected $0.05 from pot
barrera69: doesn't show hand 
*** SUMMARY ***
Total pot $0.05 | Rake $0 
Seat 1: ATR691 (small blind) folded before Flop
Seat 2: harbaka (big blind) folded before Flop
Seat 4: ckudka folded before Flop (didn't bet)
Seat 7: Dorex2007 folded before Flop (didn't bet)
Seat 8: embezel folded before Flop (didn't bet)
Seat 9: barrera69 (button) collected ($0.05)



PokerStars Hand #236657340649:  Hold'em No Limit ($0.01/$0.02 USD) - 2022/06/08 21:54:33 PT [2022/06/09 0:54:33 ET]
Table 'Ulula III' 9-max Seat #1 is the button
Seat 1: ATR691 ($2.61 in chips) 
Seat 2: harbaka ($0.80 in chips) 
Seat 4: ckudka ($0.37 in chips) 
Seat 7: Dorex2007 ($2.56 in chips) 
Seat 8: embezel ($4.79 in chips) 
Seat 9: barrera69 ($3.81 in chips) 
harbaka: posts small blind $0.01
ckudka: posts big blind $0.02
*** HOLE CARDS ***
Dealt to Dorex2007 [Ad 9s]
Dorex2007: folds 
embezel: calls $0.02
barrera69: calls $0.02
ATR691: folds 
harbaka: folds 
ckudka: checks 
*** FLOP *** [Ac Jh 5s]
ckudka: checks 
embezel: checks 
barrera69: checks 
*** TURN *** [Ac Jh 5s] [2h]
ckudka: checks 
embezel: bets $0.02
barrera69: folds 
ckudka: folds 
Uncalled bet ($0.02) returned to embezel
embezel collected $0.07 from pot
embezel: doesn't show hand 
*** SUMMARY ***
Total pot $0.07 | Rake $0 
Board [Ac Jh 5s 2h]
Seat 1: ATR691 (button) folded before Flop (didn't bet)
Seat 2: harbaka (small blind) folded before Flop
Seat 4: ckudka (big blind) folded on the Turn
Seat 7: Dorex2007 folded before Flop (didn't bet)
Seat 8: embezel collected ($0.07)
Seat 9: barrera69 folded on the Turn



PokerStars Hand #236657344030:  Hold'em No Limit ($0.01/$0.02 USD) - 2022/06/08 21:55:02 PT [2022/06/09 0:55:02 ET]
Table 'Ulula III' 9-max Seat #2 is the button
Seat 1: ATR691 ($2.61 in chips) 
Seat 2: harbaka ($0.79 in chips) 
Seat 4: ckudka ($0.35 in chips) 
Seat 7: Dorex2007 ($2.56 in chips) 
Seat 8: embezel ($4.84 in chips) 
Seat 9: barrera69 ($3.79 in chips) 
ckudka: posts small blind $0.01
Dorex2007: posts big blind $0.02
*** HOLE CARDS ***
Dealt to Dorex2007 [6c Qh]
embezel: folds 
barrera69: raises $0.04 to $0.06
ATR691: folds 
harbaka: folds 
ckudka: folds 
Dorex2007: folds 
Uncalled bet ($0.04) returned to barrera69
barrera69 collected $0.05 from pot
barrera69: doesn't show hand 
*** SUMMARY ***
Total pot $0.05 | Rake $0 
Seat 1: ATR691 folded before Flop (didn't bet)
Seat 2: harbaka (button) folded before Flop (didn't bet)
Seat 4: ckudka (small blind) folded before Flop
Seat 7: Dorex2007 (big blind) folded before Flop
Seat 8: embezel folded before Flop (didn't bet)
Seat 9: barrera69 collected ($0.05)



PokerStars Hand #236657345741:  Hold'em No Limit ($0.01/$0.02 USD) - 2022/06/08 21:55:17 PT [2022/06/09 0:55:17 ET]
Table 'Ulula III' 9-max Seat #4 is the button
Seat 1: ATR691 ($2.61 in chips) 
Seat 2: harbaka ($0.79 in chips) 
Seat 4: ckudka ($0.34 in chips) 
Seat 7: Dorex2007 ($2.54 in chips) 
Seat 8: embezel ($4.84 in chips) 
Seat 9: barrera69 ($3.82 in chips) 
Dorex2007: posts small blind $0.01
embezel: posts big blind $0.02
*** HOLE CARDS ***
Dealt to Dorex2007 [9h Jd]
barrera69: folds 
ATR691: folds 
harbaka: raises $0.04 to $0.06
ckudka: folds 
barrera69 leaves the table
Dorex2007: folds 
embezel: calls $0.04
*** FLOP *** [As Kd 5s]
embezel: checks 
harbaka: bets $0.13
embezel: calls $0.13
*** TURN *** [As Kd 5s] [6d]
embezel: checks 
harbaka: checks 
*** RIVER *** [As Kd 5s 6d] [5h]
embezel: bets $0.38
harbaka: folds 
Uncalled bet ($0.38) returned to embezel
embezel collected $0.38 from pot
embezel: doesn't show hand 
*** SUMMARY ***
Total pot $0.39 | Rake $0.01 
Board [As Kd 5s 6d 5h]
Seat 1: ATR691 folded before Flop (didn't bet)
Seat 2: harbaka folded on the River
Seat 4: ckudka (button) folded before Flop (didn't bet)
Seat 7: Dorex2007 (small blind) folded before Flop
Seat 8: embezel (big blind) collected ($0.38)
Seat 9: barrera69 folded before Flop (didn't bet)



PokerStars Hand #236657351373:  Hold'em No Limit ($0.01/$0.02 USD) - 2022/06/08 21:56:10 PT [2022/06/09 0:56:10 ET]
Table 'Ulula III' 9-max Seat #7 is the button
Seat 1: ATR691 ($2.61 in chips) 
Seat 2: harbaka ($0.60 in chips) 
Seat 7: Dorex2007 ($2.53 in chips) 
Seat 8: embezel ($5.03 in chips) 
embezel: posts small blind $0.01
ATR691: posts big blind $0.02
*** HOLE CARDS ***
Dealt to Dorex2007 [8h 5d]
harbaka: folds 
Dorex2007: folds 
embezel: calls $0.01
ATR691: checks 
*** FLOP *** [Qs 5s 7c]
embezel: bets $0.02
ATR691: calls $0.02
*** TURN *** [Qs 5s 7c] [Qd]
embezel: checks 
ATR691: checks 
*** RIVER *** [Qs 5s 7c Qd] [Jh]
embezel: bets $0.04
ATR691: calls $0.04
*** SHOW DOWN ***
embezel: shows [9d Ks] (a pair of Queens)
ATR691: shows [Js 5c] (two pair, Queens and Jacks)
ATR691 collected $0.15 from pot
*** SUMMARY ***
Total pot $0.16 | Rake $0.01 
Board [Qs 5s 7c Qd Jh]
Seat 1: ATR691 (big blind) showed [Js 5c] and won ($0.15) with two pair, Queens and Jacks
Seat 2: harbaka folded before Flop (didn't bet)
Seat 7: Dorex2007 (button) folded before Flop (didn't bet)
Seat 8: embezel (small blind) showed [9d Ks] and lost with a pair of Queens



PokerStars Hand #236657356232:  Hold'em No Limit ($0.01/$0.02 USD) - 2022/06/08 21:56:56 PT [2022/06/09 0:56:56 ET]
Table 'Ulula III' 9-max Seat #8 is the button
Seat 1: ATR691 ($2.68 in chips) 
Seat 2: harbaka ($0.60 in chips) 
Seat 7: Dorex2007 ($2.53 in chips) 
Seat 8: embezel ($4.95 in chips) 
ATR691: posts small blind $0.01
harbaka: posts big blind $0.02
*** HOLE CARDS ***
Dealt to Dorex2007 [2d 5c]
Dorex2007: folds 
embezel: raises $0.02 to $0.04
ATR691: folds 
harbaka: calls $0.02
*** FLOP *** [Tc Qd Jh]
harbaka: checks 
embezel: bets $0.02
harbaka: calls $0.02
*** TURN *** [Tc Qd Jh] [8d]
harbaka: checks 
embezel: checks 
*** RIVER *** [Tc Qd Jh 8d] [2c]
harbaka: checks 
embezel: checks 
*** SHOW DOWN ***
harbaka: shows [As 8s] (a pair of Eights)
embezel: mucks hand 
harbaka collected $0.13 from pot
*** SUMMARY ***
Total pot $0.13 | Rake $0 
Board [Tc Qd Jh 8d 2c]
Seat 1: ATR691 (small blind) folded before Flop
Seat 2: harbaka (big blind) showed [As 8s] and won ($0.13) with a pair of Eights
Seat 7: Dorex2007 folded before Flop (didn't bet)
Seat 8: embezel (button) mucked [Kc 7c]



PokerStars Hand #236657360664:  Hold'em No Limit ($0.01/$0.02 USD) - 2022/06/08 21:57:27 PT [2022/06/09 0:57:27 ET]
Table 'Ulula III' 9-max Seat #1 is the button
Seat 1: ATR691 ($2.67 in chips) 
Seat 2: harbaka ($0.67 in chips) 
Seat 7: Dorex2007 ($2.53 in chips) 
Seat 8: embezel ($4.89 in chips) 
harbaka: posts small blind $0.01
Dorex2007: posts big blind $0.02
*** HOLE CARDS ***
Dealt to Dorex2007 [Jc 7h]
embezel: folds 
ATR691: raises $0.04 to $0.06
harbaka: folds 
Dorex2007: folds 
Uncalled bet ($0.04) returned to ATR691
ATR691 collected $0.05 from pot
ATR691: doesn't show hand 
*** SUMMARY ***
Total pot $0.05 | Rake $0 
Seat 1: ATR691 (button) collected ($0.05)
Seat 2: harbaka (small blind) folded before Flop
Seat 7: Dorex2007 (big blind) folded before Flop
Seat 8: embezel folded before Flop (didn't bet)



PokerStars Hand #236657362115:  Hold'em No Limit ($0.01/$0.02 USD) - 2022/06/08 21:57:40 PT [2022/06/09 0:57:40 ET]
Table 'Ulula III' 9-max Seat #2 is the button
Seat 1: ATR691 ($2.70 in chips) 
Seat 2: harbaka ($0.66 in chips) 
Seat 7: Dorex2007 ($2.51 in chips) 
Seat 8: embezel ($4.89 in chips) 
Dorex2007: posts small blind $0.01
embezel: posts big blind $0.02
*** HOLE CARDS ***
Dealt to Dorex2007 [4c 5s]
ATR691: folds 
harbaka: raises $0.04 to $0.06
Dorex2007: folds 
embezel: folds 
Uncalled bet ($0.04) returned to harbaka
harbaka collected $0.05 from pot
*** SUMMARY ***
Total pot $0.05 | Rake $0 
Seat 1: ATR691 folded before Flop (didn't bet)
Seat 2: harbaka (button) collected ($0.05)
Seat 7: Dorex2007 (small blind) folded before Flop
Seat 8: embezel (big blind) folded before Flop



PokerStars Hand #236657363491:  Hold'em No Limit ($0.01/$0.02 USD) - 2022/06/08 21:57:53 PT [2022/06/09 0:57:53 ET]
Table 'Ulula III' 9-max Seat #7 is the button
Seat 2: harbaka ($0.69 in chips) 
Seat 7: Dorex2007 ($2.50 in chips) 
Seat 8: embezel ($4.87 in chips) 
embezel: posts small blind $0.01
ATR691: is sitting out 
harbaka: posts big blind $0.02
*** HOLE CARDS ***
Dealt to Dorex2007 [6d 8s]
Dorex2007: folds 
embezel: calls $0.01
harbaka: checks 
*** FLOP *** [Tc 2c Kc]
ATR691 leaves the table
embezel: bets $0.02
harbaka: calls $0.02
*** TURN *** [Tc 2c Kc] [Th]
embezel: checks 
harbaka: bets $0.04
embezel: raises $0.04 to $0.08
harbaka: calls $0.04
*** RIVER *** [Tc 2c Kc Th] [Ad]
embezel: checks 
harbaka: checks 
*** SHOW DOWN ***
embezel: shows [Ts 3h] (three of a kind, Tens)
harbaka: mucks hand 
embezel collected $0.23 from pot
*** SUMMARY ***
Total pot $0.24 | Rake $0.01 
Board [Tc 2c Kc Th Ad]
Seat 2: harbaka (big blind) mucked [Ks 4d]
Seat 7: Dorex2007 (button) folded before Flop (didn't bet)
Seat 8: embezel (small blind) showed [Ts 3h] and won ($0.23) with three of a kind, Tens



