PokerStars Hand #225127690109:  Hold'em No Limit ($0.01/$0.02 USD) - 2021/03/23 21:00:33 PT [2021/03/24 0:00:33 ET]
Table 'Gaviola III' 9-max Seat #6 is the button
Seat 1: polly727 ($2.25 in chips) 
Seat 2: miltonadrian ($0.94 in chips) 
Seat 3: FilMiami ($0.84 in chips) 
Seat 4: Koots420 ($1.98 in chips) 
Seat 5: Lipe Brolli ($1.58 in chips) 
Seat 6: Dorex2007 ($2.83 in chips) 
Seat 7: tatanga7588 ($1.79 in chips) 
Seat 8: Donner6657 ($5.01 in chips) 
Seat 9: DANADOW420 ($0.92 in chips) 
tatanga7588: posts small blind $0.01
Donner6657: posts big blind $0.02
*** HOLE CARDS ***
Dealt to Dorex2007 [2d Jh]
DANADOW420 has timed out
DANADOW420: folds 
polly727: folds 
miltonadrian: calls $0.02
FilMiami: folds 
Koots420: folds 
Lipe Brolli: folds 
Dorex2007: folds 
tatanga7588: folds 
Donner6657: checks 
*** FLOP *** [3d Jc 4h]
Donner6657: checks 
miltonadrian: checks 
*** TURN *** [3d Jc 4h] [7s]
Donner6657: checks 
miltonadrian: checks 
*** RIVER *** [3d Jc 4h 7s] [Qc]
Donner6657: checks 
miltonadrian: checks 
*** SHOW DOWN ***
Donner6657: shows [6h 9c] (high card Queen)
miltonadrian: shows [7h Ac] (a pair of Sevens)
miltonadrian collected $0.05 from pot
*** SUMMARY ***
Total pot $0.05 | Rake $0 
Board [3d Jc 4h 7s Qc]
Seat 1: polly727 folded before Flop (didn't bet)
Seat 2: miltonadrian showed [7h Ac] and won ($0.05) with a pair of Sevens
Seat 3: FilMiami folded before Flop (didn't bet)
Seat 4: Koots420 folded before Flop (didn't bet)
Seat 5: Lipe Brolli folded before Flop (didn't bet)
Seat 6: Dorex2007 (button) folded before Flop (didn't bet)
Seat 7: tatanga7588 (small blind) folded before Flop
Seat 8: Donner6657 (big blind) showed [6h 9c] and lost with high card Queen
Seat 9: DANADOW420 folded before Flop (didn't bet)



PokerStars Hand #225127700020:  Hold'em No Limit ($0.01/$0.02 USD) - 2021/03/23 21:01:24 PT [2021/03/24 0:01:24 ET]
Table 'Gaviola III' 9-max Seat #7 is the button
Seat 1: polly727 ($2.25 in chips) 
Seat 2: miltonadrian ($0.97 in chips) 
Seat 3: FilMiami ($0.84 in chips) 
Seat 4: Koots420 ($1.98 in chips) 
Seat 5: Lipe Brolli ($1.58 in chips) 
Seat 6: Dorex2007 ($2.83 in chips) 
Seat 7: tatanga7588 ($1.78 in chips) 
Seat 8: Donner6657 ($4.99 in chips) 
Seat 9: DANADOW420 ($0.92 in chips) 
Donner6657: posts small blind $0.01
DANADOW420: posts big blind $0.02
*** HOLE CARDS ***
Dealt to Dorex2007 [6s As]
polly727: folds 
miltonadrian: calls $0.02
FilMiami: folds 
Koots420: calls $0.02
Lipe Brolli: calls $0.02
Dorex2007: calls $0.02
tatanga7588: folds 
Donner6657: calls $0.01
DANADOW420: checks 
*** FLOP *** [Jd 7c 2d]
Donner6657: checks 
DANADOW420: checks 
miltonadrian: checks 
Koots420: bets $0.06
Lipe Brolli: folds 
Dorex2007: folds 
Donner6657: folds 
DANADOW420: calls $0.06
miltonadrian: folds 
*** TURN *** [Jd 7c 2d] [Qc]
DANADOW420: bets $0.12
Koots420: calls $0.12
*** RIVER *** [Jd 7c 2d Qc] [8h]
DANADOW420: bets $0.46
Koots420: folds 
Uncalled bet ($0.46) returned to DANADOW420
DANADOW420 collected $0.46 from pot
DANADOW420: doesn't show hand 
*** SUMMARY ***
Total pot $0.48 | Rake $0.02 
Board [Jd 7c 2d Qc 8h]
Seat 1: polly727 folded before Flop (didn't bet)
Seat 2: miltonadrian folded on the Flop
Seat 3: FilMiami folded before Flop (didn't bet)
Seat 4: Koots420 folded on the River
Seat 5: Lipe Brolli folded on the Flop
Seat 6: Dorex2007 folded on the Flop
Seat 7: tatanga7588 (button) folded before Flop (didn't bet)
Seat 8: Donner6657 (small blind) folded on the Flop
Seat 9: DANADOW420 (big blind) collected ($0.46)



PokerStars Hand #225127721012:  Hold'em No Limit ($0.01/$0.02 USD) - 2021/03/23 21:02:53 PT [2021/03/24 0:02:53 ET]
Table 'Gaviola III' 9-max Seat #8 is the button
Seat 1: polly727 ($2.25 in chips) 
Seat 2: miltonadrian ($0.95 in chips) 
Seat 3: FilMiami ($0.84 in chips) 
Seat 4: Koots420 ($1.78 in chips) 
Seat 5: Lipe Brolli ($1.56 in chips) 
Seat 6: Dorex2007 ($2.81 in chips) 
Seat 7: tatanga7588 ($1.78 in chips) 
Seat 8: Donner6657 ($4.97 in chips) 
Seat 9: DANADOW420 ($1.18 in chips) 
DANADOW420: posts small blind $0.01
polly727: posts big blind $0.02
*** HOLE CARDS ***
Dealt to Dorex2007 [Jd 7s]
miltonadrian: folds 
FilMiami: folds 
Koots420: folds 
Lipe Brolli: calls $0.02
Dorex2007: folds 
tatanga7588: calls $0.02
Donner6657: folds 
DANADOW420: calls $0.01
polly727: checks 
*** FLOP *** [4c 9c Jh]
DANADOW420: bets $0.04
polly727: calls $0.04
Lipe Brolli: folds 
tatanga7588: folds 
*** TURN *** [4c 9c Jh] [As]
DANADOW420: checks 
polly727: bets $0.08
DANADOW420: raises $0.08 to $0.16
polly727: folds 
Uncalled bet ($0.08) returned to DANADOW420
DANADOW420 collected $0.31 from pot
DANADOW420: doesn't show hand 
*** SUMMARY ***
Total pot $0.32 | Rake $0.01 
Board [4c 9c Jh As]
Seat 1: polly727 (big blind) folded on the Turn
Seat 2: miltonadrian folded before Flop (didn't bet)
Seat 3: FilMiami folded before Flop (didn't bet)
Seat 4: Koots420 folded before Flop (didn't bet)
Seat 5: Lipe Brolli folded on the Flop
Seat 6: Dorex2007 folded before Flop (didn't bet)
Seat 7: tatanga7588 folded on the Flop
Seat 8: Donner6657 (button) folded before Flop (didn't bet)
Seat 9: DANADOW420 (small blind) collected ($0.31)



PokerStars Hand #225127735103:  Hold'em No Limit ($0.01/$0.02 USD) - 2021/03/23 21:04:04 PT [2021/03/24 0:04:04 ET]
Table 'Gaviola III' 9-max Seat #9 is the button
Seat 1: polly727 ($2.11 in chips) 
Seat 2: miltonadrian ($0.95 in chips) 
Seat 3: FilMiami ($0.84 in chips) 
Seat 4: Koots420 ($1.78 in chips) 
Seat 5: Lipe Brolli ($1.54 in chips) 
Seat 6: Dorex2007 ($2.81 in chips) 
Seat 7: tatanga7588 ($1.76 in chips) 
Seat 8: Donner6657 ($4.97 in chips) 
Seat 9: DANADOW420 ($1.35 in chips) 
polly727: posts small blind $0.01
miltonadrian: posts big blind $0.02
*** HOLE CARDS ***
Dealt to Dorex2007 [3s 3d]
FilMiami: folds 
Koots420: calls $0.02
Lipe Brolli: calls $0.02
Dorex2007: folds 
tatanga7588: calls $0.02
Donner6657: folds 
DANADOW420: folds 
polly727: folds 
miltonadrian: checks 
*** FLOP *** [Ad 6s 7c]
miltonadrian: checks 
Koots420: bets $0.04
Lipe Brolli: folds 
tatanga7588: folds 
miltonadrian: folds 
Uncalled bet ($0.04) returned to Koots420
Koots420 collected $0.09 from pot
Koots420: doesn't show hand 
*** SUMMARY ***
Total pot $0.09 | Rake $0 
Board [Ad 6s 7c]
Seat 1: polly727 (small blind) folded before Flop
Seat 2: miltonadrian (big blind) folded on the Flop
Seat 3: FilMiami folded before Flop (didn't bet)
Seat 4: Koots420 collected ($0.09)
Seat 5: Lipe Brolli folded on the Flop
Seat 6: Dorex2007 folded before Flop (didn't bet)
Seat 7: tatanga7588 folded on the Flop
Seat 8: Donner6657 folded before Flop (didn't bet)
Seat 9: DANADOW420 (button) folded before Flop (didn't bet)



PokerStars Hand #225127742197:  Hold'em No Limit ($0.01/$0.02 USD) - 2021/03/23 21:04:40 PT [2021/03/24 0:04:40 ET]
Table 'Gaviola III' 9-max Seat #1 is the button
Seat 1: polly727 ($2.10 in chips) 
Seat 2: miltonadrian ($0.93 in chips) 
Seat 3: FilMiami ($0.84 in chips) 
Seat 4: Koots420 ($1.85 in chips) 
Seat 5: Lipe Brolli ($1.52 in chips) 
Seat 6: Dorex2007 ($2.81 in chips) 
Seat 7: tatanga7588 ($1.74 in chips) 
Seat 8: Donner6657 ($4.97 in chips) 
Seat 9: DANADOW420 ($1.35 in chips) 
miltonadrian: posts small blind $0.01
FilMiami: posts big blind $0.02
*** HOLE CARDS ***
Dealt to Dorex2007 [Ad 5s]
Koots420: folds 
Lipe Brolli: calls $0.02
Dorex2007: folds 
tatanga7588 has timed out
tatanga7588: folds 
Donner6657: folds 
DANADOW420: folds 
polly727: folds 
miltonadrian: calls $0.01
FilMiami: checks 
*** FLOP *** [3d 7c 7s]
miltonadrian: bets $0.02
FilMiami: folds 
Lipe Brolli: folds 
Uncalled bet ($0.02) returned to miltonadrian
miltonadrian collected $0.06 from pot
miltonadrian: doesn't show hand 
*** SUMMARY ***
Total pot $0.06 | Rake $0 
Board [3d 7c 7s]
Seat 1: polly727 (button) folded before Flop (didn't bet)
Seat 2: miltonadrian (small blind) collected ($0.06)
Seat 3: FilMiami (big blind) folded on the Flop
Seat 4: Koots420 folded before Flop (didn't bet)
Seat 5: Lipe Brolli folded on the Flop
Seat 6: Dorex2007 folded before Flop (didn't bet)
Seat 7: tatanga7588 folded before Flop (didn't bet)
Seat 8: Donner6657 folded before Flop (didn't bet)
Seat 9: DANADOW420 folded before Flop (didn't bet)



PokerStars Hand #225127753723:  Hold'em No Limit ($0.01/$0.02 USD) - 2021/03/23 21:05:37 PT [2021/03/24 0:05:37 ET]
Table 'Gaviola III' 9-max Seat #2 is the button
Seat 1: polly727 ($2.10 in chips) 
Seat 2: miltonadrian ($0.97 in chips) 
Seat 3: FilMiami ($0.82 in chips) 
Seat 4: Koots420 ($1.85 in chips) 
Seat 5: Lipe Brolli ($1.50 in chips) 
Seat 6: Dorex2007 ($2.81 in chips) 
Seat 7: tatanga7588 ($1.74 in chips) 
Seat 8: Donner6657 ($4.97 in chips) 
Seat 9: DANADOW420 ($1.35 in chips) 
FilMiami: posts small blind $0.01
Koots420: posts big blind $0.02
*** HOLE CARDS ***
Dealt to Dorex2007 [7c Kc]
Lipe Brolli: folds 
Dorex2007: folds 
tatanga7588: folds 
Donner6657: folds 
DANADOW420 has timed out
DANADOW420: folds 
polly727: folds 
miltonadrian: folds 
FilMiami: folds 
Uncalled bet ($0.01) returned to Koots420
Koots420 collected $0.02 from pot
Koots420: doesn't show hand 
*** SUMMARY ***
Total pot $0.02 | Rake $0 
Seat 1: polly727 folded before Flop (didn't bet)
Seat 2: miltonadrian (button) folded before Flop (didn't bet)
Seat 3: FilMiami (small blind) folded before Flop
Seat 4: Koots420 (big blind) collected ($0.02)
Seat 5: Lipe Brolli folded before Flop (didn't bet)
Seat 6: Dorex2007 folded before Flop (didn't bet)
Seat 7: tatanga7588 folded before Flop (didn't bet)
Seat 8: Donner6657 folded before Flop (didn't bet)
Seat 9: DANADOW420 folded before Flop (didn't bet)



PokerStars Hand #225127760026:  Hold'em No Limit ($0.01/$0.02 USD) - 2021/03/23 21:06:10 PT [2021/03/24 0:06:10 ET]
Table 'Gaviola III' 9-max Seat #3 is the button
Seat 1: polly727 ($2.10 in chips) 
Seat 2: miltonadrian ($0.97 in chips) 
Seat 3: FilMiami ($0.81 in chips) 
Seat 4: Koots420 ($1.86 in chips) 
Seat 5: Lipe Brolli ($1.50 in chips) 
Seat 6: Dorex2007 ($2.81 in chips) 
Seat 7: tatanga7588 ($1.74 in chips) 
Seat 8: Donner6657 ($4.97 in chips) 
Seat 9: DANADOW420 ($1.35 in chips) 
Koots420: posts small blind $0.01
Lipe Brolli: posts big blind $0.02
*** HOLE CARDS ***
Dealt to Dorex2007 [Ah Ts]
Dorex2007: folds 
tatanga7588: folds 
Donner6657: calls $0.02
DANADOW420: folds 
polly727: folds 
miltonadrian: folds 
FilMiami: folds 
Koots420: raises $0.04 to $0.06
Lipe Brolli: folds 
Donner6657: calls $0.04
*** FLOP *** [6d As 7d]
Koots420: bets $0.08
Donner6657: raises $0.08 to $0.16
Koots420: calls $0.08
*** TURN *** [6d As 7d] [4s]
Koots420: checks 
Donner6657: bets $0.22
Koots420: calls $0.22
*** RIVER *** [6d As 7d 4s] [4c]
Koots420: checks 
Donner6657: checks 
*** SHOW DOWN ***
Koots420: shows [Ks Kd] (two pair, Kings and Fours)
Donner6657: shows [6c Ac] (two pair, Aces and Sixes)
Donner6657 collected $0.87 from pot
*** SUMMARY ***
Total pot $0.90 | Rake $0.03 
Board [6d As 7d 4s 4c]
Seat 1: polly727 folded before Flop (didn't bet)
Seat 2: miltonadrian folded before Flop (didn't bet)
Seat 3: FilMiami (button) folded before Flop (didn't bet)
Seat 4: Koots420 (small blind) showed [Ks Kd] and lost with two pair, Kings and Fours
Seat 5: Lipe Brolli (big blind) folded before Flop
Seat 6: Dorex2007 folded before Flop (didn't bet)
Seat 7: tatanga7588 folded before Flop (didn't bet)
Seat 8: Donner6657 showed [6c Ac] and won ($0.87) with two pair, Aces and Sixes
Seat 9: DANADOW420 folded before Flop (didn't bet)



PokerStars Hand #225127779861:  Hold'em No Limit ($0.01/$0.02 USD) - 2021/03/23 21:07:42 PT [2021/03/24 0:07:42 ET]
Table 'Gaviola III' 9-max Seat #4 is the button
Seat 1: polly727 ($2.10 in chips) 
Seat 2: miltonadrian ($0.97 in chips) 
Seat 3: FilMiami ($0.81 in chips) 
Seat 4: Koots420 ($1.42 in chips) 
Seat 5: Lipe Brolli ($1.48 in chips) 
Seat 6: Dorex2007 ($2.81 in chips) 
Seat 7: tatanga7588 ($1.74 in chips) 
Seat 8: Donner6657 ($5.40 in chips) 
Seat 9: DANADOW420 ($1.35 in chips) 
Lipe Brolli: posts small blind $0.01
Dorex2007: posts big blind $0.02
*** HOLE CARDS ***
Dealt to Dorex2007 [Tc 8c]
tatanga7588: folds 
Donner6657: folds 
DANADOW420: folds 
Donner6657 leaves the table
polly727 has timed out
polly727: folds 
miltonadrian: calls $0.02
FilMiami: calls $0.02
Koots420: folds 
Lipe Brolli: calls $0.01
Dorex2007: checks 
*** FLOP *** [3h 5d 4s]
Lipe Brolli: checks 
Dorex2007: checks 
miltonadrian: checks 
Ateu66 joins the table at seat #8 
FilMiami: bets $0.04
Lipe Brolli: calls $0.04
Dorex2007: folds 
miltonadrian: calls $0.04
*** TURN *** [3h 5d 4s] [Js]
Lipe Brolli: checks 
miltonadrian: checks 
FilMiami: bets $0.08
Lipe Brolli: calls $0.08
miltonadrian: folds 
*** RIVER *** [3h 5d 4s Js] [9c]
Lipe Brolli: checks 
FilMiami: bets $0.12
Lipe Brolli: folds 
Uncalled bet ($0.12) returned to FilMiami
FilMiami collected $0.35 from pot
FilMiami: doesn't show hand 
*** SUMMARY ***
Total pot $0.36 | Rake $0.01 
Board [3h 5d 4s Js 9c]
Seat 1: polly727 folded before Flop (didn't bet)
Seat 2: miltonadrian folded on the Turn
Seat 3: FilMiami collected ($0.35)
Seat 4: Koots420 (button) folded before Flop (didn't bet)
Seat 5: Lipe Brolli (small blind) folded on the River
Seat 6: Dorex2007 (big blind) folded on the Flop
Seat 7: tatanga7588 folded before Flop (didn't bet)
Seat 8: Donner6657 folded before Flop (didn't bet)
Seat 9: DANADOW420 folded before Flop (didn't bet)



PokerStars Hand #225127797538:  Hold'em No Limit ($0.01/$0.02 USD) - 2021/03/23 21:09:13 PT [2021/03/24 0:09:13 ET]
Table 'Gaviola III' 9-max Seat #5 is the button
Seat 1: polly727 ($2.10 in chips) 
Seat 2: miltonadrian ($0.91 in chips) 
Seat 3: FilMiami ($1.02 in chips) 
Seat 4: Koots420 ($1.42 in chips) 
Seat 5: Lipe Brolli ($1.34 in chips) 
Seat 6: Dorex2007 ($2.79 in chips) 
Seat 7: tatanga7588 ($1.74 in chips) 
Seat 8: Ateu66 ($0.80 in chips) 
Seat 9: DANADOW420 ($1.35 in chips) 
Dorex2007: posts small blind $0.01
tatanga7588: posts big blind $0.02
Ateu66: posts big blind $0.02
*** HOLE CARDS ***
Dealt to Dorex2007 [3c Kc]
Ateu66: raises $0.04 to $0.06
DANADOW420: folds 
polly727: folds 
miltonadrian: calls $0.06
FilMiami: folds 
Koots420: folds 
Lipe Brolli: folds 
Lipe Brolli leaves the table
Dorex2007: folds 
tatanga7588: folds 
*** FLOP *** [Ah Ts 6s]
DjFranklin01 joins the table at seat #5 
Ateu66: bets $0.14
miltonadrian: folds 
Uncalled bet ($0.14) returned to Ateu66
Ateu66 collected $0.14 from pot
Ateu66: doesn't show hand 
*** SUMMARY ***
Total pot $0.15 | Rake $0.01 
Board [Ah Ts 6s]
Seat 1: polly727 folded before Flop (didn't bet)
Seat 2: miltonadrian folded on the Flop
Seat 3: FilMiami folded before Flop (didn't bet)
Seat 4: Koots420 folded before Flop (didn't bet)
Seat 5: Lipe Brolli (button) folded before Flop (didn't bet)
Seat 6: Dorex2007 (small blind) folded before Flop
Seat 7: tatanga7588 (big blind) folded before Flop
Seat 8: Ateu66 collected ($0.14)
Seat 9: DANADOW420 folded before Flop (didn't bet)



PokerStars Hand #225127806259:  Hold'em No Limit ($0.01/$0.02 USD) - 2021/03/23 21:09:59 PT [2021/03/24 0:09:59 ET]
Table 'Gaviola III' 9-max Seat #6 is the button
Seat 1: polly727 ($2.10 in chips) 
Seat 2: miltonadrian ($0.85 in chips) 
Seat 3: FilMiami ($1.02 in chips) 
Seat 4: Koots420 ($1.42 in chips) 
Seat 6: Dorex2007 ($2.78 in chips) 
Seat 7: tatanga7588 ($1.72 in chips) 
Seat 8: Ateu66 ($0.88 in chips) 
Seat 9: DANADOW420 ($1.35 in chips) 
tatanga7588: posts small blind $0.01
Ateu66: posts big blind $0.02
DjFranklin01: sits out 
*** HOLE CARDS ***
Dealt to Dorex2007 [7d Td]
DANADOW420 has timed out
DANADOW420: folds 
polly727: folds 
miltonadrian: folds 
FilMiami: folds 
Koots420: folds 
Dorex2007: raises $0.04 to $0.06
tatanga7588: calls $0.05
Ateu66: calls $0.04
*** FLOP *** [Qd Qc 7c]
tatanga7588: checks 
Ateu66: checks 
Dorex2007: bets $0.17
tatanga7588: folds 
Ateu66: calls $0.17
*** TURN *** [Qd Qc 7c] [4s]
Ateu66: checks 
Dorex2007: bets $2.55 and is all-in
Ateu66: folds 
Uncalled bet ($2.55) returned to Dorex2007
Dorex2007 collected $0.50 from pot
Dorex2007: doesn't show hand 
*** SUMMARY ***
Total pot $0.52 | Rake $0.02 
Board [Qd Qc 7c 4s]
Seat 1: polly727 folded before Flop (didn't bet)
Seat 2: miltonadrian folded before Flop (didn't bet)
Seat 3: FilMiami folded before Flop (didn't bet)
Seat 4: Koots420 folded before Flop (didn't bet)
Seat 6: Dorex2007 (button) collected ($0.50)
Seat 7: tatanga7588 (small blind) folded on the Flop
Seat 8: Ateu66 (big blind) folded on the Turn
Seat 9: DANADOW420 folded before Flop (didn't bet)



PokerStars Hand #225127824365:  Hold'em No Limit ($0.01/$0.02 USD) - 2021/03/23 21:11:32 PT [2021/03/24 0:11:32 ET]
Table 'Gaviola III' 9-max Seat #7 is the button
Seat 1: polly727 ($2.10 in chips) 
Seat 2: miltonadrian ($0.85 in chips) 
Seat 3: FilMiami ($1.02 in chips) 
Seat 4: Koots420 ($1.42 in chips) 
Seat 6: Dorex2007 ($3.05 in chips) 
Seat 7: tatanga7588 ($1.66 in chips) 
Seat 8: Ateu66 ($0.65 in chips) 
Seat 9: DANADOW420 ($1.35 in chips) 
Ateu66: posts small blind $0.01
DANADOW420: posts big blind $0.02
DjFranklin01: sits out 
*** HOLE CARDS ***
Dealt to Dorex2007 [Ad 6h]
polly727: raises $0.05 to $0.07
miltonadrian: folds 
FilMiami: folds 
Koots420: folds 
Dorex2007: folds 
tatanga7588: calls $0.07
Ateu66: folds 
DANADOW420: folds 
*** FLOP *** [As Qh 7d]
polly727: bets $0.08
tatanga7588: calls $0.08
*** TURN *** [As Qh 7d] [Td]
polly727: bets $0.30
tatanga7588: calls $0.30
*** RIVER *** [As Qh 7d Td] [Kh]
polly727: checks 
tatanga7588: checks 
*** SHOW DOWN ***
polly727: shows [Ac Kc] (two pair, Aces and Kings)
tatanga7588: mucks hand 
polly727 collected $0.90 from pot
*** SUMMARY ***
Total pot $0.93 | Rake $0.03 
Board [As Qh 7d Td Kh]
Seat 1: polly727 showed [Ac Kc] and won ($0.90) with two pair, Aces and Kings
Seat 2: miltonadrian folded before Flop (didn't bet)
Seat 3: FilMiami folded before Flop (didn't bet)
Seat 4: Koots420 folded before Flop (didn't bet)
Seat 6: Dorex2007 folded before Flop (didn't bet)
Seat 7: tatanga7588 (button) mucked [Qc Ah]
Seat 8: Ateu66 (small blind) folded before Flop
Seat 9: DANADOW420 (big blind) folded before Flop



PokerStars Hand #225127850705:  Hold'em No Limit ($0.01/$0.02 USD) - 2021/03/23 21:12:38 PT [2021/03/24 0:12:38 ET]
Table 'Gaviola III' 9-max Seat #8 is the button
Seat 1: polly727 ($2.55 in chips) 
Seat 2: miltonadrian ($0.85 in chips) 
Seat 3: FilMiami ($1.02 in chips) 
Seat 4: Koots420 ($1.42 in chips) 
Seat 5: DjFranklin01 ($0.80 in chips) 
Seat 6: Dorex2007 ($3.05 in chips) 
Seat 7: tatanga7588 ($1.21 in chips) 
Seat 8: Ateu66 ($0.64 in chips) 
Seat 9: DANADOW420 ($1.33 in chips) 
DANADOW420: posts small blind $0.01
polly727: posts big blind $0.02
DjFranklin01: posts big blind $0.02
*** HOLE CARDS ***
Dealt to Dorex2007 [Ts Jd]
miltonadrian: calls $0.02
FilMiami: folds 
Koots420: folds 
DjFranklin01: checks 
Dorex2007: folds 
tatanga7588: folds 
Ateu66: calls $0.02
DANADOW420: calls $0.01
polly727: checks 
*** FLOP *** [7d 9h 4s]
DANADOW420: checks 
polly727: checks 
miltonadrian: bets $0.06
DjFranklin01: folds 
Ateu66: folds 
DANADOW420: folds 
polly727: folds 
Uncalled bet ($0.06) returned to miltonadrian
miltonadrian collected $0.10 from pot
miltonadrian: doesn't show hand 
*** SUMMARY ***
Total pot $0.10 | Rake $0 
Board [7d 9h 4s]
Seat 1: polly727 (big blind) folded on the Flop
Seat 2: miltonadrian collected ($0.10)
Seat 3: FilMiami folded before Flop (didn't bet)
Seat 4: Koots420 folded before Flop (didn't bet)
Seat 5: DjFranklin01 folded on the Flop (didn't bet)
Seat 6: Dorex2007 folded before Flop (didn't bet)
Seat 7: tatanga7588 folded before Flop (didn't bet)
Seat 8: Ateu66 (button) folded on the Flop
Seat 9: DANADOW420 (small blind) folded on the Flop



PokerStars Hand #225127863231:  Hold'em No Limit ($0.01/$0.02 USD) - 2021/03/23 21:13:43 PT [2021/03/24 0:13:43 ET]
Table 'Gaviola III' 9-max Seat #9 is the button
Seat 1: polly727 ($2.53 in chips) 
Seat 2: miltonadrian ($0.93 in chips) 
Seat 3: FilMiami ($1.02 in chips) 
Seat 4: Koots420 ($1.42 in chips) 
Seat 5: DjFranklin01 ($0.78 in chips) 
Seat 6: Dorex2007 ($3.05 in chips) 
Seat 7: tatanga7588 ($1.21 in chips) 
Seat 8: Ateu66 ($0.62 in chips) 
Seat 9: DANADOW420 ($1.31 in chips) 
polly727: posts small blind $0.01
miltonadrian: posts big blind $0.02
*** HOLE CARDS ***
Dealt to Dorex2007 [4h 2s]
FilMiami: folds 
Koots420: calls $0.02
DjFranklin01: folds 
Dorex2007: folds 
tatanga7588: folds 
Ateu66: raises $0.10 to $0.12
DANADOW420: folds 
polly727: folds 
miltonadrian: folds 
Koots420: folds 
Uncalled bet ($0.10) returned to Ateu66
Ateu66 collected $0.07 from pot
Ateu66: doesn't show hand 
*** SUMMARY ***
Total pot $0.07 | Rake $0 
Seat 1: polly727 (small blind) folded before Flop
Seat 2: miltonadrian (big blind) folded before Flop
Seat 3: FilMiami folded before Flop (didn't bet)
Seat 4: Koots420 folded before Flop
Seat 5: DjFranklin01 folded before Flop (didn't bet)
Seat 6: Dorex2007 folded before Flop (didn't bet)
Seat 7: tatanga7588 folded before Flop (didn't bet)
Seat 8: Ateu66 collected ($0.07)
Seat 9: DANADOW420 (button) folded before Flop (didn't bet)



PokerStars Hand #225127869012:  Hold'em No Limit ($0.01/$0.02 USD) - 2021/03/23 21:14:14 PT [2021/03/24 0:14:14 ET]
Table 'Gaviola III' 9-max Seat #1 is the button
Seat 1: polly727 ($2.52 in chips) 
Seat 2: miltonadrian ($0.91 in chips) 
Seat 3: FilMiami ($1.02 in chips) 
Seat 4: Koots420 ($1.40 in chips) 
Seat 5: DjFranklin01 ($0.78 in chips) 
Seat 6: Dorex2007 ($3.05 in chips) 
Seat 7: tatanga7588 ($1.21 in chips) 
Seat 8: Ateu66 ($0.67 in chips) 
Seat 9: DANADOW420 ($1.31 in chips) 
miltonadrian: posts small blind $0.01
FilMiami: posts big blind $0.02
*** HOLE CARDS ***
Dealt to Dorex2007 [Ad 6s]
Koots420: folds 
DjFranklin01: folds 
Dorex2007: folds 
tatanga7588: folds 
Ateu66: calls $0.02
DANADOW420: folds 
polly727: folds 
miltonadrian: calls $0.01
FilMiami: checks 
*** FLOP *** [5d 7d 5s]
miltonadrian: checks 
FilMiami: bets $0.04
Ateu66: calls $0.04
miltonadrian: folds 
*** TURN *** [5d 7d 5s] [Jh]
FilMiami: checks 
Ateu66: bets $0.14
FilMiami: folds 
Uncalled bet ($0.14) returned to Ateu66
Ateu66 collected $0.14 from pot
Ateu66: doesn't show hand 
*** SUMMARY ***
Total pot $0.14 | Rake $0 
Board [5d 7d 5s Jh]
Seat 1: polly727 (button) folded before Flop (didn't bet)
Seat 2: miltonadrian (small blind) folded on the Flop
Seat 3: FilMiami (big blind) folded on the Turn
Seat 4: Koots420 folded before Flop (didn't bet)
Seat 5: DjFranklin01 folded before Flop (didn't bet)
Seat 6: Dorex2007 folded before Flop (didn't bet)
Seat 7: tatanga7588 folded before Flop (didn't bet)
Seat 8: Ateu66 collected ($0.14)
Seat 9: DANADOW420 folded before Flop (didn't bet)



PokerStars Hand #225127898572:  Hold'em No Limit ($0.01/$0.02 USD) - 2021/03/23 21:16:49 PT [2021/03/24 0:16:49 ET]
Table 'Gaviola III' 9-max Seat #3 is the button
Seat 1: polly727 ($2.52 in chips) 
Seat 2: miltonadrian ($0.87 in chips) 
Seat 3: FilMiami ($0.67 in chips) 
Seat 4: Koots420 ($1.38 in chips) 
Seat 5: DjFranklin01 ($0.78 in chips) 
Seat 6: Dorex2007 ($3.05 in chips) 
Seat 7: tatanga7588 ($1.56 in chips) 
Seat 8: Ateu66 ($0.73 in chips) 
Seat 9: DANADOW420 ($1.29 in chips) 
Koots420: posts small blind $0.01
DjFranklin01: posts big blind $0.02
*** HOLE CARDS ***
Dealt to Dorex2007 [7c Jc]
Dorex2007: folds 
tatanga7588: folds 
Ateu66: calls $0.02
DANADOW420: calls $0.02
polly727: folds 
miltonadrian: calls $0.02
FilMiami: calls $0.02
Koots420: calls $0.01
DjFranklin01: checks 
*** FLOP *** [2h Tc 7s]
Koots420: checks 
DjFranklin01: checks 
Ateu66: bets $0.12
DANADOW420: folds 
miltonadrian: calls $0.12
FilMiami: folds 
Koots420: folds 
DjFranklin01 has timed out
DjFranklin01: folds 
*** TURN *** [2h Tc 7s] [3d]
Ateu66: checks 
miltonadrian: checks 
*** RIVER *** [2h Tc 7s 3d] [Kh]
Ateu66: bets $0.22
miltonadrian: calls $0.22
*** SHOW DOWN ***
Ateu66: shows [Th 4c] (a pair of Tens)
miltonadrian: shows [4s Ts] (a pair of Tens)
Ateu66 collected $0.39 from pot
miltonadrian collected $0.38 from pot
*** SUMMARY ***
Total pot $0.80 | Rake $0.03 
Board [2h Tc 7s 3d Kh]
Seat 1: polly727 folded before Flop (didn't bet)
Seat 2: miltonadrian showed [4s Ts] and won ($0.38) with a pair of Tens
Seat 3: FilMiami (button) folded on the Flop
Seat 4: Koots420 (small blind) folded on the Flop
Seat 5: DjFranklin01 (big blind) folded on the Flop
Seat 6: Dorex2007 folded before Flop (didn't bet)
Seat 7: tatanga7588 folded before Flop (didn't bet)
Seat 8: Ateu66 showed [Th 4c] and won ($0.39) with a pair of Tens
Seat 9: DANADOW420 folded on the Flop



PokerStars Hand #225127919687:  Hold'em No Limit ($0.01/$0.02 USD) - 2021/03/23 21:18:43 PT [2021/03/24 0:18:43 ET]
Table 'Gaviola III' 9-max Seat #4 is the button
Seat 1: polly727 ($2.52 in chips) 
Seat 2: miltonadrian ($0.89 in chips) 
Seat 3: FilMiami ($0.65 in chips) 
Seat 4: Koots420 ($1.36 in chips) 
Seat 5: DjFranklin01 ($0.76 in chips) 
Seat 6: Dorex2007 ($3.05 in chips) 
Seat 7: tatanga7588 ($1.56 in chips) 
Seat 8: Ateu66 ($0.76 in chips) 
Seat 9: DANADOW420 ($1.27 in chips) 
DjFranklin01: posts small blind $0.01
Dorex2007: posts big blind $0.02
*** HOLE CARDS ***
Dealt to Dorex2007 [2d Qc]
tatanga7588: folds 
Ateu66: calls $0.02
DANADOW420: folds 
polly727: folds 
miltonadrian: calls $0.02
FilMiami: calls $0.02
Koots420: calls $0.02
DjFranklin01: calls $0.01
Dorex2007: checks 
*** FLOP *** [2c Qh 8s]
DjFranklin01: bets $0.06
Dorex2007: raises $0.12 to $0.18
Ateu66: folds 
miltonadrian: folds 
FilMiami: folds 
Koots420: folds 
Dorex2007 said, "don't"
DjFranklin01 has timed out
DjFranklin01: folds 
Uncalled bet ($0.12) returned to Dorex2007
Dorex2007 collected $0.23 from pot
Dorex2007: doesn't show hand 
*** SUMMARY ***
Total pot $0.24 | Rake $0.01 
Board [2c Qh 8s]
Seat 1: polly727 folded before Flop (didn't bet)
Seat 2: miltonadrian folded on the Flop
Seat 3: FilMiami folded on the Flop
Seat 4: Koots420 (button) folded on the Flop
Seat 5: DjFranklin01 (small blind) folded on the Flop
Seat 6: Dorex2007 (big blind) collected ($0.23)
Seat 7: tatanga7588 folded before Flop (didn't bet)
Seat 8: Ateu66 folded on the Flop
Seat 9: DANADOW420 folded before Flop (didn't bet)



PokerStars Hand #225127934013:  Hold'em No Limit ($0.01/$0.02 USD) - 2021/03/23 21:20:00 PT [2021/03/24 0:20:00 ET]
Table 'Gaviola III' 9-max Seat #6 is the button
Seat 1: polly727 ($2.52 in chips) 
Seat 2: miltonadrian ($0.87 in chips) 
Seat 3: FilMiami ($0.63 in chips) 
Seat 4: Koots420 ($1.34 in chips) 
Seat 6: Dorex2007 ($3.20 in chips) 
Seat 7: tatanga7588 ($1.56 in chips) 
Seat 8: Ateu66 ($0.74 in chips) 
Seat 9: DANADOW420 ($1.27 in chips) 
tatanga7588: posts small blind $0.01
Ateu66: posts big blind $0.02
*** HOLE CARDS ***
Dealt to Dorex2007 [6d 4c]
DANADOW420: folds 
polly727: folds 
miltonadrian: folds 
FilMiami: raises $0.02 to $0.04
Koots420: folds 
Dorex2007: folds 
tatanga7588: folds 
Ateu66: calls $0.02
*** FLOP *** [Js 4h 6s]
Ateu66: checks 
FilMiami: bets $0.04
Ateu66: folds 
Uncalled bet ($0.04) returned to FilMiami
FilMiami collected $0.09 from pot
FilMiami: doesn't show hand 
*** SUMMARY ***
Total pot $0.09 | Rake $0 
Board [Js 4h 6s]
Seat 1: polly727 folded before Flop (didn't bet)
Seat 2: miltonadrian folded before Flop (didn't bet)
Seat 3: FilMiami collected ($0.09)
Seat 4: Koots420 folded before Flop (didn't bet)
Seat 6: Dorex2007 (button) folded before Flop (didn't bet)
Seat 7: tatanga7588 (small blind) folded before Flop
Seat 8: Ateu66 (big blind) folded on the Flop
Seat 9: DANADOW420 folded before Flop (didn't bet)



PokerStars Hand #225127940709:  Hold'em No Limit ($0.01/$0.02 USD) - 2021/03/23 21:20:37 PT [2021/03/24 0:20:37 ET]
Table 'Gaviola III' 9-max Seat #7 is the button
Seat 1: polly727 ($2.52 in chips) 
Seat 2: miltonadrian ($0.87 in chips) 
Seat 3: FilMiami ($0.68 in chips) 
Seat 4: Koots420 ($1.34 in chips) 
Seat 5: DjFranklin01 ($0.68 in chips) 
Seat 6: Dorex2007 ($3.20 in chips) 
Seat 7: tatanga7588 ($1.55 in chips) 
Seat 8: Ateu66 ($0.70 in chips) 
Seat 9: DANADOW420 ($1.27 in chips) 
Ateu66: posts small blind $0.01
DANADOW420: posts big blind $0.02
*** HOLE CARDS ***
Dealt to Dorex2007 [5d Ad]
polly727: folds 
miltonadrian: folds 
FilMiami: folds 
Koots420: calls $0.02
DjFranklin01 has timed out
DjFranklin01: folds 
Dorex2007: calls $0.02
tatanga7588: folds 
Ateu66: calls $0.01
DANADOW420: checks 
*** FLOP *** [6s Tc Qh]
Ateu66: checks 
DANADOW420: bets $0.04
Koots420: folds 
Dorex2007: folds 
Ateu66: calls $0.04
*** TURN *** [6s Tc Qh] [8s]
Ateu66: checks 
DANADOW420: bets $0.08
Ateu66: raises $0.08 to $0.16
DANADOW420: calls $0.08
*** RIVER *** [6s Tc Qh 8s] [Td]
Ateu66: bets $0.08
DANADOW420: calls $0.08
*** SHOW DOWN ***
Ateu66: shows [9d Jd] (a straight, Eight to Queen)
DANADOW420: mucks hand 
Ateu66 collected $0.62 from pot
*** SUMMARY ***
Total pot $0.64 | Rake $0.02 
Board [6s Tc Qh 8s Td]
Seat 1: polly727 folded before Flop (didn't bet)
Seat 2: miltonadrian folded before Flop (didn't bet)
Seat 3: FilMiami folded before Flop (didn't bet)
Seat 4: Koots420 folded on the Flop
Seat 5: DjFranklin01 folded before Flop (didn't bet)
Seat 6: Dorex2007 folded on the Flop
Seat 7: tatanga7588 (button) folded before Flop (didn't bet)
Seat 8: Ateu66 (small blind) showed [9d Jd] and won ($0.62) with a straight, Eight to Queen
Seat 9: DANADOW420 (big blind) mucked [5c 8d]



PokerStars Hand #225127957777:  Hold'em No Limit ($0.01/$0.02 USD) - 2021/03/23 21:22:10 PT [2021/03/24 0:22:10 ET]
Table 'Gaviola III' 9-max Seat #8 is the button
Seat 1: polly727 ($2.52 in chips) 
Seat 2: miltonadrian ($0.87 in chips) 
Seat 3: FilMiami ($0.68 in chips) 
Seat 4: Koots420 ($1.32 in chips) 
Seat 6: Dorex2007 ($3.18 in chips) 
Seat 7: tatanga7588 ($1.55 in chips) 
Seat 8: Ateu66 ($1.02 in chips) 
Seat 9: DANADOW420 ($0.97 in chips) 
DANADOW420: posts small blind $0.01
polly727: posts big blind $0.02
*** HOLE CARDS ***
Dealt to Dorex2007 [4h 9s]
miltonadrian: calls $0.02
FilMiami: folds 
Koots420: calls $0.02
Dorex2007: folds 
tatanga7588 has timed out
tatanga7588: folds 
Ateu66: calls $0.02
DANADOW420: raises $0.02 to $0.04
polly727: folds 
miltonadrian: calls $0.02
Koots420: calls $0.02
Ateu66: calls $0.02
*** FLOP *** [3d 5c 6c]
DANADOW420: bets $0.17
miltonadrian: calls $0.17
Koots420: folds 
Ateu66: folds 
*** TURN *** [3d 5c 6c] [9c]
DANADOW420: checks 
miltonadrian: checks 
*** RIVER *** [3d 5c 6c 9c] [5h]
DANADOW420: checks 
miltonadrian: bets $0.66 and is all-in
DANADOW420: folds 
Uncalled bet ($0.66) returned to miltonadrian
miltonadrian collected $0.50 from pot
miltonadrian: doesn't show hand 
*** SUMMARY ***
Total pot $0.52 | Rake $0.02 
Board [3d 5c 6c 9c 5h]
Seat 1: polly727 (big blind) folded before Flop
Seat 2: miltonadrian collected ($0.50)
Seat 3: FilMiami folded before Flop (didn't bet)
Seat 4: Koots420 folded on the Flop
Seat 6: Dorex2007 folded before Flop (didn't bet)
Seat 7: tatanga7588 folded before Flop (didn't bet)
Seat 8: Ateu66 (button) folded on the Flop
Seat 9: DANADOW420 (small blind) folded on the River



PokerStars Hand #225127972459:  Hold'em No Limit ($0.01/$0.02 USD) - 2021/03/23 21:23:32 PT [2021/03/24 0:23:32 ET]
Table 'Gaviola III' 9-max Seat #9 is the button
Seat 1: polly727 ($2.50 in chips) 
Seat 2: miltonadrian ($1.16 in chips) 
Seat 3: FilMiami ($0.68 in chips) 
Seat 4: Koots420 ($1.28 in chips) 
Seat 5: DjFranklin01 ($0.68 in chips) 
Seat 6: Dorex2007 ($3.18 in chips) 
Seat 7: tatanga7588 ($1.55 in chips) 
Seat 8: Ateu66 ($0.98 in chips) 
Seat 9: DANADOW420 ($0.76 in chips) 
polly727: posts small blind $0.01
miltonadrian: posts big blind $0.02
*** HOLE CARDS ***
Dealt to Dorex2007 [Qd 6d]
FilMiami: folds 
Koots420: folds 
DjFranklin01: folds 
Dorex2007: folds 
tatanga7588: calls $0.02
Ateu66: folds 
Ateu66 leaves the table
DANADOW420: calls $0.02
polly727: calls $0.01
miltonadrian: checks 
*** FLOP *** [5s Ah Ac]
polly727: checks 
miltonadrian: checks 
Realtor59 joins the table at seat #8 
tatanga7588: bets $0.04
DANADOW420: folds 
polly727: folds 
miltonadrian: folds 
Uncalled bet ($0.04) returned to tatanga7588
tatanga7588 collected $0.08 from pot
tatanga7588: doesn't show hand 
*** SUMMARY ***
Total pot $0.08 | Rake $0 
Board [5s Ah Ac]
Seat 1: polly727 (small blind) folded on the Flop
Seat 2: miltonadrian (big blind) folded on the Flop
Seat 3: FilMiami folded before Flop (didn't bet)
Seat 4: Koots420 folded before Flop (didn't bet)
Seat 5: DjFranklin01 folded before Flop (didn't bet)
Seat 6: Dorex2007 folded before Flop (didn't bet)
Seat 7: tatanga7588 collected ($0.08)
Seat 8: Ateu66 folded before Flop (didn't bet)
Seat 9: DANADOW420 (button) folded on the Flop



PokerStars Hand #225127979700:  Hold'em No Limit ($0.01/$0.02 USD) - 2021/03/23 21:24:12 PT [2021/03/24 0:24:12 ET]
Table 'Gaviola III' 9-max Seat #1 is the button
Seat 1: polly727 ($2.48 in chips) 
Seat 2: miltonadrian ($1.14 in chips) 
Seat 3: FilMiami ($0.68 in chips) 
Seat 4: Koots420 ($1.28 in chips) 
Seat 5: DjFranklin01 ($0.68 in chips) 
Seat 6: Dorex2007 ($3.18 in chips) 
Seat 7: tatanga7588 ($1.61 in chips) 
Seat 9: DANADOW420 ($0.74 in chips) 
miltonadrian: posts small blind $0.01
FilMiami: posts big blind $0.02
Realtor59: sits out 
*** HOLE CARDS ***
Dealt to Dorex2007 [Td 4c]
Koots420: folds 
DjFranklin01 has timed out
DjFranklin01: folds 
Dorex2007: folds 
tatanga7588: folds 
DANADOW420 has timed out
DANADOW420: folds 
polly727: folds 
miltonadrian: calls $0.01
FilMiami: checks 
*** FLOP *** [4s 3c Qc]
miltonadrian: bets $0.04
FilMiami: folds 
Uncalled bet ($0.04) returned to miltonadrian
miltonadrian collected $0.04 from pot
miltonadrian: doesn't show hand 
*** SUMMARY ***
Total pot $0.04 | Rake $0 
Board [4s 3c Qc]
Seat 1: polly727 (button) folded before Flop (didn't bet)
Seat 2: miltonadrian (small blind) collected ($0.04)
Seat 3: FilMiami (big blind) folded on the Flop
Seat 4: Koots420 folded before Flop (didn't bet)
Seat 5: DjFranklin01 folded before Flop (didn't bet)
Seat 6: Dorex2007 folded before Flop (didn't bet)
Seat 7: tatanga7588 folded before Flop (didn't bet)
Seat 9: DANADOW420 folded before Flop (didn't bet)



PokerStars Hand #225127992078:  Hold'em No Limit ($0.01/$0.02 USD) - 2021/03/23 21:25:21 PT [2021/03/24 0:25:21 ET]
Table 'Gaviola III' 9-max Seat #2 is the button
Seat 1: polly727 ($2.48 in chips) 
Seat 2: miltonadrian ($1.16 in chips) 
Seat 3: FilMiami ($0.66 in chips) 
Seat 4: Koots420 ($1.28 in chips) 
Seat 6: Dorex2007 ($3.18 in chips) 
Seat 7: tatanga7588 ($1.61 in chips) 
Seat 9: DANADOW420 ($0.74 in chips) 
FilMiami: posts small blind $0.01
Koots420: posts big blind $0.02
Realtor59: sits out 
*** HOLE CARDS ***
Dealt to Dorex2007 [7s 2s]
Dorex2007: folds 
tatanga7588: folds 
DANADOW420: calls $0.02
polly727: folds 
miltonadrian: calls $0.02
FilMiami: calls $0.01
Koots420: checks 
*** FLOP *** [Td 5c Jc]
FilMiami: checks 
Koots420: checks 
DANADOW420: checks 
miltonadrian: checks 
*** TURN *** [Td 5c Jc] [Tc]
FilMiami: checks 
Koots420: checks 
DANADOW420: checks 
miltonadrian: checks 
*** RIVER *** [Td 5c Jc Tc] [8c]
FilMiami: checks 
Koots420: checks 
DANADOW420: checks 
miltonadrian: checks 
*** SHOW DOWN ***
FilMiami: shows [3h Kh] (a pair of Tens)
Koots420: shows [5s 8h] (two pair, Tens and Eights)
DANADOW420: mucks hand 
miltonadrian: shows [Qd 6c] (a flush, Jack high)
miltonadrian collected $0.08 from pot
tatanga7588 leaves the table
*** SUMMARY ***
Total pot $0.08 | Rake $0 
Board [Td 5c Jc Tc 8c]
Seat 1: polly727 folded before Flop (didn't bet)
Seat 2: miltonadrian (button) showed [Qd 6c] and won ($0.08) with a flush, Jack high
Seat 3: FilMiami (small blind) showed [3h Kh] and lost with a pair of Tens
Seat 4: Koots420 (big blind) showed [5s 8h] and lost with two pair, Tens and Eights
Seat 6: Dorex2007 folded before Flop (didn't bet)
Seat 7: tatanga7588 folded before Flop (didn't bet)
Seat 9: DANADOW420 mucked [As 6h]



PokerStars Hand #225128003974:  Hold'em No Limit ($0.01/$0.02 USD) - 2021/03/23 21:26:28 PT [2021/03/24 0:26:28 ET]
Table 'Gaviola III' 9-max Seat #3 is the button
Seat 1: polly727 ($2.48 in chips) 
Seat 2: miltonadrian ($1.22 in chips) 
Seat 3: FilMiami ($0.64 in chips) 
Seat 4: Koots420 ($1.26 in chips) 
Seat 6: Dorex2007 ($3.18 in chips) 
Seat 9: DANADOW420 ($0.72 in chips) 
Koots420: posts small blind $0.01
Dorex2007: posts big blind $0.02
Realtor59: sits out 
*** HOLE CARDS ***
Dealt to Dorex2007 [Kc 5h]
DANADOW420: folds 
polly727: folds 
miltonadrian: folds 
FilMiami: folds 
Koots420: calls $0.01
Dorex2007: checks 
*** FLOP *** [2d 6d Qs]
Koots420: bets $0.04
Dorex2007: folds 
Uncalled bet ($0.04) returned to Koots420
Koots420 collected $0.04 from pot
Koots420: doesn't show hand 
Dark 9056 joins the table at seat #7 
*** SUMMARY ***
Total pot $0.04 | Rake $0 
Board [2d 6d Qs]
Seat 1: polly727 folded before Flop (didn't bet)
Seat 2: miltonadrian folded before Flop (didn't bet)
Seat 3: FilMiami (button) folded before Flop (didn't bet)
Seat 4: Koots420 (small blind) collected ($0.04)
Seat 6: Dorex2007 (big blind) folded on the Flop
Seat 9: DANADOW420 folded before Flop (didn't bet)



PokerStars Hand #225128008108:  Hold'em No Limit ($0.01/$0.02 USD) - 2021/03/23 21:26:51 PT [2021/03/24 0:26:51 ET]
Table 'Gaviola III' 9-max Seat #4 is the button
Seat 1: polly727 ($2.48 in chips) 
Seat 2: miltonadrian ($1.22 in chips) 
Seat 3: FilMiami ($0.64 in chips) 
Seat 4: Koots420 ($1.28 in chips) 
Seat 6: Dorex2007 ($3.16 in chips) 
Seat 7: Dark 9056 ($1.60 in chips) 
Seat 9: DANADOW420 ($0.72 in chips) 
Dorex2007: posts small blind $0.01
Dark 9056: posts big blind $0.02
Realtor59: sits out 
*** HOLE CARDS ***
Dealt to Dorex2007 [4s 5s]
DANADOW420: folds 
polly727: folds 
miltonadrian: calls $0.02
FilMiami: folds 
Koots420: folds 
Dorex2007: folds 
Dark 9056: checks 
*** FLOP *** [Ts 8s 7d]
Dark 9056: checks 
miltonadrian: checks 
*** TURN *** [Ts 8s 7d] [9s]
Dark 9056: checks 
miltonadrian: checks 
*** RIVER *** [Ts 8s 7d 9s] [As]
Dark 9056: bets $0.02
miltonadrian: folds 
Uncalled bet ($0.02) returned to Dark 9056
Dark 9056 collected $0.05 from pot
Dark 9056: doesn't show hand 
*** SUMMARY ***
Total pot $0.05 | Rake $0 
Board [Ts 8s 7d 9s As]
Seat 1: polly727 folded before Flop (didn't bet)
Seat 2: miltonadrian folded on the River
Seat 3: FilMiami folded before Flop (didn't bet)
Seat 4: Koots420 (button) folded before Flop (didn't bet)
Seat 6: Dorex2007 (small blind) folded before Flop
Seat 7: Dark 9056 (big blind) collected ($0.05)
Seat 9: DANADOW420 folded before Flop (didn't bet)



PokerStars Hand #225128019018:  Hold'em No Limit ($0.01/$0.02 USD) - 2021/03/23 21:27:52 PT [2021/03/24 0:27:52 ET]
Table 'Gaviola III' 9-max Seat #6 is the button
Seat 1: polly727 ($2.48 in chips) 
Seat 2: miltonadrian ($1.20 in chips) 
Seat 3: FilMiami ($0.64 in chips) 
Seat 4: Koots420 ($1.28 in chips) 
Seat 6: Dorex2007 ($3.15 in chips) 
Seat 7: Dark 9056 ($1.63 in chips) 
Seat 8: Realtor59 ($1.50 in chips) 
Seat 9: DANADOW420 ($0.72 in chips) 
Dark 9056: posts small blind $0.01
Realtor59: posts big blind $0.02
*** HOLE CARDS ***
Dealt to Dorex2007 [9d Jd]
DANADOW420: calls $0.02
polly727: folds 
miltonadrian: folds 
FilMiami: folds 
Koots420: folds 
Dorex2007: raises $0.04 to $0.06
Dark 9056: folds 
Realtor59: folds 
DANADOW420: calls $0.04
*** FLOP *** [7d Ah 6h]
DANADOW420: checks 
Dorex2007: bets $0.07
DANADOW420: calls $0.07
*** TURN *** [7d Ah 6h] [Tc]
DANADOW420: checks 
Dorex2007: checks 
*** RIVER *** [7d Ah 6h Tc] [Js]
DANADOW420: checks 
Dorex2007: checks 
*** SHOW DOWN ***
DANADOW420: shows [Ks Kd] (a pair of Kings)
Dorex2007: mucks hand 
DANADOW420 collected $0.28 from pot
*** SUMMARY ***
Total pot $0.29 | Rake $0.01 
Board [7d Ah 6h Tc Js]
Seat 1: polly727 folded before Flop (didn't bet)
Seat 2: miltonadrian folded before Flop (didn't bet)
Seat 3: FilMiami folded before Flop (didn't bet)
Seat 4: Koots420 folded before Flop (didn't bet)
Seat 6: Dorex2007 (button) mucked [9d Jd]
Seat 7: Dark 9056 (small blind) folded before Flop
Seat 8: Realtor59 (big blind) folded before Flop
Seat 9: DANADOW420 showed [Ks Kd] and won ($0.28) with a pair of Kings



PokerStars Hand #225128027836:  Hold'em No Limit ($0.01/$0.02 USD) - 2021/03/23 21:28:40 PT [2021/03/24 0:28:40 ET]
Table 'Gaviola III' 9-max Seat #7 is the button
Seat 1: polly727 ($2.48 in chips) 
Seat 2: miltonadrian ($1.20 in chips) 
Seat 3: FilMiami ($0.64 in chips) 
Seat 4: Koots420 ($1.28 in chips) 
Seat 6: Dorex2007 ($3.02 in chips) 
Seat 7: Dark 9056 ($1.62 in chips) 
Seat 8: Realtor59 ($1.48 in chips) 
Seat 9: DANADOW420 ($0.87 in chips) 
Realtor59: posts small blind $0.01
DANADOW420: posts big blind $0.02
*** HOLE CARDS ***
Dealt to Dorex2007 [9d 9h]
polly727: folds 
miltonadrian: calls $0.02
FilMiami: raises $0.04 to $0.06
Koots420: calls $0.06
Dorex2007: calls $0.06
Dark 9056: folds 
Realtor59: folds 
DANADOW420: folds 
miltonadrian: calls $0.04
*** FLOP *** [Js 4c 2c]
miltonadrian: bets $1.14 and is all-in
FilMiami: folds 
Koots420: calls $1.14
Dorex2007: folds 
*** TURN *** [Js 4c 2c] [Qd]
*** RIVER *** [Js 4c 2c Qd] [3h]
*** SHOW DOWN ***
miltonadrian: shows [Jd 7s] (a pair of Jacks)
Koots420: shows [Ah As] (a pair of Aces)
Koots420 collected $2.46 from pot
*** SUMMARY ***
Total pot $2.55 | Rake $0.09 
Board [Js 4c 2c Qd 3h]
Seat 1: polly727 folded before Flop (didn't bet)
Seat 2: miltonadrian showed [Jd 7s] and lost with a pair of Jacks
Seat 3: FilMiami folded on the Flop
Seat 4: Koots420 showed [Ah As] and won ($2.46) with a pair of Aces
Seat 6: Dorex2007 folded on the Flop
Seat 7: Dark 9056 (button) folded before Flop (didn't bet)
Seat 8: Realtor59 (small blind) folded before Flop
Seat 9: DANADOW420 (big blind) folded before Flop



PokerStars Hand #225128037544:  Hold'em No Limit ($0.01/$0.02 USD) - 2021/03/23 21:29:35 PT [2021/03/24 0:29:35 ET]
Table 'Gaviola III' 9-max Seat #8 is the button
Seat 1: polly727 ($2.48 in chips) 
Seat 3: FilMiami ($0.58 in chips) 
Seat 4: Koots420 ($2.54 in chips) 
Seat 6: Dorex2007 ($2.96 in chips) 
Seat 7: Dark 9056 ($1.62 in chips) 
Seat 8: Realtor59 ($1.47 in chips) 
Seat 9: DANADOW420 ($0.85 in chips) 
DANADOW420: posts small blind $0.01
polly727: posts big blind $0.02
*** HOLE CARDS ***
Dealt to Dorex2007 [Ks 9h]
FilMiami: folds 
miltonadrian leaves the table
Koots420: folds 
Dorex2007: folds 
dasha210967 joins the table at seat #2 
Dark 9056: raises $0.02 to $0.04
Realtor59: calls $0.04
DANADOW420: folds 
polly727: folds 
*** FLOP *** [6d 9s 7d]
Dark 9056: bets $0.05
Realtor59: raises $0.08 to $0.13
Dark 9056: folds 
Uncalled bet ($0.08) returned to Realtor59
Realtor59 collected $0.20 from pot
Realtor59: doesn't show hand 
*** SUMMARY ***
Total pot $0.21 | Rake $0.01 
Board [6d 9s 7d]
Seat 1: polly727 (big blind) folded before Flop
Seat 3: FilMiami folded before Flop (didn't bet)
Seat 4: Koots420 folded before Flop (didn't bet)
Seat 6: Dorex2007 folded before Flop (didn't bet)
Seat 7: Dark 9056 folded on the Flop
Seat 8: Realtor59 (button) collected ($0.20)
Seat 9: DANADOW420 (small blind) folded before Flop



PokerStars Hand #225128060602:  Hold'em No Limit ($0.01/$0.02 USD) - 2021/03/23 21:30:48 PT [2021/03/24 0:30:48 ET]
Table 'Gaviola III' 9-max Seat #9 is the button
Seat 1: polly727 ($2.46 in chips) 
Seat 2: dasha210967 ($1.06 in chips) 
Seat 3: FilMiami ($0.58 in chips) 
Seat 4: Koots420 ($2.54 in chips) 
Seat 6: Dorex2007 ($2.96 in chips) 
Seat 7: Dark 9056 ($1.53 in chips) 
Seat 8: Realtor59 ($1.58 in chips) 
Seat 9: DANADOW420 ($0.84 in chips) 
polly727: posts small blind $0.01
dasha210967: posts big blind $0.02
*** HOLE CARDS ***
Dealt to Dorex2007 [4d Tc]
FilMiami: raises $0.04 to $0.06
Koots420: folds 
Dorex2007: folds 
Dark 9056: folds 
Realtor59: folds 
DANADOW420: folds 
polly727: folds 
dasha210967: folds 
Uncalled bet ($0.04) returned to FilMiami
FilMiami collected $0.05 from pot
FilMiami: doesn't show hand 
*** SUMMARY ***
Total pot $0.05 | Rake $0 
Seat 1: polly727 (small blind) folded before Flop
Seat 2: dasha210967 (big blind) folded before Flop
Seat 3: FilMiami collected ($0.05)
Seat 4: Koots420 folded before Flop (didn't bet)
Seat 6: Dorex2007 folded before Flop (didn't bet)
Seat 7: Dark 9056 folded before Flop (didn't bet)
Seat 8: Realtor59 folded before Flop (didn't bet)
Seat 9: DANADOW420 (button) folded before Flop (didn't bet)



PokerStars Hand #225128064483:  Hold'em No Limit ($0.01/$0.02 USD) - 2021/03/23 21:31:10 PT [2021/03/24 0:31:10 ET]
Table 'Gaviola III' 9-max Seat #1 is the button
Seat 1: polly727 ($2.45 in chips) 
Seat 2: dasha210967 ($1.04 in chips) 
Seat 3: FilMiami ($0.61 in chips) 
Seat 4: Koots420 ($2.54 in chips) 
Seat 6: Dorex2007 ($2.96 in chips) 
Seat 7: Dark 9056 ($1.53 in chips) 
Seat 8: Realtor59 ($1.58 in chips) 
Seat 9: DANADOW420 ($0.84 in chips) 
dasha210967: posts small blind $0.01
FilMiami: posts big blind $0.02
*** HOLE CARDS ***
Dealt to Dorex2007 [Kd Qc]
Koots420: calls $0.02
Dorex2007: raises $0.04 to $0.06
Dark 9056: folds 
Realtor59: folds 
DANADOW420: folds 
polly727: folds 
dasha210967: folds 
FilMiami: folds 
Koots420: calls $0.04
*** FLOP *** [2h 4c As]
Koots420: checks 
Dorex2007: bets $0.14
Koots420: folds 
Uncalled bet ($0.14) returned to Dorex2007
Dorex2007 collected $0.14 from pot
Dorex2007: doesn't show hand 
*** SUMMARY ***
Total pot $0.15 | Rake $0.01 
Board [2h 4c As]
Seat 1: polly727 (button) folded before Flop (didn't bet)
Seat 2: dasha210967 (small blind) folded before Flop
Seat 3: FilMiami (big blind) folded before Flop
Seat 4: Koots420 folded on the Flop
Seat 6: Dorex2007 collected ($0.14)
Seat 7: Dark 9056 folded before Flop (didn't bet)
Seat 8: Realtor59 folded before Flop (didn't bet)
Seat 9: DANADOW420 folded before Flop (didn't bet)



PokerStars Hand #225128070257:  Hold'em No Limit ($0.01/$0.02 USD) - 2021/03/23 21:31:43 PT [2021/03/24 0:31:43 ET]
Table 'Gaviola III' 9-max Seat #2 is the button
Seat 1: polly727 ($2.45 in chips) 
Seat 2: dasha210967 ($1.03 in chips) 
Seat 3: FilMiami ($0.59 in chips) 
Seat 4: Koots420 ($2.48 in chips) 
Seat 6: Dorex2007 ($3.04 in chips) 
Seat 7: Dark 9056 ($1.53 in chips) 
Seat 8: Realtor59 ($1.58 in chips) 
Seat 9: DANADOW420 ($0.84 in chips) 
FilMiami: posts small blind $0.01
Koots420: posts big blind $0.02
*** HOLE CARDS ***
Dealt to Dorex2007 [Tc Ah]
Dorex2007: folds 
Dark 9056: folds 
Realtor59: folds 
DANADOW420: folds 
polly727: folds 
dasha210967: calls $0.02
FilMiami: calls $0.01
Koots420: checks 
*** FLOP *** [Jh 2c Qh]
FilMiami: checks 
Koots420: checks 
dasha210967: bets $0.03
FilMiami: calls $0.03
Koots420: folds 
*** TURN *** [Jh 2c Qh] [Th]
FilMiami: checks 
dasha210967: checks 
*** RIVER *** [Jh 2c Qh Th] [4h]
FilMiami: bets $0.05
dasha210967: calls $0.05
*** SHOW DOWN ***
FilMiami: shows [Jd 6c] (a pair of Jacks)
dasha210967: shows [Qc Td] (two pair, Queens and Tens)
dasha210967 collected $0.21 from pot
*** SUMMARY ***
Total pot $0.22 | Rake $0.01 
Board [Jh 2c Qh Th 4h]
Seat 1: polly727 folded before Flop (didn't bet)
Seat 2: dasha210967 (button) showed [Qc Td] and won ($0.21) with two pair, Queens and Tens
Seat 3: FilMiami (small blind) showed [Jd 6c] and lost with a pair of Jacks
Seat 4: Koots420 (big blind) folded on the Flop
Seat 6: Dorex2007 folded before Flop (didn't bet)
Seat 7: Dark 9056 folded before Flop (didn't bet)
Seat 8: Realtor59 folded before Flop (didn't bet)
Seat 9: DANADOW420 folded before Flop (didn't bet)



PokerStars Hand #225128080277:  Hold'em No Limit ($0.01/$0.02 USD) - 2021/03/23 21:32:39 PT [2021/03/24 0:32:39 ET]
Table 'Gaviola III' 9-max Seat #3 is the button
Seat 1: polly727 ($2.45 in chips) 
Seat 2: dasha210967 ($1.14 in chips) 
Seat 3: FilMiami ($0.49 in chips) 
Seat 4: Koots420 ($2.46 in chips) 
Seat 6: Dorex2007 ($3.04 in chips) 
Seat 7: Dark 9056 ($1.53 in chips) 
Seat 8: Realtor59 ($1.58 in chips) 
Seat 9: DANADOW420 ($0.84 in chips) 
Koots420: posts small blind $0.01
Dorex2007: posts big blind $0.02
*** HOLE CARDS ***
Dealt to Dorex2007 [7d Qh]
Dark 9056: folds 
Realtor59: folds 
DANADOW420: folds 
polly727: folds 
dasha210967: calls $0.02
FilMiami: folds 
Koots420: calls $0.01
Dorex2007: checks 
*** FLOP *** [8c 4c Kd]
Koots420: checks 
Dorex2007: checks 
dasha210967: checks 
*** TURN *** [8c 4c Kd] [3c]
Koots420: bets $0.04
Dorex2007: folds 
dasha210967: calls $0.04
*** RIVER *** [8c 4c Kd 3c] [5s]
Koots420: checks 
dasha210967: checks 
*** SHOW DOWN ***
Koots420: shows [Ac 4d] (a pair of Fours)
dasha210967: mucks hand 
Koots420 collected $0.14 from pot
*** SUMMARY ***
Total pot $0.14 | Rake $0 
Board [8c 4c Kd 3c 5s]
Seat 1: polly727 folded before Flop (didn't bet)
Seat 2: dasha210967 mucked [2d 3h]
Seat 3: FilMiami (button) folded before Flop (didn't bet)
Seat 4: Koots420 (small blind) showed [Ac 4d] and won ($0.14) with a pair of Fours
Seat 6: Dorex2007 (big blind) folded on the Turn
Seat 7: Dark 9056 folded before Flop (didn't bet)
Seat 8: Realtor59 folded before Flop (didn't bet)
Seat 9: DANADOW420 folded before Flop (didn't bet)



PokerStars Hand #225128093388:  Hold'em No Limit ($0.01/$0.02 USD) - 2021/03/23 21:33:53 PT [2021/03/24 0:33:53 ET]
Table 'Gaviola III' 9-max Seat #4 is the button
Seat 1: polly727 ($2.45 in chips) 
Seat 2: dasha210967 ($1.08 in chips) 
Seat 3: FilMiami ($0.49 in chips) 
Seat 4: Koots420 ($2.54 in chips) 
Seat 6: Dorex2007 ($3.02 in chips) 
Seat 7: Dark 9056 ($1.53 in chips) 
Seat 8: Realtor59 ($1.58 in chips) 
Seat 9: DANADOW420 ($0.84 in chips) 
Dorex2007: posts small blind $0.01
Dark 9056: posts big blind $0.02
*** HOLE CARDS ***
Dealt to Dorex2007 [Jh 6c]
Realtor59: folds 
DANADOW420: raises $0.02 to $0.04
polly727: folds 
dasha210967: folds 
FilMiami: folds 
Koots420: folds 
Dorex2007: folds 
Dark 9056: folds 
Uncalled bet ($0.02) returned to DANADOW420
DANADOW420 collected $0.05 from pot
DANADOW420: doesn't show hand 
*** SUMMARY ***
Total pot $0.05 | Rake $0 
Seat 1: polly727 folded before Flop (didn't bet)
Seat 2: dasha210967 folded before Flop (didn't bet)
Seat 3: FilMiami folded before Flop (didn't bet)
Seat 4: Koots420 (button) folded before Flop (didn't bet)
Seat 6: Dorex2007 (small blind) folded before Flop
Seat 7: Dark 9056 (big blind) folded before Flop
Seat 8: Realtor59 folded before Flop (didn't bet)
Seat 9: DANADOW420 collected ($0.05)



PokerStars Hand #225128098533:  Hold'em No Limit ($0.01/$0.02 USD) - 2021/03/23 21:34:22 PT [2021/03/24 0:34:22 ET]
Table 'Gaviola III' 9-max Seat #6 is the button
Seat 1: polly727 ($2.45 in chips) 
Seat 2: dasha210967 ($1.08 in chips) 
Seat 3: FilMiami ($0.49 in chips) 
Seat 4: Koots420 ($2.54 in chips) 
Seat 6: Dorex2007 ($3.01 in chips) 
Seat 7: Dark 9056 ($1.51 in chips) 
Seat 8: Realtor59 ($1.58 in chips) 
Seat 9: DANADOW420 ($0.87 in chips) 
Dark 9056: posts small blind $0.01
Realtor59: posts big blind $0.02
*** HOLE CARDS ***
Dealt to Dorex2007 [9h 8d]
DANADOW420 has timed out
DANADOW420: folds 
polly727: folds 
dasha210967: calls $0.02
FilMiami: folds 
Koots420: folds 
Dorex2007: folds 
Dark 9056: folds 
Realtor59: checks 
*** FLOP *** [Jh 5d 5s]
Realtor59: checks 
dasha210967 is disconnected 
dasha210967 has timed out while being disconnected
dasha210967: checks 
*** TURN *** [Jh 5d 5s] [4d]
Realtor59: bets $0.06
dasha210967: calls $0.06
*** RIVER *** [Jh 5d 5s 4d] [9c]
Realtor59: bets $0.12
dasha210967: calls $0.12
*** SHOW DOWN ***
Realtor59: shows [5h 8s] (three of a kind, Fives)
dasha210967: mucks hand 
Realtor59 collected $0.40 from pot
*** SUMMARY ***
Total pot $0.41 | Rake $0.01 
Board [Jh 5d 5s 4d 9c]
Seat 1: polly727 folded before Flop (didn't bet)
Seat 2: dasha210967 mucked [Js 6s]
Seat 3: FilMiami folded before Flop (didn't bet)
Seat 4: Koots420 folded before Flop (didn't bet)
Seat 6: Dorex2007 (button) folded before Flop (didn't bet)
Seat 7: Dark 9056 (small blind) folded before Flop
Seat 8: Realtor59 (big blind) showed [5h 8s] and won ($0.40) with three of a kind, Fives
Seat 9: DANADOW420 folded before Flop (didn't bet)



PokerStars Hand #225128121985:  Hold'em No Limit ($0.01/$0.02 USD) - 2021/03/23 21:36:03 PT [2021/03/24 0:36:03 ET]
Table 'Gaviola III' 9-max Seat #7 is the button
Seat 1: polly727 ($2.45 in chips) 
Seat 2: dasha210967 ($0.88 in chips) 
Seat 3: FilMiami ($0.49 in chips) 
Seat 4: Koots420 ($2.54 in chips) 
Seat 6: Dorex2007 ($3.01 in chips) 
Seat 7: Dark 9056 ($1.50 in chips) 
Seat 8: Realtor59 ($1.78 in chips) 
Seat 9: DANADOW420 ($0.87 in chips) 
Realtor59: posts small blind $0.01
DANADOW420: posts big blind $0.02
*** HOLE CARDS ***
Dealt to Dorex2007 [Qd 2s]
polly727: raises $0.05 to $0.07
dasha210967: folds 
FilMiami: folds 
Koots420: folds 
Dorex2007: folds 
Dark 9056: calls $0.07
Realtor59: calls $0.06
DANADOW420: folds 
*** FLOP *** [6c 8s 3s]
Realtor59: checks 
polly727: checks 
Dark 9056: checks 
*** TURN *** [6c 8s 3s] [5s]
Realtor59: checks 
polly727: checks 
dasha210967 is disconnected 
Dark 9056: bets $0.10
Realtor59: folds 
polly727: folds 
Uncalled bet ($0.10) returned to Dark 9056
Dark 9056 collected $0.22 from pot
Dark 9056: doesn't show hand 
*** SUMMARY ***
Total pot $0.23 | Rake $0.01 
Board [6c 8s 3s 5s]
Seat 1: polly727 folded on the Turn
Seat 2: dasha210967 folded before Flop (didn't bet)
Seat 3: FilMiami folded before Flop (didn't bet)
Seat 4: Koots420 folded before Flop (didn't bet)
Seat 6: Dorex2007 folded before Flop (didn't bet)
Seat 7: Dark 9056 (button) collected ($0.22)
Seat 8: Realtor59 (small blind) folded on the Turn
Seat 9: DANADOW420 (big blind) folded before Flop



PokerStars Hand #225128138414:  Hold'em No Limit ($0.01/$0.02 USD) - 2021/03/23 21:37:38 PT [2021/03/24 0:37:38 ET]
Table 'Gaviola III' 9-max Seat #8 is the button
Seat 1: polly727 ($2.38 in chips) 
Seat 2: dasha210967 ($0.88 in chips) 
Seat 3: FilMiami ($0.49 in chips) 
Seat 4: Koots420 ($2.54 in chips) 
Seat 6: Dorex2007 ($3.01 in chips) 
Seat 7: Dark 9056 ($1.65 in chips) 
Seat 8: Realtor59 ($1.71 in chips) 
Seat 9: DANADOW420 ($0.85 in chips) 
DANADOW420: posts small blind $0.01
polly727: posts big blind $0.02
*** HOLE CARDS ***
Dealt to Dorex2007 [7h 3h]
dasha210967 has timed out while disconnected
dasha210967: folds 
FilMiami: folds 
Koots420: folds 
Dorex2007: folds 
Dark 9056: raises $0.04 to $0.06
Realtor59: calls $0.06
DANADOW420: folds 
polly727: folds 
*** FLOP *** [Ac Qc 5c]
Dark 9056: checks 
Realtor59: bets $0.06
Dark 9056: calls $0.06
*** TURN *** [Ac Qc 5c] [3s]
Dark 9056: checks 
Realtor59: bets $0.10
Dark 9056: calls $0.10
*** RIVER *** [Ac Qc 5c 3s] [Ts]
Dark 9056: checks 
Realtor59: checks 
*** SHOW DOWN ***
Dark 9056: shows [Ad Tc] (two pair, Aces and Tens)
Realtor59: mucks hand 
Dark 9056 collected $0.45 from pot
*** SUMMARY ***
Total pot $0.47 | Rake $0.02 
Board [Ac Qc 5c 3s Ts]
Seat 1: polly727 (big blind) folded before Flop
Seat 2: dasha210967 folded before Flop (didn't bet)
Seat 3: FilMiami folded before Flop (didn't bet)
Seat 4: Koots420 folded before Flop (didn't bet)
Seat 6: Dorex2007 folded before Flop (didn't bet)
Seat 7: Dark 9056 showed [Ad Tc] and won ($0.45) with two pair, Aces and Tens
Seat 8: Realtor59 (button) mucked [Jh Ah]
Seat 9: DANADOW420 (small blind) folded before Flop



PokerStars Hand #225128153729:  Hold'em No Limit ($0.01/$0.02 USD) - 2021/03/23 21:39:05 PT [2021/03/24 0:39:05 ET]
Table 'Gaviola III' 9-max Seat #9 is the button
Seat 1: polly727 ($2.36 in chips) 
Seat 3: FilMiami ($0.49 in chips) 
Seat 4: Koots420 ($2.54 in chips) 
Seat 6: Dorex2007 ($3.01 in chips) 
Seat 7: Dark 9056 ($1.88 in chips) 
Seat 8: Realtor59 ($1.49 in chips) 
Seat 9: DANADOW420 ($0.84 in chips) 
polly727: posts small blind $0.01
FilMiami: posts big blind $0.02
*** HOLE CARDS ***
Dealt to Dorex2007 [4d Jc]
Koots420: folds 
Dorex2007: folds 
Dark 9056: folds 
Realtor59: folds 
DANADOW420: folds 
polly727: folds 
Uncalled bet ($0.01) returned to FilMiami
FilMiami collected $0.02 from pot
FilMiami: doesn't show hand 
*** SUMMARY ***
Total pot $0.02 | Rake $0 
Seat 1: polly727 (small blind) folded before Flop
Seat 3: FilMiami (big blind) collected ($0.02)
Seat 4: Koots420 folded before Flop (didn't bet)
Seat 6: Dorex2007 folded before Flop (didn't bet)
Seat 7: Dark 9056 folded before Flop (didn't bet)
Seat 8: Realtor59 folded before Flop (didn't bet)
Seat 9: DANADOW420 (button) folded before Flop (didn't bet)



PokerStars Hand #225128156722:  Hold'em No Limit ($0.01/$0.02 USD) - 2021/03/23 21:39:22 PT [2021/03/24 0:39:22 ET]
Table 'Gaviola III' 9-max Seat #1 is the button
Seat 1: polly727 ($2.35 in chips) 
Seat 3: FilMiami ($0.50 in chips) 
Seat 4: Koots420 ($2.54 in chips) 
Seat 6: Dorex2007 ($3.01 in chips) 
Seat 7: Dark 9056 ($1.88 in chips) 
Seat 8: Realtor59 ($1.49 in chips) 
Seat 9: DANADOW420 ($0.84 in chips) 
FilMiami: posts small blind $0.01
Koots420: posts big blind $0.02
*** HOLE CARDS ***
Dealt to Dorex2007 [5h 5c]
Dorex2007: folds 
Dark 9056: folds 
Realtor59: folds 
DANADOW420: folds 
polly727: folds 
FilMiami: raises $0.02 to $0.04
Koots420: calls $0.02
*** FLOP *** [As Kh Kc]
FilMiami: checks 
Koots420: checks 
*** TURN *** [As Kh Kc] [7s]
FilMiami: bets $0.03
Koots420: folds 
Uncalled bet ($0.03) returned to FilMiami
FilMiami collected $0.08 from pot
FilMiami: doesn't show hand 
*** SUMMARY ***
Total pot $0.08 | Rake $0 
Board [As Kh Kc 7s]
Seat 1: polly727 (button) folded before Flop (didn't bet)
Seat 3: FilMiami (small blind) collected ($0.08)
Seat 4: Koots420 (big blind) folded on the Turn
Seat 6: Dorex2007 folded before Flop (didn't bet)
Seat 7: Dark 9056 folded before Flop (didn't bet)
Seat 8: Realtor59 folded before Flop (didn't bet)
Seat 9: DANADOW420 folded before Flop (didn't bet)



PokerStars Hand #225128166824:  Hold'em No Limit ($0.01/$0.02 USD) - 2021/03/23 21:40:20 PT [2021/03/24 0:40:20 ET]
Table 'Gaviola III' 9-max Seat #3 is the button
Seat 1: polly727 ($2.35 in chips) 
Seat 3: FilMiami ($0.54 in chips) 
Seat 4: Koots420 ($2.50 in chips) 
Seat 6: Dorex2007 ($3.01 in chips) 
Seat 7: Dark 9056 ($1.88 in chips) 
Seat 8: Realtor59 ($1.49 in chips) 
Seat 9: DANADOW420 ($0.84 in chips) 
Koots420: posts small blind $0.01
Dorex2007: posts big blind $0.02
*** HOLE CARDS ***
Dealt to Dorex2007 [Qd As]
Dark 9056: folds 
Realtor59: folds 
DANADOW420: folds 
polly727: folds 
FilMiami: raises $0.02 to $0.04
Koots420: folds 
Dorex2007: raises $0.10 to $0.14
FilMiami: folds 
Uncalled bet ($0.10) returned to Dorex2007
Dorex2007 collected $0.09 from pot
Dorex2007: doesn't show hand 
*** SUMMARY ***
Total pot $0.09 | Rake $0 
Seat 1: polly727 folded before Flop (didn't bet)
Seat 3: FilMiami (button) folded before Flop
Seat 4: Koots420 (small blind) folded before Flop
Seat 6: Dorex2007 (big blind) collected ($0.09)
Seat 7: Dark 9056 folded before Flop (didn't bet)
Seat 8: Realtor59 folded before Flop (didn't bet)
Seat 9: DANADOW420 folded before Flop (didn't bet)



PokerStars Hand #225128171616:  Hold'em No Limit ($0.01/$0.02 USD) - 2021/03/23 21:40:48 PT [2021/03/24 0:40:48 ET]
Table 'Gaviola III' 9-max Seat #4 is the button
Seat 1: polly727 ($2.35 in chips) 
Seat 3: FilMiami ($0.50 in chips) 
Seat 4: Koots420 ($2.49 in chips) 
Seat 6: Dorex2007 ($3.06 in chips) 
Seat 7: Dark 9056 ($1.88 in chips) 
Seat 8: Realtor59 ($1.49 in chips) 
Seat 9: DANADOW420 ($0.84 in chips) 
Dorex2007: posts small blind $0.01
Dark 9056: posts big blind $0.02
*** HOLE CARDS ***
Dealt to Dorex2007 [3d 2s]
Realtor59: folds 
DANADOW420: folds 
polly727: folds 
FilMiami: raises $0.04 to $0.06
Koots420: folds 
Dorex2007: folds 
Dark 9056: folds 
Uncalled bet ($0.04) returned to FilMiami
FilMiami collected $0.05 from pot
FilMiami: doesn't show hand 
*** SUMMARY ***
Total pot $0.05 | Rake $0 
Seat 1: polly727 folded before Flop (didn't bet)
Seat 3: FilMiami collected ($0.05)
Seat 4: Koots420 (button) folded before Flop (didn't bet)
Seat 6: Dorex2007 (small blind) folded before Flop
Seat 7: Dark 9056 (big blind) folded before Flop
Seat 8: Realtor59 folded before Flop (didn't bet)
Seat 9: DANADOW420 folded before Flop (didn't bet)



PokerStars Hand #225128176258:  Hold'em No Limit ($0.01/$0.02 USD) - 2021/03/23 21:41:14 PT [2021/03/24 0:41:14 ET]
Table 'Gaviola III' 9-max Seat #6 is the button
Seat 3: FilMiami ($0.53 in chips) 
Seat 4: Koots420 ($2.49 in chips) 
Seat 6: Dorex2007 ($3.05 in chips) 
Seat 7: Dark 9056 ($1.86 in chips) 
Seat 8: Realtor59 ($1.49 in chips) 
Seat 9: DANADOW420 ($0.84 in chips) 
Dark 9056: posts small blind $0.01
Realtor59: posts big blind $0.02
*** HOLE CARDS ***
Dealt to Dorex2007 [Qs 2h]
DANADOW420: folds 
FilMiami: folds 
Koots420: raises $0.04 to $0.06
Dorex2007: folds 
Dark 9056: folds 
Realtor59: folds 
Uncalled bet ($0.04) returned to Koots420
Koots420 collected $0.05 from pot
Koots420: doesn't show hand 
*** SUMMARY ***
Total pot $0.05 | Rake $0 
Seat 3: FilMiami folded before Flop (didn't bet)
Seat 4: Koots420 collected ($0.05)
Seat 6: Dorex2007 (button) folded before Flop (didn't bet)
Seat 7: Dark 9056 (small blind) folded before Flop
Seat 8: Realtor59 (big blind) folded before Flop
Seat 9: DANADOW420 folded before Flop (didn't bet)



PokerStars Hand #225128180724:  Hold'em No Limit ($0.01/$0.02 USD) - 2021/03/23 21:41:40 PT [2021/03/24 0:41:40 ET]
Table 'Gaviola III' 9-max Seat #7 is the button
Seat 3: FilMiami ($0.53 in chips) 
Seat 4: Koots420 ($2.52 in chips) 
Seat 6: Dorex2007 ($3.05 in chips) 
Seat 7: Dark 9056 ($1.85 in chips) 
Seat 8: Realtor59 ($1.47 in chips) 
Seat 9: DANADOW420 ($0.84 in chips) 
Realtor59: posts small blind $0.01
DANADOW420: posts big blind $0.02
*** HOLE CARDS ***
Dealt to Dorex2007 [8d Jc]
FilMiami: folds 
Koots420: calls $0.02
Dorex2007: folds 
Dark 9056: folds 
Realtor59: calls $0.01
DANADOW420: checks 
*** FLOP *** [Jh Qd Tc]
Realtor59: checks 
DANADOW420: checks 
Koots420: bets $0.04
Realtor59: folds 
DANADOW420: calls $0.04
*** TURN *** [Jh Qd Tc] [2s]
DANADOW420: checks 
Koots420: bets $0.08
DANADOW420: calls $0.08
*** RIVER *** [Jh Qd Tc 2s] [5h]
DANADOW420: checks 
Koots420: bets $0.15
DANADOW420: folds 
Uncalled bet ($0.15) returned to Koots420
Koots420 collected $0.29 from pot
Koots420: doesn't show hand 
*** SUMMARY ***
Total pot $0.30 | Rake $0.01 
Board [Jh Qd Tc 2s 5h]
Seat 3: FilMiami folded before Flop (didn't bet)
Seat 4: Koots420 collected ($0.29)
Seat 6: Dorex2007 folded before Flop (didn't bet)
Seat 7: Dark 9056 (button) folded before Flop (didn't bet)
Seat 8: Realtor59 (small blind) folded on the Flop
Seat 9: DANADOW420 (big blind) folded on the River



PokerStars Hand #225128190099:  Hold'em No Limit ($0.01/$0.02 USD) - 2021/03/23 21:42:34 PT [2021/03/24 0:42:34 ET]
Table 'Gaviola III' 9-max Seat #8 is the button
Seat 3: FilMiami ($0.53 in chips) 
Seat 4: Koots420 ($2.67 in chips) 
Seat 6: Dorex2007 ($3.05 in chips) 
Seat 7: Dark 9056 ($1.85 in chips) 
Seat 8: Realtor59 ($1.45 in chips) 
Seat 9: DANADOW420 ($0.70 in chips) 
DANADOW420: posts small blind $0.01
FilMiami: posts big blind $0.02
*** HOLE CARDS ***
Dealt to Dorex2007 [Qh 8d]
Koots420: calls $0.02
Dorex2007: folds 
Dark 9056: folds 
Realtor59: calls $0.02
DANADOW420: calls $0.01
FilMiami: checks 
*** FLOP *** [9s 3h 9h]
DANADOW420: checks 
FilMiami: checks 
Koots420: checks 
Realtor59: checks 
*** TURN *** [9s 3h 9h] [Td]
DANADOW420: checks 
FilMiami: checks 
Koots420: checks 
Realtor59: checks 
*** RIVER *** [9s 3h 9h Td] [Ac]
DANADOW420: bets $0.08
FilMiami: folds 
Koots420: folds 
Realtor59: calls $0.08
*** SHOW DOWN ***
DANADOW420: shows [4s Ts] (two pair, Tens and Nines)
Realtor59: shows [As 2s] (two pair, Aces and Nines)
Realtor59 collected $0.23 from pot
*** SUMMARY ***
Total pot $0.24 | Rake $0.01 
Board [9s 3h 9h Td Ac]
Seat 3: FilMiami (big blind) folded on the River
Seat 4: Koots420 folded on the River
Seat 6: Dorex2007 folded before Flop (didn't bet)
Seat 7: Dark 9056 folded before Flop (didn't bet)
Seat 8: Realtor59 (button) showed [As 2s] and won ($0.23) with two pair, Aces and Nines
Seat 9: DANADOW420 (small blind) showed [4s Ts] and lost with two pair, Tens and Nines



PokerStars Hand #225128210091:  Hold'em No Limit ($0.01/$0.02 USD) - 2021/03/23 21:43:40 PT [2021/03/24 0:43:40 ET]
Table 'Gaviola III' 9-max Seat #9 is the button
Seat 3: FilMiami ($0.51 in chips) 
Seat 4: Koots420 ($2.65 in chips) 
Seat 6: Dorex2007 ($3.05 in chips) 
Seat 7: Dark 9056 ($1.85 in chips) 
Seat 8: Realtor59 ($1.58 in chips) 
Seat 9: DANADOW420 ($0.60 in chips) 
FilMiami: posts small blind $0.01
Koots420: posts big blind $0.02
*** HOLE CARDS ***
Dealt to Dorex2007 [9d 3h]
Dorex2007: folds 
Dark 9056: folds 
Realtor59: folds 
DANADOW420: folds 
FilMiami: folds 
Uncalled bet ($0.01) returned to Koots420
Koots420 collected $0.02 from pot
Koots420: doesn't show hand 
*** SUMMARY ***
Total pot $0.02 | Rake $0 
Seat 3: FilMiami (small blind) folded before Flop
Seat 4: Koots420 (big blind) collected ($0.02)
Seat 6: Dorex2007 folded before Flop (didn't bet)
Seat 7: Dark 9056 folded before Flop (didn't bet)
Seat 8: Realtor59 folded before Flop (didn't bet)
Seat 9: DANADOW420 (button) folded before Flop (didn't bet)



PokerStars Hand #225128213118:  Hold'em No Limit ($0.01/$0.02 USD) - 2021/03/23 21:43:57 PT [2021/03/24 0:43:57 ET]
Table 'Gaviola III' 9-max Seat #3 is the button
Seat 3: FilMiami ($0.50 in chips) 
Seat 4: Koots420 ($2.66 in chips) 
Seat 6: Dorex2007 ($3.05 in chips) 
Seat 7: Dark 9056 ($1.85 in chips) 
Seat 8: Realtor59 ($1.58 in chips) 
Seat 9: DANADOW420 ($0.60 in chips) 
Koots420: posts small blind $0.01
Dorex2007: posts big blind $0.02
*** HOLE CARDS ***
Dealt to Dorex2007 [6s Ac]
Dark 9056 has timed out
Dark 9056: folds 
Realtor59: folds 
DANADOW420: calls $0.02
FilMiami has timed out
FilMiami: folds 
Koots420: calls $0.01
Dorex2007: checks 
*** FLOP *** [6d Jh Qc]
Koots420: checks 
Dorex2007: checks 
DANADOW420: bets $0.06
Koots420: folds 
Dorex2007: calls $0.06
*** TURN *** [6d Jh Qc] [9s]
Dorex2007: checks 
DANADOW420: checks 
*** RIVER *** [6d Jh Qc 9s] [Ah]
Dorex2007: bets $0.22
DANADOW420: calls $0.22
*** SHOW DOWN ***
Dorex2007: shows [6s Ac] (two pair, Aces and Sixes)
DANADOW420: mucks hand 
Dorex2007 collected $0.60 from pot
DjFranklin01 leaves the table
*** SUMMARY ***
Total pot $0.62 | Rake $0.02 
Board [6d Jh Qc 9s Ah]
Seat 3: FilMiami (button) folded before Flop (didn't bet)
Seat 4: Koots420 (small blind) folded on the Flop
Seat 6: Dorex2007 (big blind) showed [6s Ac] and won ($0.60) with two pair, Aces and Sixes
Seat 7: Dark 9056 folded before Flop (didn't bet)
Seat 8: Realtor59 folded before Flop (didn't bet)
Seat 9: DANADOW420 mucked [Qd Js]



PokerStars Hand #225128224676:  Hold'em No Limit ($0.01/$0.02 USD) - 2021/03/23 21:45:04 PT [2021/03/24 0:45:04 ET]
Table 'Gaviola III' 9-max Seat #4 is the button
Seat 3: FilMiami ($0.50 in chips) 
Seat 4: Koots420 ($2.64 in chips) 
Seat 6: Dorex2007 ($3.35 in chips) 
Seat 7: Dark 9056 ($1.85 in chips) 
Seat 8: Realtor59 ($1.58 in chips) 
Seat 9: DANADOW420 ($0.30 in chips) 
Dorex2007: posts small blind $0.01
Dark 9056: posts big blind $0.02
polly727: sits out 
*** HOLE CARDS ***
Dealt to Dorex2007 [4c 8s]
Realtor59: raises $0.03 to $0.05
DANADOW420: calls $0.05
FilMiami: folds 
Koots420: folds 
Dorex2007: folds 
sofaking1973 joins the table at seat #5 
Dark 9056: raises $0.11 to $0.16
Realtor59: folds 
DANADOW420: calls $0.11
*** FLOP *** [7h 9s 7d]
Dark 9056: bets $0.17
DANADOW420: folds 
Uncalled bet ($0.17) returned to Dark 9056
Dark 9056 collected $0.37 from pot
Dark 9056: doesn't show hand 
*** SUMMARY ***
Total pot $0.38 | Rake $0.01 
Board [7h 9s 7d]
Seat 3: FilMiami folded before Flop (didn't bet)
Seat 4: Koots420 (button) folded before Flop (didn't bet)
Seat 6: Dorex2007 (small blind) folded before Flop
Seat 7: Dark 9056 (big blind) collected ($0.37)
Seat 8: Realtor59 folded before Flop
Seat 9: DANADOW420 folded on the Flop



PokerStars Hand #225128233657:  Hold'em No Limit ($0.01/$0.02 USD) - 2021/03/23 21:45:56 PT [2021/03/24 0:45:56 ET]
Table 'Gaviola III' 9-max Seat #6 is the button
Seat 3: FilMiami ($0.50 in chips) 
Seat 4: Koots420 ($2.64 in chips) 
Seat 6: Dorex2007 ($3.34 in chips) 
Seat 7: Dark 9056 ($2.06 in chips) 
Seat 8: Realtor59 ($1.53 in chips) 
Seat 9: DANADOW420 ($0.14 in chips) 
Dark 9056: posts small blind $0.01
Realtor59: posts big blind $0.02
polly727: sits out 
sofaking1973: sits out 
*** HOLE CARDS ***
Dealt to Dorex2007 [8h 3c]
dasha210967 leaves the table
DANADOW420: raises $0.12 to $0.14 and is all-in
FilMiami: folds 
Koots420: folds 
Dorex2007: folds 
Dark 9056: folds 
Realtor59: calls $0.12
*** FLOP *** [Kc Ac 6h]
*** TURN *** [Kc Ac 6h] [Th]
*** RIVER *** [Kc Ac 6h Th] [9c]
*** SHOW DOWN ***
Realtor59: shows [Ad Jd] (a pair of Aces)
DANADOW420: shows [Kh 9d] (two pair, Kings and Nines)
Realtor59 cashed out the hand for $0.19
DANADOW420 cashed out the hand for $0.09
*** SUMMARY ***
Total pot $0.29 | Rake $0.01 
Board [Kc Ac 6h Th 9c]
Seat 3: FilMiami folded before Flop (didn't bet)
Seat 4: Koots420 folded before Flop (didn't bet)
Seat 6: Dorex2007 (button) folded before Flop (didn't bet)
Seat 7: Dark 9056 (small blind) folded before Flop
Seat 8: Realtor59 (big blind) showed [Ad Jd] and lost with a pair of Aces (cashed out).
Seat 9: DANADOW420 showed [Kh 9d] and won ($0.28) with two pair, Kings and Nines (pot not awarded as player cashed out)



PokerStars Hand #225128239173:  Hold'em No Limit ($0.01/$0.02 USD) - 2021/03/23 21:46:29 PT [2021/03/24 0:46:29 ET]
Table 'Gaviola III' 9-max Seat #7 is the button
Seat 3: FilMiami ($0.50 in chips) 
Seat 4: Koots420 ($2.64 in chips) 
Seat 6: Dorex2007 ($3.34 in chips) 
Seat 7: Dark 9056 ($2.05 in chips) 
Seat 8: Realtor59 ($1.58 in chips) 
Seat 9: DANADOW420 ($0.09 in chips) 
Realtor59: posts small blind $0.01
DANADOW420: posts big blind $0.02
polly727: sits out 
sofaking1973: sits out 
*** HOLE CARDS ***
Dealt to Dorex2007 [Ah 4c]
FilMiami: raises $0.02 to $0.04
Koots420: folds 
Dorex2007: folds 
Dark 9056: folds 
Realtor59: folds 
DANADOW420: raises $0.05 to $0.09 and is all-in
FilMiami: calls $0.05
*** FLOP *** [Qs Jh Kd]
*** TURN *** [Qs Jh Kd] [Ks]
*** RIVER *** [Qs Jh Kd Ks] [7c]
*** SHOW DOWN ***
DANADOW420: shows [3d 9d] (a pair of Kings)
FilMiami: shows [Ac 9h] (a pair of Kings - Ace kicker)
FilMiami collected $0.18 from pot
*** SUMMARY ***
Total pot $0.19 | Rake $0.01 
Board [Qs Jh Kd Ks 7c]
Seat 3: FilMiami showed [Ac 9h] and won ($0.18) with a pair of Kings
Seat 4: Koots420 folded before Flop (didn't bet)
Seat 6: Dorex2007 folded before Flop (didn't bet)
Seat 7: Dark 9056 (button) folded before Flop (didn't bet)
Seat 8: Realtor59 (small blind) folded before Flop
Seat 9: DANADOW420 (big blind) showed [3d 9d] and lost with a pair of Kings



PokerStars Hand #225128245678:  Hold'em No Limit ($0.01/$0.02 USD) - 2021/03/23 21:47:07 PT [2021/03/24 0:47:07 ET]
Table 'Gaviola III' 9-max Seat #8 is the button
Seat 3: FilMiami ($0.59 in chips) 
Seat 4: Koots420 ($2.64 in chips) 
Seat 6: Dorex2007 ($3.34 in chips) 
Seat 7: Dark 9056 ($2.05 in chips) 
Seat 8: Realtor59 ($1.57 in chips) 
FilMiami: posts small blind $0.01
Koots420: posts big blind $0.02
sofaking1973: sits out 
*** HOLE CARDS ***
Dealt to Dorex2007 [6s 4s]
Dorex2007: folds 
DANADOW420 leaves the table
sofaking1973 leaves the table
Dark 9056: folds 
Realtor59: calls $0.02
FilMiami: calls $0.01
Koots420: checks 
*** FLOP *** [Kc 5d 8s]
FilMiami: checks 
Koots420: bets $0.04
Realtor59: folds 
FilMiami: folds 
Uncalled bet ($0.04) returned to Koots420
Koots420 collected $0.06 from pot
Koots420: doesn't show hand 
*** SUMMARY ***
Total pot $0.06 | Rake $0 
Board [Kc 5d 8s]
Seat 3: FilMiami (small blind) folded on the Flop
Seat 4: Koots420 (big blind) collected ($0.06)
Seat 6: Dorex2007 folded before Flop (didn't bet)
Seat 7: Dark 9056 folded before Flop (didn't bet)
Seat 8: Realtor59 (button) folded on the Flop



PokerStars Hand #225128251868:  Hold'em No Limit ($0.01/$0.02 USD) - 2021/03/23 21:47:44 PT [2021/03/24 0:47:44 ET]
Table 'Gaviola III' 9-max Seat #3 is the button
Seat 3: FilMiami ($0.57 in chips) 
Seat 4: Koots420 ($2.68 in chips) 
Seat 6: Dorex2007 ($3.34 in chips) 
Seat 7: Dark 9056 ($2.05 in chips) 
Seat 8: Realtor59 ($1.55 in chips) 
Koots420: posts small blind $0.01
Dorex2007: posts big blind $0.02
polly727: sits out 
*** HOLE CARDS ***
Dealt to Dorex2007 [Th 6c]
Dark 9056 has timed out
Dark 9056: folds 
Realtor59: folds 
FilMiami: folds 
Koots420: calls $0.01
Dorex2007: checks 
*** FLOP *** [As Ah Kc]
Koots420: checks 
Dorex2007: checks 
*** TURN *** [As Ah Kc] [Ad]
Koots420: bets $0.04
Dorex2007: folds 
Uncalled bet ($0.04) returned to Koots420
Koots420 collected $0.04 from pot
Koots420: doesn't show hand 
*** SUMMARY ***
Total pot $0.04 | Rake $0 
Board [As Ah Kc Ad]
Seat 3: FilMiami (button) folded before Flop (didn't bet)
Seat 4: Koots420 (small blind) collected ($0.04)
Seat 6: Dorex2007 (big blind) folded on the Turn
Seat 7: Dark 9056 folded before Flop (didn't bet)
Seat 8: Realtor59 folded before Flop (didn't bet)



PokerStars Hand #225128256901:  Hold'em No Limit ($0.01/$0.02 USD) - 2021/03/23 21:48:13 PT [2021/03/24 0:48:13 ET]
Table 'Gaviola III' 9-max Seat #4 is the button
Seat 3: FilMiami ($0.57 in chips) 
Seat 4: Koots420 ($2.70 in chips) 
Seat 6: Dorex2007 ($3.32 in chips) 
Seat 7: Dark 9056 ($2.05 in chips) 
Seat 8: Realtor59 ($1.55 in chips) 
Dorex2007: posts small blind $0.01
Dark 9056: posts big blind $0.02
polly727: sits out 
*** HOLE CARDS ***
Dealt to Dorex2007 [4s 2s]
Realtor59: folds 
FilMiami: raises $0.04 to $0.06
Koots420: folds 
Dorex2007: folds 
Dark 9056: folds 
Uncalled bet ($0.04) returned to FilMiami
FilMiami collected $0.05 from pot
FilMiami: doesn't show hand 
*** SUMMARY ***
Total pot $0.05 | Rake $0 
Seat 3: FilMiami collected ($0.05)
Seat 4: Koots420 (button) folded before Flop (didn't bet)
Seat 6: Dorex2007 (small blind) folded before Flop
Seat 7: Dark 9056 (big blind) folded before Flop
Seat 8: Realtor59 folded before Flop (didn't bet)



PokerStars Hand #225128260341:  Hold'em No Limit ($0.01/$0.02 USD) - 2021/03/23 21:48:33 PT [2021/03/24 0:48:33 ET]
Table 'Gaviola III' 9-max Seat #6 is the button
Seat 3: FilMiami ($0.60 in chips) 
Seat 4: Koots420 ($2.70 in chips) 
Seat 6: Dorex2007 ($3.31 in chips) 
Seat 7: Dark 9056 ($2.03 in chips) 
Seat 8: Realtor59 ($1.55 in chips) 
Dark 9056: posts small blind $0.01
Realtor59: posts big blind $0.02
polly727: sits out 
*** HOLE CARDS ***
Dealt to Dorex2007 [6s Kc]
FilMiami: folds 
Koots420: calls $0.02
Dorex2007: folds 
Dark 9056: folds 
Realtor59: checks 
*** FLOP *** [2d Ts Js]
Wayniak187 joins the table at seat #9 
Realtor59: checks 
Koots420: checks 
*** TURN *** [2d Ts Js] [9h]
Realtor59: checks 
Koots420: checks 
*** RIVER *** [2d Ts Js 9h] [Ad]
Realtor59: checks 
Koots420: checks 
*** SHOW DOWN ***
Realtor59: shows [5h 4s] (high card Ace)
Koots420: shows [7s 7c] (a pair of Sevens)
Koots420 collected $0.05 from pot
*** SUMMARY ***
Total pot $0.05 | Rake $0 
Board [2d Ts Js 9h Ad]
Seat 3: FilMiami folded before Flop (didn't bet)
Seat 4: Koots420 showed [7s 7c] and won ($0.05) with a pair of Sevens
Seat 6: Dorex2007 (button) folded before Flop (didn't bet)
Seat 7: Dark 9056 (small blind) folded before Flop
Seat 8: Realtor59 (big blind) showed [5h 4s] and lost with high card Ace



PokerStars Hand #225128267121:  Hold'em No Limit ($0.01/$0.02 USD) - 2021/03/23 21:49:13 PT [2021/03/24 0:49:13 ET]
Table 'Gaviola III' 9-max Seat #7 is the button
Seat 3: FilMiami ($0.60 in chips) 
Seat 4: Koots420 ($2.73 in chips) 
Seat 6: Dorex2007 ($3.31 in chips) 
Seat 7: Dark 9056 ($2.02 in chips) 
Seat 8: Realtor59 ($1.53 in chips) 
Seat 9: Wayniak187 ($2 in chips) 
Realtor59: posts small blind $0.01
Wayniak187: posts big blind $0.02
polly727: sits out 
*** HOLE CARDS ***
Dealt to Dorex2007 [Kd 2c]
FilMiami: raises $0.02 to $0.04
Koots420: folds 
Dorex2007: folds 
fenix609 joins the table at seat #5 
Dark 9056 has timed out
Dark 9056: folds 
Realtor59: folds 
Wayniak187: calls $0.02
*** FLOP *** [5c 3d Jc]
Wayniak187: checks 
FilMiami: bets $0.05
Wayniak187: folds 
Uncalled bet ($0.05) returned to FilMiami
FilMiami collected $0.09 from pot
FilMiami: doesn't show hand 
*** SUMMARY ***
Total pot $0.09 | Rake $0 
Board [5c 3d Jc]
Seat 3: FilMiami collected ($0.09)
Seat 4: Koots420 folded before Flop (didn't bet)
Seat 6: Dorex2007 folded before Flop (didn't bet)
Seat 7: Dark 9056 (button) folded before Flop (didn't bet)
Seat 8: Realtor59 (small blind) folded before Flop
Seat 9: Wayniak187 (big blind) folded on the Flop



PokerStars Hand #225128273440:  Hold'em No Limit ($0.01/$0.02 USD) - 2021/03/23 21:49:50 PT [2021/03/24 0:49:50 ET]
Table 'Gaviola III' 9-max Seat #8 is the button
Seat 1: polly727 ($2.35 in chips) 
Seat 3: FilMiami ($0.65 in chips) 
Seat 4: Koots420 ($2.73 in chips) 
Seat 6: Dorex2007 ($3.31 in chips) 
Seat 7: Dark 9056 ($2.02 in chips) 
Seat 8: Realtor59 ($1.52 in chips) 
Seat 9: Wayniak187 ($1.96 in chips) 
Wayniak187: posts small blind $0.01
polly727: posts big blind $0.02
fenix609: sits out 
*** HOLE CARDS ***
Dealt to Dorex2007 [9s 6h]
FilMiami: folds 
Koots420: folds 
Dorex2007: folds 
Dark 9056 has timed out
Dark 9056: folds 
Realtor59: folds 
Wayniak187: calls $0.01
polly727: checks 
*** FLOP *** [Kh 4d Jc]
Wayniak187: checks 
polly727: checks 
*** TURN *** [Kh 4d Jc] [3c]
Wayniak187: checks 
polly727: bets $0.04
Wayniak187: folds 
Uncalled bet ($0.04) returned to polly727
polly727 collected $0.04 from pot
polly727: doesn't show hand 
*** SUMMARY ***
Total pot $0.04 | Rake $0 
Board [Kh 4d Jc 3c]
Seat 1: polly727 (big blind) collected ($0.04)
Seat 3: FilMiami folded before Flop (didn't bet)
Seat 4: Koots420 folded before Flop (didn't bet)
Seat 6: Dorex2007 folded before Flop (didn't bet)
Seat 7: Dark 9056 folded before Flop (didn't bet)
Seat 8: Realtor59 (button) folded before Flop (didn't bet)
Seat 9: Wayniak187 (small blind) folded on the Turn



PokerStars Hand #225128278889:  Hold'em No Limit ($0.01/$0.02 USD) - 2021/03/23 21:50:23 PT [2021/03/24 0:50:23 ET]
Table 'Gaviola III' 9-max Seat #9 is the button
Seat 1: polly727 ($2.37 in chips) 
Seat 3: FilMiami ($0.65 in chips) 
Seat 4: Koots420 ($2.73 in chips) 
Seat 6: Dorex2007 ($3.31 in chips) 
Seat 7: Dark 9056 ($2.02 in chips) 
Seat 8: Realtor59 ($1.52 in chips) 
Seat 9: Wayniak187 ($1.94 in chips) 
polly727: posts small blind $0.01
FilMiami: posts big blind $0.02
fenix609: sits out 
*** HOLE CARDS ***
Dealt to Dorex2007 [5c 3s]
Koots420: folds 
Dorex2007: folds 
Dark 9056: folds 
Realtor59: calls $0.02
Wayniak187: calls $0.02
polly727: folds 
FilMiami: checks 
*** FLOP *** [Js 2c 9h]
FilMiami: checks 
Realtor59: checks 
Wayniak187: checks 
*** TURN *** [Js 2c 9h] [As]
FilMiami: checks 
Realtor59: checks 
Wayniak187: checks 
*** RIVER *** [Js 2c 9h As] [3h]
FilMiami: checks 
Realtor59: checks 
Wayniak187: checks 
*** SHOW DOWN ***
FilMiami: shows [Ts 7c] (high card Ace)
Realtor59: mucks hand 
Wayniak187: shows [3c Qc] (a pair of Threes)
Wayniak187 collected $0.07 from pot
*** SUMMARY ***
Total pot $0.07 | Rake $0 
Board [Js 2c 9h As 3h]
Seat 1: polly727 (small blind) folded before Flop
Seat 3: FilMiami (big blind) showed [Ts 7c] and lost with high card Ace
Seat 4: Koots420 folded before Flop (didn't bet)
Seat 6: Dorex2007 folded before Flop (didn't bet)
Seat 7: Dark 9056 folded before Flop (didn't bet)
Seat 8: Realtor59 mucked [7h 6h]
Seat 9: Wayniak187 (button) showed [3c Qc] and won ($0.07) with a pair of Threes



PokerStars Hand #225128290959:  Hold'em No Limit ($0.01/$0.02 USD) - 2021/03/23 21:51:34 PT [2021/03/24 0:51:34 ET]
Table 'Gaviola III' 9-max Seat #1 is the button
Seat 1: polly727 ($2.36 in chips) 
Seat 3: FilMiami ($0.63 in chips) 
Seat 4: Koots420 ($2.73 in chips) 
Seat 6: Dorex2007 ($3.31 in chips) 
Seat 7: Dark 9056 ($2.02 in chips) 
Seat 8: Realtor59 ($1.50 in chips) 
Seat 9: Wayniak187 ($1.99 in chips) 
FilMiami: posts small blind $0.01
Koots420: posts big blind $0.02
fenix609: sits out 
*** HOLE CARDS ***
Dealt to Dorex2007 [9c Td]
Dorex2007: folds 
roxxyy99 joins the table at seat #2 
Dark 9056: raises $0.04 to $0.06
Realtor59: folds 
Wayniak187: calls $0.06
polly727: folds 
FilMiami: calls $0.05
Koots420: folds 
*** FLOP *** [4h 9s Kd]
FilMiami: bets $0.06
Dark 9056: calls $0.06
Wayniak187: calls $0.06
*** TURN *** [4h 9s Kd] [Jd]
FilMiami: bets $0.13
Dark 9056: calls $0.13
Wayniak187: calls $0.13
*** RIVER *** [4h 9s Kd Jd] [7s]
FilMiami: bets $0.18
Dark 9056: folds 
Wayniak187: raises $0.40 to $0.58
FilMiami: calls $0.20 and is all-in
Uncalled bet ($0.20) returned to Wayniak187
*** SHOW DOWN ***
Wayniak187: shows [Ts 8s] (a straight, Seven to Jack)
FilMiami: shows [Kc Jc] (two pair, Kings and Jacks)
Wayniak187 collected $1.48 from pot
*** SUMMARY ***
Total pot $1.53 | Rake $0.05 
Board [4h 9s Kd Jd 7s]
Seat 1: polly727 (button) folded before Flop (didn't bet)
Seat 3: FilMiami (small blind) showed [Kc Jc] and lost with two pair, Kings and Jacks
Seat 4: Koots420 (big blind) folded before Flop
Seat 6: Dorex2007 folded before Flop (didn't bet)
Seat 7: Dark 9056 folded on the River
Seat 8: Realtor59 folded before Flop (didn't bet)
Seat 9: Wayniak187 showed [Ts 8s] and won ($1.48) with a straight, Seven to Jack



PokerStars Hand #225128309809:  Hold'em No Limit ($0.01/$0.02 USD) - 2021/03/23 21:53:25 PT [2021/03/24 0:53:25 ET]
Table 'Gaviola III' 9-max Seat #4 is the button
Seat 1: polly727 ($2.36 in chips) 
Seat 2: roxxyy99 ($2 in chips) 
Seat 4: Koots420 ($2.71 in chips) 
Seat 6: Dorex2007 ($3.31 in chips) 
Seat 7: Dark 9056 ($1.77 in chips) 
Seat 8: Realtor59 ($1.50 in chips) 
Seat 9: Wayniak187 ($2.84 in chips) 
Dorex2007: posts small blind $0.01
Dark 9056: posts big blind $0.02
roxxyy99: posts big blind $0.02
*** HOLE CARDS ***
Dealt to Dorex2007 [Td 6d]
FilMiami leaves the table
Realtor59: raises $0.03 to $0.05
Wayniak187: calls $0.05
polly727: folds 
roxxyy99: folds 
Koots420: folds 
Dorex2007: folds 
Dark 9056: folds 
*** FLOP *** [Tc Qh As]
Realtor59: checks 
Wayniak187: checks 
*** TURN *** [Tc Qh As] [Qs]
Realtor59: bets $0.06
Wayniak187: folds 
Uncalled bet ($0.06) returned to Realtor59
Realtor59 collected $0.14 from pot
Realtor59: doesn't show hand 
*** SUMMARY ***
Total pot $0.15 | Rake $0.01 
Board [Tc Qh As Qs]
Seat 1: polly727 folded before Flop (didn't bet)
Seat 2: roxxyy99 folded before Flop (didn't bet)
Seat 4: Koots420 (button) folded before Flop (didn't bet)
Seat 6: Dorex2007 (small blind) folded before Flop
Seat 7: Dark 9056 (big blind) folded before Flop
Seat 8: Realtor59 collected ($0.14)
Seat 9: Wayniak187 folded on the Turn



PokerStars Hand #225128316669:  Hold'em No Limit ($0.01/$0.02 USD) - 2021/03/23 21:54:06 PT [2021/03/24 0:54:06 ET]
Table 'Gaviola III' 9-max Seat #6 is the button
Seat 1: polly727 ($2.36 in chips) 
Seat 2: roxxyy99 ($2 in chips) 
Seat 4: Koots420 ($2.71 in chips) 
Seat 6: Dorex2007 ($3.30 in chips) 
Seat 7: Dark 9056 ($1.75 in chips) 
Seat 8: Realtor59 ($1.59 in chips) 
Seat 9: Wayniak187 ($2.79 in chips) 
Dark 9056: posts small blind $0.01
Realtor59: posts big blind $0.02
fenix609: sits out 
*** HOLE CARDS ***
Dealt to Dorex2007 [Jh Kh]
Wayniak187: raises $0.06 to $0.08
polly727: folds 
roxxyy99: folds 
cayresdrinks joins the table at seat #3 
Koots420: folds 
Dorex2007: calls $0.08
Dark 9056: calls $0.07
Realtor59: folds 
*** FLOP *** [5s 5c 3d]
Dark 9056: checks 
Wayniak187: checks 
Dorex2007: bets $0.13
Dark 9056: folds 
Wayniak187: folds 
Uncalled bet ($0.13) returned to Dorex2007
Dorex2007 collected $0.25 from pot
Dorex2007: doesn't show hand 
*** SUMMARY ***
Total pot $0.26 | Rake $0.01 
Board [5s 5c 3d]
Seat 1: polly727 folded before Flop (didn't bet)
Seat 2: roxxyy99 folded before Flop (didn't bet)
Seat 4: Koots420 folded before Flop (didn't bet)
Seat 6: Dorex2007 (button) collected ($0.25)
Seat 7: Dark 9056 (small blind) folded on the Flop
Seat 8: Realtor59 (big blind) folded before Flop
Seat 9: Wayniak187 folded on the Flop



PokerStars Hand #225128325873:  Hold'em No Limit ($0.01/$0.02 USD) - 2021/03/23 21:55:01 PT [2021/03/24 0:55:01 ET]
Table 'Gaviola III' 9-max Seat #7 is the button
Seat 1: polly727 ($2.36 in chips) 
Seat 2: roxxyy99 ($2 in chips) 
Seat 3: cayresdrinks ($0.80 in chips) 
Seat 4: Koots420 ($2.71 in chips) 
Seat 6: Dorex2007 ($3.47 in chips) 
Seat 7: Dark 9056 ($1.67 in chips) 
Seat 8: Realtor59 ($1.57 in chips) 
Seat 9: Wayniak187 ($2.71 in chips) 
Realtor59: posts small blind $0.01
Wayniak187: posts big blind $0.02
cayresdrinks: posts big blind $0.02
fenix609: sits out 
*** HOLE CARDS ***
Dealt to Dorex2007 [4s 9s]
polly727: folds 
roxxyy99: folds 
cayresdrinks: raises $0.04 to $0.06
Koots420: folds 
Dorex2007: folds 
Dark 9056: calls $0.06
Realtor59: folds 
Wayniak187: folds 
*** FLOP *** [4d 7d 9c]
cayresdrinks: bets $0.06
Dark 9056: calls $0.06
*** TURN *** [4d 7d 9c] [9d]
cayresdrinks: bets $0.04
Dark 9056: raises $0.08 to $0.12
cayresdrinks: raises $0.14 to $0.26
Dark 9056: folds 
Uncalled bet ($0.14) returned to cayresdrinks
cayresdrinks collected $0.49 from pot
cayresdrinks: doesn't show hand 
*** SUMMARY ***
Total pot $0.51 | Rake $0.02 
Board [4d 7d 9c 9d]
Seat 1: polly727 folded before Flop (didn't bet)
Seat 2: roxxyy99 folded before Flop (didn't bet)
Seat 3: cayresdrinks collected ($0.49)
Seat 4: Koots420 folded before Flop (didn't bet)
Seat 6: Dorex2007 folded before Flop (didn't bet)
Seat 7: Dark 9056 (button) folded on the Turn
Seat 8: Realtor59 (small blind) folded before Flop
Seat 9: Wayniak187 (big blind) folded before Flop



PokerStars Hand #225128339008:  Hold'em No Limit ($0.01/$0.02 USD) - 2021/03/23 21:56:34 PT [2021/03/24 0:56:34 ET]
Table 'Gaviola III' 9-max Seat #8 is the button
Seat 1: polly727 ($2.36 in chips) 
Seat 2: roxxyy99 ($2 in chips) 
Seat 3: cayresdrinks ($1.05 in chips) 
Seat 4: Koots420 ($2.71 in chips) 
Seat 5: fenix609 ($0.80 in chips) 
Seat 6: Dorex2007 ($3.47 in chips) 
Seat 7: Dark 9056 ($1.43 in chips) 
Seat 8: Realtor59 ($1.56 in chips) 
Seat 9: Wayniak187 ($2.69 in chips) 
Wayniak187: posts small blind $0.01
polly727: posts big blind $0.02
fenix609: posts big blind $0.02
*** HOLE CARDS ***
Dealt to Dorex2007 [2d 3c]
roxxyy99: folds 
cayresdrinks: calls $0.02
Koots420: folds 
fenix609: checks 
Dorex2007: folds 
Dark 9056: folds 
Realtor59: raises $0.05 to $0.07
Wayniak187: calls $0.06
polly727: folds 
cayresdrinks: calls $0.05
fenix609: folds 
*** FLOP *** [Td 2c 9h]
Wayniak187: bets $0.24
cayresdrinks: folds 
Realtor59: folds 
Uncalled bet ($0.24) returned to Wayniak187
Wayniak187 collected $0.24 from pot
Wayniak187: doesn't show hand 
*** SUMMARY ***
Total pot $0.25 | Rake $0.01 
Board [Td 2c 9h]
Seat 1: polly727 (big blind) folded before Flop
Seat 2: roxxyy99 folded before Flop (didn't bet)
Seat 3: cayresdrinks folded on the Flop
Seat 4: Koots420 folded before Flop (didn't bet)
Seat 5: fenix609 folded before Flop (didn't bet)
Seat 6: Dorex2007 folded before Flop (didn't bet)
Seat 7: Dark 9056 folded before Flop (didn't bet)
Seat 8: Realtor59 (button) folded on the Flop
Seat 9: Wayniak187 (small blind) collected ($0.24)



PokerStars Hand #225128346870:  Hold'em No Limit ($0.01/$0.02 USD) - 2021/03/23 21:57:30 PT [2021/03/24 0:57:30 ET]
Table 'Gaviola III' 9-max Seat #9 is the button
Seat 1: polly727 ($2.34 in chips) 
Seat 2: roxxyy99 ($2 in chips) 
Seat 3: cayresdrinks ($0.98 in chips) 
Seat 4: Koots420 ($2.71 in chips) 
Seat 5: fenix609 ($0.78 in chips) 
Seat 6: Dorex2007 ($3.47 in chips) 
Seat 7: Dark 9056 ($1.43 in chips) 
Seat 8: Realtor59 ($1.49 in chips) 
Seat 9: Wayniak187 ($2.86 in chips) 
polly727: posts small blind $0.01
roxxyy99: posts big blind $0.02
*** HOLE CARDS ***
Dealt to Dorex2007 [Ks 5c]
cayresdrinks: folds 
Koots420: folds 
fenix609: calls $0.02
Dorex2007: folds 
Dark 9056: calls $0.02
Realtor59: folds 
Wayniak187 has timed out
Wayniak187: folds 
polly727: folds 
roxxyy99: checks 
*** FLOP *** [9d Th Qh]
roxxyy99: checks 
fenix609: checks 
Dark 9056: bets $0.04
roxxyy99: folds 
fenix609: calls $0.04
*** TURN *** [9d Th Qh] [Ts]
fenix609: checks 
Dark 9056: checks 
*** RIVER *** [9d Th Qh Ts] [9s]
fenix609: checks 
Dark 9056: checks 
*** SHOW DOWN ***
fenix609: shows [7d Ad] (two pair, Tens and Nines)
Dark 9056: mucks hand 
fenix609 collected $0.14 from pot
*** SUMMARY ***
Total pot $0.15 | Rake $0.01 
Board [9d Th Qh Ts 9s]
Seat 1: polly727 (small blind) folded before Flop
Seat 2: roxxyy99 (big blind) folded on the Flop
Seat 3: cayresdrinks folded before Flop (didn't bet)
Seat 4: Koots420 folded before Flop (didn't bet)
Seat 5: fenix609 showed [7d Ad] and won ($0.14) with two pair, Tens and Nines
Seat 6: Dorex2007 folded before Flop (didn't bet)
Seat 7: Dark 9056 mucked [Kh 8h]
Seat 8: Realtor59 folded before Flop (didn't bet)
Seat 9: Wayniak187 (button) folded before Flop (didn't bet)



PokerStars Hand #225128358500:  Hold'em No Limit ($0.01/$0.02 USD) - 2021/03/23 21:58:51 PT [2021/03/24 0:58:51 ET]
Table 'Gaviola III' 9-max Seat #1 is the button
Seat 1: polly727 ($2.33 in chips) 
Seat 2: roxxyy99 ($2 in chips) 
Seat 3: cayresdrinks ($0.98 in chips) 
Seat 4: Koots420 ($2.71 in chips) 
Seat 5: fenix609 ($0.86 in chips) 
Seat 6: Dorex2007 ($3.47 in chips) 
Seat 7: Dark 9056 ($1.37 in chips) 
Seat 8: Realtor59 ($1.49 in chips) 
Seat 9: Wayniak187 ($2.86 in chips) 
roxxyy99: posts small blind $0.01
cayresdrinks: posts big blind $0.02
*** HOLE CARDS ***
Dealt to Dorex2007 [3c 2c]
Koots420: folds 
fenix609: calls $0.02
Dorex2007: folds 
Dark 9056: folds 
Realtor59: calls $0.02
Wayniak187: folds 
polly727: folds 
roxxyy99: folds 
cayresdrinks: checks 
*** FLOP *** [5d 9s Td]
cayresdrinks: checks 
fenix609: checks 
Realtor59: checks 
*** TURN *** [5d 9s Td] [Ah]
cayresdrinks: checks 
fenix609: checks 
Realtor59: checks 
*** RIVER *** [5d 9s Td Ah] [Qs]
cayresdrinks: bets $0.06
fenix609: calls $0.06
Realtor59: folds 
*** SHOW DOWN ***
cayresdrinks: shows [Th 5h] (two pair, Tens and Fives)
fenix609: mucks hand 
cayresdrinks collected $0.18 from pot
*** SUMMARY ***
Total pot $0.19 | Rake $0.01 
Board [5d 9s Td Ah Qs]
Seat 1: polly727 (button) folded before Flop (didn't bet)
Seat 2: roxxyy99 (small blind) folded before Flop
Seat 3: cayresdrinks (big blind) showed [Th 5h] and won ($0.18) with two pair, Tens and Fives
Seat 4: Koots420 folded before Flop (didn't bet)
Seat 5: fenix609 mucked [Ac 3s]
Seat 6: Dorex2007 folded before Flop (didn't bet)
Seat 7: Dark 9056 folded before Flop (didn't bet)
Seat 8: Realtor59 folded on the River
Seat 9: Wayniak187 folded before Flop (didn't bet)



PokerStars Hand #225128365616:  Hold'em No Limit ($0.01/$0.02 USD) - 2021/03/23 21:59:41 PT [2021/03/24 0:59:41 ET]
Table 'Gaviola III' 9-max Seat #2 is the button
Seat 1: polly727 ($2.33 in chips) 
Seat 2: roxxyy99 ($2 in chips) 
Seat 3: cayresdrinks ($1.08 in chips) 
Seat 4: Koots420 ($2.71 in chips) 
Seat 5: fenix609 ($0.78 in chips) 
Seat 6: Dorex2007 ($3.47 in chips) 
Seat 7: Dark 9056 ($1.37 in chips) 
Seat 8: Realtor59 ($1.47 in chips) 
Seat 9: Wayniak187 ($2.86 in chips) 
cayresdrinks: posts small blind $0.01
Koots420: posts big blind $0.02
*** HOLE CARDS ***
Dealt to Dorex2007 [6h Kh]
fenix609: folds 
Dorex2007: folds 
Dark 9056: folds 
Realtor59: folds 
Wayniak187: folds 
polly727: raises $0.05 to $0.07
roxxyy99: folds 
cayresdrinks: folds 
Koots420: folds 
Uncalled bet ($0.05) returned to polly727
polly727 collected $0.05 from pot
polly727: doesn't show hand 
*** SUMMARY ***
Total pot $0.05 | Rake $0 
Seat 1: polly727 collected ($0.05)
Seat 2: roxxyy99 (button) folded before Flop (didn't bet)
Seat 3: cayresdrinks (small blind) folded before Flop
Seat 4: Koots420 (big blind) folded before Flop
Seat 5: fenix609 folded before Flop (didn't bet)
Seat 6: Dorex2007 folded before Flop (didn't bet)
Seat 7: Dark 9056 folded before Flop (didn't bet)
Seat 8: Realtor59 folded before Flop (didn't bet)
Seat 9: Wayniak187 folded before Flop (didn't bet)



PokerStars Hand #225128369440:  Hold'em No Limit ($0.01/$0.02 USD) - 2021/03/23 22:00:07 PT [2021/03/24 1:00:07 ET]
Table 'Gaviola III' 9-max Seat #3 is the button
Seat 1: polly727 ($2.36 in chips) 
Seat 2: roxxyy99 ($2 in chips) 
Seat 3: cayresdrinks ($1.07 in chips) 
Seat 4: Koots420 ($2.69 in chips) 
Seat 5: fenix609 ($0.78 in chips) 
Seat 6: Dorex2007 ($3.47 in chips) 
Seat 7: Dark 9056 ($1.37 in chips) 
Seat 8: Realtor59 ($1.47 in chips) 
Seat 9: Wayniak187 ($2.86 in chips) 
Koots420: posts small blind $0.01
fenix609: posts big blind $0.02
*** HOLE CARDS ***
Dealt to Dorex2007 [Tc 8d]
Dorex2007: folds 
Dark 9056: folds 
Realtor59: raises $0.02 to $0.04
Wayniak187: folds 
polly727: folds 
roxxyy99: calls $0.04
cayresdrinks: calls $0.04
Koots420: folds 
fenix609: calls $0.02
*** FLOP *** [Qh 3d Ad]
fenix609: checks 
Realtor59: checks 
roxxyy99: checks 
cayresdrinks: bets $0.04
fenix609: folds 
Realtor59: calls $0.04
roxxyy99: folds 
*** TURN *** [Qh 3d Ad] [Kd]
Realtor59: checks 
cayresdrinks: bets $0.06
Realtor59: calls $0.06
*** RIVER *** [Qh 3d Ad Kd] [3h]
Realtor59: checks 
cayresdrinks: bets $0.08
Realtor59: folds 
Uncalled bet ($0.08) returned to cayresdrinks
cayresdrinks collected $0.36 from pot
cayresdrinks: doesn't show hand 
*** SUMMARY ***
Total pot $0.37 | Rake $0.01 
Board [Qh 3d Ad Kd 3h]
Seat 1: polly727 folded before Flop (didn't bet)
Seat 2: roxxyy99 folded on the Flop
Seat 3: cayresdrinks (button) collected ($0.36)
Seat 4: Koots420 (small blind) folded before Flop
Seat 5: fenix609 (big blind) folded on the Flop
Seat 6: Dorex2007 folded before Flop (didn't bet)
Seat 7: Dark 9056 folded before Flop (didn't bet)
Seat 8: Realtor59 folded on the River
Seat 9: Wayniak187 folded before Flop (didn't bet)



PokerStars Hand #225128377530:  Hold'em No Limit ($0.01/$0.02 USD) - 2021/03/23 22:00:59 PT [2021/03/24 1:00:59 ET]
Table 'Gaviola III' 9-max Seat #4 is the button
Seat 1: polly727 ($2.36 in chips) 
Seat 2: roxxyy99 ($2 in chips) 
Seat 3: cayresdrinks ($1.29 in chips) 
Seat 4: Koots420 ($2.68 in chips) 
Seat 5: fenix609 ($0.74 in chips) 
Seat 6: Dorex2007 ($3.47 in chips) 
Seat 7: Dark 9056 ($1.37 in chips) 
Seat 8: Realtor59 ($1.33 in chips) 
Seat 9: Wayniak187 ($2.86 in chips) 
fenix609: posts small blind $0.01
Dorex2007: posts big blind $0.02
*** HOLE CARDS ***
Dealt to Dorex2007 [6c Tc]
Dark 9056: folds 
Realtor59: raises $0.03 to $0.05
Wayniak187 has timed out
Wayniak187: folds 
polly727: folds 
roxxyy99: folds 
cayresdrinks: folds 
Koots420: folds 
fenix609: folds 
Dorex2007: folds 
Uncalled bet ($0.03) returned to Realtor59
Realtor59 collected $0.05 from pot
Realtor59: doesn't show hand 
*** SUMMARY ***
Total pot $0.05 | Rake $0 
Seat 1: polly727 folded before Flop (didn't bet)
Seat 2: roxxyy99 folded before Flop (didn't bet)
Seat 3: cayresdrinks folded before Flop (didn't bet)
Seat 4: Koots420 (button) folded before Flop (didn't bet)
Seat 5: fenix609 (small blind) folded before Flop
Seat 6: Dorex2007 (big blind) folded before Flop
Seat 7: Dark 9056 folded before Flop (didn't bet)
Seat 8: Realtor59 collected ($0.05)
Seat 9: Wayniak187 folded before Flop (didn't bet)



PokerStars Hand #225128383583:  Hold'em No Limit ($0.01/$0.02 USD) - 2021/03/23 22:01:36 PT [2021/03/24 1:01:36 ET]
Table 'Gaviola III' 9-max Seat #5 is the button
Seat 1: polly727 ($2.36 in chips) 
Seat 2: roxxyy99 ($2 in chips) 
Seat 3: cayresdrinks ($1.29 in chips) 
Seat 4: Koots420 ($2.68 in chips) 
Seat 5: fenix609 ($0.73 in chips) 
Seat 6: Dorex2007 ($3.45 in chips) 
Seat 7: Dark 9056 ($1.37 in chips) 
Seat 8: Realtor59 ($1.36 in chips) 
Dorex2007: posts small blind $0.01
Dark 9056: posts big blind $0.02
*** HOLE CARDS ***
Dealt to Dorex2007 [4d 6d]
Realtor59: folds 
polly727: folds 
roxxyy99: folds 
cayresdrinks: calls $0.02
Koots420: calls $0.02
fenix609: folds 
Dorex2007: folds 
Dark 9056: checks 
*** FLOP *** [6s Js Th]
Dark 9056: checks 
cayresdrinks: bets $0.04
Koots420: calls $0.04
Dark 9056: folds 
*** TURN *** [6s Js Th] [7c]
cayresdrinks: checks 
Koots420: checks 
*** RIVER *** [6s Js Th 7c] [Jd]
cayresdrinks: bets $0.12
Koots420: folds 
Uncalled bet ($0.12) returned to cayresdrinks
cayresdrinks collected $0.14 from pot
cayresdrinks: doesn't show hand 
*** SUMMARY ***
Total pot $0.15 | Rake $0.01 
Board [6s Js Th 7c Jd]
Seat 1: polly727 folded before Flop (didn't bet)
Seat 2: roxxyy99 folded before Flop (didn't bet)
Seat 3: cayresdrinks collected ($0.14)
Seat 4: Koots420 folded on the River
Seat 5: fenix609 (button) folded before Flop (didn't bet)
Seat 6: Dorex2007 (small blind) folded before Flop
Seat 7: Dark 9056 (big blind) folded on the Flop
Seat 8: Realtor59 folded before Flop (didn't bet)



PokerStars Hand #225128397129:  Hold'em No Limit ($0.01/$0.02 USD) - 2021/03/23 22:03:00 PT [2021/03/24 1:03:00 ET]
Table 'Gaviola III' 9-max Seat #6 is the button
Seat 1: polly727 ($2.36 in chips) 
Seat 2: roxxyy99 ($2 in chips) 
Seat 3: cayresdrinks ($1.37 in chips) 
Seat 4: Koots420 ($2.62 in chips) 
Seat 5: fenix609 ($0.73 in chips) 
Seat 6: Dorex2007 ($3.44 in chips) 
Seat 7: Dark 9056 ($1.35 in chips) 
Seat 8: Realtor59 ($1.36 in chips) 
Seat 9: Wayniak187 ($2.86 in chips) 
Dark 9056: posts small blind $0.01
Realtor59: posts big blind $0.02
*** HOLE CARDS ***
Dealt to Dorex2007 [2s 5d]
Wayniak187: folds 
polly727: folds 
roxxyy99: folds 
cayresdrinks: folds 
Koots420: folds 
fenix609: folds 
Dorex2007: folds 
Dark 9056: folds 
Uncalled bet ($0.01) returned to Realtor59
Realtor59 collected $0.02 from pot
Realtor59: doesn't show hand 
*** SUMMARY ***
Total pot $0.02 | Rake $0 
Seat 1: polly727 folded before Flop (didn't bet)
Seat 2: roxxyy99 folded before Flop (didn't bet)
Seat 3: cayresdrinks folded before Flop (didn't bet)
Seat 4: Koots420 folded before Flop (didn't bet)
Seat 5: fenix609 folded before Flop (didn't bet)
Seat 6: Dorex2007 (button) folded before Flop (didn't bet)
Seat 7: Dark 9056 (small blind) folded before Flop
Seat 8: Realtor59 (big blind) collected ($0.02)
Seat 9: Wayniak187 folded before Flop (didn't bet)



PokerStars Hand #225128402836:  Hold'em No Limit ($0.01/$0.02 USD) - 2021/03/23 22:03:35 PT [2021/03/24 1:03:35 ET]
Table 'Gaviola III' 9-max Seat #7 is the button
Seat 1: polly727 ($2.36 in chips) 
Seat 2: roxxyy99 ($2 in chips) 
Seat 3: cayresdrinks ($1.37 in chips) 
Seat 4: Koots420 ($2.62 in chips) 
Seat 5: fenix609 ($0.73 in chips) 
Seat 6: Dorex2007 ($3.44 in chips) 
Seat 7: Dark 9056 ($1.34 in chips) 
Seat 8: Realtor59 ($1.37 in chips) 
Seat 9: Wayniak187 ($2.86 in chips) 
Realtor59: posts small blind $0.01
Wayniak187: posts big blind $0.02
*** HOLE CARDS ***
Dealt to Dorex2007 [Kh 8s]
polly727: folds 
roxxyy99: folds 
cayresdrinks: folds 
Koots420: calls $0.02
fenix609: folds 
Dorex2007: folds 
Dark 9056: folds 
Realtor59: folds 
Wayniak187: checks 
*** FLOP *** [Qd 6s Tc]
Wayniak187: checks 
Koots420: bets $0.04
Wayniak187: calls $0.04
*** TURN *** [Qd 6s Tc] [Js]
Wayniak187: checks 
Koots420: bets $0.08
Wayniak187: raises $0.08 to $0.16
Koots420: calls $0.08
*** RIVER *** [Qd 6s Tc Js] [4c]
Wayniak187: bets $0.22
Koots420: calls $0.22
*** SHOW DOWN ***
Wayniak187: shows [Kd 9h] (a straight, Nine to King)
Koots420: mucks hand 
Wayniak187 collected $0.86 from pot
*** SUMMARY ***
Total pot $0.89 | Rake $0.03 
Board [Qd 6s Tc Js 4c]
Seat 1: polly727 folded before Flop (didn't bet)
Seat 2: roxxyy99 folded before Flop (didn't bet)
Seat 3: cayresdrinks folded before Flop (didn't bet)
Seat 4: Koots420 mucked [Kc Qh]
Seat 5: fenix609 folded before Flop (didn't bet)
Seat 6: Dorex2007 folded before Flop (didn't bet)
Seat 7: Dark 9056 (button) folded before Flop (didn't bet)
Seat 8: Realtor59 (small blind) folded before Flop
Seat 9: Wayniak187 (big blind) showed [Kd 9h] and won ($0.86) with a straight, Nine to King



PokerStars Hand #225128418258:  Hold'em No Limit ($0.01/$0.02 USD) - 2021/03/23 22:05:09 PT [2021/03/24 1:05:09 ET]
Table 'Gaviola III' 9-max Seat #8 is the button
Seat 1: polly727 ($2.36 in chips) 
Seat 3: cayresdrinks ($1.37 in chips) 
Seat 4: Koots420 ($2.18 in chips) 
Seat 5: fenix609 ($0.73 in chips) 
Seat 6: Dorex2007 ($3.44 in chips) 
Seat 7: Dark 9056 ($1.34 in chips) 
Seat 8: Realtor59 ($1.36 in chips) 
Seat 9: Wayniak187 ($3.28 in chips) 
Wayniak187: posts small blind $0.01
polly727: posts big blind $0.02
*** HOLE CARDS ***
Dealt to Dorex2007 [Js 2h]
cayresdrinks: raises $0.04 to $0.06
Koots420: folds 
fenix609: folds 
Dorex2007: folds 
Dark 9056: folds 
Realtor59: folds 
Wayniak187: calls $0.05
polly727: folds 
*** FLOP *** [9d 3h 3d]
Wayniak187: bets $0.20
cayresdrinks: folds 
Uncalled bet ($0.20) returned to Wayniak187
Wayniak187 collected $0.14 from pot
Wayniak187: doesn't show hand 
*** SUMMARY ***
Total pot $0.14 | Rake $0 
Board [9d 3h 3d]
Seat 1: polly727 (big blind) folded before Flop
Seat 3: cayresdrinks folded on the Flop
Seat 4: Koots420 folded before Flop (didn't bet)
Seat 5: fenix609 folded before Flop (didn't bet)
Seat 6: Dorex2007 folded before Flop (didn't bet)
Seat 7: Dark 9056 folded before Flop (didn't bet)
Seat 8: Realtor59 (button) folded before Flop (didn't bet)
Seat 9: Wayniak187 (small blind) collected ($0.14)



PokerStars Hand #225128424090:  Hold'em No Limit ($0.01/$0.02 USD) - 2021/03/23 22:05:45 PT [2021/03/24 1:05:45 ET]
Table 'Gaviola III' 9-max Seat #9 is the button
Seat 1: polly727 ($2.34 in chips) 
Seat 3: cayresdrinks ($1.31 in chips) 
Seat 4: Koots420 ($2.18 in chips) 
Seat 5: fenix609 ($0.73 in chips) 
Seat 6: Dorex2007 ($3.44 in chips) 
Seat 7: Dark 9056 ($1.34 in chips) 
Seat 8: Realtor59 ($1.36 in chips) 
Seat 9: Wayniak187 ($3.36 in chips) 
polly727: posts small blind $0.01
cayresdrinks: posts big blind $0.02
*** HOLE CARDS ***
Dealt to Dorex2007 [6h 3d]
Koots420: raises $0.04 to $0.06
fenix609: folds 
Dorex2007: folds 
Dark 9056: folds 
Realtor59: folds 
Wayniak187 has timed out
Wayniak187: folds 
polly727: folds 
cayresdrinks: calls $0.04
*** FLOP *** [7c Ks 6s]
cayresdrinks: checks 
Koots420: bets $0.08
cayresdrinks: calls $0.08
*** TURN *** [7c Ks 6s] [4c]
cayresdrinks: checks 
Koots420: bets $0.14
cayresdrinks: calls $0.14
*** RIVER *** [7c Ks 6s 4c] [8h]
cayresdrinks: checks 
Koots420: checks 
*** SHOW DOWN ***
cayresdrinks: shows [Qs 2s] (high card King)
Koots420: shows [Th Td] (a pair of Tens)
Koots420 collected $0.55 from pot
*** SUMMARY ***
Total pot $0.57 | Rake $0.02 
Board [7c Ks 6s 4c 8h]
Seat 1: polly727 (small blind) folded before Flop
Seat 3: cayresdrinks (big blind) showed [Qs 2s] and lost with high card King
Seat 4: Koots420 showed [Th Td] and won ($0.55) with a pair of Tens
Seat 5: fenix609 folded before Flop (didn't bet)
Seat 6: Dorex2007 folded before Flop (didn't bet)
Seat 7: Dark 9056 folded before Flop (didn't bet)
Seat 8: Realtor59 folded before Flop (didn't bet)
Seat 9: Wayniak187 (button) folded before Flop (didn't bet)



PokerStars Hand #225128442042:  Hold'em No Limit ($0.01/$0.02 USD) - 2021/03/23 22:06:46 PT [2021/03/24 1:06:46 ET]
Table 'Gaviola III' 9-max Seat #1 is the button
Seat 1: polly727 ($2.33 in chips) 
Seat 3: cayresdrinks ($1.03 in chips) 
Seat 4: Koots420 ($2.45 in chips) 
Seat 5: fenix609 ($0.73 in chips) 
Seat 6: Dorex2007 ($3.44 in chips) 
Seat 7: Dark 9056 ($1.34 in chips) 
Seat 8: Realtor59 ($1.36 in chips) 
cayresdrinks: posts small blind $0.01
Koots420: posts big blind $0.02
*** HOLE CARDS ***
Dealt to Dorex2007 [6c 7h]
fenix609: folds 
Dorex2007: folds 
Dark 9056: calls $0.02
Realtor59: folds 
polly727: raises $0.07 to $0.09
cayresdrinks: folds 
Koots420: folds 
Dark 9056: calls $0.07
*** FLOP *** [8h 2c 4c]
Dark 9056: checks 
polly727: bets $0.10
Dark 9056: calls $0.10
*** TURN *** [8h 2c 4c] [3h]
Dark 9056: checks 
polly727: checks 
*** RIVER *** [8h 2c 4c 3h] [Tc]
Dark 9056: bets $0.18
polly727: folds 
Uncalled bet ($0.18) returned to Dark 9056
Dark 9056 collected $0.40 from pot
Dark 9056: doesn't show hand 
*** SUMMARY ***
Total pot $0.41 | Rake $0.01 
Board [8h 2c 4c 3h Tc]
Seat 1: polly727 (button) folded on the River
Seat 3: cayresdrinks (small blind) folded before Flop
Seat 4: Koots420 (big blind) folded before Flop
Seat 5: fenix609 folded before Flop (didn't bet)
Seat 6: Dorex2007 folded before Flop (didn't bet)
Seat 7: Dark 9056 collected ($0.40)
Seat 8: Realtor59 folded before Flop (didn't bet)



PokerStars Hand #225128460152:  Hold'em No Limit ($0.01/$0.02 USD) - 2021/03/23 22:08:38 PT [2021/03/24 1:08:38 ET]
Table 'Gaviola III' 9-max Seat #3 is the button
Seat 1: polly727 ($2.14 in chips) 
Seat 2: roxxyy99 ($2 in chips) 
Seat 3: cayresdrinks ($1.02 in chips) 
Seat 4: Koots420 ($2.43 in chips) 
Seat 5: fenix609 ($0.73 in chips) 
Seat 6: Dorex2007 ($3.44 in chips) 
Seat 7: Dark 9056 ($1.55 in chips) 
Seat 8: Realtor59 ($1.36 in chips) 
Seat 9: Wayniak187 ($3.36 in chips) 
Koots420: posts small blind $0.01
fenix609: posts big blind $0.02
roxxyy99: posts small & big blinds $0.03
*** HOLE CARDS ***
Dealt to Dorex2007 [2h 8h]
Dorex2007: folds 
Dark 9056: folds 
Realtor59: folds 
Wayniak187 has timed out
Wayniak187: folds 
polly727: folds 
roxxyy99: checks 
cayresdrinks: calls $0.02
Koots420: calls $0.01
fenix609: checks 
*** FLOP *** [6h Qd 7h]
Koots420: checks 
fenix609: checks 
roxxyy99: checks 
cayresdrinks: bets $0.04
Koots420: folds 
fenix609: folds 
roxxyy99: folds 
Uncalled bet ($0.04) returned to cayresdrinks
cayresdrinks collected $0.09 from pot
cayresdrinks: doesn't show hand 
*** SUMMARY ***
Total pot $0.09 | Rake $0 
Board [6h Qd 7h]
Seat 1: polly727 folded before Flop (didn't bet)
Seat 2: roxxyy99 folded on the Flop (didn't bet)
Seat 3: cayresdrinks (button) collected ($0.09)
Seat 4: Koots420 (small blind) folded on the Flop
Seat 5: fenix609 (big blind) folded on the Flop
Seat 6: Dorex2007 folded before Flop (didn't bet)
Seat 7: Dark 9056 folded before Flop (didn't bet)
Seat 8: Realtor59 folded before Flop (didn't bet)
Seat 9: Wayniak187 folded before Flop (didn't bet)



PokerStars Hand #225128470036:  Hold'em No Limit ($0.01/$0.02 USD) - 2021/03/23 22:09:38 PT [2021/03/24 1:09:38 ET]
Table 'Gaviola III' 9-max Seat #4 is the button
Seat 1: polly727 ($2.14 in chips) 
Seat 2: roxxyy99 ($2 in chips) 
Seat 3: cayresdrinks ($1.09 in chips) 
Seat 4: Koots420 ($2.41 in chips) 
Seat 5: fenix609 ($0.71 in chips) 
Seat 6: Dorex2007 ($3.44 in chips) 
Seat 7: Dark 9056 ($1.55 in chips) 
Seat 8: Realtor59 ($1.36 in chips) 
fenix609: posts small blind $0.01
Dorex2007: posts big blind $0.02
*** HOLE CARDS ***
Dealt to Dorex2007 [Qc 9h]
Dark 9056: folds 
Realtor59: folds 
polly727: folds 
roxxyy99: folds 
cayresdrinks: raises $0.04 to $0.06
Koots420: folds 
fenix609: folds 
Dorex2007: folds 
Uncalled bet ($0.04) returned to cayresdrinks
cayresdrinks collected $0.05 from pot
cayresdrinks: doesn't show hand 
*** SUMMARY ***
Total pot $0.05 | Rake $0 
Seat 1: polly727 folded before Flop (didn't bet)
Seat 2: roxxyy99 folded before Flop (didn't bet)
Seat 3: cayresdrinks collected ($0.05)
Seat 4: Koots420 (button) folded before Flop (didn't bet)
Seat 5: fenix609 (small blind) folded before Flop
Seat 6: Dorex2007 (big blind) folded before Flop
Seat 7: Dark 9056 folded before Flop (didn't bet)
Seat 8: Realtor59 folded before Flop (didn't bet)



PokerStars Hand #225128474476:  Hold'em No Limit ($0.01/$0.02 USD) - 2021/03/23 22:10:06 PT [2021/03/24 1:10:06 ET]
Table 'Gaviola III' 9-max Seat #5 is the button
Seat 1: polly727 ($2.14 in chips) 
Seat 2: roxxyy99 ($2 in chips) 
Seat 3: cayresdrinks ($1.12 in chips) 
Seat 4: Koots420 ($2.41 in chips) 
Seat 5: fenix609 ($0.70 in chips) 
Seat 6: Dorex2007 ($3.42 in chips) 
Seat 7: Dark 9056 ($1.55 in chips) 
Seat 8: Realtor59 ($1.36 in chips) 
Dorex2007: posts small blind $0.01
Dark 9056: posts big blind $0.02
*** HOLE CARDS ***
Dealt to Dorex2007 [3c 9s]
Realtor59: raises $0.04 to $0.06
polly727: folds 
roxxyy99: folds 
cayresdrinks: calls $0.06
Koots420: folds 
fenix609: calls $0.06
Dorex2007: folds 
Dark 9056: folds 
*** FLOP *** [Ks 8s Th]
Realtor59: bets $0.10
cayresdrinks: calls $0.10
fenix609: folds 
*** TURN *** [Ks 8s Th] [Kd]
Realtor59: bets $0.20
cayresdrinks: calls $0.20
*** RIVER *** [Ks 8s Th Kd] [4s]
Realtor59: checks 
cayresdrinks: bets $0.22
Realtor59: calls $0.22
*** SHOW DOWN ***
cayresdrinks: shows [6h Kh] (three of a kind, Kings)
Realtor59: shows [Jc Kc] (three of a kind, Kings - Jack kicker)
Realtor59 collected $1.21 from pot
*** SUMMARY ***
Total pot $1.25 | Rake $0.04 
Board [Ks 8s Th Kd 4s]
Seat 1: polly727 folded before Flop (didn't bet)
Seat 2: roxxyy99 folded before Flop (didn't bet)
Seat 3: cayresdrinks showed [6h Kh] and lost with three of a kind, Kings
Seat 4: Koots420 folded before Flop (didn't bet)
Seat 5: fenix609 (button) folded on the Flop
Seat 6: Dorex2007 (small blind) folded before Flop
Seat 7: Dark 9056 (big blind) folded before Flop
Seat 8: Realtor59 showed [Jc Kc] and won ($1.21) with three of a kind, Kings



PokerStars Hand #225128483154:  Hold'em No Limit ($0.01/$0.02 USD) - 2021/03/23 22:11:00 PT [2021/03/24 1:11:00 ET]
Table 'Gaviola III' 9-max Seat #6 is the button
Seat 1: polly727 ($2.14 in chips) 
Seat 2: roxxyy99 ($2 in chips) 
Seat 3: cayresdrinks ($0.54 in chips) 
Seat 4: Koots420 ($2.41 in chips) 
Seat 5: fenix609 ($0.64 in chips) 
Seat 6: Dorex2007 ($3.41 in chips) 
Seat 7: Dark 9056 ($1.53 in chips) 
Seat 8: Realtor59 ($1.99 in chips) 
Seat 9: Wayniak187 ($3.36 in chips) 
Dark 9056: posts small blind $0.01
Realtor59: posts big blind $0.02
*** HOLE CARDS ***
Dealt to Dorex2007 [9c 4c]
Wayniak187: raises $0.04 to $0.06
polly727: folds 
roxxyy99: folds 
cayresdrinks: folds 
Koots420: calls $0.06
fenix609: folds 
Dorex2007: folds 
Dark 9056: folds 
Realtor59: folds 
*** FLOP *** [2h 4h 8s]
Wayniak187: checks 
Koots420: checks 
*** TURN *** [2h 4h 8s] [9h]
Wayniak187: bets $0.04
Koots420: folds 
Uncalled bet ($0.04) returned to Wayniak187
Wayniak187 collected $0.14 from pot
Wayniak187: doesn't show hand 
*** SUMMARY ***
Total pot $0.15 | Rake $0.01 
Board [2h 4h 8s 9h]
Seat 1: polly727 folded before Flop (didn't bet)
Seat 2: roxxyy99 folded before Flop (didn't bet)
Seat 3: cayresdrinks folded before Flop (didn't bet)
Seat 4: Koots420 folded on the Turn
Seat 5: fenix609 folded before Flop (didn't bet)
Seat 6: Dorex2007 (button) folded before Flop (didn't bet)
Seat 7: Dark 9056 (small blind) folded before Flop
Seat 8: Realtor59 (big blind) folded before Flop
Seat 9: Wayniak187 collected ($0.14)



PokerStars Hand #225128492684:  Hold'em No Limit ($0.01/$0.02 USD) - 2021/03/23 22:11:59 PT [2021/03/24 1:11:59 ET]
Table 'Gaviola III' 9-max Seat #7 is the button
Seat 1: polly727 ($2.14 in chips) 
Seat 2: roxxyy99 ($2 in chips) 
Seat 3: cayresdrinks ($0.54 in chips) 
Seat 4: Koots420 ($2.35 in chips) 
Seat 5: fenix609 ($0.64 in chips) 
Seat 6: Dorex2007 ($3.41 in chips) 
Seat 7: Dark 9056 ($1.52 in chips) 
Seat 8: Realtor59 ($1.97 in chips) 
Seat 9: Wayniak187 ($3.44 in chips) 
Realtor59: posts small blind $0.01
Wayniak187: posts big blind $0.02
*** HOLE CARDS ***
Dealt to Dorex2007 [Ts Kd]
polly727: calls $0.02
roxxyy99: folds 
cayresdrinks: folds 
Koots420: folds 
fenix609: folds 
Dorex2007: folds 
Dark 9056: folds 
Realtor59: calls $0.01
Wayniak187: checks 
*** FLOP *** [5h 2s 3s]
roxxyy99 is disconnected 
Realtor59: bets $0.03
Wayniak187: folds 
polly727: raises $0.12 to $0.15
Realtor59: calls $0.12
*** TURN *** [5h 2s 3s] [6d]
Realtor59: checks 
polly727: bets $0.35
Realtor59: calls $0.35
*** RIVER *** [5h 2s 3s 6d] [6c]
Realtor59: checks 
polly727: bets $1.62 and is all-in
Realtor59: folds 
Uncalled bet ($1.62) returned to polly727
polly727 collected $1.02 from pot
polly727: doesn't show hand 
*** SUMMARY ***
Total pot $1.06 | Rake $0.04 
Board [5h 2s 3s 6d 6c]
Seat 1: polly727 collected ($1.02)
Seat 2: roxxyy99 folded before Flop (didn't bet)
Seat 3: cayresdrinks folded before Flop (didn't bet)
Seat 4: Koots420 folded before Flop (didn't bet)
Seat 5: fenix609 folded before Flop (didn't bet)
Seat 6: Dorex2007 folded before Flop (didn't bet)
Seat 7: Dark 9056 (button) folded before Flop (didn't bet)
Seat 8: Realtor59 (small blind) folded on the River
Seat 9: Wayniak187 (big blind) folded on the Flop



PokerStars Hand #225128510711:  Hold'em No Limit ($0.01/$0.02 USD) - 2021/03/23 22:13:53 PT [2021/03/24 1:13:53 ET]
Table 'Gaviola III' 9-max Seat #8 is the button
Seat 1: polly727 ($2.64 in chips) 
Seat 2: roxxyy99 ($2 in chips) 
Seat 3: cayresdrinks ($0.54 in chips) 
Seat 4: Koots420 ($2.35 in chips) 
Seat 5: fenix609 ($0.64 in chips) 
Seat 6: Dorex2007 ($3.41 in chips) 
Seat 7: Dark 9056 ($1.52 in chips) 
Seat 8: Realtor59 ($1.45 in chips) 
Seat 9: Wayniak187 ($3.42 in chips) 
Wayniak187: posts small blind $0.01
polly727: posts big blind $0.02
*** HOLE CARDS ***
Dealt to Dorex2007 [9h Js]
roxxyy99 has timed out
roxxyy99: folds 
cayresdrinks: raises $0.04 to $0.06
Koots420: folds 
fenix609: folds 
Dorex2007: folds 
Dark 9056: folds 
Realtor59: folds 
roxxyy99 is disconnected 
Wayniak187: folds 
polly727: folds 
Uncalled bet ($0.04) returned to cayresdrinks
cayresdrinks collected $0.05 from pot
cayresdrinks: doesn't show hand 
*** SUMMARY ***
Total pot $0.05 | Rake $0 
Seat 1: polly727 (big blind) folded before Flop
Seat 2: roxxyy99 folded before Flop (didn't bet)
Seat 3: cayresdrinks collected ($0.05)
Seat 4: Koots420 folded before Flop (didn't bet)
Seat 5: fenix609 folded before Flop (didn't bet)
Seat 6: Dorex2007 folded before Flop (didn't bet)
Seat 7: Dark 9056 folded before Flop (didn't bet)
Seat 8: Realtor59 (button) folded before Flop (didn't bet)
Seat 9: Wayniak187 (small blind) folded before Flop



PokerStars Hand #225128515966:  Hold'em No Limit ($0.01/$0.02 USD) - 2021/03/23 22:14:26 PT [2021/03/24 1:14:26 ET]
Table 'Gaviola III' 9-max Seat #9 is the button
Seat 1: polly727 ($2.62 in chips) 
Seat 2: roxxyy99 ($2 in chips) 
Seat 3: cayresdrinks ($0.57 in chips) 
Seat 4: Koots420 ($2.35 in chips) 
Seat 5: fenix609 ($0.64 in chips) 
Seat 6: Dorex2007 ($3.41 in chips) 
Seat 7: Dark 9056 ($1.52 in chips) 
Seat 8: Realtor59 ($1.45 in chips) 
Seat 9: Wayniak187 ($3.41 in chips) 
polly727: posts small blind $0.01
roxxyy99: posts big blind $0.02
*** HOLE CARDS ***
Dealt to Dorex2007 [Jh 2d]
cayresdrinks: raises $0.04 to $0.06
Koots420: folds 
fenix609: folds 
Dorex2007: folds 
Dark 9056: folds 
Realtor59: calls $0.06
Wayniak187: folds 
polly727: folds 
roxxyy99: folds 
*** FLOP *** [7d 9c Ts]
cayresdrinks: bets $0.07
Realtor59: calls $0.07
*** TURN *** [7d 9c Ts] [2s]
cayresdrinks: bets $0.14
Realtor59: folds 
Uncalled bet ($0.14) returned to cayresdrinks
cayresdrinks collected $0.28 from pot
cayresdrinks: doesn't show hand 
*** SUMMARY ***
Total pot $0.29 | Rake $0.01 
Board [7d 9c Ts 2s]
Seat 1: polly727 (small blind) folded before Flop
Seat 2: roxxyy99 (big blind) folded before Flop
Seat 3: cayresdrinks collected ($0.28)
Seat 4: Koots420 folded before Flop (didn't bet)
Seat 5: fenix609 folded before Flop (didn't bet)
Seat 6: Dorex2007 folded before Flop (didn't bet)
Seat 7: Dark 9056 folded before Flop (didn't bet)
Seat 8: Realtor59 folded on the Turn
Seat 9: Wayniak187 (button) folded before Flop (didn't bet)



PokerStars Hand #225128520630:  Hold'em No Limit ($0.01/$0.02 USD) - 2021/03/23 22:14:55 PT [2021/03/24 1:14:55 ET]
Table 'Gaviola III' 9-max Seat #1 is the button
Seat 1: polly727 ($2.61 in chips) 
Seat 2: roxxyy99 ($2 in chips) 
Seat 3: cayresdrinks ($0.72 in chips) 
Seat 4: Koots420 ($2.35 in chips) 
Seat 5: fenix609 ($0.64 in chips) 
Seat 6: Dorex2007 ($3.41 in chips) 
Seat 7: Dark 9056 ($1.52 in chips) 
Seat 8: Realtor59 ($1.32 in chips) 
Seat 9: Wayniak187 ($3.41 in chips) 
roxxyy99: posts small blind $0.01
cayresdrinks: posts big blind $0.02
*** HOLE CARDS ***
Dealt to Dorex2007 [2d 3s]
Koots420: folds 
fenix609: folds 
Dorex2007: folds 
Dark 9056: folds 
Realtor59: calls $0.02
Wayniak187: calls $0.02
polly727: folds 
roxxyy99: folds 
cayresdrinks: checks 
*** FLOP *** [2c Js 3d]
cayresdrinks: checks 
Realtor59: checks 
Wayniak187: bets $0.07
cayresdrinks: folds 
Realtor59: folds 
Uncalled bet ($0.07) returned to Wayniak187
Wayniak187 collected $0.07 from pot
Wayniak187: doesn't show hand 
*** SUMMARY ***
Total pot $0.07 | Rake $0 
Board [2c Js 3d]
Seat 1: polly727 (button) folded before Flop (didn't bet)
Seat 2: roxxyy99 (small blind) folded before Flop
Seat 3: cayresdrinks (big blind) folded on the Flop
Seat 4: Koots420 folded before Flop (didn't bet)
Seat 5: fenix609 folded before Flop (didn't bet)
Seat 6: Dorex2007 folded before Flop (didn't bet)
Seat 7: Dark 9056 folded before Flop (didn't bet)
Seat 8: Realtor59 folded on the Flop
Seat 9: Wayniak187 collected ($0.07)



PokerStars Hand #225128526456:  Hold'em No Limit ($0.01/$0.02 USD) - 2021/03/23 22:15:31 PT [2021/03/24 1:15:31 ET]
Table 'Gaviola III' 9-max Seat #2 is the button
Seat 1: polly727 ($2.61 in chips) 
Seat 2: roxxyy99 ($2 in chips) 
Seat 3: cayresdrinks ($0.70 in chips) 
Seat 4: Koots420 ($2.35 in chips) 
Seat 5: fenix609 ($0.64 in chips) 
Seat 6: Dorex2007 ($3.41 in chips) 
Seat 7: Dark 9056 ($1.52 in chips) 
Seat 8: Realtor59 ($1.30 in chips) 
Seat 9: Wayniak187 ($3.46 in chips) 
cayresdrinks: posts small blind $0.01
Koots420: posts big blind $0.02
*** HOLE CARDS ***
Dealt to Dorex2007 [4h 4d]
fenix609: folds 
Dorex2007: folds 
Dark 9056: folds 
Realtor59: folds 
Wayniak187: raises $0.04 to $0.06
polly727: folds 
roxxyy99: folds 
cayresdrinks: folds 
Koots420: folds 
Uncalled bet ($0.04) returned to Wayniak187
Wayniak187 collected $0.05 from pot
Wayniak187: doesn't show hand 
*** SUMMARY ***
Total pot $0.05 | Rake $0 
Seat 1: polly727 folded before Flop (didn't bet)
Seat 2: roxxyy99 (button) folded before Flop (didn't bet)
Seat 3: cayresdrinks (small blind) folded before Flop
Seat 4: Koots420 (big blind) folded before Flop
Seat 5: fenix609 folded before Flop (didn't bet)
Seat 6: Dorex2007 folded before Flop (didn't bet)
Seat 7: Dark 9056 folded before Flop (didn't bet)
Seat 8: Realtor59 folded before Flop (didn't bet)
Seat 9: Wayniak187 collected ($0.05)



PokerStars Hand #225128531618:  Hold'em No Limit ($0.01/$0.02 USD) - 2021/03/23 22:16:03 PT [2021/03/24 1:16:03 ET]
Table 'Gaviola III' 9-max Seat #3 is the button
Seat 1: polly727 ($2.61 in chips) 
Seat 2: roxxyy99 ($2 in chips) 
Seat 3: cayresdrinks ($0.69 in chips) 
Seat 4: Koots420 ($2.33 in chips) 
Seat 5: fenix609 ($0.64 in chips) 
Seat 6: Dorex2007 ($3.41 in chips) 
Seat 7: Dark 9056 ($1.52 in chips) 
Seat 8: Realtor59 ($1.30 in chips) 
Seat 9: Wayniak187 ($3.49 in chips) 
Koots420: posts small blind $0.01
fenix609: posts big blind $0.02
*** HOLE CARDS ***
Dealt to Dorex2007 [Ah 2s]
Dorex2007: folds 
Dark 9056 has timed out
Dark 9056: folds 
Realtor59: calls $0.02
Wayniak187: folds 
polly727: raises $0.07 to $0.09
roxxyy99: folds 
cayresdrinks: folds 
Koots420: folds 
fenix609: folds 
Realtor59: folds 
Uncalled bet ($0.07) returned to polly727
polly727 collected $0.07 from pot
polly727: doesn't show hand 
*** SUMMARY ***
Total pot $0.07 | Rake $0 
Seat 1: polly727 collected ($0.07)
Seat 2: roxxyy99 folded before Flop (didn't bet)
Seat 3: cayresdrinks (button) folded before Flop (didn't bet)
Seat 4: Koots420 (small blind) folded before Flop
Seat 5: fenix609 (big blind) folded before Flop
Seat 6: Dorex2007 folded before Flop (didn't bet)
Seat 7: Dark 9056 folded before Flop (didn't bet)
Seat 8: Realtor59 folded before Flop
Seat 9: Wayniak187 folded before Flop (didn't bet)



PokerStars Hand #225128537588:  Hold'em No Limit ($0.01/$0.02 USD) - 2021/03/23 22:16:40 PT [2021/03/24 1:16:40 ET]
Table 'Gaviola III' 9-max Seat #4 is the button
Seat 1: polly727 ($2.66 in chips) 
Seat 2: roxxyy99 ($2 in chips) 
Seat 3: cayresdrinks ($0.69 in chips) 
Seat 4: Koots420 ($2.32 in chips) 
Seat 5: fenix609 ($0.62 in chips) 
Seat 6: Dorex2007 ($3.41 in chips) 
Seat 8: Realtor59 ($1.28 in chips) 
Seat 9: Wayniak187 ($3.49 in chips) 
fenix609: posts small blind $0.01
Dorex2007: posts big blind $0.02
*** HOLE CARDS ***
Dealt to Dorex2007 [5h 9s]
Realtor59: folds 
Wayniak187: folds 
polly727: folds 
roxxyy99: folds 
cayresdrinks: raises $0.06 to $0.08
Koots420: folds 
fenix609: folds 
Dorex2007: folds 
Uncalled bet ($0.06) returned to cayresdrinks
cayresdrinks collected $0.05 from pot
cayresdrinks: doesn't show hand 
*** SUMMARY ***
Total pot $0.05 | Rake $0 
Seat 1: polly727 folded before Flop (didn't bet)
Seat 2: roxxyy99 folded before Flop (didn't bet)
Seat 3: cayresdrinks collected ($0.05)
Seat 4: Koots420 (button) folded before Flop (didn't bet)
Seat 5: fenix609 (small blind) folded before Flop
Seat 6: Dorex2007 (big blind) folded before Flop
Seat 8: Realtor59 folded before Flop (didn't bet)
Seat 9: Wayniak187 folded before Flop (didn't bet)



PokerStars Hand #225128541396:  Hold'em No Limit ($0.01/$0.02 USD) - 2021/03/23 22:17:03 PT [2021/03/24 1:17:03 ET]
Table 'Gaviola III' 9-max Seat #5 is the button
Seat 1: polly727 ($2.66 in chips) 
Seat 2: roxxyy99 ($2 in chips) 
Seat 3: cayresdrinks ($0.72 in chips) 
Seat 4: Koots420 ($2.32 in chips) 
Seat 5: fenix609 ($0.61 in chips) 
Seat 6: Dorex2007 ($3.39 in chips) 
Seat 8: Realtor59 ($1.28 in chips) 
Seat 9: Wayniak187 ($3.49 in chips) 
Dorex2007: posts small blind $0.01
Realtor59: posts big blind $0.02
*** HOLE CARDS ***
Dealt to Dorex2007 [Jc 3d]
Wayniak187: folds 
polly727: folds 
roxxyy99: folds 
cayresdrinks: folds 
Koots420: calls $0.02
fenix609: raises $0.07 to $0.09
Dorex2007: folds 
Realtor59: folds 
Koots420: folds 
Uncalled bet ($0.07) returned to fenix609
fenix609 collected $0.07 from pot
fenix609: doesn't show hand 
*** SUMMARY ***
Total pot $0.07 | Rake $0 
Seat 1: polly727 folded before Flop (didn't bet)
Seat 2: roxxyy99 folded before Flop (didn't bet)
Seat 3: cayresdrinks folded before Flop (didn't bet)
Seat 4: Koots420 folded before Flop
Seat 5: fenix609 (button) collected ($0.07)
Seat 6: Dorex2007 (small blind) folded before Flop
Seat 8: Realtor59 (big blind) folded before Flop
Seat 9: Wayniak187 folded before Flop (didn't bet)



PokerStars Hand #225128545525:  Hold'em No Limit ($0.01/$0.02 USD) - 2021/03/23 22:17:29 PT [2021/03/24 1:17:29 ET]
Table 'Gaviola III' 9-max Seat #6 is the button
Seat 1: polly727 ($2.66 in chips) 
Seat 2: roxxyy99 ($2 in chips) 
Seat 3: cayresdrinks ($0.72 in chips) 
Seat 4: Koots420 ($2.30 in chips) 
Seat 5: fenix609 ($0.66 in chips) 
Seat 6: Dorex2007 ($3.38 in chips) 
Seat 8: Realtor59 ($1.26 in chips) 
Seat 9: Wayniak187 ($3.49 in chips) 
Realtor59: posts small blind $0.01
Wayniak187: posts big blind $0.02
*** HOLE CARDS ***
Dealt to Dorex2007 [4h Kc]
polly727: folds 
roxxyy99: folds 
cayresdrinks: raises $0.04 to $0.06
Koots420: folds 
fenix609: folds 
Dorex2007: folds 
Realtor59: calls $0.05
Wayniak187: folds 
*** FLOP *** [8s Qc 9c]
Realtor59: bets $0.06
cayresdrinks: calls $0.06
*** TURN *** [8s Qc 9c] [Tc]
Realtor59: checks 
cayresdrinks: bets $0.10
Realtor59: calls $0.10
*** RIVER *** [8s Qc 9c Tc] [Qs]
Realtor59: checks 
cayresdrinks: checks 
*** SHOW DOWN ***
Realtor59: shows [9h 6c] (two pair, Queens and Nines)
cayresdrinks: mucks hand 
Realtor59 collected $0.44 from pot
*** SUMMARY ***
Total pot $0.46 | Rake $0.02 
Board [8s Qc 9c Tc Qs]
Seat 1: polly727 folded before Flop (didn't bet)
Seat 2: roxxyy99 folded before Flop (didn't bet)
Seat 3: cayresdrinks mucked [8h Ks]
Seat 4: Koots420 folded before Flop (didn't bet)
Seat 5: fenix609 folded before Flop (didn't bet)
Seat 6: Dorex2007 (button) folded before Flop (didn't bet)
Seat 8: Realtor59 (small blind) showed [9h 6c] and won ($0.44) with two pair, Queens and Nines
Seat 9: Wayniak187 (big blind) folded before Flop



PokerStars Hand #225128552353:  Hold'em No Limit ($0.01/$0.02 USD) - 2021/03/23 22:18:12 PT [2021/03/24 1:18:12 ET]
Table 'Gaviola III' 9-max Seat #8 is the button
Seat 1: polly727 ($2.66 in chips) 
Seat 2: roxxyy99 ($2 in chips) 
Seat 3: cayresdrinks ($0.50 in chips) 
Seat 4: Koots420 ($2.30 in chips) 
Seat 5: fenix609 ($0.66 in chips) 
Seat 6: Dorex2007 ($3.38 in chips) 
Seat 8: Realtor59 ($1.48 in chips) 
Seat 9: Wayniak187 ($3.47 in chips) 
Wayniak187: posts small blind $0.01
polly727: posts big blind $0.02
Dark 9056: sits out 
*** HOLE CARDS ***
Dealt to Dorex2007 [2h Th]
roxxyy99: folds 
cayresdrinks: folds 
Koots420: calls $0.02
fenix609: folds 
Dorex2007: folds 
Realtor59: raises $0.03 to $0.05
Wayniak187: calls $0.04
polly727: folds 
Koots420: calls $0.03
*** FLOP *** [7h 9c 4h]
Wayniak187: bets $0.16
Koots420: folds 
Realtor59: folds 
Uncalled bet ($0.16) returned to Wayniak187
Wayniak187 collected $0.16 from pot
Wayniak187: doesn't show hand 
*** SUMMARY ***
Total pot $0.17 | Rake $0.01 
Board [7h 9c 4h]
Seat 1: polly727 (big blind) folded before Flop
Seat 2: roxxyy99 folded before Flop (didn't bet)
Seat 3: cayresdrinks folded before Flop (didn't bet)
Seat 4: Koots420 folded on the Flop
Seat 5: fenix609 folded before Flop (didn't bet)
Seat 6: Dorex2007 folded before Flop (didn't bet)
Seat 8: Realtor59 (button) folded on the Flop
Seat 9: Wayniak187 (small blind) collected ($0.16)



PokerStars Hand #225128559020:  Hold'em No Limit ($0.01/$0.02 USD) - 2021/03/23 22:18:53 PT [2021/03/24 1:18:53 ET]
Table 'Gaviola III' 9-max Seat #9 is the button
Seat 1: polly727 ($2.64 in chips) 
Seat 2: roxxyy99 ($2 in chips) 
Seat 3: cayresdrinks ($0.50 in chips) 
Seat 4: Koots420 ($2.25 in chips) 
Seat 5: fenix609 ($0.66 in chips) 
Seat 6: Dorex2007 ($3.38 in chips) 
Seat 8: Realtor59 ($1.43 in chips) 
Seat 9: Wayniak187 ($3.58 in chips) 
polly727: posts small blind $0.01
roxxyy99: posts big blind $0.02
Dark 9056: sits out 
*** HOLE CARDS ***
Dealt to Dorex2007 [6c Jd]
cayresdrinks: calls $0.02
Koots420: folds 
fenix609: raises $0.04 to $0.06
Dorex2007: folds 
Realtor59: folds 
Wayniak187: calls $0.06
polly727: folds 
roxxyy99: folds 
cayresdrinks: raises $0.06 to $0.12
fenix609: calls $0.06
Wayniak187: calls $0.06
*** FLOP *** [2s 7s 5h]
cayresdrinks: bets $0.38 and is all-in
fenix609: raises $0.16 to $0.54 and is all-in
Wayniak187: folds 
Uncalled bet ($0.16) returned to fenix609
*** TURN *** [2s 7s 5h] [2h]
*** RIVER *** [2s 7s 5h 2h] [Qc]
*** SHOW DOWN ***
cayresdrinks: shows [Jh Kc] (a pair of Deuces)
fenix609: shows [2c 2d] (four of a kind, Deuces)
fenix609 collected $1.11 from pot
*** SUMMARY ***
Total pot $1.15 | Rake $0.04 
Board [2s 7s 5h 2h Qc]
Seat 1: polly727 (small blind) folded before Flop
Seat 2: roxxyy99 (big blind) folded before Flop
Seat 3: cayresdrinks showed [Jh Kc] and lost with a pair of Deuces
Seat 4: Koots420 folded before Flop (didn't bet)
Seat 5: fenix609 showed [2c 2d] and won ($1.11) with four of a kind, Deuces
Seat 6: Dorex2007 folded before Flop (didn't bet)
Seat 8: Realtor59 folded before Flop (didn't bet)
Seat 9: Wayniak187 (button) folded on the Flop



PokerStars Hand #225128584409:  Hold'em No Limit ($0.01/$0.02 USD) - 2021/03/23 22:21:30 PT [2021/03/24 1:21:30 ET]
Table 'Gaviola III' 9-max Seat #4 is the button
Seat 1: polly727 ($2.63 in chips) 
Seat 2: roxxyy99 ($2 in chips) 
Seat 4: Koots420 ($2.23 in chips) 
Seat 5: fenix609 ($1.27 in chips) 
Seat 6: Dorex2007 ($3.38 in chips) 
Seat 8: Realtor59 ($1.43 in chips) 
Seat 9: Wayniak187 ($4.25 in chips) 
fenix609: posts small blind $0.01
Dorex2007: posts big blind $0.02
Dark 9056: sits out 
*** HOLE CARDS ***
Dealt to Dorex2007 [4d 4c]
Realtor59: folds 
Wayniak187: folds 
polly727: raises $0.05 to $0.07
roxxyy99: folds 
Koots420: folds 
fenix609: folds 
Dorex2007: folds 
Uncalled bet ($0.05) returned to polly727
polly727 collected $0.05 from pot
polly727: doesn't show hand 
*** SUMMARY ***
Total pot $0.05 | Rake $0 
Seat 1: polly727 collected ($0.05)
Seat 2: roxxyy99 folded before Flop (didn't bet)
Seat 4: Koots420 (button) folded before Flop (didn't bet)
Seat 5: fenix609 (small blind) folded before Flop
Seat 6: Dorex2007 (big blind) folded before Flop
Seat 8: Realtor59 folded before Flop (didn't bet)
Seat 9: Wayniak187 folded before Flop (didn't bet)



PokerStars Hand #225128590452:  Hold'em No Limit ($0.01/$0.02 USD) - 2021/03/23 22:22:07 PT [2021/03/24 1:22:07 ET]
Table 'Gaviola III' 9-max Seat #5 is the button
Seat 1: polly727 ($2.66 in chips) 
Seat 2: roxxyy99 ($2 in chips) 
Seat 4: Koots420 ($2.23 in chips) 
Seat 5: fenix609 ($1.26 in chips) 
Seat 6: Dorex2007 ($3.36 in chips) 
Seat 7: Dark 9056 ($1.52 in chips) 
Seat 8: Realtor59 ($1.43 in chips) 
Seat 9: Wayniak187 ($4.25 in chips) 
Dorex2007: posts small blind $0.01
Dark 9056: posts big blind $0.02
*** HOLE CARDS ***
Dealt to Dorex2007 [Qc Jh]
Realtor59: folds 
Realtor59 leaves the table
Wayniak187 has timed out
Wayniak187: folds 
polly727: folds 
roxxyy99: folds 
Koots420: folds 
fenix609: calls $0.02
Dorex2007: calls $0.01
Dark 9056: checks 
*** FLOP *** [7s Ks 4s]
Dorex2007: checks 
Dark 9056: checks 
fenix609: checks 
*** TURN *** [7s Ks 4s] [Jd]
tolechko joins the table at seat #8 
Dorex2007: bets $0.04
cayresdrinks leaves the table
volodya7676 joins the table at seat #3 
Dark 9056: folds 
fenix609: folds 
Uncalled bet ($0.04) returned to Dorex2007
Dorex2007 collected $0.06 from pot
Dorex2007: doesn't show hand 
*** SUMMARY ***
Total pot $0.06 | Rake $0 
Board [7s Ks 4s Jd]
Seat 1: polly727 folded before Flop (didn't bet)
Seat 2: roxxyy99 folded before Flop (didn't bet)
Seat 4: Koots420 folded before Flop (didn't bet)
Seat 5: fenix609 (button) folded on the Turn
Seat 6: Dorex2007 (small blind) collected ($0.06)
Seat 7: Dark 9056 (big blind) folded on the Turn
Seat 8: Realtor59 folded before Flop (didn't bet)
Seat 9: Wayniak187 folded before Flop (didn't bet)



PokerStars Hand #225128600187:  Hold'em No Limit ($0.01/$0.02 USD) - 2021/03/23 22:23:07 PT [2021/03/24 1:23:07 ET]
Table 'Gaviola III' 9-max Seat #6 is the button
Seat 1: polly727 ($2.66 in chips) 
Seat 2: roxxyy99 ($2 in chips) 
Seat 4: Koots420 ($2.23 in chips) 
Seat 5: fenix609 ($1.24 in chips) 
Seat 6: Dorex2007 ($3.40 in chips) 
Seat 7: Dark 9056 ($1.50 in chips) 
Seat 8: tolechko ($2 in chips) 
Seat 9: Wayniak187 ($4.25 in chips) 
Dark 9056: posts small blind $0.01
tolechko: posts big blind $0.02
volodya7676: sits out 
*** HOLE CARDS ***
Dealt to Dorex2007 [Ah Qh]
Wayniak187: folds 
polly727: folds 
roxxyy99: folds 
Koots420: calls $0.02
fenix609: folds 
Dorex2007: raises $0.06 to $0.08
Dark 9056: folds 
tolechko: calls $0.06
Koots420: folds 
*** FLOP *** [4d Ad Tc]
tolechko: checks 
Dorex2007: bets $0.18
tolechko: calls $0.18
*** TURN *** [4d Ad Tc] [Ks]
tolechko: checks 
Dorex2007: checks 
*** RIVER *** [4d Ad Tc Ks] [9c]
tolechko: checks 
Dorex2007: checks 
*** SHOW DOWN ***
tolechko: shows [As 5d] (a pair of Aces)
Dorex2007: shows [Ah Qh] (a pair of Aces - King+Queen kicker)
Dorex2007 collected $0.53 from pot
*** SUMMARY ***
Total pot $0.55 | Rake $0.02 
Board [4d Ad Tc Ks 9c]
Seat 1: polly727 folded before Flop (didn't bet)
Seat 2: roxxyy99 folded before Flop (didn't bet)
Seat 4: Koots420 folded before Flop
Seat 5: fenix609 folded before Flop (didn't bet)
Seat 6: Dorex2007 (button) showed [Ah Qh] and won ($0.53) with a pair of Aces
Seat 7: Dark 9056 (small blind) folded before Flop
Seat 8: tolechko (big blind) showed [As 5d] and lost with a pair of Aces
Seat 9: Wayniak187 folded before Flop (didn't bet)



PokerStars Hand #225128610627:  Hold'em No Limit ($0.01/$0.02 USD) - 2021/03/23 22:24:12 PT [2021/03/24 1:24:12 ET]
Table 'Gaviola III' 9-max Seat #7 is the button
Seat 1: polly727 ($2.66 in chips) 
Seat 2: roxxyy99 ($2 in chips) 
Seat 4: Koots420 ($2.21 in chips) 
Seat 5: fenix609 ($1.24 in chips) 
Seat 6: Dorex2007 ($3.67 in chips) 
Seat 7: Dark 9056 ($1.49 in chips) 
Seat 8: tolechko ($1.74 in chips) 
Seat 9: Wayniak187 ($4.25 in chips) 
tolechko: posts small blind $0.01
Wayniak187: posts big blind $0.02
volodya7676: sits out 
*** HOLE CARDS ***
Dealt to Dorex2007 [2d Jc]
polly727: folds 
roxxyy99: folds 
Koots420: folds 
fenix609: calls $0.02
Dorex2007: folds 
Dark 9056: folds 
tolechko: calls $0.01
Wayniak187: raises $0.04 to $0.06
fenix609: calls $0.04
tolechko: calls $0.04
*** FLOP *** [4c 5c 4h]
tolechko: checks 
Wayniak187: bets $0.17
fenix609: folds 
tolechko: folds 
Uncalled bet ($0.17) returned to Wayniak187
Wayniak187 collected $0.17 from pot
Wayniak187: doesn't show hand 
*** SUMMARY ***
Total pot $0.18 | Rake $0.01 
Board [4c 5c 4h]
Seat 1: polly727 folded before Flop (didn't bet)
Seat 2: roxxyy99 folded before Flop (didn't bet)
Seat 4: Koots420 folded before Flop (didn't bet)
Seat 5: fenix609 folded on the Flop
Seat 6: Dorex2007 folded before Flop (didn't bet)
Seat 7: Dark 9056 (button) folded before Flop (didn't bet)
Seat 8: tolechko (small blind) folded on the Flop
Seat 9: Wayniak187 (big blind) collected ($0.17)



PokerStars Hand #225128616934:  Hold'em No Limit ($0.01/$0.02 USD) - 2021/03/23 22:24:51 PT [2021/03/24 1:24:51 ET]
Table 'Gaviola III' 9-max Seat #8 is the button
Seat 1: polly727 ($2.66 in chips) 
Seat 2: roxxyy99 ($2 in chips) 
Seat 4: Koots420 ($2.21 in chips) 
Seat 5: fenix609 ($1.18 in chips) 
Seat 6: Dorex2007 ($3.67 in chips) 
Seat 7: Dark 9056 ($1.49 in chips) 
Seat 8: tolechko ($1.68 in chips) 
Seat 9: Wayniak187 ($4.36 in chips) 
Wayniak187: posts small blind $0.01
polly727: posts big blind $0.02
volodya7676: sits out 
*** HOLE CARDS ***
Dealt to Dorex2007 [Qd 9c]
roxxyy99: folds 
Koots420: folds 
fenix609: folds 
Dorex2007: folds 
fenix609 leaves the table
Dark 9056: folds 
tolechko: calls $0.02
Wayniak187: calls $0.01
polly727: checks 
*** FLOP *** [6c 8d 7d]
Wayniak187: bets $0.06
polly727: folds 
tolechko: calls $0.06
*** TURN *** [6c 8d 7d] [Qc]
Wayniak187: bets $0.17
tolechko: calls $0.17
*** RIVER *** [6c 8d 7d Qc] [Tc]
Wayniak187: bets $0.14
tolechko: calls $0.14
*** SHOW DOWN ***
Wayniak187: shows [Jd Qs] (a pair of Queens)
tolechko: mucks hand 
Wayniak187 collected $0.77 from pot
*** SUMMARY ***
Total pot $0.80 | Rake $0.03 
Board [6c 8d 7d Qc Tc]
Seat 1: polly727 (big blind) folded on the Flop
Seat 2: roxxyy99 folded before Flop (didn't bet)
Seat 4: Koots420 folded before Flop (didn't bet)
Seat 5: fenix609 folded before Flop (didn't bet)
Seat 6: Dorex2007 folded before Flop (didn't bet)
Seat 7: Dark 9056 folded before Flop (didn't bet)
Seat 8: tolechko (button) mucked [7c 5d]
Seat 9: Wayniak187 (small blind) showed [Jd Qs] and won ($0.77) with a pair of Queens



PokerStars Hand #225128635139:  Hold'em No Limit ($0.01/$0.02 USD) - 2021/03/23 22:25:44 PT [2021/03/24 1:25:44 ET]
Table 'Gaviola III' 9-max Seat #9 is the button
Seat 1: polly727 ($2.64 in chips) 
Seat 2: roxxyy99 ($2 in chips) 
Seat 4: Koots420 ($2.21 in chips) 
Seat 6: Dorex2007 ($3.67 in chips) 
Seat 7: Dark 9056 ($1.49 in chips) 
Seat 8: tolechko ($1.29 in chips) 
Seat 9: Wayniak187 ($4.74 in chips) 
polly727: posts small blind $0.01
roxxyy99: posts big blind $0.02
volodya7676: sits out 
*** HOLE CARDS ***
Dealt to Dorex2007 [3c 7c]
Koots420: folds 
Dorex2007: folds 
Dark 9056: folds 
CHABAK555 joins the table at seat #5 
tolechko: calls $0.02
Wayniak187: calls $0.02
polly727: folds 
roxxyy99: checks 
*** FLOP *** [9s 9h 3h]
roxxyy99: checks 
tolechko: checks 
Wayniak187: checks 
*** TURN *** [9s 9h 3h] [7h]
roxxyy99: bets $0.04
tolechko: calls $0.04
Wayniak187: folds 
*** RIVER *** [9s 9h 3h 7h] [6h]
Koots420 leaves the table
roxxyy99: checks 
tolechko: bets $0.14
roxxyy99: folds 
Uncalled bet ($0.14) returned to tolechko
tolechko collected $0.14 from pot
tolechko: doesn't show hand 
*** SUMMARY ***
Total pot $0.15 | Rake $0.01 
Board [9s 9h 3h 7h 6h]
Seat 1: polly727 (small blind) folded before Flop
Seat 2: roxxyy99 (big blind) folded on the River
Seat 4: Koots420 folded before Flop (didn't bet)
Seat 6: Dorex2007 folded before Flop (didn't bet)
Seat 7: Dark 9056 folded before Flop (didn't bet)
Seat 8: tolechko collected ($0.14)
Seat 9: Wayniak187 (button) folded on the Turn



PokerStars Hand #225128643026:  Hold'em No Limit ($0.01/$0.02 USD) - 2021/03/23 22:26:33 PT [2021/03/24 1:26:33 ET]
Table 'Gaviola III' 9-max Seat #1 is the button
Seat 1: polly727 ($2.63 in chips) 
Seat 2: roxxyy99 ($2 in chips) 
Seat 3: volodya7676 ($1.60 in chips) 
Seat 6: Dorex2007 ($3.67 in chips) 
Seat 7: Dark 9056 ($1.49 in chips) 
Seat 8: tolechko ($1.37 in chips) 
Seat 9: Wayniak187 ($4.72 in chips) 
roxxyy99: posts small blind $0.01
volodya7676: posts big blind $0.02
CHABAK555: sits out 
*** HOLE CARDS ***
Dealt to Dorex2007 [7s Qs]
Dorex2007: folds 
Dark 9056: calls $0.02
tolechko: calls $0.02
Wayniak187: folds 
polly727: raises $0.09 to $0.11
roxxyy99: folds 
volodya7676: folds 
Dark 9056: folds 
tolechko: calls $0.09
*** FLOP *** [5d 6c Kc]
tolechko: checks 
polly727: checks 
*** TURN *** [5d 6c Kc] [Js]
tolechko: checks 
seunghui joins the table at seat #4 
polly727: bets $0.13
tolechko: calls $0.13
*** RIVER *** [5d 6c Kc Js] [3h]
tolechko: checks 
polly727: checks 
*** SHOW DOWN ***
tolechko: shows [Qc 9c] (high card King)
polly727: shows [Tc Jc] (a pair of Jacks)
polly727 collected $0.51 from pot
*** SUMMARY ***
Total pot $0.53 | Rake $0.02 
Board [5d 6c Kc Js 3h]
Seat 1: polly727 (button) showed [Tc Jc] and won ($0.51) with a pair of Jacks
Seat 2: roxxyy99 (small blind) folded before Flop
Seat 3: volodya7676 (big blind) folded before Flop
Seat 6: Dorex2007 folded before Flop (didn't bet)
Seat 7: Dark 9056 folded before Flop
Seat 8: tolechko showed [Qc 9c] and lost with high card King
Seat 9: Wayniak187 folded before Flop (didn't bet)



PokerStars Hand #225128653704:  Hold'em No Limit ($0.01/$0.02 USD) - 2021/03/23 22:27:40 PT [2021/03/24 1:27:40 ET]
Table 'Gaviola III' 9-max Seat #2 is the button
Seat 1: polly727 ($2.90 in chips) 
Seat 2: roxxyy99 ($2 in chips) 
Seat 3: volodya7676 ($1.58 in chips) 
Seat 4: seunghui ($2 in chips) 
Seat 6: Dorex2007 ($3.67 in chips) 
Seat 7: Dark 9056 ($1.47 in chips) 
Seat 8: tolechko ($1.13 in chips) 
Seat 9: Wayniak187 ($4.72 in chips) 
volodya7676: posts small blind $0.01
seunghui: posts big blind $0.02
CHABAK555: sits out 
*** HOLE CARDS ***
Dealt to Dorex2007 [Tc 7s]
Dorex2007: folds 
Dark 9056: folds 
tolechko: calls $0.02
Wayniak187: calls $0.02
polly727: folds 
roxxyy99: calls $0.02
volodya7676: calls $0.01
seunghui: checks 
*** FLOP *** [5c 6c As]
volodya7676: checks 
seunghui: checks 
tolechko: checks 
Wayniak187: checks 
roxxyy99: checks 
*** TURN *** [5c 6c As] [9d]
volodya7676: checks 
seunghui: checks 
tolechko: checks 
Wayniak187: checks 
roxxyy99: checks 
*** RIVER *** [5c 6c As 9d] [Jc]
volodya7676: checks 
seunghui: bets $0.05
tolechko: folds 
Wayniak187: folds 
roxxyy99: folds 
volodya7676: folds 
Uncalled bet ($0.05) returned to seunghui
seunghui collected $0.10 from pot
seunghui: doesn't show hand 
*** SUMMARY ***
Total pot $0.10 | Rake $0 
Board [5c 6c As 9d Jc]
Seat 1: polly727 folded before Flop (didn't bet)
Seat 2: roxxyy99 (button) folded on the River
Seat 3: volodya7676 (small blind) folded on the River
Seat 4: seunghui (big blind) collected ($0.10)
Seat 6: Dorex2007 folded before Flop (didn't bet)
Seat 7: Dark 9056 folded before Flop (didn't bet)
Seat 8: tolechko folded on the River
Seat 9: Wayniak187 folded on the River



PokerStars Hand #225128664159:  Hold'em No Limit ($0.01/$0.02 USD) - 2021/03/23 22:28:45 PT [2021/03/24 1:28:45 ET]
Table 'Gaviola III' 9-max Seat #3 is the button
Seat 1: polly727 ($2.90 in chips) 
Seat 2: roxxyy99 ($2 in chips) 
Seat 3: volodya7676 ($1.56 in chips) 
Seat 4: seunghui ($2.08 in chips) 
Seat 5: CHABAK555 ($1 in chips) 
Seat 6: Dorex2007 ($3.67 in chips) 
Seat 7: Dark 9056 ($1.47 in chips) 
Seat 8: tolechko ($1.11 in chips) 
Seat 9: Wayniak187 ($4.70 in chips) 
seunghui: posts small blind $0.01
CHABAK555: posts big blind $0.02
*** HOLE CARDS ***
Dealt to Dorex2007 [8d Ac]
Dorex2007: folds 
Dark 9056 has timed out
Dark 9056: folds 
tolechko: calls $0.02
Wayniak187: folds 
polly727: folds 
roxxyy99: folds 
volodya7676: folds 
seunghui: folds 
CHABAK555: checks 
*** FLOP *** [Ts Qs 3d]
CHABAK555: checks 
tolechko: checks 
*** TURN *** [Ts Qs 3d] [4h]
CHABAK555: checks 
tolechko: checks 
*** RIVER *** [Ts Qs 3d 4h] [5c]
CHABAK555: checks 
tolechko: bets $0.02
CHABAK555: folds 
Uncalled bet ($0.02) returned to tolechko
tolechko collected $0.05 from pot
tolechko: doesn't show hand 
*** SUMMARY ***
Total pot $0.05 | Rake $0 
Board [Ts Qs 3d 4h 5c]
Seat 1: polly727 folded before Flop (didn't bet)
Seat 2: roxxyy99 folded before Flop (didn't bet)
Seat 3: volodya7676 (button) folded before Flop (didn't bet)
Seat 4: seunghui (small blind) folded before Flop
Seat 5: CHABAK555 (big blind) folded on the River
Seat 6: Dorex2007 folded before Flop (didn't bet)
Seat 7: Dark 9056 folded before Flop (didn't bet)
Seat 8: tolechko collected ($0.05)
Seat 9: Wayniak187 folded before Flop (didn't bet)



PokerStars Hand #225128673612:  Hold'em No Limit ($0.01/$0.02 USD) - 2021/03/23 22:29:44 PT [2021/03/24 1:29:44 ET]
Table 'Gaviola III' 9-max Seat #4 is the button
Seat 1: polly727 ($2.90 in chips) 
Seat 3: volodya7676 ($1.56 in chips) 
Seat 4: seunghui ($2.07 in chips) 
Seat 5: CHABAK555 ($0.98 in chips) 
Seat 6: Dorex2007 ($3.67 in chips) 
Seat 7: Dark 9056 ($1.47 in chips) 
Seat 8: tolechko ($1.14 in chips) 
Seat 9: Wayniak187 ($4.70 in chips) 
CHABAK555: posts small blind $0.01
Dorex2007: posts big blind $0.02
*** HOLE CARDS ***
Dealt to Dorex2007 [6c Ad]
Dark 9056 has timed out
Dark 9056: folds 
tolechko: calls $0.02
Wayniak187: folds 
polly727: folds 
volodya7676: folds 
seunghui: calls $0.02
CHABAK555: calls $0.01
Dorex2007: checks 
*** FLOP *** [7h 7s 9c]
CHABAK555: checks 
Dorex2007: checks 
tolechko: checks 
seunghui: checks 
*** TURN *** [7h 7s 9c] [Jc]
CHABAK555: checks 
Dorex2007: checks 
tolechko: checks 
seunghui: checks 
*** RIVER *** [7h 7s 9c Jc] [6h]
CHABAK555: checks 
Dorex2007: bets $0.04
tolechko: folds 
seunghui: folds 
CHABAK555: folds 
Uncalled bet ($0.04) returned to Dorex2007
Dorex2007 collected $0.08 from pot
Dorex2007: doesn't show hand 
*** SUMMARY ***
Total pot $0.08 | Rake $0 
Board [7h 7s 9c Jc 6h]
Seat 1: polly727 folded before Flop (didn't bet)
Seat 3: volodya7676 folded before Flop (didn't bet)
Seat 4: seunghui (button) folded on the River
Seat 5: CHABAK555 (small blind) folded on the River
Seat 6: Dorex2007 (big blind) collected ($0.08)
Seat 7: Dark 9056 folded before Flop (didn't bet)
Seat 8: tolechko folded on the River
Seat 9: Wayniak187 folded before Flop (didn't bet)



PokerStars Hand #225128685599:  Hold'em No Limit ($0.01/$0.02 USD) - 2021/03/23 22:30:59 PT [2021/03/24 1:30:59 ET]
Table 'Gaviola III' 9-max Seat #5 is the button
Seat 1: polly727 ($2.90 in chips) 
Seat 3: volodya7676 ($1.56 in chips) 
Seat 4: seunghui ($2.05 in chips) 
Seat 5: CHABAK555 ($0.96 in chips) 
Seat 6: Dorex2007 ($3.73 in chips) 
Seat 7: Dark 9056 ($1.47 in chips) 
Seat 8: tolechko ($1.12 in chips) 
Seat 9: Wayniak187 ($4.70 in chips) 
Dorex2007: posts small blind $0.01
Dark 9056: posts big blind $0.02
*** HOLE CARDS ***
Dealt to Dorex2007 [6h 6c]
tolechko: folds 
Wayniak187: folds 
polly727: raises $0.05 to $0.07
volodya7676: folds 
seunghui: folds 
CHABAK555: folds 
Dorex2007: calls $0.06
Dark 9056: calls $0.05
*** FLOP *** [7d Kh 9s]
Dorex2007: checks 
Dark 9056: checks 
polly727: bets $0.10
Dorex2007: folds 
Dark 9056: folds 
Uncalled bet ($0.10) returned to polly727
polly727 collected $0.20 from pot
polly727: doesn't show hand 
*** SUMMARY ***
Total pot $0.21 | Rake $0.01 
Board [7d Kh 9s]
Seat 1: polly727 collected ($0.20)
Seat 3: volodya7676 folded before Flop (didn't bet)
Seat 4: seunghui folded before Flop (didn't bet)
Seat 5: CHABAK555 (button) folded before Flop (didn't bet)
Seat 6: Dorex2007 (small blind) folded on the Flop
Seat 7: Dark 9056 (big blind) folded on the Flop
Seat 8: tolechko folded before Flop (didn't bet)
Seat 9: Wayniak187 folded before Flop (didn't bet)



PokerStars Hand #225128695813:  Hold'em No Limit ($0.01/$0.02 USD) - 2021/03/23 22:32:03 PT [2021/03/24 1:32:03 ET]
Table 'Gaviola III' 9-max Seat #6 is the button
Seat 1: polly727 ($3.03 in chips) 
Seat 3: volodya7676 ($1.56 in chips) 
Seat 4: seunghui ($2.05 in chips) 
Seat 5: CHABAK555 ($0.96 in chips) 
Seat 6: Dorex2007 ($3.66 in chips) 
Seat 7: Dark 9056 ($1.40 in chips) 
Seat 8: tolechko ($1.12 in chips) 
Seat 9: Wayniak187 ($4.70 in chips) 
Dark 9056: posts small blind $0.01
tolechko: posts big blind $0.02
*** HOLE CARDS ***
Dealt to Dorex2007 [9c 4s]
Wayniak187: raises $0.02 to $0.04
polly727: folds 
volodya7676: folds 
seunghui: folds 
CHABAK555: folds 
Dorex2007: folds 
Dark 9056: folds 
tolechko: calls $0.02
*** FLOP *** [Kd Jh Qd]
tolechko: checks 
Wayniak187: checks 
*** TURN *** [Kd Jh Qd] [4d]
tolechko: checks 
Wayniak187: checks 
*** RIVER *** [Kd Jh Qd 4d] [Qs]
tolechko: bets $0.09
Wayniak187: calls $0.09
*** SHOW DOWN ***
tolechko: shows [3d Ts] (a pair of Queens)
Wayniak187: shows [2c 2d] (two pair, Queens and Deuces)
Wayniak187 collected $0.26 from pot
*** SUMMARY ***
Total pot $0.27 | Rake $0.01 
Board [Kd Jh Qd 4d Qs]
Seat 1: polly727 folded before Flop (didn't bet)
Seat 3: volodya7676 folded before Flop (didn't bet)
Seat 4: seunghui folded before Flop (didn't bet)
Seat 5: CHABAK555 folded before Flop (didn't bet)
Seat 6: Dorex2007 (button) folded before Flop (didn't bet)
Seat 7: Dark 9056 (small blind) folded before Flop
Seat 8: tolechko (big blind) showed [3d Ts] and lost with a pair of Queens
Seat 9: Wayniak187 showed [2c 2d] and won ($0.26) with two pair, Queens and Deuces



PokerStars Hand #225128702960:  Hold'em No Limit ($0.01/$0.02 USD) - 2021/03/23 22:32:47 PT [2021/03/24 1:32:47 ET]
Table 'Gaviola III' 9-max Seat #7 is the button
Seat 1: polly727 ($3.03 in chips) 
Seat 3: volodya7676 ($1.56 in chips) 
Seat 4: seunghui ($2.05 in chips) 
Seat 5: CHABAK555 ($0.96 in chips) 
Seat 6: Dorex2007 ($3.66 in chips) 
Seat 7: Dark 9056 ($1.39 in chips) 
Seat 8: tolechko ($0.99 in chips) 
Seat 9: Wayniak187 ($4.83 in chips) 
tolechko: posts small blind $0.01
Wayniak187: posts big blind $0.02
*** HOLE CARDS ***
Dealt to Dorex2007 [Ad 4h]
polly727: folds 
volodya7676: folds 
seunghui: folds 
CHABAK555: calls $0.02
Dorex2007: folds 
Dark 9056: folds 
tolechko: calls $0.01
Wayniak187: checks 
*** FLOP *** [Tc Qc 8c]
tolechko: bets $0.02
Wayniak187: folds 
CHABAK555: folds 
Uncalled bet ($0.02) returned to tolechko
tolechko collected $0.06 from pot
tolechko: doesn't show hand 
*** SUMMARY ***
Total pot $0.06 | Rake $0 
Board [Tc Qc 8c]
Seat 1: polly727 folded before Flop (didn't bet)
Seat 3: volodya7676 folded before Flop (didn't bet)
Seat 4: seunghui folded before Flop (didn't bet)
Seat 5: CHABAK555 folded on the Flop
Seat 6: Dorex2007 folded before Flop (didn't bet)
Seat 7: Dark 9056 (button) folded before Flop (didn't bet)
Seat 8: tolechko (small blind) collected ($0.06)
Seat 9: Wayniak187 (big blind) folded on the Flop



PokerStars Hand #225128710268:  Hold'em No Limit ($0.01/$0.02 USD) - 2021/03/23 22:33:31 PT [2021/03/24 1:33:31 ET]
Table 'Gaviola III' 9-max Seat #8 is the button
Seat 1: polly727 ($3.03 in chips) 
Seat 3: volodya7676 ($1.56 in chips) 
Seat 4: seunghui ($2.05 in chips) 
Seat 5: CHABAK555 ($0.94 in chips) 
Seat 6: Dorex2007 ($3.66 in chips) 
Seat 7: Dark 9056 ($1.39 in chips) 
Seat 8: tolechko ($1.03 in chips) 
Seat 9: Wayniak187 ($4.81 in chips) 
Wayniak187: posts small blind $0.01
polly727: posts big blind $0.02
*** HOLE CARDS ***
Dealt to Dorex2007 [8s Ah]
volodya7676: calls $0.02
seunghui: folds 
CHABAK555: folds 
Dorex2007: folds 
Dark 9056: calls $0.02
tolechko: calls $0.02
Wayniak187: folds 
polly727: checks 
*** FLOP *** [2h Ac Kh]
polly727: checks 
volodya7676: checks 
Dark 9056: checks 
tolechko: bets $0.02
polly727: folds 
volodya7676: folds 
Dark 9056: calls $0.02
*** TURN *** [2h Ac Kh] [5h]
Dark 9056: checks 
tolechko: bets $0.02
Dark 9056: calls $0.02
*** RIVER *** [2h Ac Kh 5h] [Ts]
Dark 9056: checks 
tolechko: bets $0.02
Dark 9056: folds 
Uncalled bet ($0.02) returned to tolechko
tolechko collected $0.16 from pot
tolechko: doesn't show hand 
*** SUMMARY ***
Total pot $0.17 | Rake $0.01 
Board [2h Ac Kh 5h Ts]
Seat 1: polly727 (big blind) folded on the Flop
Seat 3: volodya7676 folded on the Flop
Seat 4: seunghui folded before Flop (didn't bet)
Seat 5: CHABAK555 folded before Flop (didn't bet)
Seat 6: Dorex2007 folded before Flop (didn't bet)
Seat 7: Dark 9056 folded on the River
Seat 8: tolechko (button) collected ($0.16)
Seat 9: Wayniak187 (small blind) folded before Flop



PokerStars Hand #225128721847:  Hold'em No Limit ($0.01/$0.02 USD) - 2021/03/23 22:34:44 PT [2021/03/24 1:34:44 ET]
Table 'Gaviola III' 9-max Seat #9 is the button
Seat 1: polly727 ($3.01 in chips) 
Seat 3: volodya7676 ($1.54 in chips) 
Seat 4: seunghui ($2.05 in chips) 
Seat 5: CHABAK555 ($0.94 in chips) 
Seat 6: Dorex2007 ($3.66 in chips) 
Seat 7: Dark 9056 ($1.33 in chips) 
Seat 8: tolechko ($1.13 in chips) 
Seat 9: Wayniak187 ($4.80 in chips) 
polly727: posts small blind $0.01
volodya7676: posts big blind $0.02
*** HOLE CARDS ***
Dealt to Dorex2007 [4d As]
seunghui: folds 
CHABAK555: calls $0.02
Dorex2007: folds 
Dark 9056: folds 
tolechko: calls $0.02
Wayniak187 has timed out
Wayniak187: folds 
polly727: folds 
volodya7676: checks 
*** FLOP *** [8d 7c Ad]
volodya7676: checks 
CHABAK555: checks 
tolechko: bets $0.02
volodya7676: folds 
CHABAK555: calls $0.02
*** TURN *** [8d 7c Ad] [Jh]
CHABAK555: checks 
tolechko: bets $0.02
CHABAK555: calls $0.02
*** RIVER *** [8d 7c Ad Jh] [6s]
CHABAK555: bets $0.06
tolechko: calls $0.06
*** SHOW DOWN ***
CHABAK555: shows [Qc 9d] (high card Ace)
tolechko: shows [Js 3d] (a pair of Jacks)
tolechko collected $0.26 from pot
*** SUMMARY ***
Total pot $0.27 | Rake $0.01 
Board [8d 7c Ad Jh 6s]
Seat 1: polly727 (small blind) folded before Flop
Seat 3: volodya7676 (big blind) folded on the Flop
Seat 4: seunghui folded before Flop (didn't bet)
Seat 5: CHABAK555 showed [Qc 9d] and lost with high card Ace
Seat 6: Dorex2007 folded before Flop (didn't bet)
Seat 7: Dark 9056 folded before Flop (didn't bet)
Seat 8: tolechko showed [Js 3d] and won ($0.26) with a pair of Jacks
Seat 9: Wayniak187 (button) folded before Flop (didn't bet)



PokerStars Hand #225128731312:  Hold'em No Limit ($0.01/$0.02 USD) - 2021/03/23 22:35:43 PT [2021/03/24 1:35:43 ET]
Table 'Gaviola III' 9-max Seat #1 is the button
Seat 1: polly727 ($3 in chips) 
Seat 3: volodya7676 ($1.52 in chips) 
Seat 4: seunghui ($2.05 in chips) 
Seat 5: CHABAK555 ($0.82 in chips) 
Seat 6: Dorex2007 ($3.66 in chips) 
Seat 7: Dark 9056 ($1.33 in chips) 
Seat 8: tolechko ($1.27 in chips) 
volodya7676: posts small blind $0.01
seunghui: posts big blind $0.02
*** HOLE CARDS ***
Dealt to Dorex2007 [Ks 7s]
CHABAK555: folds 
Dorex2007: folds 
Dark 9056: folds 
tolechko: calls $0.02
polly727: folds 
volodya7676: folds 
seunghui: checks 
*** FLOP *** [5h Ah Ts]
seunghui: checks 
tolechko: bets $0.02
seunghui: folds 
Uncalled bet ($0.02) returned to tolechko
tolechko collected $0.05 from pot
tolechko: doesn't show hand 
*** SUMMARY ***
Total pot $0.05 | Rake $0 
Board [5h Ah Ts]
Seat 1: polly727 (button) folded before Flop (didn't bet)
Seat 3: volodya7676 (small blind) folded before Flop
Seat 4: seunghui (big blind) folded on the Flop
Seat 5: CHABAK555 folded before Flop (didn't bet)
Seat 6: Dorex2007 folded before Flop (didn't bet)
Seat 7: Dark 9056 folded before Flop (didn't bet)
Seat 8: tolechko collected ($0.05)



PokerStars Hand #225128736616:  Hold'em No Limit ($0.01/$0.02 USD) - 2021/03/23 22:36:17 PT [2021/03/24 1:36:17 ET]
Table 'Gaviola III' 9-max Seat #3 is the button
Seat 1: polly727 ($3 in chips) 
Seat 2: roxxyy99 ($2 in chips) 
Seat 3: volodya7676 ($1.51 in chips) 
Seat 4: seunghui ($2.03 in chips) 
Seat 5: CHABAK555 ($0.82 in chips) 
Seat 6: Dorex2007 ($3.66 in chips) 
Seat 7: Dark 9056 ($1.33 in chips) 
Seat 8: tolechko ($1.30 in chips) 
seunghui: posts small blind $0.01
CHABAK555: posts big blind $0.02
roxxyy99: posts small & big blinds $0.03
*** HOLE CARDS ***
Dealt to Dorex2007 [6s 7s]
Dorex2007: folds 
Dark 9056: folds 
tolechko: calls $0.02
polly727: calls $0.02
roxxyy99: checks 
volodya7676: folds 
seunghui: calls $0.01
CHABAK555: checks 
*** FLOP *** [2c 5h Jd]
seunghui: checks 
CHABAK555: checks 
tolechko: bets $0.02
polly727: folds 
roxxyy99: folds 
seunghui: calls $0.02
CHABAK555: folds 
*** TURN *** [2c 5h Jd] [As]
seunghui: checks 
tolechko: checks 
*** RIVER *** [2c 5h Jd As] [Jh]
seunghui: checks 
tolechko: bets $0.14
seunghui: folds 
Uncalled bet ($0.14) returned to tolechko
tolechko collected $0.14 from pot
tolechko: doesn't show hand 
*** SUMMARY ***
Total pot $0.15 | Rake $0.01 
Board [2c 5h Jd As Jh]
Seat 1: polly727 folded on the Flop
Seat 2: roxxyy99 folded on the Flop (didn't bet)
Seat 3: volodya7676 (button) folded before Flop (didn't bet)
Seat 4: seunghui (small blind) folded on the River
Seat 5: CHABAK555 (big blind) folded on the Flop
Seat 6: Dorex2007 folded before Flop (didn't bet)
Seat 7: Dark 9056 folded before Flop (didn't bet)
Seat 8: tolechko collected ($0.14)



PokerStars Hand #225128754094:  Hold'em No Limit ($0.01/$0.02 USD) - 2021/03/23 22:37:21 PT [2021/03/24 1:37:21 ET]
Table 'Gaviola III' 9-max Seat #4 is the button
Seat 1: polly727 ($2.98 in chips) 
Seat 2: roxxyy99 ($2 in chips) 
Seat 3: volodya7676 ($1.51 in chips) 
Seat 4: seunghui ($2 in chips) 
Seat 5: CHABAK555 ($0.80 in chips) 
Seat 6: Dorex2007 ($3.66 in chips) 
Seat 7: Dark 9056 ($1.33 in chips) 
Seat 8: tolechko ($1.40 in chips) 
CHABAK555: posts small blind $0.01
Dorex2007: posts big blind $0.02
*** HOLE CARDS ***
Dealt to Dorex2007 [9h 4d]
Dark 9056: calls $0.02
tolechko: calls $0.02
polly727: folds 
roxxyy99: folds 
volodya7676: folds 
seunghui: folds 
CHABAK555: folds 
Dorex2007: checks 
*** FLOP *** [Th 5h As]
Dorex2007: checks 
Dark 9056: bets $0.04
tolechko: calls $0.04
Dorex2007: folds 
*** TURN *** [Th 5h As] [6c]
Dark 9056: bets $0.06
tolechko: calls $0.06
*** RIVER *** [Th 5h As 6c] [9d]
Dark 9056: bets $0.10
tolechko: folds 
Uncalled bet ($0.10) returned to Dark 9056
Dark 9056 collected $0.26 from pot
Dark 9056: doesn't show hand 
*** SUMMARY ***
Total pot $0.27 | Rake $0.01 
Board [Th 5h As 6c 9d]
Seat 1: polly727 folded before Flop (didn't bet)
Seat 2: roxxyy99 folded before Flop (didn't bet)
Seat 3: volodya7676 folded before Flop (didn't bet)
Seat 4: seunghui (button) folded before Flop (didn't bet)
Seat 5: CHABAK555 (small blind) folded before Flop
Seat 6: Dorex2007 (big blind) folded on the Flop
Seat 7: Dark 9056 collected ($0.26)
Seat 8: tolechko folded on the River



PokerStars Hand #225128770159:  Hold'em No Limit ($0.01/$0.02 USD) - 2021/03/23 22:38:49 PT [2021/03/24 1:38:49 ET]
Table 'Gaviola III' 9-max Seat #5 is the button
Seat 1: polly727 ($2.98 in chips) 
Seat 2: roxxyy99 ($2 in chips) 
Seat 3: volodya7676 ($1.51 in chips) 
Seat 4: seunghui ($2 in chips) 
Seat 5: CHABAK555 ($0.79 in chips) 
Seat 6: Dorex2007 ($3.64 in chips) 
Seat 7: Dark 9056 ($1.47 in chips) 
Seat 8: tolechko ($1.28 in chips) 
Dorex2007: posts small blind $0.01
Dark 9056: posts big blind $0.02
*** HOLE CARDS ***
Dealt to Dorex2007 [Jh 9h]
tolechko: calls $0.02
polly727: raises $0.08 to $0.10
roxxyy99: folds 
volodya7676: folds 
seunghui: folds 
CHABAK555: folds 
Dorex2007: folds 
Dark 9056: folds 
tolechko: calls $0.08
*** FLOP *** [4c 5d 5c]
tolechko: checks 
polly727: bets $0.11
tolechko: calls $0.11
*** TURN *** [4c 5d 5c] [Tc]
tolechko: checks 
polly727: bets $0.43
tolechko: folds 
Uncalled bet ($0.43) returned to polly727
polly727 collected $0.43 from pot
polly727: doesn't show hand 
*** SUMMARY ***
Total pot $0.45 | Rake $0.02 
Board [4c 5d 5c Tc]
Seat 1: polly727 collected ($0.43)
Seat 2: roxxyy99 folded before Flop (didn't bet)
Seat 3: volodya7676 folded before Flop (didn't bet)
Seat 4: seunghui folded before Flop (didn't bet)
Seat 5: CHABAK555 (button) folded before Flop (didn't bet)
Seat 6: Dorex2007 (small blind) folded before Flop
Seat 7: Dark 9056 (big blind) folded before Flop
Seat 8: tolechko folded on the Turn



PokerStars Hand #225128775495:  Hold'em No Limit ($0.01/$0.02 USD) - 2021/03/23 22:39:23 PT [2021/03/24 1:39:23 ET]
Table 'Gaviola III' 9-max Seat #6 is the button
Seat 1: polly727 ($3.20 in chips) 
Seat 2: roxxyy99 ($2 in chips) 
Seat 3: volodya7676 ($1.51 in chips) 
Seat 4: seunghui ($2 in chips) 
Seat 5: CHABAK555 ($0.79 in chips) 
Seat 6: Dorex2007 ($3.63 in chips) 
Seat 7: Dark 9056 ($1.45 in chips) 
Seat 8: tolechko ($1.07 in chips) 
Dark 9056: posts small blind $0.01
tolechko: posts big blind $0.02
*** HOLE CARDS ***
Dealt to Dorex2007 [Js 5s]
polly727: folds 
roxxyy99: folds 
volodya7676: raises $0.04 to $0.06
seunghui: raises $0.04 to $0.10
CHABAK555: folds 
Dorex2007: folds 
Dark 9056: folds 
tolechko: calls $0.08
volodya7676: calls $0.04
*** FLOP *** [4c Jd 9c]
tolechko: bets $0.02
volodya7676: calls $0.02
seunghui: calls $0.02
*** TURN *** [4c Jd 9c] [5c]
tolechko: bets $0.02
volodya7676: folds 
seunghui: calls $0.02
*** RIVER *** [4c Jd 9c 5c] [3s]
tolechko: bets $0.40
seunghui: folds 
Uncalled bet ($0.40) returned to tolechko
tolechko collected $0.40 from pot
tolechko: doesn't show hand 
*** SUMMARY ***
Total pot $0.41 | Rake $0.01 
Board [4c Jd 9c 5c 3s]
Seat 1: polly727 folded before Flop (didn't bet)
Seat 2: roxxyy99 folded before Flop (didn't bet)
Seat 3: volodya7676 folded on the Turn
Seat 4: seunghui folded on the River
Seat 5: CHABAK555 folded before Flop (didn't bet)
Seat 6: Dorex2007 (button) folded before Flop (didn't bet)
Seat 7: Dark 9056 (small blind) folded before Flop
Seat 8: tolechko (big blind) collected ($0.40)



PokerStars Hand #225128785710:  Hold'em No Limit ($0.01/$0.02 USD) - 2021/03/23 22:40:28 PT [2021/03/24 1:40:28 ET]
Table 'Gaviola III' 9-max Seat #7 is the button
Seat 1: polly727 ($3.20 in chips) 
Seat 2: roxxyy99 ($2 in chips) 
Seat 3: volodya7676 ($1.39 in chips) 
Seat 4: seunghui ($2 in chips) 
Seat 5: CHABAK555 ($0.79 in chips) 
Seat 6: Dorex2007 ($3.63 in chips) 
Seat 7: Dark 9056 ($1.44 in chips) 
Seat 8: tolechko ($1.33 in chips) 
Seat 9: Wayniak187 ($4.80 in chips) 
tolechko: posts small blind $0.01
Wayniak187: posts big blind $0.02
*** HOLE CARDS ***
Dealt to Dorex2007 [As 3h]
polly727: raises $0.05 to $0.07
roxxyy99: folds 
volodya7676: folds 
seunghui: folds 
CHABAK555: calls $0.07
Dorex2007: folds 
Dark 9056: folds 
tolechko: calls $0.06
Wayniak187: calls $0.05
*** FLOP *** [3d Qs 5s]
tolechko: checks 
Wayniak187: bets $0.27
polly727: folds 
CHABAK555: folds 
tolechko: calls $0.27
*** TURN *** [3d Qs 5s] [3s]
tolechko: checks 
Wayniak187: checks 
*** RIVER *** [3d Qs 5s 3s] [6h]
tolechko: checks 
Wayniak187: checks 
*** SHOW DOWN ***
tolechko: shows [Qd 4d] (two pair, Queens and Threes)
Wayniak187: mucks hand 
tolechko collected $0.79 from pot
*** SUMMARY ***
Total pot $0.82 | Rake $0.03 
Board [3d Qs 5s 3s 6h]
Seat 1: polly727 folded on the Flop
Seat 2: roxxyy99 folded before Flop (didn't bet)
Seat 3: volodya7676 folded before Flop (didn't bet)
Seat 4: seunghui folded before Flop (didn't bet)
Seat 5: CHABAK555 folded on the Flop
Seat 6: Dorex2007 folded before Flop (didn't bet)
Seat 7: Dark 9056 (button) folded before Flop (didn't bet)
Seat 8: tolechko (small blind) showed [Qd 4d] and won ($0.79) with two pair, Queens and Threes
Seat 9: Wayniak187 (big blind) mucked [9d 9s]



PokerStars Hand #225128794369:  Hold'em No Limit ($0.01/$0.02 USD) - 2021/03/23 22:41:24 PT [2021/03/24 1:41:24 ET]
Table 'Gaviola III' 9-max Seat #8 is the button
Seat 1: polly727 ($3.13 in chips) 
Seat 2: roxxyy99 ($2 in chips) 
Seat 3: volodya7676 ($1.39 in chips) 
Seat 4: seunghui ($2 in chips) 
Seat 5: CHABAK555 ($0.72 in chips) 
Seat 6: Dorex2007 ($3.63 in chips) 
Seat 7: Dark 9056 ($1.44 in chips) 
Seat 8: tolechko ($1.78 in chips) 
Seat 9: Wayniak187 ($4.46 in chips) 
Wayniak187: posts small blind $0.01
polly727: posts big blind $0.02
*** HOLE CARDS ***
Dealt to Dorex2007 [9h 6s]
roxxyy99: folds 
volodya7676: calls $0.02
seunghui: folds 
CHABAK555: folds 
Dorex2007: folds 
Dark 9056: folds 
tolechko: calls $0.02
Wayniak187: folds 
polly727: raises $0.07 to $0.09
volodya7676: folds 
tolechko: calls $0.07
*** FLOP *** [8s Ad Ts]
polly727: bets $0.10
tolechko: calls $0.10
*** TURN *** [8s Ad Ts] [5d]
polly727: checks 
tolechko: bets $0.20
polly727: folds 
Uncalled bet ($0.20) returned to tolechko
tolechko collected $0.40 from pot
tolechko: doesn't show hand 
*** SUMMARY ***
Total pot $0.41 | Rake $0.01 
Board [8s Ad Ts 5d]
Seat 1: polly727 (big blind) folded on the Turn
Seat 2: roxxyy99 folded before Flop (didn't bet)
Seat 3: volodya7676 folded before Flop
Seat 4: seunghui folded before Flop (didn't bet)
Seat 5: CHABAK555 folded before Flop (didn't bet)
Seat 6: Dorex2007 folded before Flop (didn't bet)
Seat 7: Dark 9056 folded before Flop (didn't bet)
Seat 8: tolechko (button) collected ($0.40)
Seat 9: Wayniak187 (small blind) folded before Flop



PokerStars Hand #225128801601:  Hold'em No Limit ($0.01/$0.02 USD) - 2021/03/23 22:42:10 PT [2021/03/24 1:42:10 ET]
Table 'Gaviola III' 9-max Seat #9 is the button
Seat 1: polly727 ($2.94 in chips) 
Seat 2: roxxyy99 ($2 in chips) 
Seat 3: volodya7676 ($1.37 in chips) 
Seat 4: seunghui ($2 in chips) 
Seat 5: CHABAK555 ($0.72 in chips) 
Seat 6: Dorex2007 ($3.63 in chips) 
Seat 7: Dark 9056 ($1.44 in chips) 
Seat 8: tolechko ($1.99 in chips) 
Seat 9: Wayniak187 ($4.45 in chips) 
polly727: posts small blind $0.01
roxxyy99: posts big blind $0.02
*** HOLE CARDS ***
Dealt to Dorex2007 [5d Td]
volodya7676: folds 
seunghui: folds 
CHABAK555: raises $0.02 to $0.04
Dorex2007: folds 
seunghui leaves the table
Dark 9056: folds 
bloody55hawk joins the table at seat #4 
tolechko: calls $0.04
Wayniak187: folds 
polly727: folds 
roxxyy99 is disconnected 
roxxyy99 is connected 
roxxyy99: folds 
*** FLOP *** [8c 3s 9s]
CHABAK555: checks 
tolechko: bets $0.02
CHABAK555: calls $0.02
*** TURN *** [8c 3s 9s] [Ac]
CHABAK555: checks 
tolechko: bets $0.02
CHABAK555: raises $0.02 to $0.04
tolechko: calls $0.02
*** RIVER *** [8c 3s 9s Ac] [Kd]
CHABAK555: bets $0.06
tolechko: folds 
Uncalled bet ($0.06) returned to CHABAK555
CHABAK555 collected $0.22 from pot
CHABAK555: doesn't show hand 
*** SUMMARY ***
Total pot $0.23 | Rake $0.01 
Board [8c 3s 9s Ac Kd]
Seat 1: polly727 (small blind) folded before Flop
Seat 2: roxxyy99 (big blind) folded before Flop
Seat 3: volodya7676 folded before Flop (didn't bet)
Seat 4: seunghui folded before Flop (didn't bet)
Seat 5: CHABAK555 collected ($0.22)
Seat 6: Dorex2007 folded before Flop (didn't bet)
Seat 7: Dark 9056 folded before Flop (didn't bet)
Seat 8: tolechko folded on the River
Seat 9: Wayniak187 (button) folded before Flop (didn't bet)



PokerStars Hand #225128813484:  Hold'em No Limit ($0.01/$0.02 USD) - 2021/03/23 22:43:25 PT [2021/03/24 1:43:25 ET]
Table 'Gaviola III' 9-max Seat #1 is the button
Seat 1: polly727 ($2.93 in chips) 
Seat 2: roxxyy99 ($2 in chips) 
Seat 3: volodya7676 ($1.37 in chips) 
Seat 5: CHABAK555 ($0.84 in chips) 
Seat 6: Dorex2007 ($3.63 in chips) 
Seat 7: Dark 9056 ($1.44 in chips) 
Seat 8: tolechko ($1.89 in chips) 
Seat 9: Wayniak187 ($4.45 in chips) 
roxxyy99 is disconnected 
roxxyy99 is connected 
roxxyy99: posts small blind $0.01
volodya7676: posts big blind $0.02
bloody55hawk: sits out 
*** HOLE CARDS ***
Dealt to Dorex2007 [Ts 8d]
CHABAK555: folds 
Dorex2007: folds 
Dark 9056: folds 
tolechko: calls $0.02
Wayniak187: folds 
polly727: folds 
roxxyy99: raises $0.04 to $0.06
volodya7676: folds 
tolechko: calls $0.04
*** FLOP *** [Ac 2h 7h]
roxxyy99: checks 
tolechko: checks 
*** TURN *** [Ac 2h 7h] [Ah]
roxxyy99: checks 
tolechko: checks 
*** RIVER *** [Ac 2h 7h Ah] [Th]
roxxyy99: checks 
tolechko: bets $0.07
roxxyy99: folds 
Uncalled bet ($0.07) returned to tolechko
tolechko collected $0.14 from pot
tolechko: doesn't show hand 
*** SUMMARY ***
Total pot $0.14 | Rake $0 
Board [Ac 2h 7h Ah Th]
Seat 1: polly727 (button) folded before Flop (didn't bet)
Seat 2: roxxyy99 (small blind) folded on the River
Seat 3: volodya7676 (big blind) folded before Flop
Seat 5: CHABAK555 folded before Flop (didn't bet)
Seat 6: Dorex2007 folded before Flop (didn't bet)
Seat 7: Dark 9056 folded before Flop (didn't bet)
Seat 8: tolechko collected ($0.14)
Seat 9: Wayniak187 folded before Flop (didn't bet)



PokerStars Hand #225128821470:  Hold'em No Limit ($0.01/$0.02 USD) - 2021/03/23 22:44:17 PT [2021/03/24 1:44:17 ET]
Table 'Gaviola III' 9-max Seat #2 is the button
Seat 1: polly727 ($2.93 in chips) 
Seat 2: roxxyy99 ($2 in chips) 
Seat 3: volodya7676 ($1.35 in chips) 
Seat 4: bloody55hawk ($0.80 in chips) 
Seat 5: CHABAK555 ($0.84 in chips) 
Seat 6: Dorex2007 ($3.63 in chips) 
Seat 7: Dark 9056 ($1.44 in chips) 
Seat 8: tolechko ($1.97 in chips) 
Seat 9: Wayniak187 ($4.45 in chips) 
volodya7676: posts small blind $0.01
bloody55hawk: posts big blind $0.02
*** HOLE CARDS ***
Dealt to Dorex2007 [Jc 6h]
CHABAK555: folds 
Dorex2007: folds 
Dark 9056: folds 
tolechko: calls $0.02
Wayniak187 has timed out
Wayniak187: folds 
polly727: folds 
roxxyy99: folds 
volodya7676: folds 
bloody55hawk: checks 
*** FLOP *** [7s Qh As]
bloody55hawk: checks 
tolechko: checks 
*** TURN *** [7s Qh As] [2s]
bloody55hawk: checks 
tolechko: bets $0.02
bloody55hawk: calls $0.02
*** RIVER *** [7s Qh As 2s] [2c]
bloody55hawk: checks 
tolechko: bets $0.09
bloody55hawk: folds 
Uncalled bet ($0.09) returned to tolechko
tolechko collected $0.09 from pot
tolechko: doesn't show hand 
*** SUMMARY ***
Total pot $0.09 | Rake $0 
Board [7s Qh As 2s 2c]
Seat 1: polly727 folded before Flop (didn't bet)
Seat 2: roxxyy99 (button) folded before Flop (didn't bet)
Seat 3: volodya7676 (small blind) folded before Flop
Seat 4: bloody55hawk (big blind) folded on the River
Seat 5: CHABAK555 folded before Flop (didn't bet)
Seat 6: Dorex2007 folded before Flop (didn't bet)
Seat 7: Dark 9056 folded before Flop (didn't bet)
Seat 8: tolechko collected ($0.09)
Seat 9: Wayniak187 folded before Flop (didn't bet)



PokerStars Hand #225128829862:  Hold'em No Limit ($0.01/$0.02 USD) - 2021/03/23 22:45:10 PT [2021/03/24 1:45:10 ET]
Table 'Gaviola III' 9-max Seat #3 is the button
Seat 1: polly727 ($2.93 in chips) 
Seat 2: roxxyy99 ($2 in chips) 
Seat 3: volodya7676 ($1.34 in chips) 
Seat 4: bloody55hawk ($0.80 in chips) 
Seat 5: CHABAK555 ($0.84 in chips) 
Seat 6: Dorex2007 ($3.63 in chips) 
Seat 7: Dark 9056 ($1.44 in chips) 
Seat 8: tolechko ($2.02 in chips) 
bloody55hawk: posts small blind $0.01
CHABAK555: posts big blind $0.02
*** HOLE CARDS ***
Dealt to Dorex2007 [2d 6c]
Dorex2007: folds 
Dark 9056: folds 
tolechko: calls $0.02
polly727: folds 
roxxyy99: folds 
volodya7676: folds 
bloody55hawk: folds 
CHABAK555: checks 
*** FLOP *** [5d 9s 9d]
CHABAK555: checks 
tolechko: bets $0.02
CHABAK555: calls $0.02
*** TURN *** [5d 9s 9d] [6d]
CHABAK555: checks 
tolechko: bets $0.02
CHABAK555: calls $0.02
*** RIVER *** [5d 9s 9d 6d] [Js]
CHABAK555: bets $0.02
tolechko: calls $0.02
*** SHOW DOWN ***
CHABAK555: shows [Jc Ac] (two pair, Jacks and Nines)
tolechko: shows [Qd Qh] (two pair, Queens and Nines)
tolechko collected $0.16 from pot
*** SUMMARY ***
Total pot $0.17 | Rake $0.01 
Board [5d 9s 9d 6d Js]
Seat 1: polly727 folded before Flop (didn't bet)
Seat 2: roxxyy99 folded before Flop (didn't bet)
Seat 3: volodya7676 (button) folded before Flop (didn't bet)
Seat 4: bloody55hawk (small blind) folded before Flop
Seat 5: CHABAK555 (big blind) showed [Jc Ac] and lost with two pair, Jacks and Nines
Seat 6: Dorex2007 folded before Flop (didn't bet)
Seat 7: Dark 9056 folded before Flop (didn't bet)
Seat 8: tolechko showed [Qd Qh] and won ($0.16) with two pair, Queens and Nines



PokerStars Hand #225128836177:  Hold'em No Limit ($0.01/$0.02 USD) - 2021/03/23 22:45:50 PT [2021/03/24 1:45:50 ET]
Table 'Gaviola III' 9-max Seat #4 is the button
Seat 1: polly727 ($2.93 in chips) 
Seat 2: roxxyy99 ($2 in chips) 
Seat 3: volodya7676 ($1.34 in chips) 
Seat 4: bloody55hawk ($0.80 in chips) 
Seat 5: CHABAK555 ($0.76 in chips) 
Seat 6: Dorex2007 ($3.63 in chips) 
Seat 7: Dark 9056 ($1.44 in chips) 
Seat 8: tolechko ($2.10 in chips) 
CHABAK555: posts small blind $0.01
Dorex2007: posts big blind $0.02
*** HOLE CARDS ***
Dealt to Dorex2007 [8h Ts]
Dark 9056: folds 
tolechko: calls $0.02
polly727: raises $0.07 to $0.09
roxxyy99: folds 
volodya7676: folds 
bloody55hawk: folds 
CHABAK555: folds 
Dorex2007: folds 
tolechko: folds 
Uncalled bet ($0.07) returned to polly727
polly727 collected $0.07 from pot
polly727: doesn't show hand 
*** SUMMARY ***
Total pot $0.07 | Rake $0 
Seat 1: polly727 collected ($0.07)
Seat 2: roxxyy99 folded before Flop (didn't bet)
Seat 3: volodya7676 folded before Flop (didn't bet)
Seat 4: bloody55hawk (button) folded before Flop (didn't bet)
Seat 5: CHABAK555 (small blind) folded before Flop
Seat 6: Dorex2007 (big blind) folded before Flop
Seat 7: Dark 9056 folded before Flop (didn't bet)
Seat 8: tolechko folded before Flop



PokerStars Hand #225128838836:  Hold'em No Limit ($0.01/$0.02 USD) - 2021/03/23 22:46:07 PT [2021/03/24 1:46:07 ET]
Table 'Gaviola III' 9-max Seat #5 is the button
Seat 1: polly727 ($2.98 in chips) 
Seat 3: volodya7676 ($1.34 in chips) 
Seat 4: bloody55hawk ($0.80 in chips) 
Seat 5: CHABAK555 ($0.75 in chips) 
Seat 6: Dorex2007 ($3.61 in chips) 
Seat 7: Dark 9056 ($1.44 in chips) 
Seat 8: tolechko ($2.08 in chips) 
Dorex2007: posts small blind $0.01
Dark 9056: posts big blind $0.02
*** HOLE CARDS ***
Dealt to Dorex2007 [6s 4h]
tolechko: calls $0.02
polly727: folds 
volodya7676: folds 
bloody55hawk: folds 
CHABAK555: calls $0.02
Dorex2007: folds 
Dark 9056: checks 
*** FLOP *** [Jc 3h Jd]
Dark 9056: checks 
tolechko: checks 
CHABAK555: checks 
*** TURN *** [Jc 3h Jd] [2s]
Dark 9056: bets $0.02
tolechko: folds 
CHABAK555: calls $0.02
*** RIVER *** [Jc 3h Jd 2s] [Th]
Dark 9056: bets $0.06
CHABAK555: raises $0.06 to $0.12
roxxyy99 is disconnected 
Dark 9056: raises $0.16 to $0.28
CHABAK555: raises $0.16 to $0.44
Dark 9056: calls $0.16
*** SHOW DOWN ***
CHABAK555: shows [Jh Td] (a full house, Jacks full of Tens)
Dark 9056: mucks hand 
CHABAK555 collected $0.96 from pot
*** SUMMARY ***
Total pot $0.99 | Rake $0.03 
Board [Jc 3h Jd 2s Th]
Seat 1: polly727 folded before Flop (didn't bet)
Seat 3: volodya7676 folded before Flop (didn't bet)
Seat 4: bloody55hawk folded before Flop (didn't bet)
Seat 5: CHABAK555 (button) showed [Jh Td] and won ($0.96) with a full house, Jacks full of Tens
Seat 6: Dorex2007 (small blind) folded before Flop
Seat 7: Dark 9056 (big blind) mucked [Kd Js]
Seat 8: tolechko folded on the Turn



PokerStars Hand #225128852232:  Hold'em No Limit ($0.01/$0.02 USD) - 2021/03/23 22:47:33 PT [2021/03/24 1:47:33 ET]
Table 'Gaviola III' 9-max Seat #6 is the button
Seat 1: polly727 ($2.98 in chips) 
Seat 3: volodya7676 ($1.34 in chips) 
Seat 4: bloody55hawk ($0.80 in chips) 
Seat 5: CHABAK555 ($1.23 in chips) 
Seat 6: Dorex2007 ($3.60 in chips) 
Seat 7: Dark 9056 ($0.96 in chips) 
Seat 8: tolechko ($2.06 in chips) 
Seat 9: Wayniak187 ($4.45 in chips) 
Dark 9056: posts small blind $0.01
tolechko: posts big blind $0.02
*** HOLE CARDS ***
Dealt to Dorex2007 [5c Qc]
Wayniak187: folds 
polly727: folds 
volodya7676: folds 
bloody55hawk: folds 
CHABAK555: calls $0.02
Dorex2007: folds 
Dark 9056: calls $0.01
tolechko: checks 
*** FLOP *** [Jh Kc Qh]
Dark 9056: checks 
tolechko: checks 
CHABAK555: checks 
*** TURN *** [Jh Kc Qh] [Ks]
Dark 9056: checks 
tolechko: checks 
CHABAK555: checks 
*** RIVER *** [Jh Kc Qh Ks] [8h]
Dark 9056: checks 
tolechko: checks 
roxxyy99 is disconnected 
CHABAK555: checks 
*** SHOW DOWN ***
Dark 9056: shows [5h 4c] (a pair of Kings)
tolechko: shows [As 9h] (a pair of Kings - Ace kicker)
CHABAK555: mucks hand 
tolechko collected $0.06 from pot
*** SUMMARY ***
Total pot $0.06 | Rake $0 
Board [Jh Kc Qh Ks 8h]
Seat 1: polly727 folded before Flop (didn't bet)
Seat 3: volodya7676 folded before Flop (didn't bet)
Seat 4: bloody55hawk folded before Flop (didn't bet)
Seat 5: CHABAK555 mucked [Ts 7s]
Seat 6: Dorex2007 (button) folded before Flop (didn't bet)
Seat 7: Dark 9056 (small blind) showed [5h 4c] and lost with a pair of Kings
Seat 8: tolechko (big blind) showed [As 9h] and won ($0.06) with a pair of Kings
Seat 9: Wayniak187 folded before Flop (didn't bet)



PokerStars Hand #225128861983:  Hold'em No Limit ($0.01/$0.02 USD) - 2021/03/23 22:48:36 PT [2021/03/24 1:48:36 ET]
Table 'Gaviola III' 9-max Seat #7 is the button
Seat 1: polly727 ($2.98 in chips) 
Seat 3: volodya7676 ($1.34 in chips) 
Seat 4: bloody55hawk ($0.80 in chips) 
Seat 5: CHABAK555 ($1.21 in chips) 
Seat 6: Dorex2007 ($3.60 in chips) 
Seat 7: Dark 9056 ($0.94 in chips) 
Seat 8: tolechko ($2.10 in chips) 
Seat 9: Wayniak187 ($4.45 in chips) 
tolechko: posts small blind $0.01
Wayniak187: posts big blind $0.02
*** HOLE CARDS ***
Dealt to Dorex2007 [5h Qh]
polly727: folds 
volodya7676: folds 
bloody55hawk: folds 
CHABAK555: calls $0.02
Dorex2007: folds 
Dark 9056: calls $0.02
tolechko: calls $0.01
Wayniak187: checks 
*** FLOP *** [Td 4s 4c]
tolechko: checks 
Wayniak187: checks 
CHABAK555: checks 
Dark 9056: checks 
*** TURN *** [Td 4s 4c] [Kd]
roxxyy99 is disconnected 
tolechko: checks 
Wayniak187: checks 
CHABAK555: checks 
Dark 9056: checks 
*** RIVER *** [Td 4s 4c Kd] [Qd]
tolechko: bets $0.02
Wayniak187: folds 
CHABAK555: raises $0.02 to $0.04
Dark 9056: folds 
tolechko: calls $0.02
*** SHOW DOWN ***
CHABAK555: shows [Jh Ks] (two pair, Kings and Fours)
tolechko: shows [4h 3s] (three of a kind, Fours)
tolechko collected $0.15 from pot
*** SUMMARY ***
Total pot $0.16 | Rake $0.01 
Board [Td 4s 4c Kd Qd]
Seat 1: polly727 folded before Flop (didn't bet)
Seat 3: volodya7676 folded before Flop (didn't bet)
Seat 4: bloody55hawk folded before Flop (didn't bet)
Seat 5: CHABAK555 showed [Jh Ks] and lost with two pair, Kings and Fours
Seat 6: Dorex2007 folded before Flop (didn't bet)
Seat 7: Dark 9056 (button) folded on the River
Seat 8: tolechko (small blind) showed [4h 3s] and won ($0.15) with three of a kind, Fours
Seat 9: Wayniak187 (big blind) folded on the River



PokerStars Hand #225128885396:  Hold'em No Limit ($0.01/$0.02 USD) - 2021/03/23 22:50:17 PT [2021/03/24 1:50:17 ET]
Table 'Gaviola III' 9-max Seat #8 is the button
Seat 1: polly727 ($2.98 in chips) 
Seat 3: volodya7676 ($1.34 in chips) 
Seat 4: bloody55hawk ($0.80 in chips) 
Seat 5: CHABAK555 ($1.15 in chips) 
Seat 6: Dorex2007 ($3.60 in chips) 
Seat 7: Dark 9056 ($0.92 in chips) 
Seat 8: tolechko ($2.19 in chips) 
Seat 9: Wayniak187 ($4.43 in chips) 
Wayniak187: posts small blind $0.01
polly727: posts big blind $0.02
*** HOLE CARDS ***
Dealt to Dorex2007 [2d 3c]
volodya7676: folds 
bloody55hawk: raises $0.04 to $0.06
CHABAK555: folds 
Dorex2007: folds 
Dark 9056: calls $0.06
tolechko: calls $0.06
Wayniak187: calls $0.05
polly727: folds 
*** FLOP *** [9h 7s Kd]
Wayniak187: checks 
bloody55hawk: checks 
Dark 9056: bets $0.12
tolechko: folds 
Wayniak187: folds 
roxxyy99 is disconnected 
bloody55hawk: folds 
Uncalled bet ($0.12) returned to Dark 9056
Dark 9056 collected $0.25 from pot
Dark 9056: doesn't show hand 
*** SUMMARY ***
Total pot $0.26 | Rake $0.01 
Board [9h 7s Kd]
Seat 1: polly727 (big blind) folded before Flop
Seat 3: volodya7676 folded before Flop (didn't bet)
Seat 4: bloody55hawk folded on the Flop
Seat 5: CHABAK555 folded before Flop (didn't bet)
Seat 6: Dorex2007 folded before Flop (didn't bet)
Seat 7: Dark 9056 collected ($0.25)
Seat 8: tolechko (button) folded on the Flop
Seat 9: Wayniak187 (small blind) folded on the Flop



PokerStars Hand #225128893088:  Hold'em No Limit ($0.01/$0.02 USD) - 2021/03/23 22:51:06 PT [2021/03/24 1:51:06 ET]
Table 'Gaviola III' 9-max Seat #9 is the button
Seat 1: polly727 ($2.96 in chips) 
Seat 4: bloody55hawk ($0.80 in chips) 
Seat 5: CHABAK555 ($1.15 in chips) 
Seat 6: Dorex2007 ($3.60 in chips) 
Seat 7: Dark 9056 ($1.11 in chips) 
Seat 8: tolechko ($2.13 in chips) 
Seat 9: Wayniak187 ($4.37 in chips) 
polly727: posts small blind $0.01
volodya7676: is sitting out 
bloody55hawk: posts big blind $0.02
*** HOLE CARDS ***
Dealt to Dorex2007 [5s 8d]
volodya7676 leaves the table
CHABAK555: calls $0.02
Dorex2007: folds 
Dark 9056: raises $0.05 to $0.07
tolechko: calls $0.07
Wayniak187: calls $0.07
polly727: folds 
roxxyy99 is disconnected 
bloody55hawk: folds 
CHABAK555: folds 
*** FLOP *** [3d 5d 8h]
Dark 9056: bets $0.11
tolechko: calls $0.11
Wayniak187: folds 
*** TURN *** [3d 5d 8h] [9d]
roxxyy99 is disconnected 
Dark 9056: bets $0.20
tolechko: calls $0.20
*** RIVER *** [3d 5d 8h 9d] [7s]
Dark 9056: checks 
tolechko: bets $0.85
Dark 9056: folds 
Uncalled bet ($0.85) returned to tolechko
tolechko collected $0.85 from pot
tolechko: doesn't show hand 
*** SUMMARY ***
Total pot $0.88 | Rake $0.03 
Board [3d 5d 8h 9d 7s]
Seat 1: polly727 (small blind) folded before Flop
Seat 4: bloody55hawk (big blind) folded before Flop
Seat 5: CHABAK555 folded before Flop
Seat 6: Dorex2007 folded before Flop (didn't bet)
Seat 7: Dark 9056 folded on the River
Seat 8: tolechko collected ($0.85)
Seat 9: Wayniak187 (button) folded on the Flop



PokerStars Hand #225128907202:  Hold'em No Limit ($0.01/$0.02 USD) - 2021/03/23 22:52:39 PT [2021/03/24 1:52:39 ET]
Table 'Gaviola III' 9-max Seat #1 is the button
Seat 1: polly727 ($2.95 in chips) 
Seat 4: bloody55hawk ($0.80 in chips) 
Seat 5: CHABAK555 ($1.13 in chips) 
Seat 6: Dorex2007 ($3.60 in chips) 
Seat 7: Dark 9056 ($0.73 in chips) 
Seat 8: tolechko ($2.60 in chips) 
Seat 9: Wayniak187 ($4.30 in chips) 
bloody55hawk: posts small blind $0.01
CHABAK555: posts big blind $0.02
*** HOLE CARDS ***
Dealt to Dorex2007 [5c 3d]
Dorex2007: folds 
Dark 9056: raises $0.04 to $0.06
tolechko: calls $0.06
Wayniak187: calls $0.06
polly727: folds 
bloody55hawk: folds 
CHABAK555: folds 
*** FLOP *** [Qs Tc 8s]
kuznez-ufa joins the table at seat #3 
Dark 9056: checks 
tolechko: bets $0.02
Wayniak187: calls $0.02
Dark 9056: calls $0.02
*** TURN *** [Qs Tc 8s] [4h]
Dark 9056: bets $0.12
tolechko: calls $0.12
Wayniak187: folds 
*** RIVER *** [Qs Tc 8s 4h] [Ad]
Dark 9056: bets $0.25
tolechko: calls $0.25
*** SHOW DOWN ***
Dark 9056: shows [As Js] (a pair of Aces)
tolechko: shows [Th 8h] (two pair, Tens and Eights)
tolechko collected $0.97 from pot
*** SUMMARY ***
Total pot $1.01 | Rake $0.04 
Board [Qs Tc 8s 4h Ad]
Seat 1: polly727 (button) folded before Flop (didn't bet)
Seat 4: bloody55hawk (small blind) folded before Flop
Seat 5: CHABAK555 (big blind) folded before Flop
Seat 6: Dorex2007 folded before Flop (didn't bet)
Seat 7: Dark 9056 showed [As Js] and lost with a pair of Aces
Seat 8: tolechko showed [Th 8h] and won ($0.97) with two pair, Tens and Eights
Seat 9: Wayniak187 folded on the Turn



PokerStars Hand #225128919397:  Hold'em No Limit ($0.01/$0.02 USD) - 2021/03/23 22:54:00 PT [2021/03/24 1:54:00 ET]
Table 'Gaviola III' 9-max Seat #4 is the button
Seat 1: polly727 ($2.95 in chips) 
Seat 2: roxxyy99 ($2 in chips) 
Seat 3: kuznez-ufa ($0.80 in chips) 
Seat 4: bloody55hawk ($0.80 in chips) 
Seat 5: CHABAK555 ($1.11 in chips) 
Seat 6: Dorex2007 ($3.60 in chips) 
Seat 7: Dark 9056 ($0.28 in chips) 
Seat 8: tolechko ($3.12 in chips) 
Seat 9: Wayniak187 ($4.22 in chips) 
CHABAK555: posts small blind $0.01
Dorex2007: posts big blind $0.02
roxxyy99: posts small & big blinds $0.03
kuznez-ufa: posts big blind $0.02
*** HOLE CARDS ***
Dealt to Dorex2007 [6c Ts]
Dark 9056: folds 
tolechko: calls $0.02
Wayniak187: folds 
polly727: raises $0.12 to $0.14
roxxyy99: folds 
kuznez-ufa: folds 
bloody55hawk: folds 
CHABAK555: folds 
Dorex2007: folds 
tolechko: calls $0.12
*** FLOP *** [Th 9h 6d]
tolechko: checks 
polly727: bets $0.18
tolechko: calls $0.18
*** TURN *** [Th 9h 6d] [5d]
tolechko: checks 
polly727: checks 
*** RIVER *** [Th 9h 6d 5d] [Kc]
tolechko: bets $0.34
polly727: folds 
Uncalled bet ($0.34) returned to tolechko
tolechko collected $0.69 from pot
tolechko: doesn't show hand 
*** SUMMARY ***
Total pot $0.72 | Rake $0.03 
Board [Th 9h 6d 5d Kc]
Seat 1: polly727 folded on the River
Seat 2: roxxyy99 folded before Flop (didn't bet)
Seat 3: kuznez-ufa folded before Flop (didn't bet)
Seat 4: bloody55hawk (button) folded before Flop (didn't bet)
Seat 5: CHABAK555 (small blind) folded before Flop
Seat 6: Dorex2007 (big blind) folded before Flop
Seat 7: Dark 9056 folded before Flop (didn't bet)
Seat 8: tolechko collected ($0.69)
Seat 9: Wayniak187 folded before Flop (didn't bet)



PokerStars Hand #225128927124:  Hold'em No Limit ($0.01/$0.02 USD) - 2021/03/23 22:54:51 PT [2021/03/24 1:54:51 ET]
Table 'Gaviola III' 9-max Seat #5 is the button
Seat 1: polly727 ($2.63 in chips) 
Seat 2: roxxyy99 ($2 in chips) 
Seat 3: kuznez-ufa ($0.78 in chips) 
Seat 4: bloody55hawk ($0.80 in chips) 
Seat 5: CHABAK555 ($1.10 in chips) 
Seat 6: Dorex2007 ($3.58 in chips) 
Seat 7: Dark 9056 ($0.28 in chips) 
Seat 8: tolechko ($3.49 in chips) 
Seat 9: Wayniak187 ($4.22 in chips) 
Dorex2007: posts small blind $0.01
Dark 9056: posts big blind $0.02
*** HOLE CARDS ***
Dealt to Dorex2007 [Js 6h]
tolechko: calls $0.02
Wayniak187: raises $0.04 to $0.06
polly727: calls $0.06
roxxyy99: folds 
kuznez-ufa: folds 
bloody55hawk: folds 
CHABAK555: folds 
Dorex2007: folds 
Dark 9056: folds 
tolechko: calls $0.04
*** FLOP *** [7h 7d Kc]
tolechko: checks 
Wayniak187: checks 
polly727: checks 
*** TURN *** [7h 7d Kc] [5s]
tolechko: checks 
Wayniak187: bets $0.10
polly727: folds 
tolechko: folds 
Uncalled bet ($0.10) returned to Wayniak187
Wayniak187 collected $0.20 from pot
Wayniak187: doesn't show hand 
*** SUMMARY ***
Total pot $0.21 | Rake $0.01 
Board [7h 7d Kc 5s]
Seat 1: polly727 folded on the Turn
Seat 2: roxxyy99 folded before Flop (didn't bet)
Seat 3: kuznez-ufa folded before Flop (didn't bet)
Seat 4: bloody55hawk folded before Flop (didn't bet)
Seat 5: CHABAK555 (button) folded before Flop (didn't bet)
Seat 6: Dorex2007 (small blind) folded before Flop
Seat 7: Dark 9056 (big blind) folded before Flop
Seat 8: tolechko folded on the Turn
Seat 9: Wayniak187 collected ($0.20)



PokerStars Hand #225128932028:  Hold'em No Limit ($0.01/$0.02 USD) - 2021/03/23 22:55:26 PT [2021/03/24 1:55:26 ET]
Table 'Gaviola III' 9-max Seat #6 is the button
Seat 1: polly727 ($2.57 in chips) 
Seat 2: roxxyy99 ($2 in chips) 
Seat 4: bloody55hawk ($0.80 in chips) 
Seat 5: CHABAK555 ($1.10 in chips) 
Seat 6: Dorex2007 ($3.57 in chips) 
Seat 7: Dark 9056 ($0.26 in chips) 
Seat 8: tolechko ($3.43 in chips) 
Seat 9: Wayniak187 ($4.36 in chips) 
Dark 9056: posts small blind $0.01
tolechko: posts big blind $0.02
*** HOLE CARDS ***
Dealt to Dorex2007 [4c Kc]
Wayniak187 has timed out
Wayniak187: folds 
polly727: folds 
roxxyy99: folds 
bloody55hawk: folds 
CHABAK555: raises $0.02 to $0.04
Dorex2007: folds 
Dark 9056: folds 
tolechko: calls $0.02
*** FLOP *** [2c 4s 3d]
tolechko: checks 
CHABAK555: checks 
*** TURN *** [2c 4s 3d] [Ac]
tolechko: bets $0.02
CHABAK555: calls $0.02
*** RIVER *** [2c 4s 3d Ac] [Kd]
tolechko: bets $0.02
CHABAK555: raises $0.12 to $0.14
tolechko: calls $0.12
*** SHOW DOWN ***
CHABAK555: shows [Ad Kh] (two pair, Aces and Kings)
tolechko: mucks hand 
CHABAK555 collected $0.40 from pot
*** SUMMARY ***
Total pot $0.41 | Rake $0.01 
Board [2c 4s 3d Ac Kd]
Seat 1: polly727 folded before Flop (didn't bet)
Seat 2: roxxyy99 folded before Flop (didn't bet)
Seat 4: bloody55hawk folded before Flop (didn't bet)
Seat 5: CHABAK555 showed [Ad Kh] and won ($0.40) with two pair, Aces and Kings
Seat 6: Dorex2007 (button) folded before Flop (didn't bet)
Seat 7: Dark 9056 (small blind) folded before Flop
Seat 8: tolechko (big blind) mucked [As 8c]
Seat 9: Wayniak187 folded before Flop (didn't bet)



PokerStars Hand #225128937037:  Hold'em No Limit ($0.01/$0.02 USD) - 2021/03/23 22:56:04 PT [2021/03/24 1:56:04 ET]
Table 'Gaviola III' 9-max Seat #7 is the button
Seat 1: polly727 ($2.57 in chips) 
Seat 2: roxxyy99 ($2 in chips) 
Seat 4: bloody55hawk ($0.80 in chips) 
Seat 5: CHABAK555 ($1.30 in chips) 
Seat 6: Dorex2007 ($3.57 in chips) 
Seat 7: Dark 9056 ($0.25 in chips) 
Seat 8: tolechko ($3.23 in chips) 
Seat 9: Wayniak187 ($4.36 in chips) 
tolechko: posts small blind $0.01
Wayniak187: posts big blind $0.02
*** HOLE CARDS ***
Dealt to Dorex2007 [5h 7s]
polly727: folds 
roxxyy99: folds 
bloody55hawk: folds 
CHABAK555: folds 
Dorex2007: folds 
Dark 9056: folds 
tolechko: calls $0.01
Wayniak187: checks 
*** FLOP *** [Ts 3s Td]
tolechko: bets $0.02
Wayniak187: folds 
Uncalled bet ($0.02) returned to tolechko
tolechko collected $0.04 from pot
tolechko: doesn't show hand 
*** SUMMARY ***
Total pot $0.04 | Rake $0 
Board [Ts 3s Td]
Seat 1: polly727 folded before Flop (didn't bet)
Seat 2: roxxyy99 folded before Flop (didn't bet)
Seat 4: bloody55hawk folded before Flop (didn't bet)
Seat 5: CHABAK555 folded before Flop (didn't bet)
Seat 6: Dorex2007 folded before Flop (didn't bet)
Seat 7: Dark 9056 (button) folded before Flop (didn't bet)
Seat 8: tolechko (small blind) collected ($0.04)
Seat 9: Wayniak187 (big blind) folded on the Flop



PokerStars Hand #225128939684:  Hold'em No Limit ($0.01/$0.02 USD) - 2021/03/23 22:56:25 PT [2021/03/24 1:56:25 ET]
Table 'Gaviola III' 9-max Seat #8 is the button
Seat 1: polly727 ($2.57 in chips) 
Seat 2: roxxyy99 ($2 in chips) 
Seat 4: bloody55hawk ($0.80 in chips) 
Seat 5: CHABAK555 ($1.30 in chips) 
Seat 6: Dorex2007 ($3.57 in chips) 
Seat 7: Dark 9056 ($0.25 in chips) 
Seat 8: tolechko ($3.25 in chips) 
Seat 9: Wayniak187 ($4.34 in chips) 
Wayniak187: posts small blind $0.01
polly727: posts big blind $0.02
*** HOLE CARDS ***
Dealt to Dorex2007 [9c Ad]
roxxyy99: folds 
bloody55hawk: folds 
roxxyy99 leaves the table
CHABAK555: folds 
Dorex2007: folds 
Dark 9056: folds 
tolechko: calls $0.02
Donenko345 joins the table at seat #2 
Wayniak187: calls $0.01
polly727: checks 
*** FLOP *** [9s 5s 4c]
Wayniak187: checks 
polly727: checks 
tolechko: bets $0.02
Wayniak187: calls $0.02
polly727: calls $0.02
*** TURN *** [9s 5s 4c] [5h]
Wayniak187: checks 
polly727: checks 
tolechko: checks 
*** RIVER *** [9s 5s 4c 5h] [7c]
Wayniak187: checks 
polly727: checks 
tolechko: bets $0.02
Wayniak187: calls $0.02
polly727: folds 
*** SHOW DOWN ***
tolechko: shows [4s 7h] (two pair, Sevens and Fives)
Wayniak187: shows [7s Td] (two pair, Sevens and Fives - Ten kicker)
Wayniak187 collected $0.15 from pot
*** SUMMARY ***
Total pot $0.16 | Rake $0.01 
Board [9s 5s 4c 5h 7c]
Seat 1: polly727 (big blind) folded on the River
Seat 2: roxxyy99 folded before Flop (didn't bet)
Seat 4: bloody55hawk folded before Flop (didn't bet)
Seat 5: CHABAK555 folded before Flop (didn't bet)
Seat 6: Dorex2007 folded before Flop (didn't bet)
Seat 7: Dark 9056 folded before Flop (didn't bet)
Seat 8: tolechko (button) showed [4s 7h] and lost with two pair, Sevens and Fives
Seat 9: Wayniak187 (small blind) showed [7s Td] and won ($0.15) with two pair, Sevens and Fives



PokerStars Hand #225128949392:  Hold'em No Limit ($0.01/$0.02 USD) - 2021/03/23 22:57:38 PT [2021/03/24 1:57:38 ET]
Table 'Gaviola III' 9-max Seat #9 is the button
Seat 1: polly727 ($2.53 in chips) 
Seat 2: Donenko345 ($1 in chips) 
Seat 4: bloody55hawk ($0.80 in chips) 
Seat 5: CHABAK555 ($1.30 in chips) 
Seat 6: Dorex2007 ($3.57 in chips) 
Seat 7: Dark 9056 ($0.25 in chips) 
Seat 8: tolechko ($3.19 in chips) 
Seat 9: Wayniak187 ($4.43 in chips) 
polly727: posts small blind $0.01
Donenko345: posts big blind $0.02
*** HOLE CARDS ***
Dealt to Dorex2007 [2c 6s]
bloody55hawk: folds 
CHABAK555: calls $0.02
Dorex2007: folds 
Dark 9056: folds 
tolechko: calls $0.02
Wayniak187: raises $0.04 to $0.06
polly727: folds 
Donenko345: folds 
CHABAK555: calls $0.04
tolechko: calls $0.04
*** FLOP *** [3s 4c Qh]
CHABAK555: checks 
tolechko: checks 
Wayniak187: checks 
*** TURN *** [3s 4c Qh] [7s]
CHABAK555: checks 
tolechko: bets $0.02
Wayniak187: calls $0.02
CHABAK555: calls $0.02
*** RIVER *** [3s 4c Qh 7s] [4s]
CHABAK555: checks 
tolechko: bets $0.02
Wayniak187: folds 
CHABAK555: calls $0.02
*** SHOW DOWN ***
tolechko: shows [Ah 7h] (two pair, Sevens and Fours)
CHABAK555: mucks hand 
tolechko collected $0.30 from pot
*** SUMMARY ***
Total pot $0.31 | Rake $0.01 
Board [3s 4c Qh 7s 4s]
Seat 1: polly727 (small blind) folded before Flop
Seat 2: Donenko345 (big blind) folded before Flop
Seat 4: bloody55hawk folded before Flop (didn't bet)
Seat 5: CHABAK555 mucked [6h As]
Seat 6: Dorex2007 folded before Flop (didn't bet)
Seat 7: Dark 9056 folded before Flop (didn't bet)
Seat 8: tolechko showed [Ah 7h] and won ($0.30) with two pair, Sevens and Fours
Seat 9: Wayniak187 (button) folded on the River



PokerStars Hand #225128957667:  Hold'em No Limit ($0.01/$0.02 USD) - 2021/03/23 22:58:40 PT [2021/03/24 1:58:40 ET]
Table 'Gaviola III' 9-max Seat #1 is the button
Seat 1: polly727 ($2.52 in chips) 
Seat 2: Donenko345 ($1 in chips) 
Seat 4: bloody55hawk ($0.80 in chips) 
Seat 5: CHABAK555 ($1.20 in chips) 
Seat 6: Dorex2007 ($3.57 in chips) 
Seat 7: Dark 9056 ($0.25 in chips) 
Seat 8: tolechko ($3.39 in chips) 
Seat 9: Wayniak187 ($4.35 in chips) 
Donenko345: posts small blind $0.01
bloody55hawk: posts big blind $0.02
*** HOLE CARDS ***
Dealt to Dorex2007 [4h 4c]
CHABAK555: folds 
Dorex2007: folds 
Dark 9056: folds 
tolechko: calls $0.02
Wayniak187: folds 
polly727: folds 
Donenko345: folds 
bloody55hawk: checks 
*** FLOP *** [Ac Jd Jc]
bloody55hawk: checks 
tolechko: bets $0.02
bloody55hawk: folds 
Uncalled bet ($0.02) returned to tolechko
tolechko collected $0.05 from pot
tolechko: doesn't show hand 
*** SUMMARY ***
Total pot $0.05 | Rake $0 
Board [Ac Jd Jc]
Seat 1: polly727 (button) folded before Flop (didn't bet)
Seat 2: Donenko345 (small blind) folded before Flop
Seat 4: bloody55hawk (big blind) folded on the Flop
Seat 5: CHABAK555 folded before Flop (didn't bet)
Seat 6: Dorex2007 folded before Flop (didn't bet)
Seat 7: Dark 9056 folded before Flop (didn't bet)
Seat 8: tolechko collected ($0.05)
Seat 9: Wayniak187 folded before Flop (didn't bet)



PokerStars Hand #225128961545:  Hold'em No Limit ($0.01/$0.02 USD) - 2021/03/23 22:59:09 PT [2021/03/24 1:59:09 ET]
Table 'Gaviola III' 9-max Seat #2 is the button
Seat 1: polly727 ($2.52 in chips) 
Seat 2: Donenko345 ($1 in chips) 
Seat 4: bloody55hawk ($0.80 in chips) 
Seat 5: CHABAK555 ($1.20 in chips) 
Seat 6: Dorex2007 ($3.57 in chips) 
Seat 7: Dark 9056 ($0.25 in chips) 
Seat 8: tolechko ($3.42 in chips) 
Seat 9: Wayniak187 ($4.35 in chips) 
bloody55hawk: posts small blind $0.01
CHABAK555: posts big blind $0.02
*** HOLE CARDS ***
Dealt to Dorex2007 [9h 8c]
Dorex2007: folds 
Dark 9056: folds 
tolechko: calls $0.02
Wayniak187 has timed out
Wayniak187: folds 
polly727: folds 
Donenko345: raises $0.03 to $0.05
bloody55hawk: folds 
CHABAK555: calls $0.03
tolechko: calls $0.03
*** FLOP *** [5c 2s 5d]
CHABAK555: checks 
tolechko: bets $0.02
Donenko345: folds 
CHABAK555: calls $0.02
*** TURN *** [5c 2s 5d] [6c]
CHABAK555: checks 
tolechko: bets $0.09
CHABAK555: folds 
Uncalled bet ($0.09) returned to tolechko
tolechko collected $0.19 from pot
tolechko: doesn't show hand 
*** SUMMARY ***
Total pot $0.20 | Rake $0.01 
Board [5c 2s 5d 6c]
Seat 1: polly727 folded before Flop (didn't bet)
Seat 2: Donenko345 (button) folded on the Flop
Seat 4: bloody55hawk (small blind) folded before Flop
Seat 5: CHABAK555 (big blind) folded on the Turn
Seat 6: Dorex2007 folded before Flop (didn't bet)
Seat 7: Dark 9056 folded before Flop (didn't bet)
Seat 8: tolechko collected ($0.19)
Seat 9: Wayniak187 folded before Flop (didn't bet)



PokerStars Hand #225128967554:  Hold'em No Limit ($0.01/$0.02 USD) - 2021/03/23 22:59:54 PT [2021/03/24 1:59:54 ET]
Table 'Gaviola III' 9-max Seat #4 is the button
Seat 1: polly727 ($2.52 in chips) 
Seat 2: Donenko345 ($1 in chips) 
Seat 4: bloody55hawk ($0.80 in chips) 
Seat 5: CHABAK555 ($1.13 in chips) 
Seat 6: Dorex2007 ($3.57 in chips) 
Seat 7: Dark 9056 ($0.25 in chips) 
Seat 8: tolechko ($3.54 in chips) 
CHABAK555: posts small blind $0.01
Dorex2007: posts big blind $0.02
*** HOLE CARDS ***
Dealt to Dorex2007 [Ah Qh]
Dark 9056: folds 
tolechko: calls $0.02
polly727: raises $0.07 to $0.09
Donenko345: folds 
bloody55hawk: folds 
CHABAK555: folds 
Dorex2007: calls $0.07
tolechko: calls $0.07
*** FLOP *** [6d 3d Kd]
Dorex2007: checks 
tolechko: bets $0.13
polly727: folds 
Dorex2007: folds 
Uncalled bet ($0.13) returned to tolechko
tolechko collected $0.27 from pot
tolechko: doesn't show hand 
*** SUMMARY ***
Total pot $0.28 | Rake $0.01 
Board [6d 3d Kd]
Seat 1: polly727 folded on the Flop
Seat 2: Donenko345 folded before Flop (didn't bet)
Seat 4: bloody55hawk (button) folded before Flop (didn't bet)
Seat 5: CHABAK555 (small blind) folded before Flop
Seat 6: Dorex2007 (big blind) folded on the Flop
Seat 7: Dark 9056 folded before Flop (didn't bet)
Seat 8: tolechko collected ($0.27)



PokerStars Hand #225128972639:  Hold'em No Limit ($0.01/$0.02 USD) - 2021/03/23 23:00:30 PT [2021/03/24 2:00:30 ET]
Table 'Gaviola III' 9-max Seat #5 is the button
Seat 1: polly727 ($2.43 in chips) 
Seat 2: Donenko345 ($1 in chips) 
Seat 4: bloody55hawk ($0.80 in chips) 
Seat 5: CHABAK555 ($1.12 in chips) 
Seat 6: Dorex2007 ($3.48 in chips) 
Seat 8: tolechko ($3.72 in chips) 
Dorex2007: posts small blind $0.01
Dark 9056: is sitting out 
tolechko: posts big blind $0.02
*** HOLE CARDS ***
Dealt to Dorex2007 [2s 5s]
polly727: folds 
Donenko345: folds 
bloody55hawk: folds 
Dark 9056 leaves the table
CHABAK555: calls $0.02
Dorex2007: folds 
tolechko: checks 
*** FLOP *** [9d 3d 9s]
AAB59 joins the table at seat #7 
tolechko: bets $0.02
CHABAK555: calls $0.02
*** TURN *** [9d 3d 9s] [Th]
tolechko: bets $0.02
CHABAK555: calls $0.02
*** RIVER *** [9d 3d 9s Th] [2c]
tolechko: bets $0.02
CHABAK555: calls $0.02
*** SHOW DOWN ***
tolechko: shows [Td 4c] (two pair, Tens and Nines)
CHABAK555: mucks hand 
tolechko collected $0.16 from pot
*** SUMMARY ***
Total pot $0.17 | Rake $0.01 
Board [9d 3d 9s Th 2c]
Seat 1: polly727 folded before Flop (didn't bet)
Seat 2: Donenko345 folded before Flop (didn't bet)
Seat 4: bloody55hawk folded before Flop (didn't bet)
Seat 5: CHABAK555 (button) mucked [Ac 7c]
Seat 6: Dorex2007 (small blind) folded before Flop
Seat 8: tolechko (big blind) showed [Td 4c] and won ($0.16) with two pair, Tens and Nines



PokerStars Hand #225128976356:  Hold'em No Limit ($0.01/$0.02 USD) - 2021/03/23 23:00:56 PT [2021/03/24 2:00:56 ET]
Table 'Gaviola III' 9-max Seat #6 is the button
Seat 1: polly727 ($2.43 in chips) 
Seat 2: Donenko345 ($1 in chips) 
Seat 4: bloody55hawk ($0.80 in chips) 
Seat 5: CHABAK555 ($1.04 in chips) 
Seat 6: Dorex2007 ($3.47 in chips) 
Seat 8: tolechko ($3.80 in chips) 
tolechko: posts small blind $0.01
polly727: posts big blind $0.02
*** HOLE CARDS ***
Dealt to Dorex2007 [2c 7s]
Donenko345: folds 
bloody55hawk: folds 
CHABAK555: calls $0.02
Dorex2007: folds 
tolechko: calls $0.01
polly727: checks 
*** FLOP *** [6h 2d 6c]
tolechko: bets $0.02
polly727: calls $0.02
CHABAK555: folds 
*** TURN *** [6h 2d 6c] [9c]
tolechko: bets $0.02
polly727: calls $0.02
*** RIVER *** [6h 2d 6c 9c] [2s]
tolechko: bets $0.02
polly727: raises $2.35 to $2.37 and is all-in
tolechko: folds 
Uncalled bet ($2.35) returned to polly727
polly727 collected $0.17 from pot
polly727: doesn't show hand 
*** SUMMARY ***
Total pot $0.18 | Rake $0.01 
Board [6h 2d 6c 9c 2s]
Seat 1: polly727 (big blind) collected ($0.17)
Seat 2: Donenko345 folded before Flop (didn't bet)
Seat 4: bloody55hawk folded before Flop (didn't bet)
Seat 5: CHABAK555 folded on the Flop
Seat 6: Dorex2007 (button) folded before Flop (didn't bet)
Seat 8: tolechko (small blind) folded on the River



PokerStars Hand #225128982990:  Hold'em No Limit ($0.01/$0.02 USD) - 2021/03/23 23:01:38 PT [2021/03/24 2:01:38 ET]
Table 'Gaviola III' 9-max Seat #8 is the button
Seat 1: polly727 ($2.52 in chips) 
Seat 2: Donenko345 ($1 in chips) 
Seat 4: bloody55hawk ($0.80 in chips) 
Seat 5: CHABAK555 ($1.02 in chips) 
Seat 6: Dorex2007 ($3.47 in chips) 
Seat 7: AAB59 ($2 in chips) 
Seat 8: tolechko ($3.72 in chips) 
polly727: posts small blind $0.01
Donenko345: posts big blind $0.02
AAB59: posts big blind $0.02
*** HOLE CARDS ***
Dealt to Dorex2007 [5c 8h]
bloody55hawk: folds 
CHABAK555: folds 
Dorex2007: folds 
AAB59: checks 
tolechko: calls $0.02
polly727: folds 
Donenko345: checks 
*** FLOP *** [Kd 6d Tc]
Donenko345: checks 
AAB59: bets $0.02
tolechko: calls $0.02
Donenko345: folds 
*** TURN *** [Kd 6d Tc] [Ts]
AAB59: checks 
tolechko: bets $0.02
AAB59: calls $0.02
*** RIVER *** [Kd 6d Tc Ts] [4s]
AAB59: checks 
tolechko: bets $0.07
AAB59: folds 
Uncalled bet ($0.07) returned to tolechko
tolechko collected $0.14 from pot
tolechko: doesn't show hand 
*** SUMMARY ***
Total pot $0.15 | Rake $0.01 
Board [Kd 6d Tc Ts 4s]
Seat 1: polly727 (small blind) folded before Flop
Seat 2: Donenko345 (big blind) folded on the Flop
Seat 4: bloody55hawk folded before Flop (didn't bet)
Seat 5: CHABAK555 folded before Flop (didn't bet)
Seat 6: Dorex2007 folded before Flop (didn't bet)
Seat 7: AAB59 folded on the River
Seat 8: tolechko (button) collected ($0.14)



PokerStars Hand #225128988513:  Hold'em No Limit ($0.01/$0.02 USD) - 2021/03/23 23:02:15 PT [2021/03/24 2:02:15 ET]
Table 'Gaviola III' 9-max Seat #1 is the button
Seat 1: polly727 ($2.51 in chips) 
Seat 2: Donenko345 ($1 in chips) 
Seat 3: kuznez-ufa ($0.78 in chips) 
Seat 4: bloody55hawk ($0.80 in chips) 
Seat 5: CHABAK555 ($1.02 in chips) 
Seat 6: Dorex2007 ($3.47 in chips) 
Seat 7: AAB59 ($2 in chips) 
Seat 8: tolechko ($3.80 in chips) 
Donenko345: posts small blind $0.01
kuznez-ufa: posts big blind $0.02
*** HOLE CARDS ***
Dealt to Dorex2007 [8s 4s]
bloody55hawk: folds 
CHABAK555: folds 
Dorex2007: folds 
AAB59: folds 
tolechko: calls $0.02
polly727: folds 
Donenko345: folds 
kuznez-ufa: checks 
*** FLOP *** [Kd 7h 3s]
kuznez-ufa: checks 
tolechko: bets $0.02
kuznez-ufa: folds 
Uncalled bet ($0.02) returned to tolechko
tolechko collected $0.05 from pot
tolechko: doesn't show hand 
*** SUMMARY ***
Total pot $0.05 | Rake $0 
Board [Kd 7h 3s]
Seat 1: polly727 (button) folded before Flop (didn't bet)
Seat 2: Donenko345 (small blind) folded before Flop
Seat 3: kuznez-ufa (big blind) folded on the Flop
Seat 4: bloody55hawk folded before Flop (didn't bet)
Seat 5: CHABAK555 folded before Flop (didn't bet)
Seat 6: Dorex2007 folded before Flop (didn't bet)
Seat 7: AAB59 folded before Flop (didn't bet)
Seat 8: tolechko collected ($0.05)



PokerStars Hand #225128995192:  Hold'em No Limit ($0.01/$0.02 USD) - 2021/03/23 23:02:59 PT [2021/03/24 2:02:59 ET]
Table 'Gaviola III' 9-max Seat #2 is the button
Seat 1: polly727 ($2.51 in chips) 
Seat 2: Donenko345 ($1 in chips) 
Seat 3: kuznez-ufa ($0.76 in chips) 
Seat 4: bloody55hawk ($0.80 in chips) 
Seat 5: CHABAK555 ($1.02 in chips) 
Seat 6: Dorex2007 ($3.47 in chips) 
Seat 7: AAB59 ($2 in chips) 
Seat 8: tolechko ($3.83 in chips) 
Seat 9: Wayniak187 ($4.35 in chips) 
kuznez-ufa: posts small blind $0.01
bloody55hawk: posts big blind $0.02
Wayniak187: posts small & big blinds $0.03
*** HOLE CARDS ***
Dealt to Dorex2007 [8d 5h]
CHABAK555: calls $0.02
Dorex2007: folds 
AAB59: folds 
tolechko: calls $0.02
Wayniak187: checks 
polly727: folds 
Donenko345: folds 
kuznez-ufa: folds 
bloody55hawk: checks 
*** FLOP *** [8h Ah 5d]
bloody55hawk: checks 
CHABAK555: checks 
tolechko: bets $0.02
Wayniak187: calls $0.02
bloody55hawk: folds 
CHABAK555: calls $0.02
*** TURN *** [8h Ah 5d] [Jh]
CHABAK555: checks 
tolechko: bets $0.02
Wayniak187: folds 
CHABAK555: calls $0.02
*** RIVER *** [8h Ah 5d Jh] [6d]
CHABAK555: checks 
tolechko: bets $0.02
CHABAK555: raises $0.10 to $0.12
tolechko: calls $0.10
*** SHOW DOWN ***
CHABAK555: shows [Ac Th] (a pair of Aces)
tolechko: shows [Ad Qs] (a pair of Aces - Queen kicker)
tolechko collected $0.42 from pot
*** SUMMARY ***
Total pot $0.44 | Rake $0.02 
Board [8h Ah 5d Jh 6d]
Seat 1: polly727 folded before Flop (didn't bet)
Seat 2: Donenko345 (button) folded before Flop (didn't bet)
Seat 3: kuznez-ufa (small blind) folded before Flop
Seat 4: bloody55hawk (big blind) folded on the Flop
Seat 5: CHABAK555 showed [Ac Th] and lost with a pair of Aces
Seat 6: Dorex2007 folded before Flop (didn't bet)
Seat 7: AAB59 folded before Flop (didn't bet)
Seat 8: tolechko showed [Ad Qs] and won ($0.42) with a pair of Aces
Seat 9: Wayniak187 folded on the Turn



