PokerStars Hand #237752206990:  Hold'em No Limit ($0.02/$0.05 USD) - 2022/08/02 15:17:39 PT [2022/08/02 18:17:39 ET]
Table 'Virton II' 9-max Seat #3 is the button
Seat 1: jamesjbdjim ($5.89 in chips) 
Seat 2: Dorex2007 ($5 in chips) 
Seat 3: eurosmile505 ($6.43 in chips) 
Seat 5: AnderEj ($10.37 in chips) 
Seat 6: X==Red 5==X ($9.23 in chips) 
Seat 7: dealgoe5 ($3.50 in chips) 
Seat 8: daro506 ($8.60 in chips) 
AnderEj: posts small blind $0.02
X==Red 5==X: posts big blind $0.05
Dorex2007: posts big blind $0.05
*** HOLE CARDS ***
Dealt to Dorex2007 [Jc 2h]
dealgoe5: folds 
daro506: folds 
jamesjbdjim: raises $0.10 to $0.15
Dorex2007: folds 
eurosmile505: folds 
AnderEj: folds 
X==Red 5==X: folds 
Uncalled bet ($0.10) returned to jamesjbdjim
jamesjbdjim collected $0.17 from pot
*** SUMMARY ***
Total pot $0.17 | Rake $0 
Seat 1: jamesjbdjim collected ($0.17)
Seat 2: Dorex2007 folded before Flop (didn't bet)
Seat 3: eurosmile505 (button) folded before Flop (didn't bet)
Seat 5: AnderEj (small blind) folded before Flop
Seat 6: X==Red 5==X (big blind) folded before Flop
Seat 7: dealgoe5 folded before Flop (didn't bet)
Seat 8: daro506 folded before Flop (didn't bet)



PokerStars Hand #237752214917:  Hold'em No Limit ($0.02/$0.05 USD) - 2022/08/02 15:18:03 PT [2022/08/02 18:18:03 ET]
Table 'Virton II' 9-max Seat #5 is the button
Seat 1: jamesjbdjim ($6.01 in chips) 
Seat 2: Dorex2007 ($5 in chips) 
Seat 3: eurosmile505 ($6.43 in chips) 
Seat 5: AnderEj ($10.35 in chips) 
Seat 6: X==Red 5==X ($9.18 in chips) 
Seat 7: dealgoe5 ($3.50 in chips) 
Seat 8: daro506 ($8.60 in chips) 
X==Red 5==X: posts small blind $0.02
dealgoe5: posts big blind $0.05
*** HOLE CARDS ***
Dealt to Dorex2007 [Ts 4h]
daro506 has timed out
daro506: folds 
jamesjbdjim: folds 
JukaGTS joins the table at seat #9 
shtshot250 joins the table at seat #4 
Dorex2007: folds 
eurosmile505: folds 
AnderEj: folds 
X==Red 5==X: folds 
Uncalled bet ($0.03) returned to dealgoe5
dealgoe5 collected $0.04 from pot
dealgoe5: doesn't show hand 
*** SUMMARY ***
Total pot $0.04 | Rake $0 
Seat 1: jamesjbdjim folded before Flop (didn't bet)
Seat 2: Dorex2007 folded before Flop (didn't bet)
Seat 3: eurosmile505 folded before Flop (didn't bet)
Seat 5: AnderEj (button) folded before Flop (didn't bet)
Seat 6: X==Red 5==X (small blind) folded before Flop
Seat 7: dealgoe5 (big blind) collected ($0.04)
Seat 8: daro506 folded before Flop (didn't bet)



PokerStars Hand #237752225566:  Hold'em No Limit ($0.02/$0.05 USD) - 2022/08/02 15:18:35 PT [2022/08/02 18:18:35 ET]
Table 'Virton II' 9-max Seat #6 is the button
Seat 1: jamesjbdjim ($6.01 in chips) 
Seat 2: Dorex2007 ($5 in chips) 
Seat 3: eurosmile505 ($6.43 in chips) 
Seat 4: shtshot250 ($4 in chips) 
Seat 5: AnderEj ($10.35 in chips) 
Seat 6: X==Red 5==X ($9.16 in chips) 
Seat 7: dealgoe5 ($3.52 in chips) 
Seat 8: daro506 ($8.60 in chips) 
dealgoe5: posts small blind $0.02
daro506: posts big blind $0.05
JukaGTS: sits out 
shtshot250: posts big blind $0.05
*** HOLE CARDS ***
Dealt to Dorex2007 [2d Th]
jamesjbdjim: folds 
Dorex2007: folds 
eurosmile505: folds 
shtshot250: checks 
AnderEj: folds 
X==Red 5==X: raises $0.17 to $0.22
dealgoe5: folds 
daro506: folds 
shtshot250: calls $0.17
*** FLOP *** [9h 9c 6c]
shtshot250: checks 
X==Red 5==X: bets $0.30
shtshot250: calls $0.30
*** TURN *** [9h 9c 6c] [6d]
shtshot250: checks 
X==Red 5==X: checks 
*** RIVER *** [9h 9c 6c 6d] [3c]
shtshot250: checks 
X==Red 5==X: checks 
*** SHOW DOWN ***
shtshot250: shows [Ts Qc] (two pair, Nines and Sixes)
X==Red 5==X: shows [Tc Ah] (two pair, Nines and Sixes - Ace kicker)
X==Red 5==X collected $1.06 from pot
*** SUMMARY ***
Total pot $1.11 | Rake $0.05 
Board [9h 9c 6c 6d 3c]
Seat 1: jamesjbdjim folded before Flop (didn't bet)
Seat 2: Dorex2007 folded before Flop (didn't bet)
Seat 3: eurosmile505 folded before Flop (didn't bet)
Seat 4: shtshot250 showed [Ts Qc] and lost with two pair, Nines and Sixes
Seat 5: AnderEj folded before Flop (didn't bet)
Seat 6: X==Red 5==X (button) showed [Tc Ah] and won ($1.06) with two pair, Nines and Sixes
Seat 7: dealgoe5 (small blind) folded before Flop
Seat 8: daro506 (big blind) folded before Flop



PokerStars Hand #237755635191:  Hold'em No Limit ($0.02/$0.05 USD) - 2022/08/02 18:55:39 PT [2022/08/02 21:55:39 ET]
Table 'Virton II' 9-max Seat #7 is the button
Seat 1: adilan792 ($5.10 in chips) 
Seat 2: razvantrifin ($12.66 in chips) 
Seat 3: mumisber ($4.91 in chips) 
Seat 4: zecrai ($12.94 in chips) 
Seat 5: Alex366296 ($5 in chips) 
Seat 6: Dorex2007 ($5 in chips) 
Seat 7: laureano290 ($5 in chips) 
Seat 9: Neptune27 ($5 in chips) 
Neptune27: posts small blind $0.02
adilan792: posts big blind $0.05
Dorex2007: posts big blind $0.05
*** HOLE CARDS ***
Dealt to Dorex2007 [3s 9h]
razvantrifin: folds 
mumisber: folds 
zecrai: folds 
Alex366296: folds 
Dorex2007: checks 
laureano290: folds 
Neptune27: calls $0.03
adilan792: checks 
*** FLOP *** [Td Jh 2h]
Neptune27: checks 
adilan792: bets $0.15
Dorex2007: folds 
Neptune27: folds 
Uncalled bet ($0.15) returned to adilan792
adilan792 collected $0.14 from pot
*** SUMMARY ***
Total pot $0.15 | Rake $0.01 
Board [Td Jh 2h]
Seat 1: adilan792 (big blind) collected ($0.14)
Seat 2: razvantrifin folded before Flop (didn't bet)
Seat 3: mumisber folded before Flop (didn't bet)
Seat 4: zecrai folded before Flop (didn't bet)
Seat 5: Alex366296 folded before Flop (didn't bet)
Seat 6: Dorex2007 folded on the Flop (didn't bet)
Seat 7: laureano290 (button) folded before Flop (didn't bet)
Seat 9: Neptune27 (small blind) folded on the Flop



PokerStars Hand #237755640477:  Hold'em No Limit ($0.02/$0.05 USD) - 2022/08/02 18:56:13 PT [2022/08/02 21:56:13 ET]
Table 'Virton II' 9-max Seat #9 is the button
Seat 1: adilan792 ($5.19 in chips) 
Seat 2: razvantrifin ($12.66 in chips) 
Seat 3: mumisber ($4.91 in chips) 
Seat 4: zecrai ($12.94 in chips) 
Seat 5: Alex366296 ($5 in chips) 
Seat 6: Dorex2007 ($5 in chips) 
Seat 7: laureano290 ($5 in chips) 
Seat 9: Neptune27 ($5 in chips) 
adilan792: posts small blind $0.02
razvantrifin: posts big blind $0.05
Jota322322: sits out 
*** HOLE CARDS ***
Dealt to Dorex2007 [8d 5h]
mumisber: folds 
zecrai: folds 
Alex366296: folds 
Dorex2007: folds 
laureano290: raises $0.07 to $0.12
Neptune27: folds 
adilan792: calls $0.10
razvantrifin: calls $0.07
*** FLOP *** [8c As Qh]
adilan792: checks 
razvantrifin: checks 
laureano290: bets $0.12
adilan792: calls $0.12
razvantrifin: folds 
*** TURN *** [8c As Qh] [3d]
adilan792: bets $0.25
laureano290: calls $0.25
*** RIVER *** [8c As Qh 3d] [9d]
adilan792: bets $0.65
laureano290: folds 
Uncalled bet ($0.65) returned to adilan792
adilan792 collected $1.05 from pot
adilan792: doesn't show hand 
*** SUMMARY ***
Total pot $1.10 | Rake $0.05 
Board [8c As Qh 3d 9d]
Seat 1: adilan792 (small blind) collected ($1.05)
Seat 2: razvantrifin (big blind) folded on the Flop
Seat 3: mumisber folded before Flop (didn't bet)
Seat 4: zecrai folded before Flop (didn't bet)
Seat 5: Alex366296 folded before Flop (didn't bet)
Seat 6: Dorex2007 folded before Flop (didn't bet)
Seat 7: laureano290 folded on the River
Seat 9: Neptune27 (button) folded before Flop (didn't bet)



PokerStars Hand #237755651509:  Hold'em No Limit ($0.02/$0.05 USD) - 2022/08/02 18:57:22 PT [2022/08/02 21:57:22 ET]
Table 'Virton II' 9-max Seat #1 is the button
Seat 1: adilan792 ($5.75 in chips) 
Seat 2: razvantrifin ($12.54 in chips) 
Seat 3: mumisber ($4.91 in chips) 
Seat 4: zecrai ($12.94 in chips) 
Seat 5: Alex366296 ($5 in chips) 
Seat 6: Dorex2007 ($5 in chips) 
Seat 7: laureano290 ($5 in chips) 
Seat 9: Neptune27 ($5 in chips) 
razvantrifin: posts small blind $0.02
mumisber: posts big blind $0.05
Jota322322: sits out 
*** HOLE CARDS ***
Dealt to Dorex2007 [4d Jc]
zecrai: folds 
Alex366296: folds 
Dorex2007: folds 
laureano290: folds 
Neptune27: folds 
adilan792: folds 
razvantrifin: calls $0.03
mumisber: raises $0.15 to $0.20
razvantrifin: calls $0.15
*** FLOP *** [Qd 8h Tc]
razvantrifin: checks 
mumisber: checks 
*** TURN *** [Qd 8h Tc] [2s]
razvantrifin: bets $0.19
mumisber: calls $0.19
*** RIVER *** [Qd 8h Tc 2s] [9d]
razvantrifin: checks 
mumisber: checks 
*** SHOW DOWN ***
razvantrifin: shows [Qh Td] (two pair, Queens and Tens)
mumisber: mucks hand 
razvantrifin collected $0.75 from pot
*** SUMMARY ***
Total pot $0.78 | Rake $0.03 
Board [Qd 8h Tc 2s 9d]
Seat 1: adilan792 (button) folded before Flop (didn't bet)
Seat 2: razvantrifin (small blind) showed [Qh Td] and won ($0.75) with two pair, Queens and Tens
Seat 3: mumisber (big blind) mucked [Kc Ad]
Seat 4: zecrai folded before Flop (didn't bet)
Seat 5: Alex366296 folded before Flop (didn't bet)
Seat 6: Dorex2007 folded before Flop (didn't bet)
Seat 7: laureano290 folded before Flop (didn't bet)
Seat 9: Neptune27 folded before Flop (didn't bet)



PokerStars Hand #237755659557:  Hold'em No Limit ($0.02/$0.05 USD) - 2022/08/02 18:58:13 PT [2022/08/02 21:58:13 ET]
Table 'Virton II' 9-max Seat #2 is the button
Seat 1: adilan792 ($5.75 in chips) 
Seat 2: razvantrifin ($12.90 in chips) 
Seat 3: mumisber ($4.52 in chips) 
Seat 4: zecrai ($12.94 in chips) 
Seat 5: Alex366296 ($5 in chips) 
Seat 6: Dorex2007 ($5 in chips) 
Seat 7: laureano290 ($5 in chips) 
Seat 9: Neptune27 ($5 in chips) 
mumisber: posts small blind $0.02
zecrai: posts big blind $0.05
Jota322322: sits out 
*** HOLE CARDS ***
Dealt to Dorex2007 [9s 8h]
Alex366296: folds 
Dorex2007: folds 
laureano290: folds 
Neptune27: folds 
adilan792: folds 
razvantrifin: folds 
mumisber: folds 
Uncalled bet ($0.03) returned to zecrai
zecrai collected $0.04 from pot
*** SUMMARY ***
Total pot $0.04 | Rake $0 
Seat 1: adilan792 folded before Flop (didn't bet)
Seat 2: razvantrifin (button) folded before Flop (didn't bet)
Seat 3: mumisber (small blind) folded before Flop
Seat 4: zecrai (big blind) collected ($0.04)
Seat 5: Alex366296 folded before Flop (didn't bet)
Seat 6: Dorex2007 folded before Flop (didn't bet)
Seat 7: laureano290 folded before Flop (didn't bet)
Seat 9: Neptune27 folded before Flop (didn't bet)



PokerStars Hand #237755663548:  Hold'em No Limit ($0.02/$0.05 USD) - 2022/08/02 18:58:38 PT [2022/08/02 21:58:38 ET]
Table 'Virton II' 9-max Seat #3 is the button
Seat 1: adilan792 ($5.75 in chips) 
Seat 2: razvantrifin ($12.90 in chips) 
Seat 3: mumisber ($4.50 in chips) 
Seat 4: zecrai ($12.96 in chips) 
Seat 5: Alex366296 ($5 in chips) 
Seat 6: Dorex2007 ($5 in chips) 
Seat 7: laureano290 ($5 in chips) 
Seat 9: Neptune27 ($5 in chips) 
zecrai: posts small blind $0.02
Alex366296: posts big blind $0.05
Jota322322: sits out 
*** HOLE CARDS ***
Dealt to Dorex2007 [Td 4h]
Dorex2007: folds 
laureano290: folds 
Neptune27: folds 
adilan792: folds 
razvantrifin: raises $0.07 to $0.12
mumisber: folds 
zecrai: calls $0.10
Alex366296: folds 
*** FLOP *** [9h 7d Ts]
zecrai: checks 
razvantrifin: bets $0.14
zecrai: calls $0.14
*** TURN *** [9h 7d Ts] [Jd]
zecrai: checks 
razvantrifin: bets $0.47
zecrai: calls $0.47
*** RIVER *** [9h 7d Ts Jd] [Ks]
zecrai: bets $0.75
razvantrifin: folds 
Uncalled bet ($0.75) returned to zecrai
zecrai collected $1.45 from pot
*** SUMMARY ***
Total pot $1.51 | Rake $0.06 
Board [9h 7d Ts Jd Ks]
Seat 1: adilan792 folded before Flop (didn't bet)
Seat 2: razvantrifin folded on the River
Seat 3: mumisber (button) folded before Flop (didn't bet)
Seat 4: zecrai (small blind) collected ($1.45)
Seat 5: Alex366296 (big blind) folded before Flop
Seat 6: Dorex2007 folded before Flop (didn't bet)
Seat 7: laureano290 folded before Flop (didn't bet)
Seat 9: Neptune27 folded before Flop (didn't bet)



PokerStars Hand #237755673959:  Hold'em No Limit ($0.02/$0.05 USD) - 2022/08/02 18:59:44 PT [2022/08/02 21:59:44 ET]
Table 'Virton II' 9-max Seat #4 is the button
Seat 1: adilan792 ($5.75 in chips) 
Seat 2: razvantrifin ($12.17 in chips) 
Seat 3: mumisber ($4.50 in chips) 
Seat 4: zecrai ($13.68 in chips) 
Seat 5: Alex366296 ($5 in chips) 
Seat 6: Dorex2007 ($5 in chips) 
Seat 7: laureano290 ($5 in chips) 
Seat 9: Neptune27 ($5 in chips) 
Alex366296: posts small blind $0.02
Dorex2007: posts big blind $0.05
Jota322322: sits out 
*** HOLE CARDS ***
Dealt to Dorex2007 [9c 5c]
laureano290: folds 
Neptune27: folds 
adilan792: folds 
razvantrifin: folds 
mumisber: folds 
zecrai: folds 
Alex366296: folds 
Uncalled bet ($0.03) returned to Dorex2007
Dorex2007 collected $0.04 from pot
Dorex2007: doesn't show hand 
*** SUMMARY ***
Total pot $0.04 | Rake $0 
Seat 1: adilan792 folded before Flop (didn't bet)
Seat 2: razvantrifin folded before Flop (didn't bet)
Seat 3: mumisber folded before Flop (didn't bet)
Seat 4: zecrai (button) folded before Flop (didn't bet)
Seat 5: Alex366296 (small blind) folded before Flop
Seat 6: Dorex2007 (big blind) collected ($0.04)
Seat 7: laureano290 folded before Flop (didn't bet)
Seat 9: Neptune27 folded before Flop (didn't bet)



PokerStars Hand #237755676360:  Hold'em No Limit ($0.02/$0.05 USD) - 2022/08/02 18:59:59 PT [2022/08/02 21:59:59 ET]
Table 'Virton II' 9-max Seat #5 is the button
Seat 1: adilan792 ($5.75 in chips) 
Seat 2: razvantrifin ($12.17 in chips) 
Seat 3: mumisber ($4.50 in chips) 
Seat 4: zecrai ($13.68 in chips) 
Seat 5: Alex366296 ($5 in chips) 
Seat 6: Dorex2007 ($5.02 in chips) 
Seat 7: laureano290 ($5 in chips) 
Seat 9: Neptune27 ($5 in chips) 
Dorex2007: posts small blind $0.02
laureano290: posts big blind $0.05
Jota322322: sits out 
*** HOLE CARDS ***
Dealt to Dorex2007 [6s 4c]
Neptune27: folds 
adilan792: raises $0.10 to $0.15
razvantrifin: folds 
mumisber: folds 
zecrai: folds 
Alex366296: folds 
Dorex2007: folds 
laureano290: calls $0.10
*** FLOP *** [7s 2d 5d]
laureano290: checks 
adilan792: bets $0.30
laureano290: folds 
Uncalled bet ($0.30) returned to adilan792
adilan792 collected $0.31 from pot
adilan792: doesn't show hand 
*** SUMMARY ***
Total pot $0.32 | Rake $0.01 
Board [7s 2d 5d]
Seat 1: adilan792 collected ($0.31)
Seat 2: razvantrifin folded before Flop (didn't bet)
Seat 3: mumisber folded before Flop (didn't bet)
Seat 4: zecrai folded before Flop (didn't bet)
Seat 5: Alex366296 (button) folded before Flop (didn't bet)
Seat 6: Dorex2007 (small blind) folded before Flop
Seat 7: laureano290 (big blind) folded on the Flop
Seat 9: Neptune27 folded before Flop (didn't bet)



PokerStars Hand #237755683090:  Hold'em No Limit ($0.02/$0.05 USD) - 2022/08/02 19:00:33 PT [2022/08/02 22:00:33 ET]
Table 'Virton II' 9-max Seat #6 is the button
Seat 1: adilan792 ($5.91 in chips) 
Seat 2: razvantrifin ($12.17 in chips) 
Seat 3: mumisber ($4.50 in chips) 
Seat 4: zecrai ($13.68 in chips) 
Seat 5: Alex366296 ($5 in chips) 
Seat 6: Dorex2007 ($5 in chips) 
Seat 7: laureano290 ($5 in chips) 
Seat 8: Jota322322 ($5 in chips) 
Seat 9: Neptune27 ($5 in chips) 
laureano290: posts small blind $0.02
Jota322322: posts big blind $0.05
*** HOLE CARDS ***
Dealt to Dorex2007 [Kh 3d]
Neptune27: folds 
adilan792: raises $0.10 to $0.15
razvantrifin: folds 
mumisber: calls $0.15
zecrai: folds 
Alex366296: calls $0.15
Dorex2007: folds 
laureano290: folds 
Jota322322: calls $0.10
*** FLOP *** [Qc Kd 9s]
Jota322322: checks 
adilan792: bets $0.25
mumisber: folds 
Alex366296: folds 
Jota322322: folds 
Uncalled bet ($0.25) returned to adilan792
adilan792 collected $0.59 from pot
adilan792: doesn't show hand 
*** SUMMARY ***
Total pot $0.62 | Rake $0.03 
Board [Qc Kd 9s]
Seat 1: adilan792 collected ($0.59)
Seat 2: razvantrifin folded before Flop (didn't bet)
Seat 3: mumisber folded on the Flop
Seat 4: zecrai folded before Flop (didn't bet)
Seat 5: Alex366296 folded on the Flop
Seat 6: Dorex2007 (button) folded before Flop (didn't bet)
Seat 7: laureano290 (small blind) folded before Flop
Seat 8: Jota322322 (big blind) folded on the Flop
Seat 9: Neptune27 folded before Flop (didn't bet)



PokerStars Hand #237755693997:  Hold'em No Limit ($0.02/$0.05 USD) - 2022/08/02 19:01:30 PT [2022/08/02 22:01:30 ET]
Table 'Virton II' 9-max Seat #7 is the button
Seat 1: adilan792 ($6.35 in chips) 
Seat 2: razvantrifin ($12.17 in chips) 
Seat 3: mumisber ($4.35 in chips) 
Seat 4: zecrai ($13.68 in chips) 
Seat 5: Alex366296 ($5 in chips) 
Seat 6: Dorex2007 ($5 in chips) 
Seat 7: laureano290 ($5 in chips) 
Seat 8: Jota322322 ($4.85 in chips) 
Seat 9: Neptune27 ($5 in chips) 
Jota322322: posts small blind $0.02
Neptune27: posts big blind $0.05
*** HOLE CARDS ***
Dealt to Dorex2007 [Ah 7s]
adilan792: folds 
razvantrifin: folds 
mumisber: folds 
zecrai: folds 
Alex366296: folds 
Dorex2007: folds 
laureano290: folds 
Jota322322: folds 
Uncalled bet ($0.03) returned to Neptune27
Neptune27 collected $0.04 from pot
*** SUMMARY ***
Total pot $0.04 | Rake $0 
Seat 1: adilan792 folded before Flop (didn't bet)
Seat 2: razvantrifin folded before Flop (didn't bet)
Seat 3: mumisber folded before Flop (didn't bet)
Seat 4: zecrai folded before Flop (didn't bet)
Seat 5: Alex366296 folded before Flop (didn't bet)
Seat 6: Dorex2007 folded before Flop (didn't bet)
Seat 7: laureano290 (button) folded before Flop (didn't bet)
Seat 8: Jota322322 (small blind) folded before Flop
Seat 9: Neptune27 (big blind) collected ($0.04)



PokerStars Hand #237755700466:  Hold'em No Limit ($0.02/$0.05 USD) - 2022/08/02 19:01:56 PT [2022/08/02 22:01:56 ET]
Table 'Virton II' 9-max Seat #8 is the button
Seat 1: adilan792 ($6.35 in chips) 
Seat 2: razvantrifin ($12.17 in chips) 
Seat 3: mumisber ($4.35 in chips) 
Seat 4: zecrai ($13.68 in chips) 
Seat 5: Alex366296 ($5 in chips) 
Seat 6: Dorex2007 ($5 in chips) 
Seat 7: laureano290 ($5 in chips) 
Seat 8: Jota322322 ($4.83 in chips) 
Seat 9: Neptune27 ($5.02 in chips) 
Neptune27: posts small blind $0.02
adilan792: posts big blind $0.05
*** HOLE CARDS ***
Dealt to Dorex2007 [Ks 5s]
razvantrifin: raises $0.12 to $0.17
mumisber: folds 
zecrai: folds 
Alex366296: folds 
Dorex2007: folds 
laureano290: folds 
Jota322322: folds 
Neptune27: folds 
adilan792: folds 
Uncalled bet ($0.12) returned to razvantrifin
razvantrifin collected $0.12 from pot
razvantrifin: doesn't show hand 
*** SUMMARY ***
Total pot $0.12 | Rake $0 
Seat 1: adilan792 (big blind) folded before Flop
Seat 2: razvantrifin collected ($0.12)
Seat 3: mumisber folded before Flop (didn't bet)
Seat 4: zecrai folded before Flop (didn't bet)
Seat 5: Alex366296 folded before Flop (didn't bet)
Seat 6: Dorex2007 folded before Flop (didn't bet)
Seat 7: laureano290 folded before Flop (didn't bet)
Seat 8: Jota322322 (button) folded before Flop (didn't bet)
Seat 9: Neptune27 (small blind) folded before Flop



PokerStars Hand #237755705502:  Hold'em No Limit ($0.02/$0.05 USD) - 2022/08/02 19:02:21 PT [2022/08/02 22:02:21 ET]
Table 'Virton II' 9-max Seat #9 is the button
Seat 1: adilan792 ($6.30 in chips) 
Seat 2: razvantrifin ($12.24 in chips) 
Seat 3: mumisber ($4.35 in chips) 
Seat 4: zecrai ($13.68 in chips) 
Seat 5: Alex366296 ($5 in chips) 
Seat 6: Dorex2007 ($5 in chips) 
Seat 7: laureano290 ($5 in chips) 
Seat 8: Jota322322 ($4.83 in chips) 
Seat 9: Neptune27 ($5 in chips) 
adilan792: posts small blind $0.02
razvantrifin: posts big blind $0.05
*** HOLE CARDS ***
Dealt to Dorex2007 [4h 4s]
mumisber: calls $0.05
zecrai: folds 
Alex366296: folds 
Dorex2007: calls $0.05
laureano290: raises $0.15 to $0.20
Jota322322: folds 
Neptune27: folds 
adilan792: calls $0.18
razvantrifin: calls $0.15
mumisber: calls $0.15
Dorex2007: calls $0.15
*** FLOP *** [6c 9s 9c]
adilan792: checks 
razvantrifin: checks 
mumisber: checks 
Dorex2007: checks 
laureano290: checks 
*** TURN *** [6c 9s 9c] [Td]
adilan792: bets $0.30
razvantrifin: calls $0.30
mumisber: folds 
Dorex2007: folds 
laureano290: folds 
*** RIVER *** [6c 9s 9c Td] [2s]
adilan792: bets $0.55
razvantrifin: calls $0.55
*** SHOW DOWN ***
adilan792: shows [Ks Ts] (two pair, Tens and Nines)
razvantrifin: shows [As Tc] (two pair, Tens and Nines - Ace kicker)
razvantrifin collected $2.59 from pot
*** SUMMARY ***
Total pot $2.70 | Rake $0.11 
Board [6c 9s 9c Td 2s]
Seat 1: adilan792 (small blind) showed [Ks Ts] and lost with two pair, Tens and Nines
Seat 2: razvantrifin (big blind) showed [As Tc] and won ($2.59) with two pair, Tens and Nines
Seat 3: mumisber folded on the Turn
Seat 4: zecrai folded before Flop (didn't bet)
Seat 5: Alex366296 folded before Flop (didn't bet)
Seat 6: Dorex2007 folded on the Turn
Seat 7: laureano290 folded on the Turn
Seat 8: Jota322322 folded before Flop (didn't bet)
Seat 9: Neptune27 (button) folded before Flop (didn't bet)



PokerStars Hand #237755727412:  Hold'em No Limit ($0.02/$0.05 USD) - 2022/08/02 19:03:38 PT [2022/08/02 22:03:38 ET]
Table 'Virton II' 9-max Seat #1 is the button
Seat 1: adilan792 ($5.25 in chips) 
Seat 2: razvantrifin ($13.78 in chips) 
Seat 3: mumisber ($4.15 in chips) 
Seat 4: zecrai ($13.68 in chips) 
Seat 5: Alex366296 ($5 in chips) 
Seat 6: Dorex2007 ($5 in chips) 
Seat 7: laureano290 ($5 in chips) 
Seat 8: Jota322322 ($4.83 in chips) 
Seat 9: Neptune27 ($5 in chips) 
razvantrifin: posts small blind $0.02
mumisber: posts big blind $0.05
*** HOLE CARDS ***
Dealt to Dorex2007 [5s Ah]
zecrai: folds 
Alex366296: folds 
Dorex2007: folds 
laureano290: folds 
Jota322322: folds 
Neptune27: folds 
adilan792: calls $0.05
razvantrifin: folds 
mumisber: checks 
*** FLOP *** [4d Kc Ac]
mumisber: checks 
adilan792: checks 
*** TURN *** [4d Kc Ac] [Kh]
mumisber: checks 
adilan792: bets $0.10
mumisber: folds 
Uncalled bet ($0.10) returned to adilan792
adilan792 collected $0.12 from pot
adilan792: doesn't show hand 
*** SUMMARY ***
Total pot $0.12 | Rake $0 
Board [4d Kc Ac Kh]
Seat 1: adilan792 (button) collected ($0.12)
Seat 2: razvantrifin (small blind) folded before Flop
Seat 3: mumisber (big blind) folded on the Turn
Seat 4: zecrai folded before Flop (didn't bet)
Seat 5: Alex366296 folded before Flop (didn't bet)
Seat 6: Dorex2007 folded before Flop (didn't bet)
Seat 7: laureano290 folded before Flop (didn't bet)
Seat 8: Jota322322 folded before Flop (didn't bet)
Seat 9: Neptune27 folded before Flop (didn't bet)



PokerStars Hand #237755736703:  Hold'em No Limit ($0.02/$0.05 USD) - 2022/08/02 19:04:26 PT [2022/08/02 22:04:26 ET]
Table 'Virton II' 9-max Seat #2 is the button
Seat 1: adilan792 ($5.32 in chips) 
Seat 2: razvantrifin ($13.76 in chips) 
Seat 3: mumisber ($4.10 in chips) 
Seat 4: zecrai ($13.68 in chips) 
Seat 5: Alex366296 ($5 in chips) 
Seat 6: Dorex2007 ($5 in chips) 
Seat 7: laureano290 ($5 in chips) 
Seat 8: Jota322322 ($4.83 in chips) 
Seat 9: Neptune27 ($5 in chips) 
mumisber: posts small blind $0.02
zecrai: posts big blind $0.05
*** HOLE CARDS ***
Dealt to Dorex2007 [6h 6s]
Alex366296: folds 
Dorex2007: folds 
laureano290: folds 
Jota322322 has timed out
Jota322322: folds 
Neptune27: folds 
adilan792: calls $0.05
razvantrifin: raises $0.17 to $0.22
mumisber: folds 
zecrai: calls $0.17
adilan792: calls $0.17
*** FLOP *** [8d 6d 4d]
zecrai: checks 
adilan792: checks 
razvantrifin: bets $0.42
zecrai: calls $0.42
adilan792: calls $0.42
*** TURN *** [8d 6d 4d] [5h]
zecrai: checks 
adilan792: checks 
razvantrifin: checks 
*** RIVER *** [8d 6d 4d 5h] [8c]
zecrai: bets $1.95
adilan792: folds 
razvantrifin: folds 
Uncalled bet ($1.95) returned to zecrai
zecrai collected $1.86 from pot
*** SUMMARY ***
Total pot $1.94 | Rake $0.08 
Board [8d 6d 4d 5h 8c]
Seat 1: adilan792 folded on the River
Seat 2: razvantrifin (button) folded on the River
Seat 3: mumisber (small blind) folded before Flop
Seat 4: zecrai (big blind) collected ($1.86)
Seat 5: Alex366296 folded before Flop (didn't bet)
Seat 6: Dorex2007 folded before Flop (didn't bet)
Seat 7: laureano290 folded before Flop (didn't bet)
Seat 8: Jota322322 folded before Flop (didn't bet)
Seat 9: Neptune27 folded before Flop (didn't bet)



PokerStars Hand #237755766326:  Hold'em No Limit ($0.02/$0.05 USD) - 2022/08/02 19:06:08 PT [2022/08/02 22:06:08 ET]
Table 'Virton II' 9-max Seat #3 is the button
Seat 1: adilan792 ($4.68 in chips) 
Seat 2: razvantrifin ($13.12 in chips) 
Seat 3: mumisber ($4.08 in chips) 
Seat 4: zecrai ($14.90 in chips) 
Seat 5: Alex366296 ($5 in chips) 
Seat 6: Dorex2007 ($5 in chips) 
Seat 7: laureano290 ($5 in chips) 
Seat 8: Jota322322 ($4.83 in chips) 
Seat 9: Neptune27 ($5 in chips) 
zecrai: posts small blind $0.02
Alex366296: posts big blind $0.05
*** HOLE CARDS ***
Dealt to Dorex2007 [4s 2d]
Dorex2007: folds 
laureano290: folds 
Jota322322: folds 
Neptune27: folds 
adilan792: raises $0.10 to $0.15
razvantrifin: raises $0.22 to $0.37
mumisber: folds 
zecrai: folds 
Alex366296: folds 
adilan792: calls $0.22
*** FLOP *** [7d 5h 6d]
adilan792: checks 
razvantrifin: bets $0.39
adilan792: calls $0.39
*** TURN *** [7d 5h 6d] [Jd]
adilan792: checks 
razvantrifin: checks 
*** RIVER *** [7d 5h 6d Jd] [Tc]
adilan792: bets $1.50
razvantrifin: raises $2.46 to $3.96
adilan792: folds 
Uncalled bet ($2.46) returned to razvantrifin
razvantrifin collected $4.40 from pot
razvantrifin: doesn't show hand 
*** SUMMARY ***
Total pot $4.59 | Rake $0.19 
Board [7d 5h 6d Jd Tc]
Seat 1: adilan792 folded on the River
Seat 2: razvantrifin collected ($4.40)
Seat 3: mumisber (button) folded before Flop (didn't bet)
Seat 4: zecrai (small blind) folded before Flop
Seat 5: Alex366296 (big blind) folded before Flop
Seat 6: Dorex2007 folded before Flop (didn't bet)
Seat 7: laureano290 folded before Flop (didn't bet)
Seat 8: Jota322322 folded before Flop (didn't bet)
Seat 9: Neptune27 folded before Flop (didn't bet)



PokerStars Hand #237755780665:  Hold'em No Limit ($0.02/$0.05 USD) - 2022/08/02 19:07:22 PT [2022/08/02 22:07:22 ET]
Table 'Virton II' 9-max Seat #4 is the button
Seat 1: adilan792 ($2.42 in chips) 
Seat 2: razvantrifin ($15.26 in chips) 
Seat 3: mumisber ($4.08 in chips) 
Seat 4: zecrai ($14.88 in chips) 
Seat 5: Alex366296 ($5 in chips) 
Seat 6: Dorex2007 ($5 in chips) 
Seat 7: laureano290 ($5 in chips) 
Seat 8: Jota322322 ($4.83 in chips) 
Seat 9: Neptune27 ($5 in chips) 
Alex366296: posts small blind $0.02
Dorex2007: posts big blind $0.05
*** HOLE CARDS ***
Dealt to Dorex2007 [7c As]
laureano290: folds 
Jota322322: folds 
Neptune27: folds 
adilan792: folds 
adilan792 leaves the table
razvantrifin: folds 
mumisber: raises $0.10 to $0.15
zecrai: folds 
Alex366296: folds 
Dorex2007: folds 
Uncalled bet ($0.10) returned to mumisber
mumisber collected $0.12 from pot
Agetro joins the table at seat #1 
mumisber: doesn't show hand 
*** SUMMARY ***
Total pot $0.12 | Rake $0 
Seat 1: adilan792 folded before Flop (didn't bet)
Seat 2: razvantrifin folded before Flop (didn't bet)
Seat 3: mumisber collected ($0.12)
Seat 4: zecrai (button) folded before Flop (didn't bet)
Seat 5: Alex366296 (small blind) folded before Flop
Seat 6: Dorex2007 (big blind) folded before Flop
Seat 7: laureano290 folded before Flop (didn't bet)
Seat 8: Jota322322 folded before Flop (didn't bet)
Seat 9: Neptune27 folded before Flop (didn't bet)



PokerStars Hand #237755784087:  Hold'em No Limit ($0.02/$0.05 USD) - 2022/08/02 19:07:40 PT [2022/08/02 22:07:40 ET]
Table 'Virton II' 9-max Seat #5 is the button
Seat 2: razvantrifin ($15.26 in chips) 
Seat 3: mumisber ($4.15 in chips) 
Seat 4: zecrai ($14.88 in chips) 
Seat 5: Alex366296 ($5 in chips) 
Seat 6: Dorex2007 ($5 in chips) 
Seat 7: laureano290 ($5 in chips) 
Seat 8: Jota322322 ($4.83 in chips) 
Seat 9: Neptune27 ($5 in chips) 
Dorex2007: posts small blind $0.02
laureano290: posts big blind $0.05
Agetro: sits out 
*** HOLE CARDS ***
Dealt to Dorex2007 [Qs 5c]
Jota322322: folds 
Neptune27: folds 
razvantrifin: folds 
mumisber: folds 
zecrai: raises $0.10 to $0.15
Alex366296: folds 
Dorex2007: folds 
laureano290: folds 
Uncalled bet ($0.10) returned to zecrai
zecrai collected $0.12 from pot
*** SUMMARY ***
Total pot $0.12 | Rake $0 
Seat 2: razvantrifin folded before Flop (didn't bet)
Seat 3: mumisber folded before Flop (didn't bet)
Seat 4: zecrai collected ($0.12)
Seat 5: Alex366296 (button) folded before Flop (didn't bet)
Seat 6: Dorex2007 (small blind) folded before Flop
Seat 7: laureano290 (big blind) folded before Flop
Seat 8: Jota322322 folded before Flop (didn't bet)
Seat 9: Neptune27 folded before Flop (didn't bet)



PokerStars Hand #237755787671:  Hold'em No Limit ($0.02/$0.05 USD) - 2022/08/02 19:07:59 PT [2022/08/02 22:07:59 ET]
Table 'Virton II' 9-max Seat #6 is the button
Seat 2: razvantrifin ($15.26 in chips) 
Seat 3: mumisber ($4.15 in chips) 
Seat 4: zecrai ($14.95 in chips) 
Seat 5: Alex366296 ($5 in chips) 
Seat 6: Dorex2007 ($5 in chips) 
Seat 7: laureano290 ($5 in chips) 
Seat 8: Jota322322 ($4.83 in chips) 
Seat 9: Neptune27 ($5 in chips) 
laureano290: posts small blind $0.02
Jota322322: posts big blind $0.05
Agetro: sits out 
*** HOLE CARDS ***
Dealt to Dorex2007 [Ah 6d]
Neptune27: folds 
razvantrifin: folds 
mumisber: folds 
zecrai: folds 
Alex366296: folds 
Dorex2007: folds 
laureano290: folds 
Uncalled bet ($0.03) returned to Jota322322
Jota322322 collected $0.04 from pot
*** SUMMARY ***
Total pot $0.04 | Rake $0 
Seat 2: razvantrifin folded before Flop (didn't bet)
Seat 3: mumisber folded before Flop (didn't bet)
Seat 4: zecrai folded before Flop (didn't bet)
Seat 5: Alex366296 folded before Flop (didn't bet)
Seat 6: Dorex2007 (button) folded before Flop (didn't bet)
Seat 7: laureano290 (small blind) folded before Flop
Seat 8: Jota322322 (big blind) collected ($0.04)
Seat 9: Neptune27 folded before Flop (didn't bet)



PokerStars Hand #237755791454:  Hold'em No Limit ($0.02/$0.05 USD) - 2022/08/02 19:08:19 PT [2022/08/02 22:08:19 ET]
Table 'Virton II' 9-max Seat #7 is the button
Seat 2: razvantrifin ($15.26 in chips) 
Seat 3: mumisber ($4.15 in chips) 
Seat 4: zecrai ($14.95 in chips) 
Seat 5: Alex366296 ($5 in chips) 
Seat 6: Dorex2007 ($5 in chips) 
Seat 7: laureano290 ($5 in chips) 
Seat 8: Jota322322 ($4.85 in chips) 
Seat 9: Neptune27 ($5 in chips) 
Jota322322: posts small blind $0.02
Neptune27: posts big blind $0.05
Agetro: sits out 
*** HOLE CARDS ***
Dealt to Dorex2007 [9d Ad]
razvantrifin: folds 
mumisber: folds 
zecrai: folds 
Alex366296: folds 
Dorex2007: raises $0.10 to $0.15
laureano290: folds 
Jota322322: folds 
Neptune27: raises $0.53 to $0.68
Dorex2007: folds 
Uncalled bet ($0.53) returned to Neptune27
Neptune27 collected $0.32 from pot
*** SUMMARY ***
Total pot $0.32 | Rake $0 
Seat 2: razvantrifin folded before Flop (didn't bet)
Seat 3: mumisber folded before Flop (didn't bet)
Seat 4: zecrai folded before Flop (didn't bet)
Seat 5: Alex366296 folded before Flop (didn't bet)
Seat 6: Dorex2007 folded before Flop
Seat 7: laureano290 (button) folded before Flop (didn't bet)
Seat 8: Jota322322 (small blind) folded before Flop
Seat 9: Neptune27 (big blind) collected ($0.32)



PokerStars Hand #237755799110:  Hold'em No Limit ($0.02/$0.05 USD) - 2022/08/02 19:08:59 PT [2022/08/02 22:08:59 ET]
Table 'Virton II' 9-max Seat #8 is the button
Seat 1: Agetro ($5 in chips) 
Seat 2: razvantrifin ($15.26 in chips) 
Seat 3: mumisber ($4.15 in chips) 
Seat 4: zecrai ($14.95 in chips) 
Seat 5: Alex366296 ($5 in chips) 
Seat 6: Dorex2007 ($5 in chips) 
Seat 7: laureano290 ($5 in chips) 
Seat 8: Jota322322 ($4.83 in chips) 
Seat 9: Neptune27 ($5.17 in chips) 
Neptune27: posts small blind $0.02
Agetro: posts big blind $0.05
*** HOLE CARDS ***
Dealt to Dorex2007 [2d Td]
razvantrifin: calls $0.05
mumisber: raises $0.15 to $0.20
zecrai: folds 
Alex366296: folds 
Dorex2007: folds 
laureano290: folds 
Jota322322: folds 
Neptune27: folds 
Agetro: folds 
razvantrifin: calls $0.15
*** FLOP *** [8d 7s 5h]
razvantrifin: checks 
mumisber: checks 
*** TURN *** [8d 7s 5h] [As]
razvantrifin: checks 
mumisber: bets $0.15
razvantrifin: calls $0.15
*** RIVER *** [8d 7s 5h As] [Th]
razvantrifin: checks 
mumisber: bets $0.37
razvantrifin: raises $1.53 to $1.90
mumisber: calls $1.53
*** SHOW DOWN ***
razvantrifin: shows [5d 5c] (three of a kind, Fives)
mumisber: mucks hand 
razvantrifin collected $4.38 from pot
*** SUMMARY ***
Total pot $4.57 | Rake $0.19 
Board [8d 7s 5h As Th]
Seat 1: Agetro (big blind) folded before Flop
Seat 2: razvantrifin showed [5d 5c] and won ($4.38) with three of a kind, Fives
Seat 3: mumisber mucked [Ks Ad]
Seat 4: zecrai folded before Flop (didn't bet)
Seat 5: Alex366296 folded before Flop (didn't bet)
Seat 6: Dorex2007 folded before Flop (didn't bet)
Seat 7: laureano290 folded before Flop (didn't bet)
Seat 8: Jota322322 (button) folded before Flop (didn't bet)
Seat 9: Neptune27 (small blind) folded before Flop



PokerStars Hand #237755823692:  Hold'em No Limit ($0.02/$0.05 USD) - 2022/08/02 19:10:46 PT [2022/08/02 22:10:46 ET]
Table 'Virton II' 9-max Seat #9 is the button
Seat 1: Agetro ($4.95 in chips) 
Seat 2: razvantrifin ($17.39 in chips) 
Seat 3: mumisber ($1.90 in chips) 
Seat 4: zecrai ($14.95 in chips) 
Seat 5: Alex366296 ($5 in chips) 
Seat 6: Dorex2007 ($5 in chips) 
Seat 7: laureano290 ($5 in chips) 
Seat 8: Jota322322 ($4.83 in chips) 
Seat 9: Neptune27 ($5.15 in chips) 
Agetro: posts small blind $0.02
razvantrifin: posts big blind $0.05
*** HOLE CARDS ***
Dealt to Dorex2007 [Jd 9s]
mumisber: folds 
zecrai: raises $0.10 to $0.15
Alex366296: folds 
Dorex2007: folds 
laureano290: folds 
Jota322322: folds 
Neptune27: folds 
Agetro: folds 
razvantrifin: calls $0.10
*** FLOP *** [8c 9c 4d]
razvantrifin: checks 
zecrai: bets $0.22
razvantrifin: folds 
Uncalled bet ($0.22) returned to zecrai
zecrai collected $0.31 from pot
*** SUMMARY ***
Total pot $0.32 | Rake $0.01 
Board [8c 9c 4d]
Seat 1: Agetro (small blind) folded before Flop
Seat 2: razvantrifin (big blind) folded on the Flop
Seat 3: mumisber folded before Flop (didn't bet)
Seat 4: zecrai collected ($0.31)
Seat 5: Alex366296 folded before Flop (didn't bet)
Seat 6: Dorex2007 folded before Flop (didn't bet)
Seat 7: laureano290 folded before Flop (didn't bet)
Seat 8: Jota322322 folded before Flop (didn't bet)
Seat 9: Neptune27 (button) folded before Flop (didn't bet)



PokerStars Hand #237755833608:  Hold'em No Limit ($0.02/$0.05 USD) - 2022/08/02 19:11:37 PT [2022/08/02 22:11:37 ET]
Table 'Virton II' 9-max Seat #1 is the button
Seat 1: Agetro ($4.93 in chips) 
Seat 2: razvantrifin ($17.24 in chips) 
Seat 3: mumisber ($3.86 in chips) 
Seat 4: zecrai ($15.11 in chips) 
Seat 5: Alex366296 ($5 in chips) 
Seat 6: Dorex2007 ($5 in chips) 
Seat 7: laureano290 ($5 in chips) 
Seat 8: Jota322322 ($4.83 in chips) 
Seat 9: Neptune27 ($5.15 in chips) 
razvantrifin: posts small blind $0.02
mumisber: posts big blind $0.05
*** HOLE CARDS ***
Dealt to Dorex2007 [Qc 5h]
zecrai: folds 
Alex366296: folds 
Dorex2007: folds 
laureano290: folds 
Jota322322: folds 
Neptune27: folds 
Agetro: raises $0.07 to $0.12
razvantrifin: calls $0.10
mumisber: folds 
*** FLOP *** [5d 9s 9h]
razvantrifin: checks 
Agetro: checks 
*** TURN *** [5d 9s 9h] [Qh]
razvantrifin: bets $0.20
Agetro: folds 
Uncalled bet ($0.20) returned to razvantrifin
razvantrifin collected $0.28 from pot
razvantrifin: doesn't show hand 
*** SUMMARY ***
Total pot $0.29 | Rake $0.01 
Board [5d 9s 9h Qh]
Seat 1: Agetro (button) folded on the Turn
Seat 2: razvantrifin (small blind) collected ($0.28)
Seat 3: mumisber (big blind) folded before Flop
Seat 4: zecrai folded before Flop (didn't bet)
Seat 5: Alex366296 folded before Flop (didn't bet)
Seat 6: Dorex2007 folded before Flop (didn't bet)
Seat 7: laureano290 folded before Flop (didn't bet)
Seat 8: Jota322322 folded before Flop (didn't bet)
Seat 9: Neptune27 folded before Flop (didn't bet)



PokerStars Hand #237755841020:  Hold'em No Limit ($0.02/$0.05 USD) - 2022/08/02 19:12:16 PT [2022/08/02 22:12:16 ET]
Table 'Virton II' 9-max Seat #2 is the button
Seat 1: Agetro ($5 in chips) 
Seat 2: razvantrifin ($17.40 in chips) 
Seat 3: mumisber ($3.81 in chips) 
Seat 4: zecrai ($15.11 in chips) 
Seat 5: Alex366296 ($5 in chips) 
Seat 6: Dorex2007 ($5 in chips) 
Seat 7: laureano290 ($5 in chips) 
Seat 8: Jota322322 ($4.83 in chips) 
Seat 9: Neptune27 ($5.15 in chips) 
mumisber: posts small blind $0.02
zecrai: posts big blind $0.05
*** HOLE CARDS ***
Dealt to Dorex2007 [7s 4h]
Alex366296: folds 
Dorex2007: folds 
laureano290: folds 
Jota322322: folds 
Neptune27: folds 
Agetro: folds 
razvantrifin: raises $0.07 to $0.12
mumisber: folds 
zecrai: folds 
Uncalled bet ($0.07) returned to razvantrifin
razvantrifin collected $0.12 from pot
razvantrifin: doesn't show hand 
*** SUMMARY ***
Total pot $0.12 | Rake $0 
Seat 1: Agetro folded before Flop (didn't bet)
Seat 2: razvantrifin (button) collected ($0.12)
Seat 3: mumisber (small blind) folded before Flop
Seat 4: zecrai (big blind) folded before Flop
Seat 5: Alex366296 folded before Flop (didn't bet)
Seat 6: Dorex2007 folded before Flop (didn't bet)
Seat 7: laureano290 folded before Flop (didn't bet)
Seat 8: Jota322322 folded before Flop (didn't bet)
Seat 9: Neptune27 folded before Flop (didn't bet)



PokerStars Hand #237755846693:  Hold'em No Limit ($0.02/$0.05 USD) - 2022/08/02 19:12:46 PT [2022/08/02 22:12:46 ET]
Table 'Virton II' 9-max Seat #3 is the button
Seat 1: Agetro ($5 in chips) 
Seat 2: razvantrifin ($17.47 in chips) 
Seat 3: mumisber ($3.79 in chips) 
Seat 4: zecrai ($15.06 in chips) 
Seat 5: Alex366296 ($5 in chips) 
Seat 6: Dorex2007 ($5 in chips) 
Seat 7: laureano290 ($5 in chips) 
Seat 8: Jota322322 ($4.83 in chips) 
Seat 9: Neptune27 ($5.15 in chips) 
zecrai: posts small blind $0.02
Alex366296: posts big blind $0.05
*** HOLE CARDS ***
Dealt to Dorex2007 [3s 3c]
Dorex2007: folds 
laureano290: folds 
Jota322322: folds 
Neptune27: raises $0.08 to $0.13
Agetro: folds 
razvantrifin: raises $0.26 to $0.39
mumisber: folds 
zecrai: folds 
Alex366296: folds 
Neptune27: folds 
Uncalled bet ($0.26) returned to razvantrifin
razvantrifin collected $0.33 from pot
razvantrifin: doesn't show hand 
*** SUMMARY ***
Total pot $0.33 | Rake $0 
Seat 1: Agetro folded before Flop (didn't bet)
Seat 2: razvantrifin collected ($0.33)
Seat 3: mumisber (button) folded before Flop (didn't bet)
Seat 4: zecrai (small blind) folded before Flop
Seat 5: Alex366296 (big blind) folded before Flop
Seat 6: Dorex2007 folded before Flop (didn't bet)
Seat 7: laureano290 folded before Flop (didn't bet)
Seat 8: Jota322322 folded before Flop (didn't bet)
Seat 9: Neptune27 folded before Flop



PokerStars Hand #237755854831:  Hold'em No Limit ($0.02/$0.05 USD) - 2022/08/02 19:13:28 PT [2022/08/02 22:13:28 ET]
Table 'Virton II' 9-max Seat #4 is the button
Seat 1: Agetro ($5 in chips) 
Seat 2: razvantrifin ($17.67 in chips) 
Seat 3: mumisber ($3.79 in chips) 
Seat 4: zecrai ($15.04 in chips) 
Seat 5: Alex366296 ($5 in chips) 
Seat 6: Dorex2007 ($5 in chips) 
Seat 7: laureano290 ($5 in chips) 
Seat 8: Jota322322 ($4.83 in chips) 
Seat 9: Neptune27 ($5.02 in chips) 
Alex366296: posts small blind $0.02
Dorex2007: posts big blind $0.05
*** HOLE CARDS ***
Dealt to Dorex2007 [Ad 2c]
laureano290: folds 
Jota322322: folds 
Neptune27: folds 
Agetro: folds 
razvantrifin: folds 
mumisber: folds 
zecrai: raises $0.10 to $0.15
Alex366296: folds 
Dorex2007: folds 
Uncalled bet ($0.10) returned to zecrai
zecrai collected $0.12 from pot
*** SUMMARY ***
Total pot $0.12 | Rake $0 
Seat 1: Agetro folded before Flop (didn't bet)
Seat 2: razvantrifin folded before Flop (didn't bet)
Seat 3: mumisber folded before Flop (didn't bet)
Seat 4: zecrai (button) collected ($0.12)
Seat 5: Alex366296 (small blind) folded before Flop
Seat 6: Dorex2007 (big blind) folded before Flop
Seat 7: laureano290 folded before Flop (didn't bet)
Seat 8: Jota322322 folded before Flop (didn't bet)
Seat 9: Neptune27 folded before Flop (didn't bet)



PokerStars Hand #237755859350:  Hold'em No Limit ($0.02/$0.05 USD) - 2022/08/02 19:13:52 PT [2022/08/02 22:13:52 ET]
Table 'Virton II' 9-max Seat #5 is the button
Seat 1: Agetro ($5 in chips) 
Seat 2: razvantrifin ($17.67 in chips) 
Seat 3: mumisber ($3.79 in chips) 
Seat 4: zecrai ($15.11 in chips) 
Seat 5: Alex366296 ($5 in chips) 
Seat 6: Dorex2007 ($5 in chips) 
Seat 7: laureano290 ($5 in chips) 
Seat 8: Jota322322 ($4.83 in chips) 
Seat 9: Neptune27 ($5.02 in chips) 
Dorex2007: posts small blind $0.02
laureano290: posts big blind $0.05
*** HOLE CARDS ***
Dealt to Dorex2007 [3c 5d]
Jota322322: folds 
Neptune27: folds 
Agetro: raises $0.10 to $0.15
razvantrifin: folds 
mumisber: folds 
zecrai: folds 
Alex366296: folds 
Dorex2007: folds 
laureano290: raises $0.35 to $0.50
Agetro: folds 
Uncalled bet ($0.35) returned to laureano290
laureano290 collected $0.32 from pot
laureano290: doesn't show hand 
*** SUMMARY ***
Total pot $0.32 | Rake $0 
Seat 1: Agetro folded before Flop
Seat 2: razvantrifin folded before Flop (didn't bet)
Seat 3: mumisber folded before Flop (didn't bet)
Seat 4: zecrai folded before Flop (didn't bet)
Seat 5: Alex366296 (button) folded before Flop (didn't bet)
Seat 6: Dorex2007 (small blind) folded before Flop
Seat 7: laureano290 (big blind) collected ($0.32)
Seat 8: Jota322322 folded before Flop (didn't bet)
Seat 9: Neptune27 folded before Flop (didn't bet)



PokerStars Hand #237755867524:  Hold'em No Limit ($0.02/$0.05 USD) - 2022/08/02 19:14:35 PT [2022/08/02 22:14:35 ET]
Table 'Virton II' 9-max Seat #6 is the button
Seat 1: Agetro ($5 in chips) 
Seat 2: razvantrifin ($17.67 in chips) 
Seat 3: mumisber ($3.79 in chips) 
Seat 4: zecrai ($15.11 in chips) 
Seat 5: Alex366296 ($5 in chips) 
Seat 6: Dorex2007 ($5 in chips) 
Seat 7: laureano290 ($5.17 in chips) 
Seat 8: Jota322322 ($4.83 in chips) 
Seat 9: Neptune27 ($5.02 in chips) 
laureano290: posts small blind $0.02
Jota322322: posts big blind $0.05
*** HOLE CARDS ***
Dealt to Dorex2007 [2d 2h]
Neptune27: folds 
Agetro: folds 
razvantrifin: folds 
mumisber: folds 
zecrai: folds 
Alex366296: folds 
Dorex2007: raises $0.10 to $0.15
laureano290: folds 
Jota322322: folds 
Uncalled bet ($0.10) returned to Dorex2007
Dorex2007 collected $0.12 from pot
Dorex2007: doesn't show hand 
*** SUMMARY ***
Total pot $0.12 | Rake $0 
Seat 1: Agetro folded before Flop (didn't bet)
Seat 2: razvantrifin folded before Flop (didn't bet)
Seat 3: mumisber folded before Flop (didn't bet)
Seat 4: zecrai folded before Flop (didn't bet)
Seat 5: Alex366296 folded before Flop (didn't bet)
Seat 6: Dorex2007 (button) collected ($0.12)
Seat 7: laureano290 (small blind) folded before Flop
Seat 8: Jota322322 (big blind) folded before Flop
Seat 9: Neptune27 folded before Flop (didn't bet)



PokerStars Hand #237755872060:  Hold'em No Limit ($0.02/$0.05 USD) - 2022/08/02 19:14:59 PT [2022/08/02 22:14:59 ET]
Table 'Virton II' 9-max Seat #7 is the button
Seat 1: Agetro ($5 in chips) 
Seat 2: razvantrifin ($17.67 in chips) 
Seat 3: mumisber ($3.79 in chips) 
Seat 4: zecrai ($15.11 in chips) 
Seat 5: Alex366296 ($5 in chips) 
Seat 6: Dorex2007 ($5.07 in chips) 
Seat 7: laureano290 ($5.15 in chips) 
Seat 8: Jota322322 ($4.78 in chips) 
Jota322322: posts small blind $0.02
Neptune27: is sitting out 
Agetro: posts big blind $0.05
*** HOLE CARDS ***
Dealt to Dorex2007 [4h Kc]
razvantrifin: folds 
mumisber: folds 
Neptune27 leaves the table
zecrai: raises $0.10 to $0.15
Alex366296: folds 
Dorex2007: folds 
Neptune27 joins the table at seat #9 
laureano290: folds 
Jota322322: folds 
Agetro: folds 
Uncalled bet ($0.10) returned to zecrai
zecrai collected $0.12 from pot
*** SUMMARY ***
Total pot $0.12 | Rake $0 
Seat 1: Agetro (big blind) folded before Flop
Seat 2: razvantrifin folded before Flop (didn't bet)
Seat 3: mumisber folded before Flop (didn't bet)
Seat 4: zecrai collected ($0.12)
Seat 5: Alex366296 folded before Flop (didn't bet)
Seat 6: Dorex2007 folded before Flop (didn't bet)
Seat 7: laureano290 (button) folded before Flop (didn't bet)
Seat 8: Jota322322 (small blind) folded before Flop



PokerStars Hand #237755878503:  Hold'em No Limit ($0.02/$0.05 USD) - 2022/08/02 19:15:33 PT [2022/08/02 22:15:33 ET]
Table 'Virton II' 9-max Seat #8 is the button
Seat 1: Agetro ($4.95 in chips) 
Seat 2: razvantrifin ($17.67 in chips) 
Seat 3: mumisber ($3.79 in chips) 
Seat 4: zecrai ($15.18 in chips) 
Seat 5: Alex366296 ($5 in chips) 
Seat 6: Dorex2007 ($5.07 in chips) 
Seat 7: laureano290 ($5.15 in chips) 
Seat 8: Jota322322 ($4.76 in chips) 
Agetro: posts small blind $0.02
razvantrifin: posts big blind $0.05
*** HOLE CARDS ***
Dealt to Dorex2007 [5s Ac]
mumisber: folds 
zecrai: folds 
Alex366296: folds 
Dorex2007: folds 
laureano290: folds 
Jota322322: folds 
Agetro: raises $0.15 to $0.20
razvantrifin: calls $0.15
*** FLOP *** [Td Ad Jd]
Agetro: bets $0.20
razvantrifin: raises $0.33 to $0.53
Agetro: folds 
Uncalled bet ($0.33) returned to razvantrifin
razvantrifin collected $0.77 from pot
razvantrifin: doesn't show hand 
*** SUMMARY ***
Total pot $0.80 | Rake $0.03 
Board [Td Ad Jd]
Seat 1: Agetro (small blind) folded on the Flop
Seat 2: razvantrifin (big blind) collected ($0.77)
Seat 3: mumisber folded before Flop (didn't bet)
Seat 4: zecrai folded before Flop (didn't bet)
Seat 5: Alex366296 folded before Flop (didn't bet)
Seat 6: Dorex2007 folded before Flop (didn't bet)
Seat 7: laureano290 folded before Flop (didn't bet)
Seat 8: Jota322322 (button) folded before Flop (didn't bet)



PokerStars Hand #237755885409:  Hold'em No Limit ($0.02/$0.05 USD) - 2022/08/02 19:16:09 PT [2022/08/02 22:16:09 ET]
Table 'Virton II' 9-max Seat #1 is the button
Seat 1: Agetro ($5 in chips) 
Seat 2: razvantrifin ($18.04 in chips) 
Seat 3: mumisber ($3.79 in chips) 
Seat 4: zecrai ($15.18 in chips) 
Seat 5: Alex366296 ($5 in chips) 
Seat 6: Dorex2007 ($5.07 in chips) 
Seat 7: laureano290 ($5.15 in chips) 
Seat 8: Jota322322 ($4.76 in chips) 
razvantrifin: posts small blind $0.02
mumisber: posts big blind $0.05
Neptune27: sits out 
*** HOLE CARDS ***
Dealt to Dorex2007 [6d Jc]
Neptune27 leaves the table
zecrai: raises $0.07 to $0.12
Alex366296: folds 
Dorex2007: folds 
laureano290: calls $0.12
Jota322322: folds 
Agetro: folds 
Pokon joins the table at seat #9 
razvantrifin: calls $0.10
mumisber: folds 
*** FLOP *** [9s 4c 5s]
razvantrifin: checks 
zecrai: checks 
laureano290: bets $0.26
razvantrifin: calls $0.26
zecrai: folds 
*** TURN *** [9s 4c 5s] [4s]
razvantrifin: checks 
laureano290: bets $0.36
razvantrifin: raises $0.81 to $1.17
laureano290: calls $0.81
*** RIVER *** [9s 4c 5s 4s] [Th]
razvantrifin: checks 
laureano290: bets $1.55
razvantrifin: calls $1.55
*** SHOW DOWN ***
laureano290: shows [9h 9d] (a full house, Nines full of Fours)
razvantrifin: mucks hand 
laureano290 collected $6.11 from pot
*** SUMMARY ***
Total pot $6.37 | Rake $0.26 
Board [9s 4c 5s 4s Th]
Seat 1: Agetro (button) folded before Flop (didn't bet)
Seat 2: razvantrifin (small blind) mucked [3d 4d]
Seat 3: mumisber (big blind) folded before Flop
Seat 4: zecrai folded on the Flop
Seat 5: Alex366296 folded before Flop (didn't bet)
Seat 6: Dorex2007 folded before Flop (didn't bet)
Seat 7: laureano290 showed [9h 9d] and won ($6.11) with a full house, Nines full of Fours
Seat 8: Jota322322 folded before Flop (didn't bet)



PokerStars Hand #237755904904:  Hold'em No Limit ($0.02/$0.05 USD) - 2022/08/02 19:17:51 PT [2022/08/02 22:17:51 ET]
Table 'Virton II' 9-max Seat #2 is the button
Seat 1: Agetro ($5 in chips) 
Seat 2: razvantrifin ($14.94 in chips) 
Seat 4: zecrai ($15.06 in chips) 
Seat 5: Alex366296 ($5 in chips) 
Seat 6: Dorex2007 ($5.07 in chips) 
Seat 7: laureano290 ($8.16 in chips) 
Seat 8: Jota322322 ($4.76 in chips) 
zecrai: posts small blind $0.02
Alex366296: posts big blind $0.05
Pokon: sits out 
*** HOLE CARDS ***
Dealt to Dorex2007 [Jd 6c]
Dorex2007: folds 
laureano290: folds 
Jota322322 has timed out
Jota322322: folds 
Agetro: folds 
razvantrifin: folds 
zecrai: raises $0.10 to $0.15
Alex366296: folds 
Uncalled bet ($0.10) returned to zecrai
zecrai collected $0.10 from pot
*** SUMMARY ***
Total pot $0.10 | Rake $0 
Seat 1: Agetro folded before Flop (didn't bet)
Seat 2: razvantrifin (button) folded before Flop (didn't bet)
Seat 4: zecrai (small blind) collected ($0.10)
Seat 5: Alex366296 (big blind) folded before Flop
Seat 6: Dorex2007 folded before Flop (didn't bet)
Seat 7: laureano290 folded before Flop (didn't bet)
Seat 8: Jota322322 folded before Flop (didn't bet)



PokerStars Hand #237755913850:  Hold'em No Limit ($0.02/$0.05 USD) - 2022/08/02 19:18:38 PT [2022/08/02 22:18:38 ET]
Table 'Virton II' 9-max Seat #4 is the button
Seat 1: Agetro ($5 in chips) 
Seat 2: razvantrifin ($14.94 in chips) 
Seat 4: zecrai ($15.11 in chips) 
Seat 5: Alex366296 ($5 in chips) 
Seat 6: Dorex2007 ($5.07 in chips) 
Seat 7: laureano290 ($8.16 in chips) 
Seat 8: Jota322322 ($4.76 in chips) 
Alex366296: posts small blind $0.02
Dorex2007: posts big blind $0.05
Pokon: sits out 
*** HOLE CARDS ***
Dealt to Dorex2007 [6h 3c]
laureano290: folds 
Jota322322: folds 
Agetro: folds 
razvantrifin: raises $0.12 to $0.17
zecrai: folds 
Alex366296: folds 
Dorex2007: folds 
Uncalled bet ($0.12) returned to razvantrifin
razvantrifin collected $0.12 from pot
razvantrifin: doesn't show hand 
*** SUMMARY ***
Total pot $0.12 | Rake $0 
Seat 1: Agetro folded before Flop (didn't bet)
Seat 2: razvantrifin collected ($0.12)
Seat 4: zecrai (button) folded before Flop (didn't bet)
Seat 5: Alex366296 (small blind) folded before Flop
Seat 6: Dorex2007 (big blind) folded before Flop
Seat 7: laureano290 folded before Flop (didn't bet)
Seat 8: Jota322322 folded before Flop (didn't bet)



PokerStars Hand #237755919674:  Hold'em No Limit ($0.02/$0.05 USD) - 2022/08/02 19:19:09 PT [2022/08/02 22:19:09 ET]
Table 'Virton II' 9-max Seat #5 is the button
Seat 1: Agetro ($5 in chips) 
Seat 2: razvantrifin ($15.01 in chips) 
Seat 4: zecrai ($15.11 in chips) 
Seat 5: Alex366296 ($5 in chips) 
Seat 6: Dorex2007 ($5.02 in chips) 
Seat 7: laureano290 ($8.16 in chips) 
Seat 8: Jota322322 ($4.76 in chips) 
Seat 9: Pokon ($5 in chips) 
Dorex2007: posts small blind $0.02
laureano290: posts big blind $0.05
Pokon: posts big blind $0.05
*** HOLE CARDS ***
Dealt to Dorex2007 [Kc 8h]
Jota322322: folds 
Pokon: checks 
Agetro: folds 
razvantrifin: folds 
zecrai: raises $0.10 to $0.15
Alex366296: folds 
Dorex2007: folds 
laureano290: folds 
Pokon: folds 
Uncalled bet ($0.10) returned to zecrai
zecrai collected $0.17 from pot
*** SUMMARY ***
Total pot $0.17 | Rake $0 
Seat 1: Agetro folded before Flop (didn't bet)
Seat 2: razvantrifin folded before Flop (didn't bet)
Seat 4: zecrai collected ($0.17)
Seat 5: Alex366296 (button) folded before Flop (didn't bet)
Seat 6: Dorex2007 (small blind) folded before Flop
Seat 7: laureano290 (big blind) folded before Flop
Seat 8: Jota322322 folded before Flop (didn't bet)
Seat 9: Pokon folded before Flop (didn't bet)



PokerStars Hand #237755924802:  Hold'em No Limit ($0.02/$0.05 USD) - 2022/08/02 19:19:36 PT [2022/08/02 22:19:36 ET]
Table 'Virton II' 9-max Seat #6 is the button
Seat 1: Agetro ($5 in chips) 
Seat 2: razvantrifin ($15.01 in chips) 
Seat 4: zecrai ($15.23 in chips) 
Seat 5: Alex366296 ($5 in chips) 
Seat 6: Dorex2007 ($5 in chips) 
Seat 7: laureano290 ($8.11 in chips) 
Seat 8: Jota322322 ($4.76 in chips) 
Seat 9: Pokon ($4.95 in chips) 
laureano290: posts small blind $0.02
Jota322322: posts big blind $0.05
*** HOLE CARDS ***
Dealt to Dorex2007 [8s 5d]
Pokon: folds 
Agetro: folds 
razvantrifin: folds 
zecrai: raises $0.10 to $0.15
Alex366296: folds 
Dorex2007: folds 
laureano290: folds 
Jota322322: raises $0.25 to $0.40
zecrai: calls $0.25
*** FLOP *** [2h Qs Ks]
Jota322322: checks 
zecrai: bets $0.40
Jota322322: calls $0.40
*** TURN *** [2h Qs Ks] [2s]
Jota322322: checks 
zecrai: checks 
*** RIVER *** [2h Qs Ks 2s] [5h]
Jota322322: bets $2
zecrai: folds 
Uncalled bet ($2) returned to Jota322322
Jota322322 collected $1.55 from pot
Jota322322: doesn't show hand 
*** SUMMARY ***
Total pot $1.62 | Rake $0.07 
Board [2h Qs Ks 2s 5h]
Seat 1: Agetro folded before Flop (didn't bet)
Seat 2: razvantrifin folded before Flop (didn't bet)
Seat 4: zecrai folded on the River
Seat 5: Alex366296 folded before Flop (didn't bet)
Seat 6: Dorex2007 (button) folded before Flop (didn't bet)
Seat 7: laureano290 (small blind) folded before Flop
Seat 8: Jota322322 (big blind) collected ($1.55)
Seat 9: Pokon folded before Flop (didn't bet)



PokerStars Hand #237755941597:  Hold'em No Limit ($0.02/$0.05 USD) - 2022/08/02 19:21:06 PT [2022/08/02 22:21:06 ET]
Table 'Virton II' 9-max Seat #7 is the button
Seat 1: Agetro ($5 in chips) 
Seat 2: razvantrifin ($15.01 in chips) 
Seat 4: zecrai ($14.43 in chips) 
Seat 5: Alex366296 ($5 in chips) 
Seat 6: Dorex2007 ($5 in chips) 
Seat 7: laureano290 ($8.09 in chips) 
Seat 8: Jota322322 ($5.51 in chips) 
Seat 9: Pokon ($4.95 in chips) 
Jota322322: posts small blind $0.02
Pokon: posts big blind $0.05
*** HOLE CARDS ***
Dealt to Dorex2007 [6s 2s]
Agetro: folds 
razvantrifin: folds 
zecrai: folds 
Alex366296: folds 
Dorex2007: folds 
laureano290: folds 
Jota322322: folds 
Uncalled bet ($0.03) returned to Pokon
Pokon collected $0.04 from pot
Pokon: doesn't show hand 
*** SUMMARY ***
Total pot $0.04 | Rake $0 
Seat 1: Agetro folded before Flop (didn't bet)
Seat 2: razvantrifin folded before Flop (didn't bet)
Seat 4: zecrai folded before Flop (didn't bet)
Seat 5: Alex366296 folded before Flop (didn't bet)
Seat 6: Dorex2007 folded before Flop (didn't bet)
Seat 7: laureano290 (button) folded before Flop (didn't bet)
Seat 8: Jota322322 (small blind) folded before Flop
Seat 9: Pokon (big blind) collected ($0.04)



PokerStars Hand #237755944365:  Hold'em No Limit ($0.02/$0.05 USD) - 2022/08/02 19:21:20 PT [2022/08/02 22:21:20 ET]
Table 'Virton II' 9-max Seat #8 is the button
Seat 1: Agetro ($5 in chips) 
Seat 2: razvantrifin ($15.01 in chips) 
Seat 4: zecrai ($14.43 in chips) 
Seat 5: Alex366296 ($5 in chips) 
Seat 6: Dorex2007 ($5 in chips) 
Seat 7: laureano290 ($8.09 in chips) 
Seat 8: Jota322322 ($5.49 in chips) 
Seat 9: Pokon ($4.97 in chips) 
Pokon: posts small blind $0.02
Agetro: posts big blind $0.05
*** HOLE CARDS ***
Dealt to Dorex2007 [Ks 9d]
razvantrifin: folds 
zecrai: folds 
Alex366296: folds 
Dorex2007: folds 
laureano290: folds 
Jota322322: folds 
Pokon: folds 
Uncalled bet ($0.03) returned to Agetro
Agetro collected $0.04 from pot
Agetro: doesn't show hand 
*** SUMMARY ***
Total pot $0.04 | Rake $0 
Seat 1: Agetro (big blind) collected ($0.04)
Seat 2: razvantrifin folded before Flop (didn't bet)
Seat 4: zecrai folded before Flop (didn't bet)
Seat 5: Alex366296 folded before Flop (didn't bet)
Seat 6: Dorex2007 folded before Flop (didn't bet)
Seat 7: laureano290 folded before Flop (didn't bet)
Seat 8: Jota322322 (button) folded before Flop (didn't bet)
Seat 9: Pokon (small blind) folded before Flop



PokerStars Hand #237755947733:  Hold'em No Limit ($0.02/$0.05 USD) - 2022/08/02 19:21:39 PT [2022/08/02 22:21:39 ET]
Table 'Virton II' 9-max Seat #9 is the button
Seat 1: Agetro ($5.02 in chips) 
Seat 2: razvantrifin ($15.01 in chips) 
Seat 4: zecrai ($14.43 in chips) 
Seat 5: Alex366296 ($5 in chips) 
Seat 6: Dorex2007 ($5 in chips) 
Seat 7: laureano290 ($8.09 in chips) 
Seat 8: Jota322322 ($5.49 in chips) 
Seat 9: Pokon ($4.95 in chips) 
Agetro: posts small blind $0.02
razvantrifin: posts big blind $0.05
*** HOLE CARDS ***
Dealt to Dorex2007 [5d 3d]
zecrai has timed out
zecrai: folds 
Alex366296: folds 
Dorex2007: folds 
laureano290: raises $0.07 to $0.12
Jota322322 has timed out
Jota322322: folds 
Pokon: calls $0.12
Agetro: folds 
razvantrifin: calls $0.07
*** FLOP *** [Ah 5s 9h]
razvantrifin: checks 
laureano290: checks 
Pokon: bets $0.15
razvantrifin: folds 
laureano290: folds 
Uncalled bet ($0.15) returned to Pokon
Pokon collected $0.36 from pot
Pokon: doesn't show hand 
*** SUMMARY ***
Total pot $0.38 | Rake $0.02 
Board [Ah 5s 9h]
Seat 1: Agetro (small blind) folded before Flop
Seat 2: razvantrifin (big blind) folded on the Flop
Seat 4: zecrai folded before Flop (didn't bet)
Seat 5: Alex366296 folded before Flop (didn't bet)
Seat 6: Dorex2007 folded before Flop (didn't bet)
Seat 7: laureano290 folded on the Flop
Seat 8: Jota322322 folded before Flop (didn't bet)
Seat 9: Pokon (button) collected ($0.36)



PokerStars Hand #237755966845:  Hold'em No Limit ($0.02/$0.05 USD) - 2022/08/02 19:22:43 PT [2022/08/02 22:22:43 ET]
Table 'Virton II' 9-max Seat #1 is the button
Seat 1: Agetro ($5 in chips) 
Seat 2: razvantrifin ($14.89 in chips) 
Seat 4: zecrai ($14.43 in chips) 
Seat 5: Alex366296 ($5 in chips) 
Seat 6: Dorex2007 ($5 in chips) 
Seat 7: laureano290 ($7.97 in chips) 
Seat 8: Jota322322 ($5.49 in chips) 
Seat 9: Pokon ($5.19 in chips) 
razvantrifin: posts small blind $0.02
zecrai: posts big blind $0.05
*** HOLE CARDS ***
Dealt to Dorex2007 [9d 7h]
Alex366296: folds 
Dorex2007: folds 
laureano290: folds 
Jota322322: calls $0.05
Pokon: folds 
Agetro: raises $0.10 to $0.15
razvantrifin: folds 
zecrai: calls $0.10
Jota322322: calls $0.10
*** FLOP *** [4c 3d 7c]
zecrai: checks 
Jota322322: checks 
Agetro: checks 
*** TURN *** [4c 3d 7c] [9c]
zecrai: bets $0.22
Jota322322: folds 
Agetro: folds 
Uncalled bet ($0.22) returned to zecrai
zecrai collected $0.45 from pot
*** SUMMARY ***
Total pot $0.47 | Rake $0.02 
Board [4c 3d 7c 9c]
Seat 1: Agetro (button) folded on the Turn
Seat 2: razvantrifin (small blind) folded before Flop
Seat 4: zecrai (big blind) collected ($0.45)
Seat 5: Alex366296 folded before Flop (didn't bet)
Seat 6: Dorex2007 folded before Flop (didn't bet)
Seat 7: laureano290 folded before Flop (didn't bet)
Seat 8: Jota322322 folded on the Turn
Seat 9: Pokon folded before Flop (didn't bet)



PokerStars Hand #237755980292:  Hold'em No Limit ($0.02/$0.05 USD) - 2022/08/02 19:23:57 PT [2022/08/02 22:23:57 ET]
Table 'Virton II' 9-max Seat #2 is the button
Seat 1: Agetro ($5 in chips) 
Seat 2: razvantrifin ($14.87 in chips) 
Seat 4: zecrai ($14.73 in chips) 
Seat 6: Dorex2007 ($5 in chips) 
Seat 7: laureano290 ($7.97 in chips) 
Seat 8: Jota322322 ($5.34 in chips) 
Seat 9: Pokon ($5.19 in chips) 
zecrai: posts small blind $0.02
Alex366296: is sitting out 
Dorex2007: posts big blind $0.05
*** HOLE CARDS ***
Dealt to Dorex2007 [2s 6d]
Alex366296 leaves the table
laureano290: raises $0.07 to $0.12
Jota322322: folds 
Pokon: folds 
Manuelito180 joins the table at seat #5 
Agetro: folds 
razvantrifin: folds 
zecrai: folds 
Dorex2007: folds 
Uncalled bet ($0.07) returned to laureano290
laureano290 collected $0.12 from pot
laureano290: doesn't show hand 
*** SUMMARY ***
Total pot $0.12 | Rake $0 
Seat 1: Agetro folded before Flop (didn't bet)
Seat 2: razvantrifin (button) folded before Flop (didn't bet)
Seat 4: zecrai (small blind) folded before Flop
Seat 6: Dorex2007 (big blind) folded before Flop
Seat 7: laureano290 collected ($0.12)
Seat 8: Jota322322 folded before Flop (didn't bet)
Seat 9: Pokon folded before Flop (didn't bet)



PokerStars Hand #237755992826:  Hold'em No Limit ($0.02/$0.05 USD) - 2022/08/02 19:24:19 PT [2022/08/02 22:24:19 ET]
Table 'Virton II' 9-max Seat #4 is the button
Seat 1: Agetro ($5 in chips) 
Seat 2: razvantrifin ($14.87 in chips) 
Seat 4: zecrai ($14.71 in chips) 
Seat 6: Dorex2007 ($5 in chips) 
Seat 8: Jota322322 ($5.34 in chips) 
Seat 9: Pokon ($5.19 in chips) 
Dorex2007: posts small blind $0.02
laureano290: is sitting out 
Jota322322: posts big blind $0.05
*** HOLE CARDS ***
Dealt to Dorex2007 [7d Qc]
laureano290 leaves the table
Pokon: folds 
Agetro: raises $0.10 to $0.15
razvantrifin: folds 
zecrai: calls $0.15
Dorex2007: folds 
Jota322322: folds 
*** FLOP *** [4d 6s 5s]
Agetro: checks 
zecrai: bets $0.17
Agetro: folds 
Uncalled bet ($0.17) returned to zecrai
zecrai collected $0.35 from pot
*** SUMMARY ***
Total pot $0.37 | Rake $0.02 
Board [4d 6s 5s]
Seat 1: Agetro folded on the Flop
Seat 2: razvantrifin folded before Flop (didn't bet)
Seat 4: zecrai (button) collected ($0.35)
Seat 6: Dorex2007 (small blind) folded before Flop
Seat 8: Jota322322 (big blind) folded before Flop
Seat 9: Pokon folded before Flop (didn't bet)



PokerStars Hand #237756004055:  Hold'em No Limit ($0.02/$0.05 USD) - 2022/08/02 19:25:20 PT [2022/08/02 22:25:20 ET]
Table 'Virton II' 9-max Seat #6 is the button
Seat 1: Agetro ($5 in chips) 
Seat 2: razvantrifin ($14.87 in chips) 
Seat 4: zecrai ($14.91 in chips) 
Seat 6: Dorex2007 ($5 in chips) 
Seat 8: Jota322322 ($5.29 in chips) 
Seat 9: Pokon ($5.19 in chips) 
Jota322322: posts small blind $0.02
Pokon: posts big blind $0.05
Manuelito180: sits out 
*** HOLE CARDS ***
Dealt to Dorex2007 [Ac Kh]
Agetro: folds 
razvantrifin: folds 
zecrai: raises $0.10 to $0.15
Dorex2007: calls $0.15
Jota322322: folds 
Pokon: calls $0.10
*** FLOP *** [Qh 3d 5c]
Pokon: checks 
zecrai: checks 
Dorex2007: checks 
*** TURN *** [Qh 3d 5c] [3c]
Pokon: bets $0.10
zecrai: raises $0.35 to $0.45
Dorex2007: folds 
Pokon: folds 
Uncalled bet ($0.35) returned to zecrai
zecrai collected $0.64 from pot
*** SUMMARY ***
Total pot $0.67 | Rake $0.03 
Board [Qh 3d 5c 3c]
Seat 1: Agetro folded before Flop (didn't bet)
Seat 2: razvantrifin folded before Flop (didn't bet)
Seat 4: zecrai collected ($0.64)
Seat 6: Dorex2007 (button) folded on the Turn
Seat 8: Jota322322 (small blind) folded before Flop
Seat 9: Pokon (big blind) folded on the Turn



PokerStars Hand #237756012003:  Hold'em No Limit ($0.02/$0.05 USD) - 2022/08/02 19:26:04 PT [2022/08/02 22:26:04 ET]
Table 'Virton II' 9-max Seat #8 is the button
Seat 1: Agetro ($5 in chips) 
Seat 2: razvantrifin ($14.87 in chips) 
Seat 4: zecrai ($15.30 in chips) 
Seat 6: Dorex2007 ($5 in chips) 
Seat 8: Jota322322 ($5.27 in chips) 
Seat 9: Pokon ($4.94 in chips) 
Pokon: posts small blind $0.02
Agetro: posts big blind $0.05
Manuelito180: sits out 
*** HOLE CARDS ***
Dealt to Dorex2007 [5d Jh]
razvantrifin: calls $0.05
zecrai: folds 
Dorex2007: folds 
Jota322322: calls $0.05
Pokon: raises $0.15 to $0.20
Agetro: folds 
razvantrifin: folds 
Jota322322: calls $0.15
*** FLOP *** [8c Tc 3h]
Pokon: bets $0.15
Chase Dog 1 joins the table at seat #7 
Jota322322: folds 
Uncalled bet ($0.15) returned to Pokon
Pokon collected $0.48 from pot
Pokon: doesn't show hand 
*** SUMMARY ***
Total pot $0.50 | Rake $0.02 
Board [8c Tc 3h]
Seat 1: Agetro (big blind) folded before Flop
Seat 2: razvantrifin folded before Flop
Seat 4: zecrai folded before Flop (didn't bet)
Seat 6: Dorex2007 folded before Flop (didn't bet)
Seat 8: Jota322322 (button) folded on the Flop
Seat 9: Pokon (small blind) collected ($0.48)



PokerStars Hand #237756024432:  Hold'em No Limit ($0.02/$0.05 USD) - 2022/08/02 19:27:11 PT [2022/08/02 22:27:11 ET]
Table 'Virton II' 9-max Seat #9 is the button
Seat 1: Agetro ($4.95 in chips) 
Seat 2: razvantrifin ($14.82 in chips) 
Seat 4: zecrai ($15.30 in chips) 
Seat 6: Dorex2007 ($5 in chips) 
Seat 7: Chase Dog 1 ($4 in chips) 
Seat 8: Jota322322 ($5.07 in chips) 
Seat 9: Pokon ($5.22 in chips) 
Agetro: posts small blind $0.02
razvantrifin: posts big blind $0.05
Manuelito180: sits out 
Chase Dog 1: posts big blind $0.05
*** HOLE CARDS ***
Dealt to Dorex2007 [Ah Kc]
zecrai: folds 
Dorex2007: raises $0.10 to $0.15
Chase Dog 1: folds 
Jota322322: folds 
Pokon: folds 
Agetro: folds 
razvantrifin: folds 
Uncalled bet ($0.10) returned to Dorex2007
Dorex2007 collected $0.17 from pot
Dorex2007: doesn't show hand 
*** SUMMARY ***
Total pot $0.17 | Rake $0 
Seat 1: Agetro (small blind) folded before Flop
Seat 2: razvantrifin (big blind) folded before Flop
Seat 4: zecrai folded before Flop (didn't bet)
Seat 6: Dorex2007 collected ($0.17)
Seat 7: Chase Dog 1 folded before Flop (didn't bet)
Seat 8: Jota322322 folded before Flop (didn't bet)
Seat 9: Pokon (button) folded before Flop (didn't bet)



PokerStars Hand #237756030667:  Hold'em No Limit ($0.02/$0.05 USD) - 2022/08/02 19:27:46 PT [2022/08/02 22:27:46 ET]
Table 'Virton II' 9-max Seat #1 is the button
Seat 1: Agetro ($4.93 in chips) 
Seat 2: razvantrifin ($14.77 in chips) 
Seat 4: zecrai ($15.30 in chips) 
Seat 6: Dorex2007 ($5.12 in chips) 
Seat 7: Chase Dog 1 ($3.95 in chips) 
Seat 8: Jota322322 ($5.07 in chips) 
Seat 9: Pokon ($5.22 in chips) 
razvantrifin: posts small blind $0.02
zecrai: posts big blind $0.05
Manuelito180: sits out 
*** HOLE CARDS ***
Dealt to Dorex2007 [9d 4d]
Dorex2007: folds 
Chase Dog 1: folds 
Jota322322: folds 
Pokon: folds 
Agetro: folds 
razvantrifin: raises $0.10 to $0.15
zecrai: folds 
Uncalled bet ($0.10) returned to razvantrifin
razvantrifin collected $0.10 from pot
razvantrifin: doesn't show hand 
*** SUMMARY ***
Total pot $0.10 | Rake $0 
Seat 1: Agetro (button) folded before Flop (didn't bet)
Seat 2: razvantrifin (small blind) collected ($0.10)
Seat 4: zecrai (big blind) folded before Flop
Seat 6: Dorex2007 folded before Flop (didn't bet)
Seat 7: Chase Dog 1 folded before Flop (didn't bet)
Seat 8: Jota322322 folded before Flop (didn't bet)
Seat 9: Pokon folded before Flop (didn't bet)



PokerStars Hand #237756036136:  Hold'em No Limit ($0.02/$0.05 USD) - 2022/08/02 19:28:16 PT [2022/08/02 22:28:16 ET]
Table 'Virton II' 9-max Seat #2 is the button
Seat 1: Agetro ($4.93 in chips) 
Seat 2: razvantrifin ($14.82 in chips) 
Seat 4: zecrai ($15.25 in chips) 
Seat 5: Manuelito180 ($5 in chips) 
Seat 6: Dorex2007 ($5.12 in chips) 
Seat 7: Chase Dog 1 ($3.95 in chips) 
Seat 8: Jota322322 ($5.07 in chips) 
Seat 9: Pokon ($5.22 in chips) 
zecrai: posts small blind $0.02
Manuelito180: posts big blind $0.05
*** HOLE CARDS ***
Dealt to Dorex2007 [Ac 4c]
Dorex2007: folds 
Chase Dog 1: folds 
Jota322322: folds 
Pokon: folds 
Agetro: raises $0.10 to $0.15
razvantrifin: folds 
zecrai: calls $0.13
Manuelito180: raises $0.30 to $0.45
Agetro: raises $0.75 to $1.20
zecrai: folds 
Manuelito180: folds 
Uncalled bet ($0.75) returned to Agetro
Agetro collected $1.05 from pot
Agetro: doesn't show hand 
*** SUMMARY ***
Total pot $1.05 | Rake $0 
Seat 1: Agetro collected ($1.05)
Seat 2: razvantrifin (button) folded before Flop (didn't bet)
Seat 4: zecrai (small blind) folded before Flop
Seat 5: Manuelito180 (big blind) folded before Flop
Seat 6: Dorex2007 folded before Flop (didn't bet)
Seat 7: Chase Dog 1 folded before Flop (didn't bet)
Seat 8: Jota322322 folded before Flop (didn't bet)
Seat 9: Pokon folded before Flop (didn't bet)



PokerStars Hand #237756046805:  Hold'em No Limit ($0.02/$0.05 USD) - 2022/08/02 19:29:15 PT [2022/08/02 22:29:15 ET]
Table 'Virton II' 9-max Seat #4 is the button
Seat 1: Agetro ($5.53 in chips) 
Seat 2: razvantrifin ($14.82 in chips) 
Seat 4: zecrai ($15.10 in chips) 
Seat 5: Manuelito180 ($4.55 in chips) 
Seat 6: Dorex2007 ($5.12 in chips) 
Seat 7: Chase Dog 1 ($3.95 in chips) 
Seat 8: Jota322322 ($5.07 in chips) 
Seat 9: Pokon ($5.22 in chips) 
Manuelito180: posts small blind $0.02
Dorex2007: posts big blind $0.05
*** HOLE CARDS ***
Dealt to Dorex2007 [9c 8h]
Chase Dog 1: folds 
Jota322322: folds 
Pokon: folds 
Agetro: folds 
razvantrifin: raises $0.12 to $0.17
zecrai: calls $0.17
Manuelito180: raises $0.43 to $0.60
Dorex2007: folds 
razvantrifin: calls $0.43
zecrai: calls $0.43
*** FLOP *** [Th 3s 4s]
Manuelito180: bets $0.60
razvantrifin: calls $0.60
zecrai: folds 
*** TURN *** [Th 3s 4s] [4d]
Manuelito180: bets $1.35
razvantrifin: calls $1.35
*** RIVER *** [Th 3s 4s 4d] [7d]
Manuelito180: bets $2 and is all-in
mumisber leaves the table
razvantrifin: calls $2
*** SHOW DOWN ***
Manuelito180: shows [Qh Ah] (a pair of Fours)
razvantrifin: shows [Kh As] (a pair of Fours - Ace+King kicker)
razvantrifin collected $9.35 from pot
*** SUMMARY ***
Total pot $9.75 | Rake $0.40 
Board [Th 3s 4s 4d 7d]
Seat 1: Agetro folded before Flop (didn't bet)
Seat 2: razvantrifin showed [Kh As] and won ($9.35) with a pair of Fours
Seat 4: zecrai (button) folded on the Flop
Seat 5: Manuelito180 (small blind) showed [Qh Ah] and lost with a pair of Fours
Seat 6: Dorex2007 (big blind) folded before Flop
Seat 7: Chase Dog 1 folded before Flop (didn't bet)
Seat 8: Jota322322 folded before Flop (didn't bet)
Seat 9: Pokon folded before Flop (didn't bet)



PokerStars Hand #237756065209:  Hold'em No Limit ($0.02/$0.05 USD) - 2022/08/02 19:30:56 PT [2022/08/02 22:30:56 ET]
Table 'Virton II' 9-max Seat #6 is the button
Seat 1: Agetro ($5.53 in chips) 
Seat 2: razvantrifin ($19.62 in chips) 
Seat 4: zecrai ($14.50 in chips) 
Seat 6: Dorex2007 ($5.07 in chips) 
Seat 7: Chase Dog 1 ($3.95 in chips) 
Seat 8: Jota322322 ($5.07 in chips) 
Seat 9: Pokon ($5.22 in chips) 
Chase Dog 1: posts small blind $0.02
Jota322322: posts big blind $0.05
*** HOLE CARDS ***
Dealt to Dorex2007 [Jh 2c]
Pokon: folds 
Agetro: folds 
razvantrifin: folds 
zecrai: folds 
Dorex2007: folds 
Chase Dog 1: calls $0.03
Jota322322: checks 
*** FLOP *** [Th Qd 6d]
Chase Dog 1: checks 
Jota322322: checks 
*** TURN *** [Th Qd 6d] [8s]
Chase Dog 1: checks 
Jota322322: checks 
*** RIVER *** [Th Qd 6d 8s] [6h]
Chase Dog 1: bets $0.07
Jota322322: folds 
Uncalled bet ($0.07) returned to Chase Dog 1
Chase Dog 1 collected $0.10 from pot
Chase Dog 1: doesn't show hand 
*** SUMMARY ***
Total pot $0.10 | Rake $0 
Board [Th Qd 6d 8s 6h]
Seat 1: Agetro folded before Flop (didn't bet)
Seat 2: razvantrifin folded before Flop (didn't bet)
Seat 4: zecrai folded before Flop (didn't bet)
Seat 6: Dorex2007 (button) folded before Flop (didn't bet)
Seat 7: Chase Dog 1 (small blind) collected ($0.10)
Seat 8: Jota322322 (big blind) folded on the River
Seat 9: Pokon folded before Flop (didn't bet)



PokerStars Hand #237756072208:  Hold'em No Limit ($0.02/$0.05 USD) - 2022/08/02 19:31:35 PT [2022/08/02 22:31:35 ET]
Table 'Virton II' 9-max Seat #7 is the button
Seat 1: Agetro ($5.53 in chips) 
Seat 2: razvantrifin ($19.62 in chips) 
Seat 4: zecrai ($14.50 in chips) 
Seat 5: Manuelito180 ($5 in chips) 
Seat 6: Dorex2007 ($5.07 in chips) 
Seat 7: Chase Dog 1 ($4 in chips) 
Seat 8: Jota322322 ($5.02 in chips) 
Seat 9: Pokon ($5.22 in chips) 
Jota322322: posts small blind $0.02
Pokon: posts big blind $0.05
*** HOLE CARDS ***
Dealt to Dorex2007 [5h Ah]
Agetro: folds 
razvantrifin: folds 
zecrai: folds 
Manuelito180: folds 
onlyfoolsguy joins the table at seat #3 
Dorex2007: calls $0.05
Chase Dog 1: calls $0.05
Jota322322: folds 
Pokon: checks 
*** FLOP *** [7d 8c 4c]
Pokon: checks 
Dorex2007: checks 
Chase Dog 1: checks 
*** TURN *** [7d 8c 4c] [3h]
Pokon: bets $0.10
Dorex2007: folds 
Chase Dog 1: folds 
Uncalled bet ($0.10) returned to Pokon
Pokon collected $0.16 from pot
Pokon: doesn't show hand 
*** SUMMARY ***
Total pot $0.17 | Rake $0.01 
Board [7d 8c 4c 3h]
Seat 1: Agetro folded before Flop (didn't bet)
Seat 2: razvantrifin folded before Flop (didn't bet)
Seat 4: zecrai folded before Flop (didn't bet)
Seat 5: Manuelito180 folded before Flop (didn't bet)
Seat 6: Dorex2007 folded on the Turn
Seat 7: Chase Dog 1 (button) folded on the Turn
Seat 8: Jota322322 (small blind) folded before Flop
Seat 9: Pokon (big blind) collected ($0.16)



PokerStars Hand #237756079398:  Hold'em No Limit ($0.02/$0.05 USD) - 2022/08/02 19:32:16 PT [2022/08/02 22:32:16 ET]
Table 'Virton II' 9-max Seat #8 is the button
Seat 1: Agetro ($5.53 in chips) 
Seat 2: razvantrifin ($19.62 in chips) 
Seat 3: onlyfoolsguy ($5 in chips) 
Seat 4: zecrai ($14.50 in chips) 
Seat 5: Manuelito180 ($5 in chips) 
Seat 6: Dorex2007 ($5.02 in chips) 
Seat 7: Chase Dog 1 ($3.95 in chips) 
Seat 8: Jota322322 ($5 in chips) 
Seat 9: Pokon ($5.33 in chips) 
Pokon: posts small blind $0.02
Agetro: posts big blind $0.05
onlyfoolsguy: posts big blind $0.05
*** HOLE CARDS ***
Dealt to Dorex2007 [Kc 2h]
razvantrifin: folds 
onlyfoolsguy: checks 
zecrai: calls $0.05
Manuelito180: folds 
Dorex2007: folds 
Chase Dog 1: folds 
Jota322322: folds 
Pokon: raises $0.15 to $0.20
Agetro: folds 
onlyfoolsguy: folds 
zecrai: calls $0.15
*** FLOP *** [4h Ad 4s]
Pokon: bets $0.24
zecrai: folds 
Uncalled bet ($0.24) returned to Pokon
Pokon collected $0.48 from pot
Pokon: doesn't show hand 
*** SUMMARY ***
Total pot $0.50 | Rake $0.02 
Board [4h Ad 4s]
Seat 1: Agetro (big blind) folded before Flop
Seat 2: razvantrifin folded before Flop (didn't bet)
Seat 3: onlyfoolsguy folded before Flop (didn't bet)
Seat 4: zecrai folded on the Flop
Seat 5: Manuelito180 folded before Flop (didn't bet)
Seat 6: Dorex2007 folded before Flop (didn't bet)
Seat 7: Chase Dog 1 folded before Flop (didn't bet)
Seat 8: Jota322322 (button) folded before Flop (didn't bet)
Seat 9: Pokon (small blind) collected ($0.48)



PokerStars Hand #237756088173:  Hold'em No Limit ($0.02/$0.05 USD) - 2022/08/02 19:33:05 PT [2022/08/02 22:33:05 ET]
Table 'Virton II' 9-max Seat #9 is the button
Seat 1: Agetro ($5.48 in chips) 
Seat 2: razvantrifin ($19.62 in chips) 
Seat 3: onlyfoolsguy ($4.95 in chips) 
Seat 4: zecrai ($14.30 in chips) 
Seat 5: Manuelito180 ($5 in chips) 
Seat 6: Dorex2007 ($5.02 in chips) 
Seat 7: Chase Dog 1 ($3.95 in chips) 
Seat 8: Jota322322 ($5 in chips) 
Seat 9: Pokon ($5.61 in chips) 
Agetro: posts small blind $0.02
razvantrifin: posts big blind $0.05
*** HOLE CARDS ***
Dealt to Dorex2007 [Ac Ah]
onlyfoolsguy: raises $0.10 to $0.15
zecrai: folds 
Manuelito180: raises $0.35 to $0.50
Dorex2007: raises $4.52 to $5.02 and is all-in
Chase Dog 1: folds 
Jota322322: folds 
Pokon: folds 
Agetro: folds 
razvantrifin: folds 
onlyfoolsguy: folds 
Manuelito180: calls $4.50 and is all-in
Uncalled bet ($0.02) returned to Dorex2007
*** FLOP *** [Kc 4s Jd]
*** TURN *** [Kc 4s Jd] [9c]
*** RIVER *** [Kc 4s Jd 9c] [Qs]
*** SHOW DOWN ***
Manuelito180: shows [Ad Ks] (a pair of Kings)
Dorex2007: shows [Ac Ah] (a pair of Aces)
Dorex2007 cashed out the hand for $8.98 | Cash Out Fee $0.09
*** SUMMARY ***
Total pot $10.22 | Rake $0.42 
Board [Kc 4s Jd 9c Qs]
Seat 1: Agetro (small blind) folded before Flop
Seat 2: razvantrifin (big blind) folded before Flop
Seat 3: onlyfoolsguy folded before Flop
Seat 4: zecrai folded before Flop (didn't bet)
Seat 5: Manuelito180 showed [Ad Ks] and lost with a pair of Kings
Seat 6: Dorex2007 showed [Ac Ah] and won ($9.80) with a pair of Aces (pot not awarded as player cashed out)
Seat 7: Chase Dog 1 folded before Flop (didn't bet)
Seat 8: Jota322322 folded before Flop (didn't bet)
Seat 9: Pokon (button) folded before Flop (didn't bet)



PokerStars Hand #237756100318:  Hold'em No Limit ($0.02/$0.05 USD) - 2022/08/02 19:34:13 PT [2022/08/02 22:34:13 ET]
Table 'Virton II' 9-max Seat #1 is the button
Seat 1: Agetro ($5.46 in chips) 
Seat 2: razvantrifin ($19.57 in chips) 
Seat 3: onlyfoolsguy ($4.80 in chips) 
Seat 4: zecrai ($14.30 in chips) 
Seat 6: Dorex2007 ($9 in chips) 
Seat 7: Chase Dog 1 ($3.95 in chips) 
Seat 8: Jota322322 ($5 in chips) 
Seat 9: Pokon ($5.61 in chips) 
razvantrifin: posts small blind $0.02
onlyfoolsguy: posts big blind $0.05
*** HOLE CARDS ***
Dealt to Dorex2007 [Jh 8s]
zecrai: folds 
Manuelito180 leaves the table
Dorex2007: folds 
Chase Dog 1: folds 
Jota322322: folds 
Pokon: raises $0.05 to $0.10
Agetro: folds 
razvantrifin: calls $0.08
zxcvb578 joins the table at seat #5 
onlyfoolsguy: folds 
*** FLOP *** [7c Kc 9h]
razvantrifin: checks 
Pokon: checks 
*** TURN *** [7c Kc 9h] [3d]
razvantrifin: bets $0.12
Pokon: folds 
Uncalled bet ($0.12) returned to razvantrifin
razvantrifin collected $0.24 from pot
razvantrifin: doesn't show hand 
*** SUMMARY ***
Total pot $0.25 | Rake $0.01 
Board [7c Kc 9h 3d]
Seat 1: Agetro (button) folded before Flop (didn't bet)
Seat 2: razvantrifin (small blind) collected ($0.24)
Seat 3: onlyfoolsguy (big blind) folded before Flop
Seat 4: zecrai folded before Flop (didn't bet)
Seat 6: Dorex2007 folded before Flop (didn't bet)
Seat 7: Chase Dog 1 folded before Flop (didn't bet)
Seat 8: Jota322322 folded before Flop (didn't bet)
Seat 9: Pokon folded on the Turn



PokerStars Hand #237756116335:  Hold'em No Limit ($0.02/$0.05 USD) - 2022/08/02 19:34:55 PT [2022/08/02 22:34:55 ET]
Table 'Virton II' 9-max Seat #2 is the button
Seat 1: Agetro ($5.46 in chips) 
Seat 2: razvantrifin ($19.71 in chips) 
Seat 3: onlyfoolsguy ($4.75 in chips) 
Seat 4: zecrai ($14.30 in chips) 
Seat 6: Dorex2007 ($9 in chips) 
Seat 7: Chase Dog 1 ($3.95 in chips) 
Seat 8: Jota322322 ($5 in chips) 
Seat 9: Pokon ($5.51 in chips) 
onlyfoolsguy: posts small blind $0.02
zecrai: posts big blind $0.05
zxcvb578: sits out 
*** HOLE CARDS ***
Dealt to Dorex2007 [8h 3c]
Dorex2007: folds 
Chase Dog 1: folds 
Jota322322: folds 
Pokon: folds 
Agetro: folds 
razvantrifin: raises $0.05 to $0.10
onlyfoolsguy: raises $0.38 to $0.48
zecrai: folds 
zxcvb578 leaves the table
razvantrifin is disconnected 
Lagosha joins the table at seat #5 
Pokon leaves the table
HAYASHID2 joins the table at seat #9 
razvantrifin has timed out while disconnected
razvantrifin: folds 
Uncalled bet ($0.38) returned to onlyfoolsguy
onlyfoolsguy collected $0.25 from pot
onlyfoolsguy: doesn't show hand 
*** SUMMARY ***
Total pot $0.25 | Rake $0 
Seat 1: Agetro folded before Flop (didn't bet)
Seat 2: razvantrifin (button) folded before Flop
Seat 3: onlyfoolsguy (small blind) collected ($0.25)
Seat 4: zecrai (big blind) folded before Flop
Seat 6: Dorex2007 folded before Flop (didn't bet)
Seat 7: Chase Dog 1 folded before Flop (didn't bet)
Seat 8: Jota322322 folded before Flop (didn't bet)
Seat 9: Pokon folded before Flop (didn't bet)



PokerStars Hand #237756130324:  Hold'em No Limit ($0.02/$0.05 USD) - 2022/08/02 19:36:14 PT [2022/08/02 22:36:14 ET]
Table 'Virton II' 9-max Seat #3 is the button
Seat 1: Agetro ($5.46 in chips) 
Seat 3: onlyfoolsguy ($4.90 in chips) 
Seat 4: zecrai ($14.25 in chips) 
Seat 5: Lagosha ($5 in chips) 
Seat 6: Dorex2007 ($9 in chips) 
Seat 7: Chase Dog 1 ($3.95 in chips) 
Seat 8: Jota322322 ($5 in chips) 
zecrai: posts small blind $0.02
Lagosha: posts big blind $0.05
HAYASHID2: sits out 
*** HOLE CARDS ***
Dealt to Dorex2007 [9s Jc]
Dorex2007: folds 
Chase Dog 1: raises $0.07 to $0.12
Jota322322: folds 
Agetro: calls $0.12
onlyfoolsguy: folds 
zecrai: folds 
Lagosha: folds 
*** FLOP *** [Kh 9c 6h]
Chase Dog 1: bets $0.15
Agetro: calls $0.15
*** TURN *** [Kh 9c 6h] [9h]
Chase Dog 1: bets $0.15
Agetro: raises $0.35 to $0.50
Chase Dog 1: calls $0.35
*** RIVER *** [Kh 9c 6h 9h] [5s]
Chase Dog 1: bets $0.30
Agetro: folds 
Uncalled bet ($0.30) returned to Chase Dog 1
Chase Dog 1 collected $1.54 from pot
Chase Dog 1: doesn't show hand 
*** SUMMARY ***
Total pot $1.61 | Rake $0.07 
Board [Kh 9c 6h 9h 5s]
Seat 1: Agetro folded on the River
Seat 3: onlyfoolsguy (button) folded before Flop (didn't bet)
Seat 4: zecrai (small blind) folded before Flop
Seat 5: Lagosha (big blind) folded before Flop
Seat 6: Dorex2007 folded before Flop (didn't bet)
Seat 7: Chase Dog 1 collected ($1.54)
Seat 8: Jota322322 folded before Flop (didn't bet)



PokerStars Hand #237756142115:  Hold'em No Limit ($0.02/$0.05 USD) - 2022/08/02 19:37:20 PT [2022/08/02 22:37:20 ET]
Table 'Virton II' 9-max Seat #4 is the button
Seat 1: Agetro ($5 in chips) 
Seat 3: onlyfoolsguy ($4.90 in chips) 
Seat 4: zecrai ($14.23 in chips) 
Seat 5: Lagosha ($5 in chips) 
Seat 6: Dorex2007 ($9 in chips) 
Seat 7: Chase Dog 1 ($4.72 in chips) 
Seat 8: Jota322322 ($5 in chips) 
Lagosha: posts small blind $0.02
Dorex2007: posts big blind $0.05
HAYASHID2: sits out 
*** HOLE CARDS ***
Dealt to Dorex2007 [Kd 5d]
Chase Dog 1: calls $0.05
Jota322322: folds 
Agetro: folds 
onlyfoolsguy: raises $0.22 to $0.27
zecrai: calls $0.27
Lagosha: folds 
Dorex2007: folds 
Chase Dog 1: folds 
*** FLOP *** [Jh Tc 6h]
onlyfoolsguy: checks 
zecrai: bets $0.35
onlyfoolsguy: folds 
Uncalled bet ($0.35) returned to zecrai
zecrai collected $0.63 from pot
*** SUMMARY ***
Total pot $0.66 | Rake $0.03 
Board [Jh Tc 6h]
Seat 1: Agetro folded before Flop (didn't bet)
Seat 3: onlyfoolsguy folded on the Flop
Seat 4: zecrai (button) collected ($0.63)
Seat 5: Lagosha (small blind) folded before Flop
Seat 6: Dorex2007 (big blind) folded before Flop
Seat 7: Chase Dog 1 folded before Flop
Seat 8: Jota322322 folded before Flop (didn't bet)



PokerStars Hand #237756153381:  Hold'em No Limit ($0.02/$0.05 USD) - 2022/08/02 19:38:23 PT [2022/08/02 22:38:23 ET]
Table 'Virton II' 9-max Seat #5 is the button
Seat 1: Agetro ($5 in chips) 
Seat 3: onlyfoolsguy ($4.63 in chips) 
Seat 4: zecrai ($14.59 in chips) 
Seat 5: Lagosha ($5 in chips) 
Seat 6: Dorex2007 ($8.95 in chips) 
Seat 7: Chase Dog 1 ($4.67 in chips) 
Seat 8: Jota322322 ($5 in chips) 
Dorex2007: posts small blind $0.02
Chase Dog 1: posts big blind $0.05
HAYASHID2: sits out 
*** HOLE CARDS ***
Dealt to Dorex2007 [Th 5s]
Jota322322: raises $0.05 to $0.10
Agetro: folds 
onlyfoolsguy: folds 
zecrai: folds 
Lagosha: folds 
Dorex2007: folds 
Chase Dog 1: calls $0.05
*** FLOP *** [2s 6d Qc]
Chase Dog 1: checks 
Jota322322: checks 
*** TURN *** [2s 6d Qc] [8c]
Chase Dog 1: bets $0.14
Jota322322: calls $0.14
*** RIVER *** [2s 6d Qc 8c] [6s]
Chase Dog 1: checks 
Jota322322: bets $0.30
Chase Dog 1: calls $0.30
*** SHOW DOWN ***
Jota322322: shows [As Jd] (a pair of Sixes)
Chase Dog 1: shows [9s Qh] (two pair, Queens and Sixes)
Chase Dog 1 collected $1.05 from pot
*** SUMMARY ***
Total pot $1.10 | Rake $0.05 
Board [2s 6d Qc 8c 6s]
Seat 1: Agetro folded before Flop (didn't bet)
Seat 3: onlyfoolsguy folded before Flop (didn't bet)
Seat 4: zecrai folded before Flop (didn't bet)
Seat 5: Lagosha (button) folded before Flop (didn't bet)
Seat 6: Dorex2007 (small blind) folded before Flop
Seat 7: Chase Dog 1 (big blind) showed [9s Qh] and won ($1.05) with two pair, Queens and Sixes
Seat 8: Jota322322 showed [As Jd] and lost with a pair of Sixes



PokerStars Hand #237756162492:  Hold'em No Limit ($0.02/$0.05 USD) - 2022/08/02 19:39:15 PT [2022/08/02 22:39:15 ET]
Table 'Virton II' 9-max Seat #6 is the button
Seat 1: Agetro ($5 in chips) 
Seat 3: onlyfoolsguy ($4.63 in chips) 
Seat 4: zecrai ($14.59 in chips) 
Seat 5: Lagosha ($5 in chips) 
Seat 6: Dorex2007 ($8.93 in chips) 
Seat 7: Chase Dog 1 ($5.18 in chips) 
Seat 8: Jota322322 ($4.46 in chips) 
Chase Dog 1: posts small blind $0.02
Jota322322: posts big blind $0.05
HAYASHID2: sits out 
*** HOLE CARDS ***
Dealt to Dorex2007 [Th Qc]
Agetro: folds 
onlyfoolsguy: raises $0.10 to $0.15
zecrai: folds 
Lagosha: folds 
Dorex2007: folds 
Chase Dog 1: folds 
Jota322322: folds 
Uncalled bet ($0.10) returned to onlyfoolsguy
Jota322322 leaves the table
onlyfoolsguy collected $0.12 from pot
onlyfoolsguy: doesn't show hand 
*** SUMMARY ***
Total pot $0.12 | Rake $0 
Seat 1: Agetro folded before Flop (didn't bet)
Seat 3: onlyfoolsguy collected ($0.12)
Seat 4: zecrai folded before Flop (didn't bet)
Seat 5: Lagosha folded before Flop (didn't bet)
Seat 6: Dorex2007 (button) folded before Flop (didn't bet)
Seat 7: Chase Dog 1 (small blind) folded before Flop
Seat 8: Jota322322 (big blind) folded before Flop



PokerStars Hand #237756166577:  Hold'em No Limit ($0.02/$0.05 USD) - 2022/08/02 19:39:38 PT [2022/08/02 22:39:38 ET]
Table 'Virton II' 9-max Seat #7 is the button
Seat 1: Agetro ($5 in chips) 
Seat 3: onlyfoolsguy ($4.70 in chips) 
Seat 4: zecrai ($14.59 in chips) 
Seat 5: Lagosha ($5 in chips) 
Seat 6: Dorex2007 ($8.93 in chips) 
Seat 7: Chase Dog 1 ($5.16 in chips) 
Agetro: posts small blind $0.02
onlyfoolsguy: posts big blind $0.05
*** HOLE CARDS ***
Dealt to Dorex2007 [9c 5h]
zecrai: raises $0.10 to $0.15
Woodie YUL joins the table at seat #8 
Lagosha: calls $0.15
Dorex2007: folds 
Chase Dog 1: calls $0.15
Agetro: folds 
onlyfoolsguy: calls $0.10
*** FLOP *** [4h Kc 8s]
onlyfoolsguy: checks 
zecrai: bets $0.29
Lagosha: raises $0.29 to $0.58
Chase Dog 1: folds 
onlyfoolsguy: folds 
zecrai: calls $0.29
*** TURN *** [4h Kc 8s] [7s]
zecrai: checks 
Lagosha: bets $0.85
zecrai: folds 
Uncalled bet ($0.85) returned to Lagosha
Lagosha collected $1.71 from pot
Lagosha: doesn't show hand 
*** SUMMARY ***
Total pot $1.78 | Rake $0.07 
Board [4h Kc 8s 7s]
Seat 1: Agetro (small blind) folded before Flop
Seat 3: onlyfoolsguy (big blind) folded on the Flop
Seat 4: zecrai folded on the Turn
Seat 5: Lagosha collected ($1.71)
Seat 6: Dorex2007 folded before Flop (didn't bet)
Seat 7: Chase Dog 1 (button) folded on the Flop



PokerStars Hand #237756180987:  Hold'em No Limit ($0.02/$0.05 USD) - 2022/08/02 19:40:58 PT [2022/08/02 22:40:58 ET]
Table 'Virton II' 9-max Seat #1 is the button
Seat 1: Agetro ($4.98 in chips) 
Seat 3: onlyfoolsguy ($4.55 in chips) 
Seat 4: zecrai ($13.86 in chips) 
Seat 5: Lagosha ($5.98 in chips) 
Seat 6: Dorex2007 ($8.93 in chips) 
Seat 7: Chase Dog 1 ($5.01 in chips) 
onlyfoolsguy: posts small blind $0.02
zecrai: posts big blind $0.05
Woodie YUL: sits out 
HAYASHID2: sits out 
*** HOLE CARDS ***
Dealt to Dorex2007 [5c 2h]
Lagosha: folds 
Dorex2007: folds 
Chase Dog 1: calls $0.05
Agetro: raises $0.17 to $0.22
onlyfoolsguy: folds 
zecrai: folds 
Chase Dog 1: folds 
Uncalled bet ($0.17) returned to Agetro
Agetro collected $0.17 from pot
Agetro: doesn't show hand 
*** SUMMARY ***
Total pot $0.17 | Rake $0 
Seat 1: Agetro (button) collected ($0.17)
Seat 3: onlyfoolsguy (small blind) folded before Flop
Seat 4: zecrai (big blind) folded before Flop
Seat 5: Lagosha folded before Flop (didn't bet)
Seat 6: Dorex2007 folded before Flop (didn't bet)
Seat 7: Chase Dog 1 folded before Flop



