PokerStars Hand #224648746730:  Hold'em No Limit ($0.01/$0.02 USD) - 2021/03/09 22:17:34 PT [2021/03/10 1:17:34 ET]
Table 'Aigyptios III' 9-max Seat #4 is the button
Seat 1: airdestiny ($2.59 in chips) 
Seat 2: Dorex2007 ($1.50 in chips) 
Seat 3: w3sby ($3.26 in chips) 
Seat 4: Szendi58 ($2 in chips) 
Seat 5: n2405n ($2.04 in chips) 
Seat 6: derwil123 ($1.13 in chips) 
Seat 7: DenyLi ($1.65 in chips) 
Seat 8: BlackCat0812 ($0.75 in chips) 
n2405n: posts small blind $0.01
derwil123: posts big blind $0.02
ValeraBLR: sits out 
Dorex2007: posts big blind $0.02
*** HOLE CARDS ***
Dealt to Dorex2007 [2c Ah]
DenyLi: folds 
BlackCat0812: folds 
airdestiny: folds 
Dorex2007: checks 
w3sby: folds 
Szendi58: calls $0.02
n2405n: folds 
derwil123: checks 
*** FLOP *** [7s 9h 2s]
derwil123: checks 
Dorex2007: checks 
Szendi58: bets $0.02
derwil123: calls $0.02
Dorex2007: folds 
*** TURN *** [7s 9h 2s] [9d]
derwil123: checks 
Szendi58: bets $0.02
derwil123: calls $0.02
*** RIVER *** [7s 9h 2s 9d] [3s]
derwil123: checks 
Szendi58: bets $0.02
derwil123: calls $0.02
*** SHOW DOWN ***
Szendi58: shows [2d As] (two pair, Nines and Deuces)
derwil123: mucks hand 
Szendi58 collected $0.18 from pot
*** SUMMARY ***
Total pot $0.19 | Rake $0.01 
Board [7s 9h 2s 9d 3s]
Seat 1: airdestiny folded before Flop (didn't bet)
Seat 2: Dorex2007 folded on the Flop (didn't bet)
Seat 3: w3sby folded before Flop (didn't bet)
Seat 4: Szendi58 (button) showed [2d As] and won ($0.18) with two pair, Nines and Deuces
Seat 5: n2405n (small blind) folded before Flop
Seat 6: derwil123 (big blind) mucked [Jh Qh]
Seat 7: DenyLi folded before Flop (didn't bet)
Seat 8: BlackCat0812 folded before Flop (didn't bet)



PokerStars Hand #224648758412:  Hold'em No Limit ($0.01/$0.02 USD) - 2021/03/09 22:18:43 PT [2021/03/10 1:18:43 ET]
Table 'Aigyptios III' 9-max Seat #5 is the button
Seat 1: airdestiny ($2.59 in chips) 
Seat 2: Dorex2007 ($1.48 in chips) 
Seat 3: w3sby ($3.26 in chips) 
Seat 4: Szendi58 ($2.10 in chips) 
Seat 5: n2405n ($2.03 in chips) 
Seat 6: derwil123 ($1.05 in chips) 
Seat 7: DenyLi ($1.65 in chips) 
Seat 8: BlackCat0812 ($0.75 in chips) 
derwil123: posts small blind $0.01
DenyLi: posts big blind $0.02
ValeraBLR: sits out 
*** HOLE CARDS ***
Dealt to Dorex2007 [6d 2h]
BlackCat0812: calls $0.02
airdestiny: folds 
Dorex2007: folds 
w3sby: folds 
Szendi58: calls $0.02
n2405n: folds 
derwil123: calls $0.01
DenyLi: raises $0.04 to $0.06
BlackCat0812: folds 
Szendi58: calls $0.04
derwil123: calls $0.04
*** FLOP *** [9d Ad Ts]
derwil123: checks 
DenyLi: bets $0.12
Szendi58: folds 
derwil123: raises $0.87 to $0.99 and is all-in
DenyLi: folds 
Uncalled bet ($0.87) returned to derwil123
derwil123 collected $0.42 from pot
*** SUMMARY ***
Total pot $0.44 | Rake $0.02 
Board [9d Ad Ts]
Seat 1: airdestiny folded before Flop (didn't bet)
Seat 2: Dorex2007 folded before Flop (didn't bet)
Seat 3: w3sby folded before Flop (didn't bet)
Seat 4: Szendi58 folded on the Flop
Seat 5: n2405n (button) folded before Flop (didn't bet)
Seat 6: derwil123 (small blind) collected ($0.42)
Seat 7: DenyLi (big blind) folded on the Flop
Seat 8: BlackCat0812 folded before Flop



PokerStars Hand #224648767791:  Hold'em No Limit ($0.01/$0.02 USD) - 2021/03/09 22:19:38 PT [2021/03/10 1:19:38 ET]
Table 'Aigyptios III' 9-max Seat #6 is the button
Seat 1: airdestiny ($2.59 in chips) 
Seat 2: Dorex2007 ($1.48 in chips) 
Seat 3: w3sby ($3.26 in chips) 
Seat 4: Szendi58 ($2.04 in chips) 
Seat 5: n2405n ($2.03 in chips) 
Seat 6: derwil123 ($1.29 in chips) 
Seat 7: DenyLi ($1.47 in chips) 
Seat 8: BlackCat0812 ($0.73 in chips) 
DenyLi: posts small blind $0.01
BlackCat0812: posts big blind $0.02
ValeraBLR: sits out 
*** HOLE CARDS ***
Dealt to Dorex2007 [Jc Kh]
airdestiny: raises $0.08 to $0.10
Dorex2007: folds 
w3sby: folds 
Szendi58: folds 
n2405n: folds 
derwil123: folds 
DenyLi: folds 
BlackCat0812: folds 
Uncalled bet ($0.08) returned to airdestiny
airdestiny collected $0.05 from pot
airdestiny: doesn't show hand 
*** SUMMARY ***
Total pot $0.05 | Rake $0 
Seat 1: airdestiny collected ($0.05)
Seat 2: Dorex2007 folded before Flop (didn't bet)
Seat 3: w3sby folded before Flop (didn't bet)
Seat 4: Szendi58 folded before Flop (didn't bet)
Seat 5: n2405n folded before Flop (didn't bet)
Seat 6: derwil123 (button) folded before Flop (didn't bet)
Seat 7: DenyLi (small blind) folded before Flop
Seat 8: BlackCat0812 (big blind) folded before Flop



PokerStars Hand #224648771029:  Hold'em No Limit ($0.01/$0.02 USD) - 2021/03/09 22:19:57 PT [2021/03/10 1:19:57 ET]
Table 'Aigyptios III' 9-max Seat #7 is the button
Seat 1: airdestiny ($2.62 in chips) 
Seat 2: Dorex2007 ($1.48 in chips) 
Seat 3: w3sby ($3.26 in chips) 
Seat 4: Szendi58 ($2.04 in chips) 
Seat 5: n2405n ($2.03 in chips) 
Seat 6: derwil123 ($1.29 in chips) 
Seat 7: DenyLi ($1.46 in chips) 
Seat 8: BlackCat0812 ($0.71 in chips) 
Seat 9: ValeraBLR ($1.60 in chips) 
BlackCat0812: posts small blind $0.01
ValeraBLR: posts big blind $0.02
*** HOLE CARDS ***
Dealt to Dorex2007 [8d Kh]
airdestiny has timed out
airdestiny: folds 
Dorex2007: folds 
w3sby: folds 
Szendi58: calls $0.02
n2405n: folds 
derwil123: raises $0.04 to $0.06
DenyLi: folds 
BlackCat0812: folds 
ValeraBLR: folds 
Szendi58: calls $0.04
*** FLOP *** [2d 4s Ac]
Szendi58: checks 
derwil123: checks 
*** TURN *** [2d 4s Ac] [8s]
Szendi58: bets $0.02
derwil123: raises $0.09 to $0.11
Szendi58: folds 
Uncalled bet ($0.09) returned to derwil123
derwil123 collected $0.18 from pot
*** SUMMARY ***
Total pot $0.19 | Rake $0.01 
Board [2d 4s Ac 8s]
Seat 1: airdestiny folded before Flop (didn't bet)
Seat 2: Dorex2007 folded before Flop (didn't bet)
Seat 3: w3sby folded before Flop (didn't bet)
Seat 4: Szendi58 folded on the Turn
Seat 5: n2405n folded before Flop (didn't bet)
Seat 6: derwil123 collected ($0.18)
Seat 7: DenyLi (button) folded before Flop (didn't bet)
Seat 8: BlackCat0812 (small blind) folded before Flop
Seat 9: ValeraBLR (big blind) folded before Flop



PokerStars Hand #224648779964:  Hold'em No Limit ($0.01/$0.02 USD) - 2021/03/09 22:20:50 PT [2021/03/10 1:20:50 ET]
Table 'Aigyptios III' 9-max Seat #8 is the button
Seat 2: Dorex2007 ($1.48 in chips) 
Seat 3: w3sby ($3.26 in chips) 
Seat 4: Szendi58 ($1.96 in chips) 
Seat 5: n2405n ($2.03 in chips) 
Seat 6: derwil123 ($1.39 in chips) 
Seat 7: DenyLi ($1.46 in chips) 
Seat 8: BlackCat0812 ($0.70 in chips) 
Seat 9: ValeraBLR ($1.58 in chips) 
ValeraBLR: posts small blind $0.01
Dorex2007: posts big blind $0.02
*** HOLE CARDS ***
Dealt to Dorex2007 [2h 5h]
w3sby: folds 
Szendi58: folds 
n2405n: raises $0.02 to $0.04
derwil123: folds 
DenyLi: folds 
BlackCat0812: folds 
ValeraBLR: raises $0.02 to $0.06
Dorex2007: folds 
n2405n: calls $0.02
*** FLOP *** [Qc Kc 7d]
ValeraBLR: bets $0.06
n2405n: calls $0.06
*** TURN *** [Qc Kc 7d] [8d]
ValeraBLR: bets $0.06
n2405n: calls $0.06
*** RIVER *** [Qc Kc 7d 8d] [Th]
ValeraBLR: bets $0.10
n2405n: raises $0.29 to $0.39
ValeraBLR: raises $0.29 to $0.68
n2405n: raises $0.87 to $1.55
ValeraBLR: calls $0.72 and is all-in
Uncalled bet ($0.15) returned to n2405n
*** SHOW DOWN ***
n2405n: shows [Js As] (a straight, Ten to Ace)
ValeraBLR: shows [Jd Ac] (a straight, Ten to Ace)
ValeraBLR collected $1.54 from pot
n2405n collected $1.53 from pot
*** SUMMARY ***
Total pot $3.18 | Rake $0.11 
Board [Qc Kc 7d 8d Th]
Seat 2: Dorex2007 (big blind) folded before Flop
Seat 3: w3sby folded before Flop (didn't bet)
Seat 4: Szendi58 folded before Flop (didn't bet)
Seat 5: n2405n showed [Js As] and won ($1.53) with a straight, Ten to Ace
Seat 6: derwil123 folded before Flop (didn't bet)
Seat 7: DenyLi folded before Flop (didn't bet)
Seat 8: BlackCat0812 (button) folded before Flop (didn't bet)
Seat 9: ValeraBLR (small blind) showed [Jd Ac] and won ($1.54) with a straight, Ten to Ace



PokerStars Hand #224648787654:  Hold'em No Limit ($0.01/$0.02 USD) - 2021/03/09 22:21:34 PT [2021/03/10 1:21:34 ET]
Table 'Aigyptios III' 9-max Seat #9 is the button
Seat 2: Dorex2007 ($1.46 in chips) 
Seat 4: Szendi58 ($1.96 in chips) 
Seat 5: n2405n ($2 in chips) 
Seat 6: derwil123 ($1.39 in chips) 
Seat 7: DenyLi ($1.46 in chips) 
Seat 8: BlackCat0812 ($0.70 in chips) 
Seat 9: ValeraBLR ($1.54 in chips) 
Dorex2007: posts small blind $0.01
w3sby: is sitting out 
Szendi58: posts big blind $0.02
*** HOLE CARDS ***
Dealt to Dorex2007 [Ah Kh]
w3sby leaves the table
n2405n: folds 
derwil123: folds 
DenyLi: folds 
BlackCat0812: folds 
ValeraBLR: folds 
*VM*727 joins the table at seat #3 
Dorex2007: calls $0.01
Szendi58: checks 
*** FLOP *** [6h 9c Ad]
Dorex2007: checks 
Szendi58: checks 
*** TURN *** [6h 9c Ad] [9h]
Dorex2007: bets $0.03
Szendi58: folds 
Uncalled bet ($0.03) returned to Dorex2007
Dorex2007 collected $0.04 from pot
Dorex2007: doesn't show hand 
*** SUMMARY ***
Total pot $0.04 | Rake $0 
Board [6h 9c Ad 9h]
Seat 2: Dorex2007 (small blind) collected ($0.04)
Seat 4: Szendi58 (big blind) folded on the Turn
Seat 5: n2405n folded before Flop (didn't bet)
Seat 6: derwil123 folded before Flop (didn't bet)
Seat 7: DenyLi folded before Flop (didn't bet)
Seat 8: BlackCat0812 folded before Flop (didn't bet)
Seat 9: ValeraBLR (button) folded before Flop (didn't bet)



PokerStars Hand #224648797170:  Hold'em No Limit ($0.01/$0.02 USD) - 2021/03/09 22:22:28 PT [2021/03/10 1:22:28 ET]
Table 'Aigyptios III' 9-max Seat #2 is the button
Seat 2: Dorex2007 ($1.48 in chips) 
Seat 4: Szendi58 ($1.94 in chips) 
Seat 5: n2405n ($2 in chips) 
Seat 6: derwil123 ($1.39 in chips) 
Seat 7: DenyLi ($1.46 in chips) 
Seat 8: BlackCat0812 ($0.70 in chips) 
Seat 9: ValeraBLR ($1.54 in chips) 
Szendi58: posts small blind $0.01
n2405n: posts big blind $0.02
airdestiny: sits out 
*** HOLE CARDS ***
Dealt to Dorex2007 [8h 3s]
derwil123: folds 
DenyLi: folds 
BlackCat0812: folds 
ValeraBLR: raises $0.04 to $0.06
Dorex2007: folds 
Szendi58: folds 
n2405n: folds 
Uncalled bet ($0.04) returned to ValeraBLR
ValeraBLR collected $0.05 from pot
ValeraBLR: doesn't show hand 
*** SUMMARY ***
Total pot $0.05 | Rake $0 
Seat 2: Dorex2007 (button) folded before Flop (didn't bet)
Seat 4: Szendi58 (small blind) folded before Flop
Seat 5: n2405n (big blind) folded before Flop
Seat 6: derwil123 folded before Flop (didn't bet)
Seat 7: DenyLi folded before Flop (didn't bet)
Seat 8: BlackCat0812 folded before Flop (didn't bet)
Seat 9: ValeraBLR collected ($0.05)



PokerStars Hand #224648801347:  Hold'em No Limit ($0.01/$0.02 USD) - 2021/03/09 22:22:52 PT [2021/03/10 1:22:52 ET]
Table 'Aigyptios III' 9-max Seat #4 is the button
Seat 2: Dorex2007 ($1.48 in chips) 
Seat 3: *VM*727 ($2 in chips) 
Seat 4: Szendi58 ($1.93 in chips) 
Seat 5: n2405n ($2 in chips) 
Seat 6: derwil123 ($1.39 in chips) 
Seat 7: DenyLi ($1.46 in chips) 
Seat 8: BlackCat0812 ($0.70 in chips) 
Seat 9: ValeraBLR ($1.57 in chips) 
n2405n: posts small blind $0.01
derwil123: posts big blind $0.02
airdestiny: sits out 
*VM*727: posts big blind $0.02
*** HOLE CARDS ***
Dealt to Dorex2007 [Qc 9c]
DenyLi: folds 
BlackCat0812: folds 
ValeraBLR: folds 
Dorex2007: calls $0.02
*VM*727: checks 
Szendi58: calls $0.02
n2405n: folds 
derwil123: checks 
*** FLOP *** [Ts Kh Qs]
derwil123: checks 
Dorex2007: checks 
*VM*727: bets $1.98 and is all-in
Szendi58: folds 
derwil123: calls $1.37 and is all-in
Dorex2007: folds 
Uncalled bet ($0.61) returned to *VM*727
*** TURN *** [Ts Kh Qs] [2d]
*** RIVER *** [Ts Kh Qs 2d] [8s]
*** SHOW DOWN ***
derwil123: shows [Qd Qh] (three of a kind, Queens)
*VM*727: shows [As Jh] (a straight, Ten to Ace)
*VM*727 cashed out the hand for $1.76 | Cash Out Fee $0.02
*** SUMMARY ***
Total pot $2.83 | Rake $0.10 
Board [Ts Kh Qs 2d 8s]
Seat 2: Dorex2007 folded on the Flop
Seat 3: *VM*727 showed [As Jh] and won ($2.73) with a straight, Ten to Ace (pot not awarded as player cashed out)
Seat 4: Szendi58 (button) folded on the Flop
Seat 5: n2405n (small blind) folded before Flop
Seat 6: derwil123 (big blind) showed [Qd Qh] and lost with three of a kind, Queens
Seat 7: DenyLi folded before Flop (didn't bet)
Seat 8: BlackCat0812 folded before Flop (didn't bet)
Seat 9: ValeraBLR folded before Flop (didn't bet)



PokerStars Hand #224648812607:  Hold'em No Limit ($0.01/$0.02 USD) - 2021/03/09 22:23:55 PT [2021/03/10 1:23:55 ET]
Table 'Aigyptios III' 9-max Seat #5 is the button
Seat 2: Dorex2007 ($1.46 in chips) 
Seat 3: *VM*727 ($2.37 in chips) 
Seat 4: Szendi58 ($1.91 in chips) 
Seat 5: n2405n ($2 in chips) 
Seat 7: DenyLi ($1.46 in chips) 
Seat 8: BlackCat0812 ($0.70 in chips) 
Seat 9: ValeraBLR ($1.57 in chips) 
DenyLi: posts small blind $0.01
BlackCat0812: posts big blind $0.02
airdestiny: sits out 
*** HOLE CARDS ***
Dealt to Dorex2007 [7d Kd]
derwil123 leaves the table
ValeraBLR has timed out
ValeraBLR: folds 
Dorex2007: folds 
erlis82 joins the table at seat #6 
*VM*727: folds 
Szendi58: calls $0.02
n2405n: raises $0.07 to $0.09
DenyLi: folds 
BlackCat0812: folds 
Szendi58: calls $0.07
*** FLOP *** [6h Ts 9d]
Szendi58: checks 
n2405n: bets $0.02
Szendi58: calls $0.02
*** TURN *** [6h Ts 9d] [6d]
Szendi58: bets $0.02
n2405n: calls $0.02
*** RIVER *** [6h Ts 9d 6d] [2s]
Szendi58: bets $0.14
n2405n: folds 
Uncalled bet ($0.14) returned to Szendi58
Szendi58 collected $0.28 from pot
Szendi58: doesn't show hand 
*** SUMMARY ***
Total pot $0.29 | Rake $0.01 
Board [6h Ts 9d 6d 2s]
Seat 2: Dorex2007 folded before Flop (didn't bet)
Seat 3: *VM*727 folded before Flop (didn't bet)
Seat 4: Szendi58 collected ($0.28)
Seat 5: n2405n (button) folded on the River
Seat 7: DenyLi (small blind) folded before Flop
Seat 8: BlackCat0812 (big blind) folded before Flop
Seat 9: ValeraBLR folded before Flop (didn't bet)



PokerStars Hand #224648825146:  Hold'em No Limit ($0.01/$0.02 USD) - 2021/03/09 22:25:06 PT [2021/03/10 1:25:06 ET]
Table 'Aigyptios III' 9-max Seat #7 is the button
Seat 2: Dorex2007 ($1.46 in chips) 
Seat 3: *VM*727 ($2.37 in chips) 
Seat 4: Szendi58 ($2.06 in chips) 
Seat 5: n2405n ($2 in chips) 
Seat 6: erlis82 ($1.60 in chips) 
Seat 7: DenyLi ($1.45 in chips) 
Seat 8: BlackCat0812 ($0.68 in chips) 
Seat 9: ValeraBLR ($1.57 in chips) 
BlackCat0812: posts small blind $0.01
ValeraBLR: posts big blind $0.02
airdestiny: sits out 
erlis82: posts big blind $0.02
*** HOLE CARDS ***
Dealt to Dorex2007 [5s 9c]
Dorex2007: folds 
*VM*727: calls $0.02
Szendi58: folds 
n2405n: folds 
erlis82: checks 
DenyLi: folds 
BlackCat0812: calls $0.01
ValeraBLR: checks 
*** FLOP *** [Kd Qh As]
BlackCat0812: checks 
ValeraBLR: bets $0.08
*VM*727: folds 
erlis82: folds 
BlackCat0812: folds 
Uncalled bet ($0.08) returned to ValeraBLR
ValeraBLR collected $0.08 from pot
ValeraBLR: doesn't show hand 
*** SUMMARY ***
Total pot $0.08 | Rake $0 
Board [Kd Qh As]
Seat 2: Dorex2007 folded before Flop (didn't bet)
Seat 3: *VM*727 folded on the Flop
Seat 4: Szendi58 folded before Flop (didn't bet)
Seat 5: n2405n folded before Flop (didn't bet)
Seat 6: erlis82 folded on the Flop (didn't bet)
Seat 7: DenyLi (button) folded before Flop (didn't bet)
Seat 8: BlackCat0812 (small blind) folded on the Flop
Seat 9: ValeraBLR (big blind) collected ($0.08)



PokerStars Hand #224648831787:  Hold'em No Limit ($0.01/$0.02 USD) - 2021/03/09 22:25:45 PT [2021/03/10 1:25:45 ET]
Table 'Aigyptios III' 9-max Seat #8 is the button
Seat 1: airdestiny ($2.62 in chips) 
Seat 2: Dorex2007 ($1.46 in chips) 
Seat 3: *VM*727 ($2.35 in chips) 
Seat 4: Szendi58 ($2.06 in chips) 
Seat 5: n2405n ($2 in chips) 
Seat 6: erlis82 ($1.58 in chips) 
Seat 7: DenyLi ($1.45 in chips) 
Seat 8: BlackCat0812 ($0.66 in chips) 
Seat 9: ValeraBLR ($1.63 in chips) 
ValeraBLR: posts small blind $0.01
airdestiny: posts big blind $0.02
*** HOLE CARDS ***
Dealt to Dorex2007 [Js 9h]
Dorex2007: folds 
*VM*727: calls $0.02
Szendi58: raises $0.07 to $0.09
n2405n: folds 
erlis82: folds 
DenyLi: folds 
BlackCat0812: folds 
ValeraBLR: folds 
airdestiny: folds 
*VM*727: folds 
Uncalled bet ($0.07) returned to Szendi58
Szendi58 collected $0.07 from pot
Szendi58: doesn't show hand 
*** SUMMARY ***
Total pot $0.07 | Rake $0 
Seat 1: airdestiny (big blind) folded before Flop
Seat 2: Dorex2007 folded before Flop (didn't bet)
Seat 3: *VM*727 folded before Flop
Seat 4: Szendi58 collected ($0.07)
Seat 5: n2405n folded before Flop (didn't bet)
Seat 6: erlis82 folded before Flop (didn't bet)
Seat 7: DenyLi folded before Flop (didn't bet)
Seat 8: BlackCat0812 (button) folded before Flop (didn't bet)
Seat 9: ValeraBLR (small blind) folded before Flop



PokerStars Hand #224648838052:  Hold'em No Limit ($0.01/$0.02 USD) - 2021/03/09 22:26:21 PT [2021/03/10 1:26:21 ET]
Table 'Aigyptios III' 9-max Seat #9 is the button
Seat 1: airdestiny ($2.60 in chips) 
Seat 2: Dorex2007 ($1.46 in chips) 
Seat 3: *VM*727 ($2.33 in chips) 
Seat 4: Szendi58 ($2.11 in chips) 
Seat 5: n2405n ($2 in chips) 
Seat 6: erlis82 ($1.58 in chips) 
Seat 7: DenyLi ($1.45 in chips) 
Seat 8: BlackCat0812 ($0.66 in chips) 
Seat 9: ValeraBLR ($1.62 in chips) 
airdestiny: posts small blind $0.01
Dorex2007: posts big blind $0.02
*** HOLE CARDS ***
Dealt to Dorex2007 [8c 8d]
*VM*727: folds 
Szendi58: folds 
n2405n: raises $0.02 to $0.04
erlis82: calls $0.04
DenyLi: calls $0.04
BlackCat0812: folds 
ValeraBLR: folds 
airdestiny: folds 
Dorex2007: calls $0.02
*** FLOP *** [9s 3c Ts]
Dorex2007: checks 
n2405n: bets $0.02
erlis82: calls $0.02
DenyLi: raises $0.11 to $0.13
Dorex2007: folds 
n2405n: calls $0.11
erlis82: folds 
*** TURN *** [9s 3c Ts] [Jh]
n2405n: bets $0.02
DenyLi: calls $0.02
*** RIVER *** [9s 3c Ts Jh] [2h]
n2405n: bets $0.02
DenyLi: calls $0.02
*** SHOW DOWN ***
n2405n: shows [Ad 3d] (a pair of Threes)
DenyLi: mucks hand 
n2405n collected $0.51 from pot
*** SUMMARY ***
Total pot $0.53 | Rake $0.02 
Board [9s 3c Ts Jh 2h]
Seat 1: airdestiny (small blind) folded before Flop
Seat 2: Dorex2007 (big blind) folded on the Flop
Seat 3: *VM*727 folded before Flop (didn't bet)
Seat 4: Szendi58 folded before Flop (didn't bet)
Seat 5: n2405n showed [Ad 3d] and won ($0.51) with a pair of Threes
Seat 6: erlis82 folded on the Flop
Seat 7: DenyLi mucked [As 7s]
Seat 8: BlackCat0812 folded before Flop (didn't bet)
Seat 9: ValeraBLR (button) folded before Flop (didn't bet)



PokerStars Hand #224648850134:  Hold'em No Limit ($0.01/$0.02 USD) - 2021/03/09 22:27:30 PT [2021/03/10 1:27:30 ET]
Table 'Aigyptios III' 9-max Seat #1 is the button
Seat 1: airdestiny ($2.59 in chips) 
Seat 2: Dorex2007 ($1.42 in chips) 
Seat 3: *VM*727 ($2.33 in chips) 
Seat 4: Szendi58 ($2.11 in chips) 
Seat 5: n2405n ($2.30 in chips) 
Seat 6: erlis82 ($1.52 in chips) 
Seat 7: DenyLi ($1.24 in chips) 
Seat 8: BlackCat0812 ($0.66 in chips) 
Seat 9: ValeraBLR ($1.62 in chips) 
Dorex2007: posts small blind $0.01
*VM*727: posts big blind $0.02
*** HOLE CARDS ***
Dealt to Dorex2007 [Kh Js]
Szendi58: folds 
n2405n: folds 
erlis82: folds 
DenyLi: folds 
BlackCat0812: folds 
ValeraBLR: folds 
airdestiny: folds 
Dorex2007: calls $0.01
*VM*727: checks 
*** FLOP *** [5c 7s Qd]
Dorex2007: checks 
*VM*727: bets $0.02
Dorex2007: calls $0.02
*** TURN *** [5c 7s Qd] [2s]
Dorex2007: checks 
*VM*727: bets $0.08
Dorex2007: folds 
Uncalled bet ($0.08) returned to *VM*727
*VM*727 collected $0.08 from pot
*** SUMMARY ***
Total pot $0.08 | Rake $0 
Board [5c 7s Qd 2s]
Seat 1: airdestiny (button) folded before Flop (didn't bet)
Seat 2: Dorex2007 (small blind) folded on the Turn
Seat 3: *VM*727 (big blind) collected ($0.08)
Seat 4: Szendi58 folded before Flop (didn't bet)
Seat 5: n2405n folded before Flop (didn't bet)
Seat 6: erlis82 folded before Flop (didn't bet)
Seat 7: DenyLi folded before Flop (didn't bet)
Seat 8: BlackCat0812 folded before Flop (didn't bet)
Seat 9: ValeraBLR folded before Flop (didn't bet)



PokerStars Hand #224648858671:  Hold'em No Limit ($0.01/$0.02 USD) - 2021/03/09 22:28:19 PT [2021/03/10 1:28:19 ET]
Table 'Aigyptios III' 9-max Seat #2 is the button
Seat 1: airdestiny ($2.59 in chips) 
Seat 2: Dorex2007 ($1.38 in chips) 
Seat 3: *VM*727 ($2.37 in chips) 
Seat 4: Szendi58 ($2.11 in chips) 
Seat 5: n2405n ($2.30 in chips) 
Seat 6: erlis82 ($1.52 in chips) 
Seat 7: DenyLi ($1.24 in chips) 
Seat 8: BlackCat0812 ($0.66 in chips) 
Seat 9: ValeraBLR ($1.62 in chips) 
*VM*727: posts small blind $0.01
Szendi58: posts big blind $0.02
*** HOLE CARDS ***
Dealt to Dorex2007 [Jc Ts]
n2405n: folds 
erlis82: calls $0.02
DenyLi: folds 
BlackCat0812: calls $0.02
ValeraBLR: folds 
airdestiny: folds 
Dorex2007: raises $0.04 to $0.06
*VM*727: folds 
Szendi58: raises $0.04 to $0.10
erlis82: calls $0.08
BlackCat0812: folds 
Dorex2007: calls $0.04
*** FLOP *** [9c 6h 2d]
Szendi58: bets $0.02
erlis82: calls $0.02
Dorex2007: calls $0.02
*** TURN *** [9c 6h 2d] [4c]
Szendi58: bets $0.19
erlis82: folds 
Dorex2007: folds 
Uncalled bet ($0.19) returned to Szendi58
Szendi58 collected $0.38 from pot
Szendi58: doesn't show hand 
*** SUMMARY ***
Total pot $0.39 | Rake $0.01 
Board [9c 6h 2d 4c]
Seat 1: airdestiny folded before Flop (didn't bet)
Seat 2: Dorex2007 (button) folded on the Turn
Seat 3: *VM*727 (small blind) folded before Flop
Seat 4: Szendi58 (big blind) collected ($0.38)
Seat 5: n2405n folded before Flop (didn't bet)
Seat 6: erlis82 folded on the Turn
Seat 7: DenyLi folded before Flop (didn't bet)
Seat 8: BlackCat0812 folded before Flop
Seat 9: ValeraBLR folded before Flop (didn't bet)



PokerStars Hand #224648868366:  Hold'em No Limit ($0.01/$0.02 USD) - 2021/03/09 22:29:15 PT [2021/03/10 1:29:15 ET]
Table 'Aigyptios III' 9-max Seat #3 is the button
Seat 1: airdestiny ($2.59 in chips) 
Seat 2: Dorex2007 ($1.26 in chips) 
Seat 3: *VM*727 ($2.36 in chips) 
Seat 4: Szendi58 ($2.37 in chips) 
Seat 5: n2405n ($2.30 in chips) 
Seat 6: erlis82 ($1.40 in chips) 
Seat 7: DenyLi ($1.24 in chips) 
Seat 8: BlackCat0812 ($0.64 in chips) 
Seat 9: ValeraBLR ($1.62 in chips) 
Szendi58: posts small blind $0.01
n2405n: posts big blind $0.02
*** HOLE CARDS ***
Dealt to Dorex2007 [4d Qs]
erlis82: folds 
DenyLi: folds 
BlackCat0812: folds 
ValeraBLR: folds 
airdestiny: folds 
Dorex2007: folds 
*VM*727: calls $0.02
Szendi58: raises $0.06 to $0.08
n2405n: folds 
*VM*727: folds 
Uncalled bet ($0.06) returned to Szendi58
Szendi58 collected $0.06 from pot
Szendi58: doesn't show hand 
*** SUMMARY ***
Total pot $0.06 | Rake $0 
Seat 1: airdestiny folded before Flop (didn't bet)
Seat 2: Dorex2007 folded before Flop (didn't bet)
Seat 3: *VM*727 (button) folded before Flop
Seat 4: Szendi58 (small blind) collected ($0.06)
Seat 5: n2405n (big blind) folded before Flop
Seat 6: erlis82 folded before Flop (didn't bet)
Seat 7: DenyLi folded before Flop (didn't bet)
Seat 8: BlackCat0812 folded before Flop (didn't bet)
Seat 9: ValeraBLR folded before Flop (didn't bet)



PokerStars Hand #224648873720:  Hold'em No Limit ($0.01/$0.02 USD) - 2021/03/09 22:29:46 PT [2021/03/10 1:29:46 ET]
Table 'Aigyptios III' 9-max Seat #4 is the button
Seat 1: airdestiny ($2.59 in chips) 
Seat 2: Dorex2007 ($1.26 in chips) 
Seat 3: *VM*727 ($2.34 in chips) 
Seat 4: Szendi58 ($2.41 in chips) 
Seat 5: n2405n ($2.28 in chips) 
Seat 6: erlis82 ($1.40 in chips) 
Seat 7: DenyLi ($1.24 in chips) 
Seat 8: BlackCat0812 ($0.64 in chips) 
Seat 9: ValeraBLR ($1.62 in chips) 
n2405n: posts small blind $0.01
erlis82: posts big blind $0.02
*** HOLE CARDS ***
Dealt to Dorex2007 [3h Jd]
DenyLi: raises $0.04 to $0.06
BlackCat0812: folds 
ValeraBLR: folds 
airdestiny: folds 
Dorex2007: folds 
*VM*727: folds 
Szendi58: calls $0.06
n2405n: calls $0.05
erlis82: calls $0.04
*** FLOP *** [7h Kh Th]
n2405n: bets $0.02
erlis82: calls $0.02
DenyLi: folds 
Szendi58: calls $0.02
*** TURN *** [7h Kh Th] [4d]
n2405n: bets $0.02
erlis82: calls $0.02
Szendi58: calls $0.02
*** RIVER *** [7h Kh Th 4d] [Jh]
n2405n: checks 
erlis82: checks 
Szendi58: checks 
*** SHOW DOWN ***
n2405n: shows [5s Ad] (high card Ace)
erlis82: shows [Td Jc] (two pair, Jacks and Tens)
Szendi58: mucks hand 
erlis82 collected $0.35 from pot
*** SUMMARY ***
Total pot $0.36 | Rake $0.01 
Board [7h Kh Th 4d Jh]
Seat 1: airdestiny folded before Flop (didn't bet)
Seat 2: Dorex2007 folded before Flop (didn't bet)
Seat 3: *VM*727 folded before Flop (didn't bet)
Seat 4: Szendi58 (button) mucked [Js 7s]
Seat 5: n2405n (small blind) showed [5s Ad] and lost with high card Ace
Seat 6: erlis82 (big blind) showed [Td Jc] and won ($0.35) with two pair, Jacks and Tens
Seat 7: DenyLi folded on the Flop
Seat 8: BlackCat0812 folded before Flop (didn't bet)
Seat 9: ValeraBLR folded before Flop (didn't bet)



PokerStars Hand #224648881827:  Hold'em No Limit ($0.01/$0.02 USD) - 2021/03/09 22:30:32 PT [2021/03/10 1:30:32 ET]
Table 'Aigyptios III' 9-max Seat #5 is the button
Seat 1: airdestiny ($2.59 in chips) 
Seat 2: Dorex2007 ($1.26 in chips) 
Seat 3: *VM*727 ($2.34 in chips) 
Seat 4: Szendi58 ($2.31 in chips) 
Seat 5: n2405n ($2.18 in chips) 
Seat 6: erlis82 ($1.65 in chips) 
Seat 7: DenyLi ($1.18 in chips) 
Seat 8: BlackCat0812 ($0.64 in chips) 
Seat 9: ValeraBLR ($1.62 in chips) 
erlis82: posts small blind $0.01
DenyLi: posts big blind $0.02
*** HOLE CARDS ***
Dealt to Dorex2007 [Kc 8d]
BlackCat0812: folds 
ValeraBLR: folds 
airdestiny: raises $0.08 to $0.10
Dorex2007: folds 
*VM*727: folds 
Szendi58: folds 
n2405n: folds 
erlis82: folds 
DenyLi: calls $0.08
*** FLOP *** [As Ah Kh]
DenyLi: checks 
airdestiny: checks 
*** TURN *** [As Ah Kh] [Jh]
DenyLi: checks 
airdestiny: bets $0.12
DenyLi: folds 
Uncalled bet ($0.12) returned to airdestiny
airdestiny collected $0.20 from pot
airdestiny: doesn't show hand 
*** SUMMARY ***
Total pot $0.21 | Rake $0.01 
Board [As Ah Kh Jh]
Seat 1: airdestiny collected ($0.20)
Seat 2: Dorex2007 folded before Flop (didn't bet)
Seat 3: *VM*727 folded before Flop (didn't bet)
Seat 4: Szendi58 folded before Flop (didn't bet)
Seat 5: n2405n (button) folded before Flop (didn't bet)
Seat 6: erlis82 (small blind) folded before Flop
Seat 7: DenyLi (big blind) folded on the Turn
Seat 8: BlackCat0812 folded before Flop (didn't bet)
Seat 9: ValeraBLR folded before Flop (didn't bet)



PokerStars Hand #224648889310:  Hold'em No Limit ($0.01/$0.02 USD) - 2021/03/09 22:31:16 PT [2021/03/10 1:31:16 ET]
Table 'Aigyptios III' 9-max Seat #6 is the button
Seat 1: airdestiny ($2.69 in chips) 
Seat 2: Dorex2007 ($1.26 in chips) 
Seat 3: *VM*727 ($2.34 in chips) 
Seat 4: Szendi58 ($2.31 in chips) 
Seat 5: n2405n ($2.18 in chips) 
Seat 6: erlis82 ($1.64 in chips) 
Seat 7: DenyLi ($1.08 in chips) 
Seat 8: BlackCat0812 ($0.64 in chips) 
Seat 9: ValeraBLR ($1.62 in chips) 
DenyLi: posts small blind $0.01
BlackCat0812: posts big blind $0.02
*** HOLE CARDS ***
Dealt to Dorex2007 [2c 8c]
ValeraBLR: folds 
airdestiny: folds 
Dorex2007: folds 
*VM*727: calls $0.02
Szendi58: calls $0.02
n2405n: raises $0.40 to $0.42
erlis82: folds 
DenyLi: folds 
BlackCat0812: folds 
*VM*727: folds 
Szendi58: folds 
Uncalled bet ($0.40) returned to n2405n
n2405n collected $0.09 from pot
n2405n: doesn't show hand 
*** SUMMARY ***
Total pot $0.09 | Rake $0 
Seat 1: airdestiny folded before Flop (didn't bet)
Seat 2: Dorex2007 folded before Flop (didn't bet)
Seat 3: *VM*727 folded before Flop
Seat 4: Szendi58 folded before Flop
Seat 5: n2405n collected ($0.09)
Seat 6: erlis82 (button) folded before Flop (didn't bet)
Seat 7: DenyLi (small blind) folded before Flop
Seat 8: BlackCat0812 (big blind) folded before Flop
Seat 9: ValeraBLR folded before Flop (didn't bet)



PokerStars Hand #224648895366:  Hold'em No Limit ($0.01/$0.02 USD) - 2021/03/09 22:31:51 PT [2021/03/10 1:31:51 ET]
Table 'Aigyptios III' 9-max Seat #7 is the button
Seat 1: airdestiny ($2.69 in chips) 
Seat 2: Dorex2007 ($1.26 in chips) 
Seat 3: *VM*727 ($2.32 in chips) 
Seat 4: Szendi58 ($2.29 in chips) 
Seat 5: n2405n ($2.25 in chips) 
Seat 6: erlis82 ($1.64 in chips) 
Seat 7: DenyLi ($1.07 in chips) 
Seat 8: BlackCat0812 ($0.62 in chips) 
Seat 9: ValeraBLR ($1.62 in chips) 
BlackCat0812: posts small blind $0.01
ValeraBLR: posts big blind $0.02
*** HOLE CARDS ***
Dealt to Dorex2007 [Kh 6c]
airdestiny: folds 
Dorex2007: folds 
*VM*727: folds 
Szendi58: calls $0.02
n2405n: raises $0.02 to $0.04
erlis82: folds 
DenyLi: folds 
BlackCat0812: folds 
ValeraBLR: folds 
Szendi58: calls $0.02
*** FLOP *** [Ts 8c Kd]
Szendi58: bets $0.02
n2405n: calls $0.02
*** TURN *** [Ts 8c Kd] [3h]
Szendi58: bets $0.02
n2405n: calls $0.02
*** RIVER *** [Ts 8c Kd 3h] [Jd]
Szendi58: bets $0.02
n2405n: calls $0.02
*** SHOW DOWN ***
Szendi58: shows [8s 6h] (a pair of Eights)
n2405n: mucks hand 
Szendi58 collected $0.22 from pot
*** SUMMARY ***
Total pot $0.23 | Rake $0.01 
Board [Ts 8c Kd 3h Jd]
Seat 1: airdestiny folded before Flop (didn't bet)
Seat 2: Dorex2007 folded before Flop (didn't bet)
Seat 3: *VM*727 folded before Flop (didn't bet)
Seat 4: Szendi58 showed [8s 6h] and won ($0.22) with a pair of Eights
Seat 5: n2405n mucked [3d Ad]
Seat 6: erlis82 folded before Flop (didn't bet)
Seat 7: DenyLi (button) folded before Flop (didn't bet)
Seat 8: BlackCat0812 (small blind) folded before Flop
Seat 9: ValeraBLR (big blind) folded before Flop



PokerStars Hand #224648909520:  Hold'em No Limit ($0.01/$0.02 USD) - 2021/03/09 22:33:13 PT [2021/03/10 1:33:13 ET]
Table 'Aigyptios III' 9-max Seat #8 is the button
Seat 1: airdestiny ($2.69 in chips) 
Seat 2: Dorex2007 ($1.26 in chips) 
Seat 3: *VM*727 ($2.32 in chips) 
Seat 4: Szendi58 ($2.41 in chips) 
Seat 5: n2405n ($2.15 in chips) 
Seat 6: erlis82 ($1.64 in chips) 
Seat 7: DenyLi ($1.07 in chips) 
Seat 8: BlackCat0812 ($0.61 in chips) 
Seat 9: ValeraBLR ($1.60 in chips) 
ValeraBLR: posts small blind $0.01
airdestiny: posts big blind $0.02
*** HOLE CARDS ***
Dealt to Dorex2007 [Jc 4h]
Dorex2007: folds 
*VM*727: folds 
Szendi58: calls $0.02
n2405n: folds 
erlis82: calls $0.02
DenyLi: raises $0.06 to $0.08
BlackCat0812: folds 
ValeraBLR: folds 
airdestiny: folds 
Szendi58: folds 
erlis82: calls $0.06
*** FLOP *** [2c 3d Ks]
erlis82: checks 
DenyLi: checks 
*** TURN *** [2c 3d Ks] [5s]
erlis82: checks 
DenyLi: checks 
*** RIVER *** [2c 3d Ks 5s] [Qc]
erlis82: checks 
DenyLi: checks 
*** SHOW DOWN ***
erlis82: shows [As Jd] (high card Ace)
DenyLi: shows [Ah Js] (high card Ace)
erlis82 collected $0.10 from pot
DenyLi collected $0.10 from pot
*** SUMMARY ***
Total pot $0.21 | Rake $0.01 
Board [2c 3d Ks 5s Qc]
Seat 1: airdestiny (big blind) folded before Flop
Seat 2: Dorex2007 folded before Flop (didn't bet)
Seat 3: *VM*727 folded before Flop (didn't bet)
Seat 4: Szendi58 folded before Flop
Seat 5: n2405n folded before Flop (didn't bet)
Seat 6: erlis82 showed [As Jd] and won ($0.10) with high card Ace
Seat 7: DenyLi showed [Ah Js] and won ($0.10) with high card Ace
Seat 8: BlackCat0812 (button) folded before Flop (didn't bet)
Seat 9: ValeraBLR (small blind) folded before Flop



PokerStars Hand #224648918851:  Hold'em No Limit ($0.01/$0.02 USD) - 2021/03/09 22:34:08 PT [2021/03/10 1:34:08 ET]
Table 'Aigyptios III' 9-max Seat #9 is the button
Seat 1: airdestiny ($2.67 in chips) 
Seat 2: Dorex2007 ($1.26 in chips) 
Seat 3: *VM*727 ($2.32 in chips) 
Seat 4: Szendi58 ($2.39 in chips) 
Seat 5: n2405n ($2.15 in chips) 
Seat 6: erlis82 ($1.66 in chips) 
Seat 7: DenyLi ($1.09 in chips) 
Seat 8: BlackCat0812 ($0.61 in chips) 
Seat 9: ValeraBLR ($1.59 in chips) 
airdestiny: posts small blind $0.01
Dorex2007: posts big blind $0.02
*** HOLE CARDS ***
Dealt to Dorex2007 [Ac 7h]
*VM*727: folds 
Szendi58: folds 
n2405n: folds 
erlis82: raises $0.06 to $0.08
DenyLi: folds 
BlackCat0812: calls $0.08
ValeraBLR: folds 
airdestiny: folds 
Dorex2007: folds 
*** FLOP *** [4c 6c 8s]
erlis82: bets $0.08
BlackCat0812: calls $0.08
*** TURN *** [4c 6c 8s] [Qd]
erlis82: bets $0.17
BlackCat0812: calls $0.17
*** RIVER *** [4c 6c 8s Qd] [2d]
erlis82: bets $0.33
BlackCat0812: calls $0.28 and is all-in
Uncalled bet ($0.05) returned to erlis82
*** SHOW DOWN ***
erlis82: shows [Kh Kc] (a pair of Kings)
BlackCat0812: shows [7d 7s] (a pair of Sevens)
erlis82 collected $1.21 from pot
*** SUMMARY ***
Total pot $1.25 | Rake $0.04 
Board [4c 6c 8s Qd 2d]
Seat 1: airdestiny (small blind) folded before Flop
Seat 2: Dorex2007 (big blind) folded before Flop
Seat 3: *VM*727 folded before Flop (didn't bet)
Seat 4: Szendi58 folded before Flop (didn't bet)
Seat 5: n2405n folded before Flop (didn't bet)
Seat 6: erlis82 showed [Kh Kc] and won ($1.21) with a pair of Kings
Seat 7: DenyLi folded before Flop (didn't bet)
Seat 8: BlackCat0812 showed [7d 7s] and lost with a pair of Sevens
Seat 9: ValeraBLR (button) folded before Flop (didn't bet)



PokerStars Hand #224648929498:  Hold'em No Limit ($0.01/$0.02 USD) - 2021/03/09 22:35:10 PT [2021/03/10 1:35:10 ET]
Table 'Aigyptios III' 9-max Seat #1 is the button
Seat 1: airdestiny ($2.66 in chips) 
Seat 2: Dorex2007 ($1.24 in chips) 
Seat 3: *VM*727 ($2.32 in chips) 
Seat 4: Szendi58 ($2.39 in chips) 
Seat 5: n2405n ($2.15 in chips) 
Seat 6: erlis82 ($2.26 in chips) 
Seat 7: DenyLi ($1.09 in chips) 
Seat 9: ValeraBLR ($1.59 in chips) 
Dorex2007: posts small blind $0.01
*VM*727: posts big blind $0.02
*** HOLE CARDS ***
Dealt to Dorex2007 [8d 4d]
Szendi58: calls $0.02
n2405n: calls $0.02
erlis82: folds 
DenyLi: folds 
ValeraBLR: raises $0.04 to $0.06
airdestiny: folds 
Dorex2007: folds 
*VM*727: folds 
Szendi58: calls $0.04
n2405n: calls $0.04
*** FLOP *** [Th 2h 7h]
Szendi58: bets $0.02
n2405n: calls $0.02
ValeraBLR: calls $0.02
*** TURN *** [Th 2h 7h] [3c]
Szendi58: bets $0.13
n2405n: calls $0.13
ValeraBLR: calls $0.13
*** RIVER *** [Th 2h 7h 3c] [8h]
Szendi58: bets $0.02
n2405n: calls $0.02
ValeraBLR: raises $0.12 to $0.14
Szendi58: folds 
n2405n: folds 
Uncalled bet ($0.12) returned to ValeraBLR
ValeraBLR collected $0.69 from pot
ValeraBLR: doesn't show hand 
*** SUMMARY ***
Total pot $0.72 | Rake $0.03 
Board [Th 2h 7h 3c 8h]
Seat 1: airdestiny (button) folded before Flop (didn't bet)
Seat 2: Dorex2007 (small blind) folded before Flop
Seat 3: *VM*727 (big blind) folded before Flop
Seat 4: Szendi58 folded on the River
Seat 5: n2405n folded on the River
Seat 6: erlis82 folded before Flop (didn't bet)
Seat 7: DenyLi folded before Flop (didn't bet)
Seat 9: ValeraBLR collected ($0.69)



PokerStars Hand #224648941910:  Hold'em No Limit ($0.01/$0.02 USD) - 2021/03/09 22:36:22 PT [2021/03/10 1:36:22 ET]
Table 'Aigyptios III' 9-max Seat #2 is the button
Seat 1: airdestiny ($2.66 in chips) 
Seat 2: Dorex2007 ($1.23 in chips) 
Seat 3: *VM*727 ($2.30 in chips) 
Seat 4: Szendi58 ($2.16 in chips) 
Seat 5: n2405n ($2 in chips) 
Seat 6: erlis82 ($2.26 in chips) 
Seat 7: DenyLi ($1.09 in chips) 
Seat 8: BlackCat0812 ($0.80 in chips) 
Seat 9: ValeraBLR ($2.05 in chips) 
*VM*727: posts small blind $0.01
Szendi58: posts big blind $0.02
*** HOLE CARDS ***
Dealt to Dorex2007 [5c Js]
n2405n: folds 
erlis82: folds 
DenyLi: folds 
BlackCat0812: folds 
ValeraBLR: folds 
erlis82 leaves the table
airdestiny: folds 
Dorex2007: folds 
*VM*727: folds 
Uncalled bet ($0.01) returned to Szendi58
Szendi58 collected $0.02 from pot
Szendi58: doesn't show hand 
*** SUMMARY ***
Total pot $0.02 | Rake $0 
Seat 1: airdestiny folded before Flop (didn't bet)
Seat 2: Dorex2007 (button) folded before Flop (didn't bet)
Seat 3: *VM*727 (small blind) folded before Flop
Seat 4: Szendi58 (big blind) collected ($0.02)
Seat 5: n2405n folded before Flop (didn't bet)
Seat 6: erlis82 folded before Flop (didn't bet)
Seat 7: DenyLi folded before Flop (didn't bet)
Seat 8: BlackCat0812 folded before Flop (didn't bet)
Seat 9: ValeraBLR folded before Flop (didn't bet)



PokerStars Hand #224648945238:  Hold'em No Limit ($0.01/$0.02 USD) - 2021/03/09 22:36:41 PT [2021/03/10 1:36:41 ET]
Table 'Aigyptios III' 9-max Seat #3 is the button
Seat 1: airdestiny ($2.66 in chips) 
Seat 2: Dorex2007 ($1.23 in chips) 
Seat 3: *VM*727 ($2.29 in chips) 
Seat 4: Szendi58 ($2.17 in chips) 
Seat 5: n2405n ($2 in chips) 
Seat 7: DenyLi ($1.09 in chips) 
Seat 8: BlackCat0812 ($0.80 in chips) 
Seat 9: ValeraBLR ($2.05 in chips) 
Szendi58: posts small blind $0.01
n2405n: posts big blind $0.02
*** HOLE CARDS ***
Dealt to Dorex2007 [Jd 7c]
DenyLi: folds 
BlackCat0812: calls $0.02
ValeraBLR: folds 
VadimSaratov joins the table at seat #6 
airdestiny: raises $0.08 to $0.10
Dorex2007: folds 
*VM*727: folds 
Szendi58: calls $0.09
n2405n: folds 
BlackCat0812: folds 
*** FLOP *** [Tc 2d Kd]
Szendi58: checks 
airdestiny: checks 
*** TURN *** [Tc 2d Kd] [Ks]
Szendi58: bets $0.12
airdestiny: folds 
Uncalled bet ($0.12) returned to Szendi58
Szendi58 collected $0.23 from pot
Szendi58: doesn't show hand 
*** SUMMARY ***
Total pot $0.24 | Rake $0.01 
Board [Tc 2d Kd Ks]
Seat 1: airdestiny folded on the Turn
Seat 2: Dorex2007 folded before Flop (didn't bet)
Seat 3: *VM*727 (button) folded before Flop (didn't bet)
Seat 4: Szendi58 (small blind) collected ($0.23)
Seat 5: n2405n (big blind) folded before Flop
Seat 7: DenyLi folded before Flop (didn't bet)
Seat 8: BlackCat0812 folded before Flop
Seat 9: ValeraBLR folded before Flop (didn't bet)



PokerStars Hand #224648953574:  Hold'em No Limit ($0.01/$0.02 USD) - 2021/03/09 22:37:21 PT [2021/03/10 1:37:21 ET]
Table 'Aigyptios III' 9-max Seat #4 is the button
Seat 1: airdestiny ($2.56 in chips) 
Seat 2: Dorex2007 ($1.23 in chips) 
Seat 3: *VM*727 ($2.29 in chips) 
Seat 4: Szendi58 ($2.30 in chips) 
Seat 5: n2405n ($2 in chips) 
Seat 6: VadimSaratov ($0.80 in chips) 
Seat 7: DenyLi ($1.09 in chips) 
Seat 8: BlackCat0812 ($0.78 in chips) 
Seat 9: ValeraBLR ($2.05 in chips) 
n2405n: posts small blind $0.01
VadimSaratov: posts big blind $0.02
*** HOLE CARDS ***
Dealt to Dorex2007 [3h 6h]
DenyLi: folds 
BlackCat0812: calls $0.02
DenyLi leaves the table
ValeraBLR: folds 
KINGBAZZ1986 joins the table at seat #7 
airdestiny: folds 
Dorex2007: folds 
*VM*727: folds 
Szendi58: folds 
n2405n: folds 
VadimSaratov: checks 
*** FLOP *** [Kh 9d 9h]
VadimSaratov: checks 
BlackCat0812: checks 
*** TURN *** [Kh 9d 9h] [8d]
VadimSaratov: checks 
BlackCat0812: checks 
*** RIVER *** [Kh 9d 9h 8d] [2h]
VadimSaratov: bets $0.02
BlackCat0812: folds 
Uncalled bet ($0.02) returned to VadimSaratov
VadimSaratov collected $0.05 from pot
VadimSaratov: doesn't show hand 
*** SUMMARY ***
Total pot $0.05 | Rake $0 
Board [Kh 9d 9h 8d 2h]
Seat 1: airdestiny folded before Flop (didn't bet)
Seat 2: Dorex2007 folded before Flop (didn't bet)
Seat 3: *VM*727 folded before Flop (didn't bet)
Seat 4: Szendi58 (button) folded before Flop (didn't bet)
Seat 5: n2405n (small blind) folded before Flop
Seat 6: VadimSaratov (big blind) collected ($0.05)
Seat 7: DenyLi folded before Flop (didn't bet)
Seat 8: BlackCat0812 folded on the River
Seat 9: ValeraBLR folded before Flop (didn't bet)



PokerStars Hand #224648964819:  Hold'em No Limit ($0.01/$0.02 USD) - 2021/03/09 22:38:26 PT [2021/03/10 1:38:26 ET]
Table 'Aigyptios III' 9-max Seat #5 is the button
Seat 1: airdestiny ($2.56 in chips) 
Seat 2: Dorex2007 ($1.23 in chips) 
Seat 3: *VM*727 ($2.29 in chips) 
Seat 4: Szendi58 ($2.30 in chips) 
Seat 5: n2405n ($2 in chips) 
Seat 6: VadimSaratov ($0.83 in chips) 
Seat 7: KINGBAZZ1986 ($2 in chips) 
Seat 8: BlackCat0812 ($0.76 in chips) 
Seat 9: ValeraBLR ($2.05 in chips) 
VadimSaratov: posts small blind $0.01
KINGBAZZ1986: posts big blind $0.02
*** HOLE CARDS ***
Dealt to Dorex2007 [9d 8d]
BlackCat0812: calls $0.02
ValeraBLR: folds 
airdestiny: folds 
Dorex2007: raises $0.04 to $0.06
*VM*727: folds 
Szendi58: calls $0.06
n2405n: calls $0.06
VadimSaratov: folds 
KINGBAZZ1986: calls $0.04
BlackCat0812: folds 
*** FLOP *** [9s 8c Ad]
KINGBAZZ1986: checks 
Dorex2007: checks 
Szendi58: checks 
n2405n: checks 
*** TURN *** [9s 8c Ad] [8h]
KINGBAZZ1986: checks 
Dorex2007: checks 
Szendi58: checks 
n2405n: checks 
*** RIVER *** [9s 8c Ad 8h] [Jh]
KINGBAZZ1986: checks 
Dorex2007: bets $0.13
Szendi58: folds 
n2405n: folds 
KINGBAZZ1986: folds 
Uncalled bet ($0.13) returned to Dorex2007
Dorex2007 collected $0.26 from pot
Dorex2007: doesn't show hand 
*** SUMMARY ***
Total pot $0.27 | Rake $0.01 
Board [9s 8c Ad 8h Jh]
Seat 1: airdestiny folded before Flop (didn't bet)
Seat 2: Dorex2007 collected ($0.26)
Seat 3: *VM*727 folded before Flop (didn't bet)
Seat 4: Szendi58 folded on the River
Seat 5: n2405n (button) folded on the River
Seat 6: VadimSaratov (small blind) folded before Flop
Seat 7: KINGBAZZ1986 (big blind) folded on the River
Seat 8: BlackCat0812 folded before Flop
Seat 9: ValeraBLR folded before Flop (didn't bet)



PokerStars Hand #224648976842:  Hold'em No Limit ($0.01/$0.02 USD) - 2021/03/09 22:39:36 PT [2021/03/10 1:39:36 ET]
Table 'Aigyptios III' 9-max Seat #6 is the button
Seat 1: airdestiny ($2.56 in chips) 
Seat 2: Dorex2007 ($1.43 in chips) 
Seat 3: *VM*727 ($2.29 in chips) 
Seat 4: Szendi58 ($2.24 in chips) 
Seat 5: n2405n ($2 in chips) 
Seat 6: VadimSaratov ($0.82 in chips) 
Seat 7: KINGBAZZ1986 ($2 in chips) 
Seat 8: BlackCat0812 ($0.74 in chips) 
Seat 9: ValeraBLR ($2.05 in chips) 
KINGBAZZ1986: posts small blind $0.01
BlackCat0812: posts big blind $0.02
*** HOLE CARDS ***
Dealt to Dorex2007 [4s 7c]
ValeraBLR: folds 
airdestiny: raises $0.08 to $0.10
Dorex2007: folds 
*VM*727: folds 
Szendi58: folds 
n2405n: folds 
VadimSaratov: folds 
KINGBAZZ1986: folds 
BlackCat0812: folds 
Uncalled bet ($0.08) returned to airdestiny
airdestiny collected $0.05 from pot
airdestiny: doesn't show hand 
*** SUMMARY ***
Total pot $0.05 | Rake $0 
Seat 1: airdestiny collected ($0.05)
Seat 2: Dorex2007 folded before Flop (didn't bet)
Seat 3: *VM*727 folded before Flop (didn't bet)
Seat 4: Szendi58 folded before Flop (didn't bet)
Seat 5: n2405n folded before Flop (didn't bet)
Seat 6: VadimSaratov (button) folded before Flop (didn't bet)
Seat 7: KINGBAZZ1986 (small blind) folded before Flop
Seat 8: BlackCat0812 (big blind) folded before Flop
Seat 9: ValeraBLR folded before Flop (didn't bet)



PokerStars Hand #224648983148:  Hold'em No Limit ($0.01/$0.02 USD) - 2021/03/09 22:39:56 PT [2021/03/10 1:39:56 ET]
Table 'Aigyptios III' 9-max Seat #7 is the button
Seat 1: airdestiny ($2.59 in chips) 
Seat 2: Dorex2007 ($1.43 in chips) 
Seat 3: *VM*727 ($2.29 in chips) 
Seat 4: Szendi58 ($2.24 in chips) 
Seat 5: n2405n ($2 in chips) 
Seat 6: VadimSaratov ($0.82 in chips) 
Seat 7: KINGBAZZ1986 ($2 in chips) 
Seat 8: BlackCat0812 ($0.72 in chips) 
Seat 9: ValeraBLR ($2.05 in chips) 
BlackCat0812: posts small blind $0.01
ValeraBLR: posts big blind $0.02
*** HOLE CARDS ***
Dealt to Dorex2007 [4h 5h]
airdestiny: folds 
Dorex2007: folds 
*VM*727: folds 
Szendi58: folds 
n2405n: folds 
VadimSaratov: folds 
KINGBAZZ1986: folds 
BlackCat0812: calls $0.01
ValeraBLR: checks 
*** FLOP *** [8h 2d Jh]
BlackCat0812: checks 
ValeraBLR: checks 
*** TURN *** [8h 2d Jh] [Th]
BlackCat0812: checks 
ValeraBLR: checks 
*** RIVER *** [8h 2d Jh Th] [8s]
BlackCat0812: checks 
ValeraBLR: checks 
*** SHOW DOWN ***
BlackCat0812: shows [4c 5s] (a pair of Eights)
ValeraBLR: shows [2s Qc] (two pair, Eights and Deuces)
ValeraBLR collected $0.04 from pot
*** SUMMARY ***
Total pot $0.04 | Rake $0 
Board [8h 2d Jh Th 8s]
Seat 1: airdestiny folded before Flop (didn't bet)
Seat 2: Dorex2007 folded before Flop (didn't bet)
Seat 3: *VM*727 folded before Flop (didn't bet)
Seat 4: Szendi58 folded before Flop (didn't bet)
Seat 5: n2405n folded before Flop (didn't bet)
Seat 6: VadimSaratov folded before Flop (didn't bet)
Seat 7: KINGBAZZ1986 (button) folded before Flop (didn't bet)
Seat 8: BlackCat0812 (small blind) showed [4c 5s] and lost with a pair of Eights
Seat 9: ValeraBLR (big blind) showed [2s Qc] and won ($0.04) with two pair, Eights and Deuces



PokerStars Hand #224648996235:  Hold'em No Limit ($0.01/$0.02 USD) - 2021/03/09 22:41:10 PT [2021/03/10 1:41:10 ET]
Table 'Aigyptios III' 9-max Seat #8 is the button
Seat 1: airdestiny ($2.59 in chips) 
Seat 2: Dorex2007 ($1.43 in chips) 
Seat 3: *VM*727 ($2.29 in chips) 
Seat 4: Szendi58 ($2.24 in chips) 
Seat 5: n2405n ($2 in chips) 
Seat 6: VadimSaratov ($0.82 in chips) 
Seat 7: KINGBAZZ1986 ($2 in chips) 
Seat 8: BlackCat0812 ($0.70 in chips) 
Seat 9: ValeraBLR ($2.07 in chips) 
ValeraBLR: posts small blind $0.01
airdestiny: posts big blind $0.02
*** HOLE CARDS ***
Dealt to Dorex2007 [9c 5h]
Dorex2007: folds 
*VM*727: folds 
Szendi58: raises $0.02 to $0.04
n2405n: folds 
VadimSaratov: folds 
KINGBAZZ1986: folds 
BlackCat0812: folds 
ValeraBLR: folds 
airdestiny: folds 
Uncalled bet ($0.02) returned to Szendi58
Szendi58 collected $0.05 from pot
Szendi58: doesn't show hand 
*** SUMMARY ***
Total pot $0.05 | Rake $0 
Seat 1: airdestiny (big blind) folded before Flop
Seat 2: Dorex2007 folded before Flop (didn't bet)
Seat 3: *VM*727 folded before Flop (didn't bet)
Seat 4: Szendi58 collected ($0.05)
Seat 5: n2405n folded before Flop (didn't bet)
Seat 6: VadimSaratov folded before Flop (didn't bet)
Seat 7: KINGBAZZ1986 folded before Flop (didn't bet)
Seat 8: BlackCat0812 (button) folded before Flop (didn't bet)
Seat 9: ValeraBLR (small blind) folded before Flop



PokerStars Hand #224649000260:  Hold'em No Limit ($0.01/$0.02 USD) - 2021/03/09 22:41:34 PT [2021/03/10 1:41:34 ET]
Table 'Aigyptios III' 9-max Seat #9 is the button
Seat 1: airdestiny ($2.57 in chips) 
Seat 2: Dorex2007 ($1.43 in chips) 
Seat 3: *VM*727 ($2.29 in chips) 
Seat 4: Szendi58 ($2.27 in chips) 
Seat 5: n2405n ($2 in chips) 
Seat 6: VadimSaratov ($0.82 in chips) 
Seat 7: KINGBAZZ1986 ($2 in chips) 
Seat 8: BlackCat0812 ($0.70 in chips) 
Seat 9: ValeraBLR ($2.06 in chips) 
airdestiny: posts small blind $0.01
Dorex2007: posts big blind $0.02
*** HOLE CARDS ***
Dealt to Dorex2007 [5h 4h]
*VM*727: folds 
Szendi58: calls $0.02
n2405n: raises $0.02 to $0.04
VadimSaratov: calls $0.04
KINGBAZZ1986: folds 
BlackCat0812: folds 
ValeraBLR: folds 
airdestiny: folds 
Dorex2007: calls $0.02
Szendi58: calls $0.02
*** FLOP *** [Tc 6h 2h]
Dorex2007: checks 
Szendi58: bets $0.02
n2405n: calls $0.02
VadimSaratov: folds 
Dorex2007: calls $0.02
*** TURN *** [Tc 6h 2h] [Ad]
Dorex2007: checks 
Szendi58: bets $0.02
n2405n: calls $0.02
Dorex2007: calls $0.02
*** RIVER *** [Tc 6h 2h Ad] [5s]
Dorex2007: checks 
Szendi58: bets $0.02
n2405n: folds 
Dorex2007: folds 
Uncalled bet ($0.02) returned to Szendi58
Szendi58 collected $0.28 from pot
Szendi58: doesn't show hand 
*** SUMMARY ***
Total pot $0.29 | Rake $0.01 
Board [Tc 6h 2h Ad 5s]
Seat 1: airdestiny (small blind) folded before Flop
Seat 2: Dorex2007 (big blind) folded on the River
Seat 3: *VM*727 folded before Flop (didn't bet)
Seat 4: Szendi58 collected ($0.28)
Seat 5: n2405n folded on the River
Seat 6: VadimSaratov folded on the Flop
Seat 7: KINGBAZZ1986 folded before Flop (didn't bet)
Seat 8: BlackCat0812 folded before Flop (didn't bet)
Seat 9: ValeraBLR (button) folded before Flop (didn't bet)



PokerStars Hand #224649014876:  Hold'em No Limit ($0.01/$0.02 USD) - 2021/03/09 22:42:57 PT [2021/03/10 1:42:57 ET]
Table 'Aigyptios III' 9-max Seat #1 is the button
Seat 1: airdestiny ($2.56 in chips) 
Seat 2: Dorex2007 ($1.35 in chips) 
Seat 3: *VM*727 ($2.29 in chips) 
Seat 4: Szendi58 ($2.47 in chips) 
Seat 5: n2405n ($2 in chips) 
Seat 6: VadimSaratov ($0.78 in chips) 
Seat 7: KINGBAZZ1986 ($2 in chips) 
Seat 8: BlackCat0812 ($0.70 in chips) 
Seat 9: ValeraBLR ($2.06 in chips) 
Dorex2007: posts small blind $0.01
*VM*727: posts big blind $0.02
*** HOLE CARDS ***
Dealt to Dorex2007 [Ah 9d]
Szendi58: raises $0.02 to $0.04
n2405n: folds 
VadimSaratov: folds 
KINGBAZZ1986: folds 
BlackCat0812: folds 
ValeraBLR: folds 
airdestiny: folds 
Dorex2007: calls $0.03
*VM*727: folds 
*** FLOP *** [9h Kc Qh]
Dorex2007: bets $0.07
Szendi58: calls $0.07
*** TURN *** [9h Kc Qh] [3s]
Dorex2007: bets $0.12
Szendi58: raises $0.12 to $0.24
Dorex2007: calls $0.12
*** RIVER *** [9h Kc Qh 3s] [As]
Dorex2007: bets $0.69
Szendi58: calls $0.69
*** SHOW DOWN ***
Dorex2007: shows [Ah 9d] (two pair, Aces and Nines)
Szendi58: shows [9c 9s] (three of a kind, Nines)
Szendi58 collected $2.03 from pot
*** SUMMARY ***
Total pot $2.10 | Rake $0.07 
Board [9h Kc Qh 3s As]
Seat 1: airdestiny (button) folded before Flop (didn't bet)
Seat 2: Dorex2007 (small blind) showed [Ah 9d] and lost with two pair, Aces and Nines
Seat 3: *VM*727 (big blind) folded before Flop
Seat 4: Szendi58 showed [9c 9s] and won ($2.03) with three of a kind, Nines
Seat 5: n2405n folded before Flop (didn't bet)
Seat 6: VadimSaratov folded before Flop (didn't bet)
Seat 7: KINGBAZZ1986 folded before Flop (didn't bet)
Seat 8: BlackCat0812 folded before Flop (didn't bet)
Seat 9: ValeraBLR folded before Flop (didn't bet)



PokerStars Hand #224649023981:  Hold'em No Limit ($0.01/$0.02 USD) - 2021/03/09 22:43:49 PT [2021/03/10 1:43:49 ET]
Table 'Aigyptios III' 9-max Seat #2 is the button
Seat 1: airdestiny ($2.56 in chips) 
Seat 2: Dorex2007 ($0.31 in chips) 
Seat 3: *VM*727 ($2.27 in chips) 
Seat 4: Szendi58 ($3.46 in chips) 
Seat 5: n2405n ($2 in chips) 
Seat 6: VadimSaratov ($0.78 in chips) 
Seat 7: KINGBAZZ1986 ($2 in chips) 
Seat 8: BlackCat0812 ($0.70 in chips) 
Seat 9: ValeraBLR ($2.06 in chips) 
*VM*727: posts small blind $0.01
Szendi58: posts big blind $0.02
*** HOLE CARDS ***
Dealt to Dorex2007 [8h 9h]
n2405n: folds 
VadimSaratov: folds 
KINGBAZZ1986: folds 
BlackCat0812 has timed out
BlackCat0812: folds 
ValeraBLR: folds 
airdestiny: raises $0.06 to $0.08
Dorex2007: calls $0.08
*VM*727: folds 
Szendi58: calls $0.06
*** FLOP *** [As Ad Th]
Szendi58: checks 
airdestiny: bets $0.18
Dorex2007: folds 
Szendi58: calls $0.18
*** TURN *** [As Ad Th] [5d]
Szendi58: bets $0.02
airdestiny: raises $0.32 to $0.34
Szendi58: calls $0.32
*** RIVER *** [As Ad Th 5d] [6c]
Szendi58: bets $0.02
airdestiny: calls $0.02
*** SHOW DOWN ***
Szendi58: shows [8c Ah] (three of a kind, Aces)
airdestiny: mucks hand 
Szendi58 collected $1.28 from pot
*** SUMMARY ***
Total pot $1.33 | Rake $0.05 
Board [As Ad Th 5d 6c]
Seat 1: airdestiny mucked [Ac 7d]
Seat 2: Dorex2007 (button) folded on the Flop
Seat 3: *VM*727 (small blind) folded before Flop
Seat 4: Szendi58 (big blind) showed [8c Ah] and won ($1.28) with three of a kind, Aces
Seat 5: n2405n folded before Flop (didn't bet)
Seat 6: VadimSaratov folded before Flop (didn't bet)
Seat 7: KINGBAZZ1986 folded before Flop (didn't bet)
Seat 8: BlackCat0812 folded before Flop (didn't bet)
Seat 9: ValeraBLR folded before Flop (didn't bet)



PokerStars Hand #224649035444:  Hold'em No Limit ($0.01/$0.02 USD) - 2021/03/09 22:44:56 PT [2021/03/10 1:44:56 ET]
Table 'Aigyptios III' 9-max Seat #3 is the button
Seat 1: airdestiny ($2 in chips) 
Seat 2: Dorex2007 ($1.70 in chips) 
Seat 3: *VM*727 ($2.26 in chips) 
Seat 4: Szendi58 ($4.12 in chips) 
Seat 5: n2405n ($2 in chips) 
Seat 6: VadimSaratov ($0.78 in chips) 
Seat 7: KINGBAZZ1986 ($2 in chips) 
Seat 8: BlackCat0812 ($0.70 in chips) 
Seat 9: ValeraBLR ($2.06 in chips) 
Szendi58: posts small blind $0.01
n2405n: posts big blind $0.02
*** HOLE CARDS ***
Dealt to Dorex2007 [4h Js]
VadimSaratov: folds 
KINGBAZZ1986: raises $0.03 to $0.05
BlackCat0812: calls $0.05
ValeraBLR: folds 
airdestiny: calls $0.05
Dorex2007: folds 
*VM*727: folds 
Szendi58: folds 
n2405n: folds 
*** FLOP *** [Qd 5c 4c]
KINGBAZZ1986: checks 
BlackCat0812: checks 
airdestiny: bets $0.14
KINGBAZZ1986: folds 
BlackCat0812: folds 
Uncalled bet ($0.14) returned to airdestiny
airdestiny collected $0.17 from pot
airdestiny: doesn't show hand 
*** SUMMARY ***
Total pot $0.18 | Rake $0.01 
Board [Qd 5c 4c]
Seat 1: airdestiny collected ($0.17)
Seat 2: Dorex2007 folded before Flop (didn't bet)
Seat 3: *VM*727 (button) folded before Flop (didn't bet)
Seat 4: Szendi58 (small blind) folded before Flop
Seat 5: n2405n (big blind) folded before Flop
Seat 6: VadimSaratov folded before Flop (didn't bet)
Seat 7: KINGBAZZ1986 folded on the Flop
Seat 8: BlackCat0812 folded on the Flop
Seat 9: ValeraBLR folded before Flop (didn't bet)



PokerStars Hand #224649042248:  Hold'em No Limit ($0.01/$0.02 USD) - 2021/03/09 22:45:35 PT [2021/03/10 1:45:35 ET]
Table 'Aigyptios III' 9-max Seat #4 is the button
Seat 1: airdestiny ($2.12 in chips) 
Seat 2: Dorex2007 ($1.70 in chips) 
Seat 3: *VM*727 ($2.26 in chips) 
Seat 4: Szendi58 ($4.11 in chips) 
Seat 5: n2405n ($2 in chips) 
Seat 6: VadimSaratov ($0.78 in chips) 
Seat 7: KINGBAZZ1986 ($2 in chips) 
Seat 8: BlackCat0812 ($0.65 in chips) 
Seat 9: ValeraBLR ($2.06 in chips) 
n2405n: posts small blind $0.01
VadimSaratov: posts big blind $0.02
*** HOLE CARDS ***
Dealt to Dorex2007 [Td 9s]
KINGBAZZ1986: folds 
BlackCat0812: folds 
ValeraBLR: raises $0.04 to $0.06
airdestiny: folds 
Dorex2007: folds 
*VM*727: folds 
Szendi58: calls $0.06
n2405n: raises $0.20 to $0.26
VadimSaratov: folds 
ValeraBLR: folds 
Szendi58: folds 
Uncalled bet ($0.20) returned to n2405n
n2405n collected $0.20 from pot
n2405n: doesn't show hand 
*** SUMMARY ***
Total pot $0.20 | Rake $0 
Seat 1: airdestiny folded before Flop (didn't bet)
Seat 2: Dorex2007 folded before Flop (didn't bet)
Seat 3: *VM*727 folded before Flop (didn't bet)
Seat 4: Szendi58 (button) folded before Flop
Seat 5: n2405n (small blind) collected ($0.20)
Seat 6: VadimSaratov (big blind) folded before Flop
Seat 7: KINGBAZZ1986 folded before Flop (didn't bet)
Seat 8: BlackCat0812 folded before Flop (didn't bet)
Seat 9: ValeraBLR folded before Flop



PokerStars Hand #224649049823:  Hold'em No Limit ($0.01/$0.02 USD) - 2021/03/09 22:46:19 PT [2021/03/10 1:46:19 ET]
Table 'Aigyptios III' 9-max Seat #5 is the button
Seat 1: airdestiny ($2.12 in chips) 
Seat 2: Dorex2007 ($1.70 in chips) 
Seat 3: *VM*727 ($2.26 in chips) 
Seat 4: Szendi58 ($4.05 in chips) 
Seat 5: n2405n ($2.14 in chips) 
Seat 6: VadimSaratov ($0.76 in chips) 
Seat 7: KINGBAZZ1986 ($2 in chips) 
Seat 8: BlackCat0812 ($0.65 in chips) 
Seat 9: ValeraBLR ($2 in chips) 
VadimSaratov: posts small blind $0.01
KINGBAZZ1986: posts big blind $0.02
*** HOLE CARDS ***
Dealt to Dorex2007 [6d 5s]
BlackCat0812: calls $0.02
ValeraBLR: folds 
airdestiny: folds 
Dorex2007: folds 
*VM*727: calls $0.02
Szendi58: folds 
n2405n: folds 
VadimSaratov: calls $0.01
KINGBAZZ1986: checks 
*** FLOP *** [Ts Ks 6s]
VadimSaratov: checks 
KINGBAZZ1986: checks 
BlackCat0812: checks 
*VM*727: checks 
*** TURN *** [Ts Ks 6s] [8s]
VadimSaratov: checks 
KINGBAZZ1986: checks 
BlackCat0812: checks 
*VM*727: bets $0.02
VadimSaratov: calls $0.02
KINGBAZZ1986: calls $0.02
BlackCat0812: calls $0.02
*** RIVER *** [Ts Ks 6s 8s] [6h]
VadimSaratov: checks 
KINGBAZZ1986: checks 
BlackCat0812: checks 
*VM*727: checks 
*** SHOW DOWN ***
VadimSaratov: shows [Kh 8h] (two pair, Kings and Eights)
KINGBAZZ1986: shows [6c Jh] (three of a kind, Sixes)
BlackCat0812: mucks hand 
*VM*727: shows [Ac Js] (a flush, King high)
*VM*727 collected $0.15 from pot
*** SUMMARY ***
Total pot $0.16 | Rake $0.01 
Board [Ts Ks 6s 8s 6h]
Seat 1: airdestiny folded before Flop (didn't bet)
Seat 2: Dorex2007 folded before Flop (didn't bet)
Seat 3: *VM*727 showed [Ac Js] and won ($0.15) with a flush, King high
Seat 4: Szendi58 folded before Flop (didn't bet)
Seat 5: n2405n (button) folded before Flop (didn't bet)
Seat 6: VadimSaratov (small blind) showed [Kh 8h] and lost with two pair, Kings and Eights
Seat 7: KINGBAZZ1986 (big blind) showed [6c Jh] and lost with three of a kind, Sixes
Seat 8: BlackCat0812 mucked [9h Qd]
Seat 9: ValeraBLR folded before Flop (didn't bet)



PokerStars Hand #224649063153:  Hold'em No Limit ($0.01/$0.02 USD) - 2021/03/09 22:47:36 PT [2021/03/10 1:47:36 ET]
Table 'Aigyptios III' 9-max Seat #6 is the button
Seat 1: airdestiny ($2.12 in chips) 
Seat 2: Dorex2007 ($1.70 in chips) 
Seat 3: *VM*727 ($2.37 in chips) 
Seat 4: Szendi58 ($4.05 in chips) 
Seat 5: n2405n ($2.14 in chips) 
Seat 6: VadimSaratov ($0.72 in chips) 
Seat 7: KINGBAZZ1986 ($2 in chips) 
Seat 8: BlackCat0812 ($0.61 in chips) 
Seat 9: ValeraBLR ($2 in chips) 
KINGBAZZ1986: posts small blind $0.01
BlackCat0812: posts big blind $0.02
*** HOLE CARDS ***
Dealt to Dorex2007 [7c Js]
ValeraBLR: raises $0.04 to $0.06
airdestiny: folds 
Dorex2007: folds 
*VM*727: folds 
Szendi58: calls $0.06
n2405n: folds 
VadimSaratov: folds 
KINGBAZZ1986: folds 
BlackCat0812: folds 
*** FLOP *** [4h Ah 8h]
ValeraBLR: checks 
Szendi58: checks 
*** TURN *** [4h Ah 8h] [Qs]
ValeraBLR: checks 
Szendi58: bets $0.14
ValeraBLR: folds 
Uncalled bet ($0.14) returned to Szendi58
Szendi58 collected $0.14 from pot
Szendi58: doesn't show hand 
*** SUMMARY ***
Total pot $0.15 | Rake $0.01 
Board [4h Ah 8h Qs]
Seat 1: airdestiny folded before Flop (didn't bet)
Seat 2: Dorex2007 folded before Flop (didn't bet)
Seat 3: *VM*727 folded before Flop (didn't bet)
Seat 4: Szendi58 collected ($0.14)
Seat 5: n2405n folded before Flop (didn't bet)
Seat 6: VadimSaratov (button) folded before Flop (didn't bet)
Seat 7: KINGBAZZ1986 (small blind) folded before Flop
Seat 8: BlackCat0812 (big blind) folded before Flop
Seat 9: ValeraBLR folded on the Turn



PokerStars Hand #224649068894:  Hold'em No Limit ($0.01/$0.02 USD) - 2021/03/09 22:48:09 PT [2021/03/10 1:48:09 ET]
Table 'Aigyptios III' 9-max Seat #7 is the button
Seat 1: airdestiny ($2.12 in chips) 
Seat 2: Dorex2007 ($1.70 in chips) 
Seat 3: *VM*727 ($2.37 in chips) 
Seat 4: Szendi58 ($4.13 in chips) 
Seat 5: n2405n ($2.14 in chips) 
Seat 6: VadimSaratov ($0.72 in chips) 
Seat 7: KINGBAZZ1986 ($2 in chips) 
Seat 8: BlackCat0812 ($0.59 in chips) 
Seat 9: ValeraBLR ($1.94 in chips) 
BlackCat0812: posts small blind $0.01
ValeraBLR: posts big blind $0.02
*** HOLE CARDS ***
Dealt to Dorex2007 [Ad Qd]
airdestiny: folds 
Dorex2007: raises $0.05 to $0.07
*VM*727: folds 
Szendi58: folds 
n2405n: folds 
VadimSaratov: folds 
KINGBAZZ1986: folds 
BlackCat0812: calls $0.06
ValeraBLR: folds 
*** FLOP *** [Kd Qs 9c]
BlackCat0812: checks 
Dorex2007: bets $0.14
BlackCat0812: folds 
Uncalled bet ($0.14) returned to Dorex2007
Dorex2007 collected $0.15 from pot
Dorex2007: doesn't show hand 
*** SUMMARY ***
Total pot $0.16 | Rake $0.01 
Board [Kd Qs 9c]
Seat 1: airdestiny folded before Flop (didn't bet)
Seat 2: Dorex2007 collected ($0.15)
Seat 3: *VM*727 folded before Flop (didn't bet)
Seat 4: Szendi58 folded before Flop (didn't bet)
Seat 5: n2405n folded before Flop (didn't bet)
Seat 6: VadimSaratov folded before Flop (didn't bet)
Seat 7: KINGBAZZ1986 (button) folded before Flop (didn't bet)
Seat 8: BlackCat0812 (small blind) folded on the Flop
Seat 9: ValeraBLR (big blind) folded before Flop



PokerStars Hand #224649076402:  Hold'em No Limit ($0.01/$0.02 USD) - 2021/03/09 22:48:52 PT [2021/03/10 1:48:52 ET]
Table 'Aigyptios III' 9-max Seat #8 is the button
Seat 1: airdestiny ($2.12 in chips) 
Seat 2: Dorex2007 ($1.78 in chips) 
Seat 3: *VM*727 ($2.37 in chips) 
Seat 4: Szendi58 ($4.13 in chips) 
Seat 5: n2405n ($2.14 in chips) 
Seat 6: VadimSaratov ($0.72 in chips) 
Seat 7: KINGBAZZ1986 ($2 in chips) 
Seat 8: BlackCat0812 ($0.52 in chips) 
Seat 9: ValeraBLR ($1.92 in chips) 
ValeraBLR: posts small blind $0.01
airdestiny: posts big blind $0.02
*** HOLE CARDS ***
Dealt to Dorex2007 [8d Jd]
Dorex2007: folds 
*VM*727: folds 
Szendi58: raises $0.02 to $0.04
n2405n: calls $0.04
VadimSaratov: folds 
KINGBAZZ1986: folds 
BlackCat0812: calls $0.04
ValeraBLR: folds 
airdestiny: folds 
*** FLOP *** [5h Qd 6d]
Szendi58: bets $0.02
n2405n: calls $0.02
BlackCat0812: calls $0.02
*** TURN *** [5h Qd 6d] [3d]
Szendi58: bets $0.02
n2405n: folds 
BlackCat0812: folds 
Uncalled bet ($0.02) returned to Szendi58
Szendi58 collected $0.20 from pot
Szendi58: doesn't show hand 
*** SUMMARY ***
Total pot $0.21 | Rake $0.01 
Board [5h Qd 6d 3d]
Seat 1: airdestiny (big blind) folded before Flop
Seat 2: Dorex2007 folded before Flop (didn't bet)
Seat 3: *VM*727 folded before Flop (didn't bet)
Seat 4: Szendi58 collected ($0.20)
Seat 5: n2405n folded on the Turn
Seat 6: VadimSaratov folded before Flop (didn't bet)
Seat 7: KINGBAZZ1986 folded before Flop (didn't bet)
Seat 8: BlackCat0812 (button) folded on the Turn
Seat 9: ValeraBLR (small blind) folded before Flop



PokerStars Hand #224649086382:  Hold'em No Limit ($0.01/$0.02 USD) - 2021/03/09 22:49:49 PT [2021/03/10 1:49:49 ET]
Table 'Aigyptios III' 9-max Seat #9 is the button
Seat 1: airdestiny ($2.10 in chips) 
Seat 2: Dorex2007 ($1.78 in chips) 
Seat 3: *VM*727 ($2.37 in chips) 
Seat 4: Szendi58 ($4.27 in chips) 
Seat 5: n2405n ($2.08 in chips) 
Seat 6: VadimSaratov ($0.72 in chips) 
Seat 7: KINGBAZZ1986 ($2 in chips) 
Seat 8: BlackCat0812 ($0.46 in chips) 
Seat 9: ValeraBLR ($1.91 in chips) 
airdestiny: posts small blind $0.01
Dorex2007: posts big blind $0.02
*** HOLE CARDS ***
Dealt to Dorex2007 [8d 9c]
*VM*727: folds 
Szendi58: folds 
*VM*727 leaves the table
n2405n: folds 
VadimSaratov: calls $0.02
ISKatekl joins the table at seat #3 
KINGBAZZ1986: folds 
BlackCat0812: folds 
ValeraBLR: folds 
airdestiny: raises $0.08 to $0.10
Dorex2007: folds 
VadimSaratov: calls $0.08
*** FLOP *** [3h 6s Jc]
airdestiny: bets $0.14
VadimSaratov: calls $0.14
*** TURN *** [3h 6s Jc] [7s]
airdestiny: bets $0.24
VadimSaratov: raises $0.24 to $0.48 and is all-in
airdestiny: calls $0.24
*** RIVER *** [3h 6s Jc 7s] [Td]
*** SHOW DOWN ***
airdestiny: shows [Jh Qh] (a pair of Jacks)
VadimSaratov: shows [3c 3s] (three of a kind, Threes)
VadimSaratov collected $1.41 from pot
*** SUMMARY ***
Total pot $1.46 | Rake $0.05 
Board [3h 6s Jc 7s Td]
Seat 1: airdestiny (small blind) showed [Jh Qh] and lost with a pair of Jacks
Seat 2: Dorex2007 (big blind) folded before Flop
Seat 3: *VM*727 folded before Flop (didn't bet)
Seat 4: Szendi58 folded before Flop (didn't bet)
Seat 5: n2405n folded before Flop (didn't bet)
Seat 6: VadimSaratov showed [3c 3s] and won ($1.41) with three of a kind, Threes
Seat 7: KINGBAZZ1986 folded before Flop (didn't bet)
Seat 8: BlackCat0812 folded before Flop (didn't bet)
Seat 9: ValeraBLR (button) folded before Flop (didn't bet)



PokerStars Hand #224649094982:  Hold'em No Limit ($0.01/$0.02 USD) - 2021/03/09 22:50:39 PT [2021/03/10 1:50:39 ET]
Table 'Aigyptios III' 9-max Seat #1 is the button
Seat 1: airdestiny ($2 in chips) 
Seat 2: Dorex2007 ($1.76 in chips) 
Seat 3: ISKatekl ($2 in chips) 
Seat 4: Szendi58 ($4.27 in chips) 
Seat 5: n2405n ($2.08 in chips) 
Seat 6: VadimSaratov ($1.41 in chips) 
Seat 7: KINGBAZZ1986 ($2 in chips) 
Seat 8: BlackCat0812 ($0.46 in chips) 
Seat 9: ValeraBLR ($1.91 in chips) 
Dorex2007: posts small blind $0.01
ISKatekl: posts big blind $0.02
*** HOLE CARDS ***
Dealt to Dorex2007 [5h Js]
Szendi58: folds 
n2405n: folds 
VadimSaratov: folds 
KINGBAZZ1986: folds 
BlackCat0812: folds 
ValeraBLR: folds 
airdestiny: raises $0.06 to $0.08
Dorex2007: folds 
ISKatekl: folds 
Uncalled bet ($0.06) returned to airdestiny
airdestiny collected $0.05 from pot
airdestiny: doesn't show hand 
*** SUMMARY ***
Total pot $0.05 | Rake $0 
Seat 1: airdestiny (button) collected ($0.05)
Seat 2: Dorex2007 (small blind) folded before Flop
Seat 3: ISKatekl (big blind) folded before Flop
Seat 4: Szendi58 folded before Flop (didn't bet)
Seat 5: n2405n folded before Flop (didn't bet)
Seat 6: VadimSaratov folded before Flop (didn't bet)
Seat 7: KINGBAZZ1986 folded before Flop (didn't bet)
Seat 8: BlackCat0812 folded before Flop (didn't bet)
Seat 9: ValeraBLR folded before Flop (didn't bet)



PokerStars Hand #224649098083:  Hold'em No Limit ($0.01/$0.02 USD) - 2021/03/09 22:50:57 PT [2021/03/10 1:50:57 ET]
Table 'Aigyptios III' 9-max Seat #2 is the button
Seat 1: airdestiny ($2.03 in chips) 
Seat 2: Dorex2007 ($1.75 in chips) 
Seat 3: ISKatekl ($1.98 in chips) 
Seat 4: Szendi58 ($4.27 in chips) 
Seat 5: n2405n ($2.08 in chips) 
Seat 6: VadimSaratov ($1.41 in chips) 
Seat 7: KINGBAZZ1986 ($2 in chips) 
Seat 8: BlackCat0812 ($0.46 in chips) 
Seat 9: ValeraBLR ($1.91 in chips) 
ISKatekl: posts small blind $0.01
Szendi58: posts big blind $0.02
*** HOLE CARDS ***
Dealt to Dorex2007 [4c Ac]
n2405n: folds 
VadimSaratov: folds 
KINGBAZZ1986: folds 
BlackCat0812: calls $0.02
ValeraBLR: folds 
airdestiny: folds 
Dorex2007: raises $0.06 to $0.08
ISKatekl: folds 
Szendi58: folds 
BlackCat0812: calls $0.06
*** FLOP *** [Th Td 2c]
BlackCat0812: checks 
Dorex2007: bets $0.18
BlackCat0812: folds 
Uncalled bet ($0.18) returned to Dorex2007
Dorex2007 collected $0.18 from pot
Dorex2007: doesn't show hand 
*** SUMMARY ***
Total pot $0.19 | Rake $0.01 
Board [Th Td 2c]
Seat 1: airdestiny folded before Flop (didn't bet)
Seat 2: Dorex2007 (button) collected ($0.18)
Seat 3: ISKatekl (small blind) folded before Flop
Seat 4: Szendi58 (big blind) folded before Flop
Seat 5: n2405n folded before Flop (didn't bet)
Seat 6: VadimSaratov folded before Flop (didn't bet)
Seat 7: KINGBAZZ1986 folded before Flop (didn't bet)
Seat 8: BlackCat0812 folded on the Flop
Seat 9: ValeraBLR folded before Flop (didn't bet)



PokerStars Hand #224649106071:  Hold'em No Limit ($0.01/$0.02 USD) - 2021/03/09 22:51:44 PT [2021/03/10 1:51:44 ET]
Table 'Aigyptios III' 9-max Seat #3 is the button
Seat 1: airdestiny ($2.03 in chips) 
Seat 2: Dorex2007 ($1.85 in chips) 
Seat 3: ISKatekl ($1.97 in chips) 
Seat 4: Szendi58 ($4.25 in chips) 
Seat 6: VadimSaratov ($1.41 in chips) 
Seat 7: KINGBAZZ1986 ($2 in chips) 
Seat 8: BlackCat0812 ($0.38 in chips) 
Seat 9: ValeraBLR ($1.91 in chips) 
Szendi58: posts small blind $0.01
VadimSaratov: posts big blind $0.02
*** HOLE CARDS ***
Dealt to Dorex2007 [9d Jc]
KINGBAZZ1986: folds 
BlackCat0812: calls $0.02
ValeraBLR: folds 
airdestiny: folds 
Dorex2007: folds 
ISKatekl: folds 
Szendi58: folds 
VadimSaratov: checks 
*** FLOP *** [6s 8s 4s]
VadimSaratov: checks 
BlackCat0812: checks 
*** TURN *** [6s 8s 4s] [7c]
VadimSaratov: checks 
BlackCat0812: checks 
*** RIVER *** [6s 8s 4s 7c] [Ad]
VadimSaratov: checks 
BlackCat0812: checks 
*** SHOW DOWN ***
VadimSaratov: shows [Td As] (a pair of Aces)
BlackCat0812: mucks hand 
VadimSaratov collected $0.05 from pot
*** SUMMARY ***
Total pot $0.05 | Rake $0 
Board [6s 8s 4s 7c Ad]
Seat 1: airdestiny folded before Flop (didn't bet)
Seat 2: Dorex2007 folded before Flop (didn't bet)
Seat 3: ISKatekl (button) folded before Flop (didn't bet)
Seat 4: Szendi58 (small blind) folded before Flop
Seat 6: VadimSaratov (big blind) showed [Td As] and won ($0.05) with a pair of Aces
Seat 7: KINGBAZZ1986 folded before Flop (didn't bet)
Seat 8: BlackCat0812 mucked [Jd 6d]
Seat 9: ValeraBLR folded before Flop (didn't bet)



PokerStars Hand #224649120031:  Hold'em No Limit ($0.01/$0.02 USD) - 2021/03/09 22:52:52 PT [2021/03/10 1:52:52 ET]
Table 'Aigyptios III' 9-max Seat #4 is the button
Seat 1: airdestiny ($2.03 in chips) 
Seat 2: Dorex2007 ($1.85 in chips) 
Seat 3: ISKatekl ($1.97 in chips) 
Seat 4: Szendi58 ($4.24 in chips) 
Seat 6: VadimSaratov ($1.44 in chips) 
Seat 7: KINGBAZZ1986 ($2 in chips) 
Seat 8: BlackCat0812 ($0.36 in chips) 
Seat 9: ValeraBLR ($1.91 in chips) 
VadimSaratov: posts small blind $0.01
KINGBAZZ1986: posts big blind $0.02
*** HOLE CARDS ***
Dealt to Dorex2007 [2s 2h]
BlackCat0812: folds 
ValeraBLR: folds 
airdestiny: folds 
Dorex2007: raises $0.04 to $0.06
ISKatekl: folds 
Szendi58: folds 
VadimSaratov: raises $0.10 to $0.16
KINGBAZZ1986: calls $0.14
Dorex2007: folds 
*** FLOP *** [2c 7c Qh]
VadimSaratov: bets $0.22
KINGBAZZ1986: calls $0.22
*** TURN *** [2c 7c Qh] [8d]
VadimSaratov: bets $1.06 and is all-in
KINGBAZZ1986: folds 
Uncalled bet ($1.06) returned to VadimSaratov
VadimSaratov collected $0.79 from pot
VadimSaratov: doesn't show hand 
*** SUMMARY ***
Total pot $0.82 | Rake $0.03 
Board [2c 7c Qh 8d]
Seat 1: airdestiny folded before Flop (didn't bet)
Seat 2: Dorex2007 folded before Flop
Seat 3: ISKatekl folded before Flop (didn't bet)
Seat 4: Szendi58 (button) folded before Flop (didn't bet)
Seat 6: VadimSaratov (small blind) collected ($0.79)
Seat 7: KINGBAZZ1986 (big blind) folded on the Turn
Seat 8: BlackCat0812 folded before Flop (didn't bet)
Seat 9: ValeraBLR folded before Flop (didn't bet)



PokerStars Hand #224649131452:  Hold'em No Limit ($0.01/$0.02 USD) - 2021/03/09 22:53:59 PT [2021/03/10 1:53:59 ET]
Table 'Aigyptios III' 9-max Seat #6 is the button
Seat 1: airdestiny ($2.03 in chips) 
Seat 2: Dorex2007 ($1.79 in chips) 
Seat 3: ISKatekl ($1.97 in chips) 
Seat 4: Szendi58 ($4.24 in chips) 
Seat 6: VadimSaratov ($1.85 in chips) 
Seat 7: KINGBAZZ1986 ($2 in chips) 
Seat 8: BlackCat0812 ($0.36 in chips) 
Seat 9: ValeraBLR ($1.91 in chips) 
KINGBAZZ1986: posts small blind $0.01
BlackCat0812: posts big blind $0.02
*** HOLE CARDS ***
Dealt to Dorex2007 [5c Ah]
ValeraBLR: folds 
airdestiny: folds 
Dorex2007: folds 
ISKatekl: folds 
Szendi58: raises $0.02 to $0.04
VadimSaratov: folds 
KINGBAZZ1986: folds 
BlackCat0812: folds 
Uncalled bet ($0.02) returned to Szendi58
Szendi58 collected $0.05 from pot
Szendi58: doesn't show hand 
*** SUMMARY ***
Total pot $0.05 | Rake $0 
Seat 1: airdestiny folded before Flop (didn't bet)
Seat 2: Dorex2007 folded before Flop (didn't bet)
Seat 3: ISKatekl folded before Flop (didn't bet)
Seat 4: Szendi58 collected ($0.05)
Seat 6: VadimSaratov (button) folded before Flop (didn't bet)
Seat 7: KINGBAZZ1986 (small blind) folded before Flop
Seat 8: BlackCat0812 (big blind) folded before Flop
Seat 9: ValeraBLR folded before Flop (didn't bet)



PokerStars Hand #224649135131:  Hold'em No Limit ($0.01/$0.02 USD) - 2021/03/09 22:54:21 PT [2021/03/10 1:54:21 ET]
Table 'Aigyptios III' 9-max Seat #7 is the button
Seat 1: airdestiny ($2.03 in chips) 
Seat 2: Dorex2007 ($1.79 in chips) 
Seat 3: ISKatekl ($1.97 in chips) 
Seat 4: Szendi58 ($4.27 in chips) 
Seat 6: VadimSaratov ($1.85 in chips) 
Seat 7: KINGBAZZ1986 ($2 in chips) 
Seat 8: BlackCat0812 ($0.34 in chips) 
Seat 9: ValeraBLR ($1.91 in chips) 
BlackCat0812: posts small blind $0.01
ValeraBLR: posts big blind $0.02
*** HOLE CARDS ***
Dealt to Dorex2007 [9h Kc]
airdestiny: folds 
Dorex2007: folds 
ISKatekl: raises $0.04 to $0.06
Szendi58: calls $0.06
VadimSaratov: folds 
KINGBAZZ1986: folds 
BlackCat0812: folds 
ValeraBLR: folds 
*** FLOP *** [2s 7d As]
ISKatekl: bets $0.06
Szendi58: calls $0.06
*** TURN *** [2s 7d As] [Ts]
ISKatekl: bets $0.16
Szendi58: folds 
Uncalled bet ($0.16) returned to ISKatekl
ISKatekl collected $0.26 from pot
ISKatekl: doesn't show hand 
*** SUMMARY ***
Total pot $0.27 | Rake $0.01 
Board [2s 7d As Ts]
Seat 1: airdestiny folded before Flop (didn't bet)
Seat 2: Dorex2007 folded before Flop (didn't bet)
Seat 3: ISKatekl collected ($0.26)
Seat 4: Szendi58 folded on the Turn
Seat 6: VadimSaratov folded before Flop (didn't bet)
Seat 7: KINGBAZZ1986 (button) folded before Flop (didn't bet)
Seat 8: BlackCat0812 (small blind) folded before Flop
Seat 9: ValeraBLR (big blind) folded before Flop



PokerStars Hand #224649144121:  Hold'em No Limit ($0.01/$0.02 USD) - 2021/03/09 22:55:14 PT [2021/03/10 1:55:14 ET]
Table 'Aigyptios III' 9-max Seat #8 is the button
Seat 1: airdestiny ($2.03 in chips) 
Seat 2: Dorex2007 ($1.79 in chips) 
Seat 3: ISKatekl ($2.11 in chips) 
Seat 4: Szendi58 ($4.15 in chips) 
Seat 5: n2405n ($2.08 in chips) 
Seat 6: VadimSaratov ($1.85 in chips) 
Seat 7: KINGBAZZ1986 ($2 in chips) 
Seat 8: BlackCat0812 ($0.33 in chips) 
Seat 9: ValeraBLR ($1.89 in chips) 
ValeraBLR: posts small blind $0.01
airdestiny: posts big blind $0.02
n2405n: posts small & big blinds $0.03
*** HOLE CARDS ***
Dealt to Dorex2007 [7s 3h]
Dorex2007: folds 
ISKatekl: calls $0.02
Szendi58: folds 
n2405n: raises $0.12 to $0.14
VadimSaratov: folds 
KINGBAZZ1986: folds 
BlackCat0812: folds 
ValeraBLR: folds 
airdestiny: folds 
ISKatekl: folds 
Uncalled bet ($0.12) returned to n2405n
n2405n collected $0.08 from pot
n2405n: doesn't show hand 
*** SUMMARY ***
Total pot $0.08 | Rake $0 
Seat 1: airdestiny (big blind) folded before Flop
Seat 2: Dorex2007 folded before Flop (didn't bet)
Seat 3: ISKatekl folded before Flop
Seat 4: Szendi58 folded before Flop (didn't bet)
Seat 5: n2405n collected ($0.08)
Seat 6: VadimSaratov folded before Flop (didn't bet)
Seat 7: KINGBAZZ1986 folded before Flop (didn't bet)
Seat 8: BlackCat0812 (button) folded before Flop (didn't bet)
Seat 9: ValeraBLR (small blind) folded before Flop



PokerStars Hand #224649150070:  Hold'em No Limit ($0.01/$0.02 USD) - 2021/03/09 22:55:54 PT [2021/03/10 1:55:54 ET]
Table 'Aigyptios III' 9-max Seat #9 is the button
Seat 1: airdestiny ($2.01 in chips) 
Seat 2: Dorex2007 ($1.79 in chips) 
Seat 3: ISKatekl ($2.09 in chips) 
Seat 4: Szendi58 ($4.15 in chips) 
Seat 5: n2405n ($2.13 in chips) 
Seat 6: VadimSaratov ($1.85 in chips) 
Seat 7: KINGBAZZ1986 ($2 in chips) 
Seat 8: BlackCat0812 ($0.33 in chips) 
Seat 9: ValeraBLR ($1.88 in chips) 
airdestiny: posts small blind $0.01
Dorex2007: posts big blind $0.02
*** HOLE CARDS ***
Dealt to Dorex2007 [8d Jd]
ISKatekl: folds 
Szendi58 has timed out
Szendi58: folds 
n2405n: folds 
VadimSaratov: folds 
KINGBAZZ1986: folds 
BlackCat0812: calls $0.02
ValeraBLR: raises $0.06 to $0.08
airdestiny: folds 
Dorex2007: folds 
BlackCat0812: calls $0.06
*** FLOP *** [6d Jh Qs]
BlackCat0812: bets $0.08
ValeraBLR: raises $0.08 to $0.16
BlackCat0812: folds 
Uncalled bet ($0.08) returned to ValeraBLR
ValeraBLR collected $0.34 from pot
ValeraBLR: doesn't show hand 
*** SUMMARY ***
Total pot $0.35 | Rake $0.01 
Board [6d Jh Qs]
Seat 1: airdestiny (small blind) folded before Flop
Seat 2: Dorex2007 (big blind) folded before Flop
Seat 3: ISKatekl folded before Flop (didn't bet)
Seat 4: Szendi58 folded before Flop (didn't bet)
Seat 5: n2405n folded before Flop (didn't bet)
Seat 6: VadimSaratov folded before Flop (didn't bet)
Seat 7: KINGBAZZ1986 folded before Flop (didn't bet)
Seat 8: BlackCat0812 folded on the Flop
Seat 9: ValeraBLR (button) collected ($0.34)



PokerStars Hand #224649158950:  Hold'em No Limit ($0.01/$0.02 USD) - 2021/03/09 22:56:54 PT [2021/03/10 1:56:54 ET]
Table 'Aigyptios III' 9-max Seat #1 is the button
Seat 1: airdestiny ($2 in chips) 
Seat 2: Dorex2007 ($1.77 in chips) 
Seat 3: ISKatekl ($2.09 in chips) 
Seat 4: Szendi58 ($4.15 in chips) 
Seat 5: n2405n ($2.13 in chips) 
Seat 6: VadimSaratov ($1.85 in chips) 
Seat 7: KINGBAZZ1986 ($2 in chips) 
Seat 8: BlackCat0812 ($0.17 in chips) 
Seat 9: ValeraBLR ($2.06 in chips) 
Dorex2007: posts small blind $0.01
ISKatekl: posts big blind $0.02
*** HOLE CARDS ***
Dealt to Dorex2007 [Qs Ac]
Szendi58: calls $0.02
n2405n: raises $0.12 to $0.14
VadimSaratov: folds 
KINGBAZZ1986: folds 
BlackCat0812: folds 
ValeraBLR: folds 
airdestiny: folds 
Dorex2007: calls $0.13
ISKatekl: folds 
Szendi58: calls $0.12
*** FLOP *** [8c Ts 8h]
Dorex2007: checks 
Szendi58: bets $0.21
n2405n: calls $0.21
Dorex2007: folds 
*** TURN *** [8c Ts 8h] [2s]
Szendi58: bets $0.42
n2405n: calls $0.42
*** RIVER *** [8c Ts 8h 2s] [4s]
Szendi58: bets $0.82
n2405n: calls $0.82
*** SHOW DOWN ***
Szendi58: shows [Kh Ks] (two pair, Kings and Eights)
n2405n: mucks hand 
Szendi58 collected $3.22 from pot
*** SUMMARY ***
Total pot $3.34 | Rake $0.12 
Board [8c Ts 8h 2s 4s]
Seat 1: airdestiny (button) folded before Flop (didn't bet)
Seat 2: Dorex2007 (small blind) folded on the Flop
Seat 3: ISKatekl (big blind) folded before Flop
Seat 4: Szendi58 showed [Kh Ks] and won ($3.22) with two pair, Kings and Eights
Seat 5: n2405n mucked [7h 7d]
Seat 6: VadimSaratov folded before Flop (didn't bet)
Seat 7: KINGBAZZ1986 folded before Flop (didn't bet)
Seat 8: BlackCat0812 folded before Flop (didn't bet)
Seat 9: ValeraBLR folded before Flop (didn't bet)



PokerStars Hand #224649169252:  Hold'em No Limit ($0.01/$0.02 USD) - 2021/03/09 22:58:03 PT [2021/03/10 1:58:03 ET]
Table 'Aigyptios III' 9-max Seat #2 is the button
Seat 1: airdestiny ($2 in chips) 
Seat 2: Dorex2007 ($1.63 in chips) 
Seat 3: ISKatekl ($2.07 in chips) 
Seat 4: Szendi58 ($5.78 in chips) 
Seat 5: n2405n ($2 in chips) 
Seat 6: VadimSaratov ($1.85 in chips) 
Seat 7: KINGBAZZ1986 ($2 in chips) 
Seat 8: BlackCat0812 ($0.17 in chips) 
Seat 9: ValeraBLR ($2.06 in chips) 
ISKatekl: posts small blind $0.01
Szendi58: posts big blind $0.02
*** HOLE CARDS ***
Dealt to Dorex2007 [7s Jh]
n2405n: folds 
VadimSaratov: calls $0.02
KINGBAZZ1986: folds 
BlackCat0812: calls $0.02
ValeraBLR: folds 
airdestiny: raises $0.10 to $0.12
Dorex2007: folds 
ISKatekl: folds 
Szendi58: folds 
VadimSaratov: folds 
BlackCat0812: raises $0.05 to $0.17 and is all-in
airdestiny: calls $0.05
*** FLOP *** [2c Ts Qd]
*** TURN *** [2c Ts Qd] [2d]
*** RIVER *** [2c Ts Qd 2d] [6h]
*** SHOW DOWN ***
BlackCat0812: shows [As 5s] (a pair of Deuces)
airdestiny: shows [Qc Ah] (two pair, Queens and Deuces)
airdestiny collected $0.38 from pot
*** SUMMARY ***
Total pot $0.39 | Rake $0.01 
Board [2c Ts Qd 2d 6h]
Seat 1: airdestiny showed [Qc Ah] and won ($0.38) with two pair, Queens and Deuces
Seat 2: Dorex2007 (button) folded before Flop (didn't bet)
Seat 3: ISKatekl (small blind) folded before Flop
Seat 4: Szendi58 (big blind) folded before Flop
Seat 5: n2405n folded before Flop (didn't bet)
Seat 6: VadimSaratov folded before Flop
Seat 7: KINGBAZZ1986 folded before Flop (didn't bet)
Seat 8: BlackCat0812 showed [As 5s] and lost with a pair of Deuces
Seat 9: ValeraBLR folded before Flop (didn't bet)



PokerStars Hand #224649181895:  Hold'em No Limit ($0.01/$0.02 USD) - 2021/03/09 22:59:26 PT [2021/03/10 1:59:26 ET]
Table 'Aigyptios III' 9-max Seat #3 is the button
Seat 1: airdestiny ($2.21 in chips) 
Seat 2: Dorex2007 ($1.63 in chips) 
Seat 3: ISKatekl ($2.06 in chips) 
Seat 4: Szendi58 ($5.76 in chips) 
Seat 5: n2405n ($2 in chips) 
Seat 6: VadimSaratov ($1.83 in chips) 
Seat 7: KINGBAZZ1986 ($2 in chips) 
Seat 9: ValeraBLR ($2.06 in chips) 
Szendi58: posts small blind $0.01
n2405n: posts big blind $0.02
*** HOLE CARDS ***
Dealt to Dorex2007 [Jh Jc]
VadimSaratov: folds 
KINGBAZZ1986: folds 
ValeraBLR: calls $0.02
BlackCat0812 leaves the table
airdestiny: folds 
Dorex2007: calls $0.02
ISKatekl: calls $0.02
Fedya465 joins the table at seat #8 
Szendi58: calls $0.01
n2405n: raises $0.12 to $0.14
ValeraBLR: folds 
Dorex2007: calls $0.12
ISKatekl: folds 
Szendi58: folds 
*** FLOP *** [2h 3h 8h]
n2405n: bets $0.17
Dorex2007: raises $1.29 to $1.46
n2405n: folds 
Uncalled bet ($1.29) returned to Dorex2007
Dorex2007 collected $0.66 from pot
Dorex2007: doesn't show hand 
*** SUMMARY ***
Total pot $0.68 | Rake $0.02 
Board [2h 3h 8h]
Seat 1: airdestiny folded before Flop (didn't bet)
Seat 2: Dorex2007 collected ($0.66)
Seat 3: ISKatekl (button) folded before Flop
Seat 4: Szendi58 (small blind) folded before Flop
Seat 5: n2405n (big blind) folded on the Flop
Seat 6: VadimSaratov folded before Flop (didn't bet)
Seat 7: KINGBAZZ1986 folded before Flop (didn't bet)
Seat 9: ValeraBLR folded before Flop



PokerStars Hand #224649191951:  Hold'em No Limit ($0.01/$0.02 USD) - 2021/03/09 23:00:32 PT [2021/03/10 2:00:32 ET]
Table 'Aigyptios III' 9-max Seat #4 is the button
Seat 1: airdestiny ($2.21 in chips) 
Seat 2: Dorex2007 ($1.98 in chips) 
Seat 3: ISKatekl ($2.04 in chips) 
Seat 4: Szendi58 ($5.74 in chips) 
Seat 5: n2405n ($2 in chips) 
Seat 6: VadimSaratov ($1.83 in chips) 
Seat 7: KINGBAZZ1986 ($2 in chips) 
Seat 9: ValeraBLR ($2.04 in chips) 
n2405n: posts small blind $0.01
VadimSaratov: posts big blind $0.02
Fedya465: sits out 
*** HOLE CARDS ***
Dealt to Dorex2007 [7h Ad]
KINGBAZZ1986: folds 
ValeraBLR: folds 
airdestiny has timed out
airdestiny: folds 
Dorex2007: folds 
ISKatekl: folds 
Szendi58: calls $0.02
n2405n: raises $0.12 to $0.14
VadimSaratov: folds 
Szendi58: folds 
Uncalled bet ($0.12) returned to n2405n
n2405n collected $0.06 from pot
n2405n: doesn't show hand 
*** SUMMARY ***
Total pot $0.06 | Rake $0 
Seat 1: airdestiny folded before Flop (didn't bet)
Seat 2: Dorex2007 folded before Flop (didn't bet)
Seat 3: ISKatekl folded before Flop (didn't bet)
Seat 4: Szendi58 (button) folded before Flop
Seat 5: n2405n (small blind) collected ($0.06)
Seat 6: VadimSaratov (big blind) folded before Flop
Seat 7: KINGBAZZ1986 folded before Flop (didn't bet)
Seat 9: ValeraBLR folded before Flop (didn't bet)



PokerStars Hand #224649197124:  Hold'em No Limit ($0.01/$0.02 USD) - 2021/03/09 23:01:03 PT [2021/03/10 2:01:03 ET]
Table 'Aigyptios III' 9-max Seat #5 is the button
Seat 1: airdestiny ($2.21 in chips) 
Seat 2: Dorex2007 ($1.98 in chips) 
Seat 3: ISKatekl ($2.04 in chips) 
Seat 4: Szendi58 ($5.72 in chips) 
Seat 5: n2405n ($2.04 in chips) 
Seat 6: VadimSaratov ($1.81 in chips) 
Seat 7: KINGBAZZ1986 ($2 in chips) 
Seat 9: ValeraBLR ($2.04 in chips) 
VadimSaratov: posts small blind $0.01
KINGBAZZ1986: posts big blind $0.02
Fedya465: sits out 
*** HOLE CARDS ***
Dealt to Dorex2007 [Th 6d]
ValeraBLR: folds 
airdestiny: folds 
Dorex2007: folds 
ISKatekl: folds 
Szendi58: raises $0.02 to $0.04
n2405n: raises $0.02 to $0.06
VadimSaratov: folds 
KINGBAZZ1986: folds 
Szendi58: calls $0.02
*** FLOP *** [3c Jc 8c]
Szendi58: bets $0.02
n2405n: raises $0.09 to $0.11
Szendi58: folds 
Uncalled bet ($0.09) returned to n2405n
n2405n collected $0.18 from pot
n2405n: doesn't show hand 
*** SUMMARY ***
Total pot $0.19 | Rake $0.01 
Board [3c Jc 8c]
Seat 1: airdestiny folded before Flop (didn't bet)
Seat 2: Dorex2007 folded before Flop (didn't bet)
Seat 3: ISKatekl folded before Flop (didn't bet)
Seat 4: Szendi58 folded on the Flop
Seat 5: n2405n (button) collected ($0.18)
Seat 6: VadimSaratov (small blind) folded before Flop
Seat 7: KINGBAZZ1986 (big blind) folded before Flop
Seat 9: ValeraBLR folded before Flop (didn't bet)



PokerStars Hand #224649202977:  Hold'em No Limit ($0.01/$0.02 USD) - 2021/03/09 23:01:37 PT [2021/03/10 2:01:37 ET]
Table 'Aigyptios III' 9-max Seat #6 is the button
Seat 1: airdestiny ($2.21 in chips) 
Seat 2: Dorex2007 ($1.98 in chips) 
Seat 3: ISKatekl ($2.04 in chips) 
Seat 4: Szendi58 ($5.64 in chips) 
Seat 5: n2405n ($2.14 in chips) 
Seat 6: VadimSaratov ($1.80 in chips) 
Seat 7: KINGBAZZ1986 ($2 in chips) 
Seat 8: Fedya465 ($2 in chips) 
Seat 9: ValeraBLR ($2.04 in chips) 
KINGBAZZ1986: posts small blind $0.01
Fedya465: posts big blind $0.02
*** HOLE CARDS ***
Dealt to Dorex2007 [8h Tc]
ValeraBLR: folds 
airdestiny: folds 
Dorex2007: folds 
ISKatekl: folds 
Szendi58: folds 
n2405n: folds 
VadimSaratov: calls $0.02
KINGBAZZ1986: calls $0.01
Fedya465: checks 
*** FLOP *** [8d Kh 2c]
KINGBAZZ1986: checks 
Fedya465: checks 
VadimSaratov: checks 
*** TURN *** [8d Kh 2c] [Ts]
KINGBAZZ1986: checks 
Fedya465: checks 
VadimSaratov: checks 
*** RIVER *** [8d Kh 2c Ts] [3d]
KINGBAZZ1986: checks 
Fedya465: checks 
VadimSaratov: checks 
*** SHOW DOWN ***
KINGBAZZ1986: shows [4s 5c] (high card King)
Fedya465: shows [6h Jh] (high card King - Jack kicker)
VadimSaratov: shows [Qd 5d] (high card King - Queen kicker)
VadimSaratov collected $0.06 from pot
*** SUMMARY ***
Total pot $0.06 | Rake $0 
Board [8d Kh 2c Ts 3d]
Seat 1: airdestiny folded before Flop (didn't bet)
Seat 2: Dorex2007 folded before Flop (didn't bet)
Seat 3: ISKatekl folded before Flop (didn't bet)
Seat 4: Szendi58 folded before Flop (didn't bet)
Seat 5: n2405n folded before Flop (didn't bet)
Seat 6: VadimSaratov (button) showed [Qd 5d] and won ($0.06) with high card King
Seat 7: KINGBAZZ1986 (small blind) showed [4s 5c] and lost with high card King
Seat 8: Fedya465 (big blind) showed [6h Jh] and lost with high card King
Seat 9: ValeraBLR folded before Flop (didn't bet)



PokerStars Hand #224649215241:  Hold'em No Limit ($0.01/$0.02 USD) - 2021/03/09 23:02:48 PT [2021/03/10 2:02:48 ET]
Table 'Aigyptios III' 9-max Seat #7 is the button
Seat 1: airdestiny ($2.21 in chips) 
Seat 2: Dorex2007 ($1.98 in chips) 
Seat 3: ISKatekl ($2.04 in chips) 
Seat 4: Szendi58 ($5.64 in chips) 
Seat 5: n2405n ($2.14 in chips) 
Seat 6: VadimSaratov ($1.84 in chips) 
Seat 7: KINGBAZZ1986 ($2 in chips) 
Seat 8: Fedya465 ($1.98 in chips) 
Seat 9: ValeraBLR ($2.04 in chips) 
Fedya465: posts small blind $0.01
ValeraBLR: posts big blind $0.02
*** HOLE CARDS ***
Dealt to Dorex2007 [Qd 7s]
airdestiny: folds 
Dorex2007: folds 
ISKatekl: folds 
Szendi58: folds 
n2405n: raises $0.02 to $0.04
VadimSaratov: folds 
KINGBAZZ1986: folds 
Fedya465: folds 
ValeraBLR: folds 
Uncalled bet ($0.02) returned to n2405n
n2405n collected $0.05 from pot
n2405n: doesn't show hand 
*** SUMMARY ***
Total pot $0.05 | Rake $0 
Seat 1: airdestiny folded before Flop (didn't bet)
Seat 2: Dorex2007 folded before Flop (didn't bet)
Seat 3: ISKatekl folded before Flop (didn't bet)
Seat 4: Szendi58 folded before Flop (didn't bet)
Seat 5: n2405n collected ($0.05)
Seat 6: VadimSaratov folded before Flop (didn't bet)
Seat 7: KINGBAZZ1986 (button) folded before Flop (didn't bet)
Seat 8: Fedya465 (small blind) folded before Flop
Seat 9: ValeraBLR (big blind) folded before Flop



PokerStars Hand #224649220481:  Hold'em No Limit ($0.01/$0.02 USD) - 2021/03/09 23:03:18 PT [2021/03/10 2:03:18 ET]
Table 'Aigyptios III' 9-max Seat #8 is the button
Seat 1: airdestiny ($2.21 in chips) 
Seat 2: Dorex2007 ($1.98 in chips) 
Seat 3: ISKatekl ($2.04 in chips) 
Seat 4: Szendi58 ($5.64 in chips) 
Seat 5: n2405n ($2.17 in chips) 
Seat 6: VadimSaratov ($1.84 in chips) 
Seat 7: KINGBAZZ1986 ($2 in chips) 
Seat 8: Fedya465 ($1.97 in chips) 
Seat 9: ValeraBLR ($2.02 in chips) 
ValeraBLR: posts small blind $0.01
airdestiny: posts big blind $0.02
*** HOLE CARDS ***
Dealt to Dorex2007 [Th 7h]
Dorex2007: folds 
ISKatekl: folds 
Szendi58: folds 
n2405n: folds 
VadimSaratov: folds 
KINGBAZZ1986: folds 
Fedya465: raises $0.04 to $0.06
ValeraBLR: calls $0.05
airdestiny: folds 
*** FLOP *** [4s Ah 4c]
airdestiny leaves the table
ValeraBLR: checks 
Fedya465: bets $0.10
ValeraBLR: folds 
Uncalled bet ($0.10) returned to Fedya465
Fedya465 collected $0.14 from pot
*** SUMMARY ***
Total pot $0.14 | Rake $0 
Board [4s Ah 4c]
Seat 1: airdestiny (big blind) folded before Flop
Seat 2: Dorex2007 folded before Flop (didn't bet)
Seat 3: ISKatekl folded before Flop (didn't bet)
Seat 4: Szendi58 folded before Flop (didn't bet)
Seat 5: n2405n folded before Flop (didn't bet)
Seat 6: VadimSaratov folded before Flop (didn't bet)
Seat 7: KINGBAZZ1986 folded before Flop (didn't bet)
Seat 8: Fedya465 (button) collected ($0.14)
Seat 9: ValeraBLR (small blind) folded on the Flop



PokerStars Hand #224649236119:  Hold'em No Limit ($0.01/$0.02 USD) - 2021/03/09 23:04:12 PT [2021/03/10 2:04:12 ET]
Table 'Aigyptios III' 9-max Seat #9 is the button
Seat 2: Dorex2007 ($1.98 in chips) 
Seat 3: ISKatekl ($2.04 in chips) 
Seat 4: Szendi58 ($5.64 in chips) 
Seat 5: n2405n ($2.17 in chips) 
Seat 6: VadimSaratov ($1.84 in chips) 
Seat 7: KINGBAZZ1986 ($2 in chips) 
Seat 8: Fedya465 ($2.05 in chips) 
Seat 9: ValeraBLR ($1.96 in chips) 
Dorex2007: posts small blind $0.01
ISKatekl: posts big blind $0.02
*** HOLE CARDS ***
Dealt to Dorex2007 [6d Ah]
Szendi58 has timed out
Szendi58: folds 
n2405n: raises $0.02 to $0.04
VadimSaratov: folds 
KINGBAZZ1986: folds 
Fedya465: folds 
ValeraBLR: folds 
Dorex2007: calls $0.03
Nilsson996 joins the table at seat #1 
ISKatekl: calls $0.02
*** FLOP *** [6s 2d 2h]
Dorex2007: bets $0.16
ISKatekl: folds 
n2405n: calls $0.16
*** TURN *** [6s 2d 2h] [Th]
Dorex2007: bets $0.42
n2405n: calls $0.42
*** RIVER *** [6s 2d 2h Th] [5c]
Dorex2007: bets $1.24
n2405n: raises $0.31 to $1.55 and is all-in
Dorex2007: calls $0.12 and is all-in
Uncalled bet ($0.19) returned to n2405n
*** SHOW DOWN ***
n2405n: shows [5h 5s] (a full house, Fives full of Deuces)
Dorex2007: shows [6d Ah] (two pair, Sixes and Deuces)
n2405n collected $3.86 from pot
*** SUMMARY ***
Total pot $4 | Rake $0.14 
Board [6s 2d 2h Th 5c]
Seat 2: Dorex2007 (small blind) showed [6d Ah] and lost with two pair, Sixes and Deuces
Seat 3: ISKatekl (big blind) folded on the Flop
Seat 4: Szendi58 folded before Flop (didn't bet)
Seat 5: n2405n showed [5h 5s] and won ($3.86) with a full house, Fives full of Deuces
Seat 6: VadimSaratov folded before Flop (didn't bet)
Seat 7: KINGBAZZ1986 folded before Flop (didn't bet)
Seat 8: Fedya465 folded before Flop (didn't bet)
Seat 9: ValeraBLR (button) folded before Flop (didn't bet)



PokerStars Hand #224649261542:  Hold'em No Limit ($0.01/$0.02 USD) - 2021/03/09 23:05:54 PT [2021/03/10 2:05:54 ET]
Table 'Aigyptios III' 9-max Seat #4 is the button
Seat 2: Dorex2007 ($2 in chips) 
Seat 3: ISKatekl ($2 in chips) 
Seat 4: Szendi58 ($5.63 in chips) 
Seat 5: n2405n ($4.03 in chips) 
Seat 6: VadimSaratov ($1.84 in chips) 
Seat 7: KINGBAZZ1986 ($2 in chips) 
Seat 8: Fedya465 ($2.08 in chips) 
Seat 9: ValeraBLR ($1.96 in chips) 
n2405n: posts small blind $0.01
VadimSaratov: posts big blind $0.02
Nilsson996: sits out 
*** HOLE CARDS ***
Dealt to Dorex2007 [8c Jc]
KINGBAZZ1986: raises $0.03 to $0.05
Fedya465: folds 
ValeraBLR: folds 
Dorex2007: folds 
ISKatekl: folds 
Szendi58: raises $0.03 to $0.08
n2405n: folds 
VadimSaratov: folds 
KINGBAZZ1986: calls $0.03
*** FLOP *** [Jd Td Qc]
KINGBAZZ1986: checks 
Szendi58: bets $0.18
KINGBAZZ1986: calls $0.18
*** TURN *** [Jd Td Qc] [6s]
KINGBAZZ1986: checks 
Szendi58: bets $0.27
KINGBAZZ1986: calls $0.27
*** RIVER *** [Jd Td Qc 6s] [4c]
KINGBAZZ1986: checks 
Szendi58: checks 
*** SHOW DOWN ***
KINGBAZZ1986: shows [8h Ah] (high card Ace)
Szendi58: shows [Ac As] (a pair of Aces)
Szendi58 collected $1.05 from pot
*** SUMMARY ***
Total pot $1.09 | Rake $0.04 
Board [Jd Td Qc 6s 4c]
Seat 2: Dorex2007 folded before Flop (didn't bet)
Seat 3: ISKatekl folded before Flop (didn't bet)
Seat 4: Szendi58 (button) showed [Ac As] and won ($1.05) with a pair of Aces
Seat 5: n2405n (small blind) folded before Flop
Seat 6: VadimSaratov (big blind) folded before Flop
Seat 7: KINGBAZZ1986 showed [8h Ah] and lost with high card Ace
Seat 8: Fedya465 folded before Flop (didn't bet)
Seat 9: ValeraBLR folded before Flop (didn't bet)



PokerStars Hand #224649273727:  Hold'em No Limit ($0.01/$0.02 USD) - 2021/03/09 23:07:04 PT [2021/03/10 2:07:04 ET]
Table 'Aigyptios III' 9-max Seat #5 is the button
Seat 2: Dorex2007 ($2 in chips) 
Seat 3: ISKatekl ($2 in chips) 
Seat 4: Szendi58 ($6.15 in chips) 
Seat 5: n2405n ($4.02 in chips) 
Seat 6: VadimSaratov ($1.82 in chips) 
Seat 7: KINGBAZZ1986 ($2 in chips) 
Seat 8: Fedya465 ($2.08 in chips) 
Seat 9: ValeraBLR ($1.96 in chips) 
VadimSaratov: posts small blind $0.01
KINGBAZZ1986: posts big blind $0.02
Nilsson996: sits out 
*** HOLE CARDS ***
Dealt to Dorex2007 [5h 6s]
Fedya465: folds 
ValeraBLR: folds 
Dorex2007: folds 
ISKatekl: folds 
Szendi58: folds 
n2405n: folds 
VadimSaratov: folds 
Uncalled bet ($0.01) returned to KINGBAZZ1986
KINGBAZZ1986 collected $0.02 from pot
KINGBAZZ1986: doesn't show hand 
*** SUMMARY ***
Total pot $0.02 | Rake $0 
Seat 2: Dorex2007 folded before Flop (didn't bet)
Seat 3: ISKatekl folded before Flop (didn't bet)
Seat 4: Szendi58 folded before Flop (didn't bet)
Seat 5: n2405n (button) folded before Flop (didn't bet)
Seat 6: VadimSaratov (small blind) folded before Flop
Seat 7: KINGBAZZ1986 (big blind) collected ($0.02)
Seat 8: Fedya465 folded before Flop (didn't bet)
Seat 9: ValeraBLR folded before Flop (didn't bet)



PokerStars Hand #224649276610:  Hold'em No Limit ($0.01/$0.02 USD) - 2021/03/09 23:07:20 PT [2021/03/10 2:07:20 ET]
Table 'Aigyptios III' 9-max Seat #6 is the button
Seat 2: Dorex2007 ($2 in chips) 
Seat 3: ISKatekl ($2 in chips) 
Seat 4: Szendi58 ($6.15 in chips) 
Seat 5: n2405n ($4.02 in chips) 
Seat 6: VadimSaratov ($1.81 in chips) 
Seat 7: KINGBAZZ1986 ($2.01 in chips) 
Seat 8: Fedya465 ($2.08 in chips) 
Seat 9: ValeraBLR ($1.96 in chips) 
KINGBAZZ1986: posts small blind $0.01
Fedya465: posts big blind $0.02
Nilsson996: sits out 
*** HOLE CARDS ***
Dealt to Dorex2007 [5c Kc]
ValeraBLR: calls $0.02
Dorex2007: folds 
ISKatekl: folds 
Szendi58: raises $0.02 to $0.04
n2405n: raises $0.02 to $0.06
VadimSaratov: folds 
KINGBAZZ1986: calls $0.05
Fedya465: folds 
ValeraBLR: calls $0.04
Szendi58: calls $0.02
*** FLOP *** [7s Ac Kh]
Nilsson996 leaves the table
KINGBAZZ1986: bets $0.14
k0vacs joins the table at seat #1 
ValeraBLR: folds 
Szendi58: folds 
n2405n: folds 
Uncalled bet ($0.14) returned to KINGBAZZ1986
KINGBAZZ1986 collected $0.25 from pot
KINGBAZZ1986: doesn't show hand 
*** SUMMARY ***
Total pot $0.26 | Rake $0.01 
Board [7s Ac Kh]
Seat 2: Dorex2007 folded before Flop (didn't bet)
Seat 3: ISKatekl folded before Flop (didn't bet)
Seat 4: Szendi58 folded on the Flop
Seat 5: n2405n folded on the Flop
Seat 6: VadimSaratov (button) folded before Flop (didn't bet)
Seat 7: KINGBAZZ1986 (small blind) collected ($0.25)
Seat 8: Fedya465 (big blind) folded before Flop
Seat 9: ValeraBLR folded on the Flop



PokerStars Hand #224649286583:  Hold'em No Limit ($0.01/$0.02 USD) - 2021/03/09 23:08:18 PT [2021/03/10 2:08:18 ET]
Table 'Aigyptios III' 9-max Seat #7 is the button
Seat 2: Dorex2007 ($2 in chips) 
Seat 3: ISKatekl ($2 in chips) 
Seat 4: Szendi58 ($6.09 in chips) 
Seat 5: n2405n ($3.96 in chips) 
Seat 6: VadimSaratov ($1.81 in chips) 
Seat 7: KINGBAZZ1986 ($2.20 in chips) 
Seat 8: Fedya465 ($2.06 in chips) 
Seat 9: ValeraBLR ($1.90 in chips) 
Fedya465: posts small blind $0.01
ValeraBLR: posts big blind $0.02
k0vacs: sits out 
*** HOLE CARDS ***
Dealt to Dorex2007 [Kh 2s]
Dorex2007: folds 
ISKatekl: folds 
Szendi58: calls $0.02
n2405n: raises $0.12 to $0.14
VadimSaratov: folds 
KINGBAZZ1986: folds 
Fedya465: folds 
ValeraBLR: calls $0.12
Szendi58: folds 
*** FLOP *** [7s Ac 4s]
ValeraBLR: checks 
n2405n: checks 
*** TURN *** [7s Ac 4s] [3c]
ValeraBLR: checks 
n2405n: bets $0.15
ValeraBLR: calls $0.15
*** RIVER *** [7s Ac 4s 3c] [4d]
ValeraBLR: checks 
n2405n: bets $0.34
ValeraBLR: calls $0.34
*** SHOW DOWN ***
n2405n: shows [Kc Qs] (a pair of Fours)
ValeraBLR: shows [Ad Jd] (two pair, Aces and Fours)
ValeraBLR collected $1.24 from pot
*** SUMMARY ***
Total pot $1.29 | Rake $0.05 
Board [7s Ac 4s 3c 4d]
Seat 2: Dorex2007 folded before Flop (didn't bet)
Seat 3: ISKatekl folded before Flop (didn't bet)
Seat 4: Szendi58 folded before Flop
Seat 5: n2405n showed [Kc Qs] and lost with a pair of Fours
Seat 6: VadimSaratov folded before Flop (didn't bet)
Seat 7: KINGBAZZ1986 (button) folded before Flop (didn't bet)
Seat 8: Fedya465 (small blind) folded before Flop
Seat 9: ValeraBLR (big blind) showed [Ad Jd] and won ($1.24) with two pair, Aces and Fours



PokerStars Hand #224649294805:  Hold'em No Limit ($0.01/$0.02 USD) - 2021/03/09 23:09:05 PT [2021/03/10 2:09:05 ET]
Table 'Aigyptios III' 9-max Seat #8 is the button
Seat 1: k0vacs ($2 in chips) 
Seat 2: Dorex2007 ($2 in chips) 
Seat 3: ISKatekl ($2 in chips) 
Seat 4: Szendi58 ($6.07 in chips) 
Seat 5: n2405n ($3.33 in chips) 
Seat 6: VadimSaratov ($1.81 in chips) 
Seat 7: KINGBAZZ1986 ($2.20 in chips) 
Seat 8: Fedya465 ($2.05 in chips) 
Seat 9: ValeraBLR ($2.51 in chips) 
ValeraBLR: posts small blind $0.01
k0vacs: posts big blind $0.02
*** HOLE CARDS ***
Dealt to Dorex2007 [6d 3c]
Dorex2007: folds 
ISKatekl: folds 
Szendi58: calls $0.02
n2405n: raises $0.12 to $0.14
VadimSaratov: folds 
KINGBAZZ1986: folds 
Fedya465: folds 
ValeraBLR: folds 
k0vacs: folds 
Szendi58: calls $0.12
*** FLOP *** [Qd Ac 3h]
Szendi58: bets $0.02
n2405n: calls $0.02
*** TURN *** [Qd Ac 3h] [2d]
Szendi58: bets $0.02
n2405n: calls $0.02
*** RIVER *** [Qd Ac 3h 2d] [Qs]
Szendi58: bets $0.02
n2405n: folds 
Uncalled bet ($0.02) returned to Szendi58
Szendi58 collected $0.38 from pot
Szendi58: doesn't show hand 
*** SUMMARY ***
Total pot $0.39 | Rake $0.01 
Board [Qd Ac 3h 2d Qs]
Seat 1: k0vacs (big blind) folded before Flop
Seat 2: Dorex2007 folded before Flop (didn't bet)
Seat 3: ISKatekl folded before Flop (didn't bet)
Seat 4: Szendi58 collected ($0.38)
Seat 5: n2405n folded on the River
Seat 6: VadimSaratov folded before Flop (didn't bet)
Seat 7: KINGBAZZ1986 folded before Flop (didn't bet)
Seat 8: Fedya465 (button) folded before Flop (didn't bet)
Seat 9: ValeraBLR (small blind) folded before Flop



PokerStars Hand #224649307644:  Hold'em No Limit ($0.01/$0.02 USD) - 2021/03/09 23:10:03 PT [2021/03/10 2:10:03 ET]
Table 'Aigyptios III' 9-max Seat #9 is the button
Seat 1: k0vacs ($1.98 in chips) 
Seat 2: Dorex2007 ($2 in chips) 
Seat 3: ISKatekl ($2 in chips) 
Seat 4: Szendi58 ($6.27 in chips) 
Seat 5: n2405n ($3.15 in chips) 
Seat 6: VadimSaratov ($1.81 in chips) 
Seat 7: KINGBAZZ1986 ($2.20 in chips) 
Seat 8: Fedya465 ($2.05 in chips) 
Seat 9: ValeraBLR ($2.50 in chips) 
k0vacs: posts small blind $0.01
Dorex2007: posts big blind $0.02
*** HOLE CARDS ***
Dealt to Dorex2007 [3c 3h]
ISKatekl: folds 
Szendi58: calls $0.02
n2405n: raises $0.12 to $0.14
VadimSaratov: folds 
KINGBAZZ1986: folds 
Fedya465: folds 
ValeraBLR: folds 
k0vacs: folds 
Dorex2007: folds 
Szendi58: folds 
Uncalled bet ($0.12) returned to n2405n
n2405n collected $0.07 from pot
n2405n: doesn't show hand 
*** SUMMARY ***
Total pot $0.07 | Rake $0 
Seat 1: k0vacs (small blind) folded before Flop
Seat 2: Dorex2007 (big blind) folded before Flop
Seat 3: ISKatekl folded before Flop (didn't bet)
Seat 4: Szendi58 folded before Flop
Seat 5: n2405n collected ($0.07)
Seat 6: VadimSaratov folded before Flop (didn't bet)
Seat 7: KINGBAZZ1986 folded before Flop (didn't bet)
Seat 8: Fedya465 folded before Flop (didn't bet)
Seat 9: ValeraBLR (button) folded before Flop (didn't bet)



PokerStars Hand #224649315882:  Hold'em No Limit ($0.01/$0.02 USD) - 2021/03/09 23:10:49 PT [2021/03/10 2:10:49 ET]
Table 'Aigyptios III' 9-max Seat #1 is the button
Seat 1: k0vacs ($1.97 in chips) 
Seat 2: Dorex2007 ($1.98 in chips) 
Seat 3: ISKatekl ($2 in chips) 
Seat 4: Szendi58 ($6.25 in chips) 
Seat 5: n2405n ($3.20 in chips) 
Seat 6: VadimSaratov ($1.81 in chips) 
Seat 7: KINGBAZZ1986 ($2.20 in chips) 
Seat 8: Fedya465 ($2.05 in chips) 
Seat 9: ValeraBLR ($2.50 in chips) 
Dorex2007: posts small blind $0.01
ISKatekl: posts big blind $0.02
*** HOLE CARDS ***
Dealt to Dorex2007 [3d Jc]
Szendi58: calls $0.02
n2405n: raises $0.12 to $0.14
VadimSaratov: folds 
KINGBAZZ1986: folds 
Fedya465: folds 
ValeraBLR: folds 
k0vacs: folds 
Dorex2007: folds 
ISKatekl: folds 
Szendi58: folds 
Uncalled bet ($0.12) returned to n2405n
n2405n collected $0.07 from pot
n2405n: doesn't show hand 
*** SUMMARY ***
Total pot $0.07 | Rake $0 
Seat 1: k0vacs (button) folded before Flop (didn't bet)
Seat 2: Dorex2007 (small blind) folded before Flop
Seat 3: ISKatekl (big blind) folded before Flop
Seat 4: Szendi58 folded before Flop
Seat 5: n2405n collected ($0.07)
Seat 6: VadimSaratov folded before Flop (didn't bet)
Seat 7: KINGBAZZ1986 folded before Flop (didn't bet)
Seat 8: Fedya465 folded before Flop (didn't bet)
Seat 9: ValeraBLR folded before Flop (didn't bet)



PokerStars Hand #224649321365:  Hold'em No Limit ($0.01/$0.02 USD) - 2021/03/09 23:11:20 PT [2021/03/10 2:11:20 ET]
Table 'Aigyptios III' 9-max Seat #2 is the button
Seat 1: k0vacs ($1.97 in chips) 
Seat 2: Dorex2007 ($1.97 in chips) 
Seat 3: ISKatekl ($1.98 in chips) 
Seat 4: Szendi58 ($6.23 in chips) 
Seat 5: n2405n ($3.25 in chips) 
Seat 6: VadimSaratov ($1.81 in chips) 
Seat 7: KINGBAZZ1986 ($2.20 in chips) 
Seat 8: Fedya465 ($2.05 in chips) 
Seat 9: ValeraBLR ($2.50 in chips) 
ISKatekl: posts small blind $0.01
Szendi58: posts big blind $0.02
*** HOLE CARDS ***
Dealt to Dorex2007 [2h 2d]
n2405n: folds 
VadimSaratov: folds 
KINGBAZZ1986: folds 
Fedya465: folds 
ValeraBLR: folds 
k0vacs: raises $0.03 to $0.05
Dorex2007: calls $0.05
ISKatekl: folds 
Szendi58: folds 
*** FLOP *** [7h Qh 3s]
k0vacs: checks 
Dorex2007: bets $0.09
k0vacs: folds 
Uncalled bet ($0.09) returned to Dorex2007
Dorex2007 collected $0.13 from pot
Dorex2007: doesn't show hand 
*** SUMMARY ***
Total pot $0.13 | Rake $0 
Board [7h Qh 3s]
Seat 1: k0vacs folded on the Flop
Seat 2: Dorex2007 (button) collected ($0.13)
Seat 3: ISKatekl (small blind) folded before Flop
Seat 4: Szendi58 (big blind) folded before Flop
Seat 5: n2405n folded before Flop (didn't bet)
Seat 6: VadimSaratov folded before Flop (didn't bet)
Seat 7: KINGBAZZ1986 folded before Flop (didn't bet)
Seat 8: Fedya465 folded before Flop (didn't bet)
Seat 9: ValeraBLR folded before Flop (didn't bet)



PokerStars Hand #224649329940:  Hold'em No Limit ($0.01/$0.02 USD) - 2021/03/09 23:12:09 PT [2021/03/10 2:12:09 ET]
Table 'Aigyptios III' 9-max Seat #3 is the button
Seat 1: k0vacs ($1.92 in chips) 
Seat 2: Dorex2007 ($2.05 in chips) 
Seat 3: ISKatekl ($1.97 in chips) 
Seat 4: Szendi58 ($6.21 in chips) 
Seat 5: n2405n ($3.25 in chips) 
Seat 6: VadimSaratov ($1.81 in chips) 
Seat 7: KINGBAZZ1986 ($2.20 in chips) 
Seat 8: Fedya465 ($2.05 in chips) 
Seat 9: ValeraBLR ($2.50 in chips) 
Szendi58: posts small blind $0.01
n2405n: posts big blind $0.02
*** HOLE CARDS ***
Dealt to Dorex2007 [4s 9h]
VadimSaratov: folds 
KINGBAZZ1986: folds 
Fedya465: folds 
ValeraBLR: folds 
k0vacs: folds 
Dorex2007: folds 
ISKatekl: folds 
Szendi58: folds 
Uncalled bet ($0.01) returned to n2405n
n2405n collected $0.02 from pot
n2405n: doesn't show hand 
*** SUMMARY ***
Total pot $0.02 | Rake $0 
Seat 1: k0vacs folded before Flop (didn't bet)
Seat 2: Dorex2007 folded before Flop (didn't bet)
Seat 3: ISKatekl (button) folded before Flop (didn't bet)
Seat 4: Szendi58 (small blind) folded before Flop
Seat 5: n2405n (big blind) collected ($0.02)
Seat 6: VadimSaratov folded before Flop (didn't bet)
Seat 7: KINGBAZZ1986 folded before Flop (didn't bet)
Seat 8: Fedya465 folded before Flop (didn't bet)
Seat 9: ValeraBLR folded before Flop (didn't bet)



PokerStars Hand #224649333150:  Hold'em No Limit ($0.01/$0.02 USD) - 2021/03/09 23:12:27 PT [2021/03/10 2:12:27 ET]
Table 'Aigyptios III' 9-max Seat #4 is the button
Seat 1: k0vacs ($1.92 in chips) 
Seat 2: Dorex2007 ($2.05 in chips) 
Seat 3: ISKatekl ($1.97 in chips) 
Seat 4: Szendi58 ($6.20 in chips) 
Seat 5: n2405n ($3.26 in chips) 
Seat 6: VadimSaratov ($1.81 in chips) 
Seat 7: KINGBAZZ1986 ($2.20 in chips) 
Seat 8: Fedya465 ($2.05 in chips) 
Seat 9: ValeraBLR ($2.50 in chips) 
n2405n: posts small blind $0.01
VadimSaratov: posts big blind $0.02
*** HOLE CARDS ***
Dealt to Dorex2007 [As 6h]
KINGBAZZ1986: folds 
Fedya465: folds 
Fedya465 leaves the table
ValeraBLR: folds 
k0vacs: folds 
Dorex2007: folds 
ISKatekl: raises $0.06 to $0.08
Szendi58: folds 
n2405n: calls $0.07
VadimSaratov: calls $0.06
*** FLOP *** [3d 5h 9d]
n2405n: bets $0.02
VadimSaratov: folds 
ISKatekl: folds 
Uncalled bet ($0.02) returned to n2405n
n2405n collected $0.23 from pot
n2405n: doesn't show hand 
*** SUMMARY ***
Total pot $0.24 | Rake $0.01 
Board [3d 5h 9d]
Seat 1: k0vacs folded before Flop (didn't bet)
Seat 2: Dorex2007 folded before Flop (didn't bet)
Seat 3: ISKatekl folded on the Flop
Seat 4: Szendi58 (button) folded before Flop (didn't bet)
Seat 5: n2405n (small blind) collected ($0.23)
Seat 6: VadimSaratov (big blind) folded on the Flop
Seat 7: KINGBAZZ1986 folded before Flop (didn't bet)
Seat 8: Fedya465 folded before Flop (didn't bet)
Seat 9: ValeraBLR folded before Flop (didn't bet)



PokerStars Hand #224649340325:  Hold'em No Limit ($0.01/$0.02 USD) - 2021/03/09 23:13:08 PT [2021/03/10 2:13:08 ET]
Table 'Aigyptios III' 9-max Seat #5 is the button
Seat 1: k0vacs ($1.92 in chips) 
Seat 2: Dorex2007 ($2.05 in chips) 
Seat 3: ISKatekl ($1.89 in chips) 
Seat 4: Szendi58 ($6.20 in chips) 
Seat 5: n2405n ($3.41 in chips) 
Seat 6: VadimSaratov ($1.73 in chips) 
Seat 7: KINGBAZZ1986 ($2.20 in chips) 
Seat 9: ValeraBLR ($2.50 in chips) 
VadimSaratov: posts small blind $0.01
KINGBAZZ1986: posts big blind $0.02
*** HOLE CARDS ***
Dealt to Dorex2007 [Qd 6s]
MMV-SB joins the table at seat #8 
ValeraBLR has timed out
ValeraBLR: folds 
k0vacs: folds 
Dorex2007: folds 
ISKatekl: folds 
Szendi58: raises $0.02 to $0.04
n2405n: raises $0.02 to $0.06
VadimSaratov: folds 
KINGBAZZ1986: calls $0.04
Szendi58: calls $0.02
*** FLOP *** [5d Ac Jh]
KINGBAZZ1986: checks 
Szendi58: checks 
n2405n: checks 
*** TURN *** [5d Ac Jh] [8s]
KINGBAZZ1986: bets $0.10
Szendi58: folds 
n2405n: folds 
Uncalled bet ($0.10) returned to KINGBAZZ1986
KINGBAZZ1986 collected $0.18 from pot
KINGBAZZ1986: doesn't show hand 
*** SUMMARY ***
Total pot $0.19 | Rake $0.01 
Board [5d Ac Jh 8s]
Seat 1: k0vacs folded before Flop (didn't bet)
Seat 2: Dorex2007 folded before Flop (didn't bet)
Seat 3: ISKatekl folded before Flop (didn't bet)
Seat 4: Szendi58 folded on the Turn
Seat 5: n2405n (button) folded on the Turn
Seat 6: VadimSaratov (small blind) folded before Flop
Seat 7: KINGBAZZ1986 (big blind) collected ($0.18)
Seat 9: ValeraBLR folded before Flop (didn't bet)



PokerStars Hand #224649350421:  Hold'em No Limit ($0.01/$0.02 USD) - 2021/03/09 23:14:04 PT [2021/03/10 2:14:04 ET]
Table 'Aigyptios III' 9-max Seat #6 is the button
Seat 1: k0vacs ($1.92 in chips) 
Seat 2: Dorex2007 ($2.05 in chips) 
Seat 3: ISKatekl ($1.89 in chips) 
Seat 4: Szendi58 ($6.14 in chips) 
Seat 5: n2405n ($3.35 in chips) 
Seat 6: VadimSaratov ($1.72 in chips) 
Seat 7: KINGBAZZ1986 ($2.32 in chips) 
Seat 8: MMV-SB ($1.16 in chips) 
Seat 9: ValeraBLR ($2.50 in chips) 
KINGBAZZ1986: posts small blind $0.01
MMV-SB: posts big blind $0.02
*** HOLE CARDS ***
Dealt to Dorex2007 [Qs 2h]
ValeraBLR: folds 
k0vacs: raises $0.03 to $0.05
Dorex2007: folds 
ISKatekl: folds 
Szendi58: calls $0.05
n2405n: raises $0.03 to $0.08
VadimSaratov: folds 
KINGBAZZ1986: folds 
MMV-SB: folds 
k0vacs: calls $0.03
Szendi58: calls $0.03
*** FLOP *** [Jh 6d Ah]
k0vacs: bets $0.20
Szendi58: folds 
n2405n: raises $0.20 to $0.40
k0vacs: raises $1.44 to $1.84 and is all-in
n2405n: folds 
Uncalled bet ($1.44) returned to k0vacs
k0vacs collected $1.03 from pot
*** SUMMARY ***
Total pot $1.07 | Rake $0.04 
Board [Jh 6d Ah]
Seat 1: k0vacs collected ($1.03)
Seat 2: Dorex2007 folded before Flop (didn't bet)
Seat 3: ISKatekl folded before Flop (didn't bet)
Seat 4: Szendi58 folded on the Flop
Seat 5: n2405n folded on the Flop
Seat 6: VadimSaratov (button) folded before Flop (didn't bet)
Seat 7: KINGBAZZ1986 (small blind) folded before Flop
Seat 8: MMV-SB (big blind) folded before Flop
Seat 9: ValeraBLR folded before Flop (didn't bet)



PokerStars Hand #224649359878:  Hold'em No Limit ($0.01/$0.02 USD) - 2021/03/09 23:14:58 PT [2021/03/10 2:14:58 ET]
Table 'Aigyptios III' 9-max Seat #7 is the button
Seat 1: k0vacs ($2.47 in chips) 
Seat 2: Dorex2007 ($2.05 in chips) 
Seat 3: ISKatekl ($1.89 in chips) 
Seat 4: Szendi58 ($6.06 in chips) 
Seat 5: n2405n ($2.87 in chips) 
Seat 6: VadimSaratov ($1.72 in chips) 
Seat 7: KINGBAZZ1986 ($2.31 in chips) 
Seat 8: MMV-SB ($1.14 in chips) 
Seat 9: ValeraBLR ($2.50 in chips) 
MMV-SB: posts small blind $0.01
ValeraBLR: posts big blind $0.02
*** HOLE CARDS ***
Dealt to Dorex2007 [8c 9d]
k0vacs: folds 
Dorex2007: folds 
ISKatekl: folds 
Szendi58: folds 
n2405n: folds 
VadimSaratov: folds 
KINGBAZZ1986: raises $0.03 to $0.05
MMV-SB: folds 
ValeraBLR: folds 
Uncalled bet ($0.03) returned to KINGBAZZ1986
KINGBAZZ1986 collected $0.05 from pot
KINGBAZZ1986: doesn't show hand 
*** SUMMARY ***
Total pot $0.05 | Rake $0 
Seat 1: k0vacs folded before Flop (didn't bet)
Seat 2: Dorex2007 folded before Flop (didn't bet)
Seat 3: ISKatekl folded before Flop (didn't bet)
Seat 4: Szendi58 folded before Flop (didn't bet)
Seat 5: n2405n folded before Flop (didn't bet)
Seat 6: VadimSaratov folded before Flop (didn't bet)
Seat 7: KINGBAZZ1986 (button) collected ($0.05)
Seat 8: MMV-SB (small blind) folded before Flop
Seat 9: ValeraBLR (big blind) folded before Flop



PokerStars Hand #224649367764:  Hold'em No Limit ($0.01/$0.02 USD) - 2021/03/09 23:15:43 PT [2021/03/10 2:15:43 ET]
Table 'Aigyptios III' 9-max Seat #8 is the button
Seat 1: k0vacs ($2.47 in chips) 
Seat 2: Dorex2007 ($2.05 in chips) 
Seat 3: ISKatekl ($1.89 in chips) 
Seat 4: Szendi58 ($6.06 in chips) 
Seat 5: n2405n ($2.87 in chips) 
Seat 6: VadimSaratov ($1.72 in chips) 
Seat 7: KINGBAZZ1986 ($2.34 in chips) 
Seat 8: MMV-SB ($1.13 in chips) 
Seat 9: ValeraBLR ($2.48 in chips) 
ValeraBLR: posts small blind $0.01
k0vacs: posts big blind $0.02
*** HOLE CARDS ***
Dealt to Dorex2007 [8h 8s]
Dorex2007: raises $0.04 to $0.06
ISKatekl: calls $0.06
Szendi58: calls $0.06
n2405n: calls $0.06
VadimSaratov: folds 
KINGBAZZ1986: folds 
MMV-SB: calls $0.06
ValeraBLR: calls $0.05
k0vacs: calls $0.04
*** FLOP *** [5s 4c 6d]
ValeraBLR: bets $0.10
k0vacs: folds 
Dorex2007: calls $0.10
ISKatekl: raises $1.73 to $1.83 and is all-in
Szendi58: folds 
n2405n: folds 
MMV-SB: folds 
ValeraBLR: calls $1.73
Dorex2007: folds 
*** TURN *** [5s 4c 6d] [Qc]
*** RIVER *** [5s 4c 6d Qc] [Jh]
*** SHOW DOWN ***
ValeraBLR: shows [5d 6c] (two pair, Sixes and Fives)
ISKatekl: shows [6h 6s] (three of a kind, Sixes)
ISKatekl cashed out the hand for $3.88 | Cash Out Fee $0.04
*** SUMMARY ***
Total pot $4.18 | Rake $0.15 
Board [5s 4c 6d Qc Jh]
Seat 1: k0vacs (big blind) folded on the Flop
Seat 2: Dorex2007 folded on the Flop
Seat 3: ISKatekl showed [6h 6s] and won ($4.03) with three of a kind, Sixes (pot not awarded as player cashed out)
Seat 4: Szendi58 folded on the Flop
Seat 5: n2405n folded on the Flop
Seat 6: VadimSaratov folded before Flop (didn't bet)
Seat 7: KINGBAZZ1986 folded before Flop (didn't bet)
Seat 8: MMV-SB (button) folded on the Flop
Seat 9: ValeraBLR (small blind) showed [5d 6c] and lost with two pair, Sixes and Fives



PokerStars Hand #224649382453:  Hold'em No Limit ($0.01/$0.02 USD) - 2021/03/09 23:17:05 PT [2021/03/10 2:17:05 ET]
Table 'Aigyptios III' 9-max Seat #9 is the button
Seat 1: k0vacs ($2.41 in chips) 
Seat 2: Dorex2007 ($1.89 in chips) 
Seat 3: ISKatekl ($3.88 in chips) 
Seat 4: Szendi58 ($6 in chips) 
Seat 5: n2405n ($2.81 in chips) 
Seat 6: VadimSaratov ($1.72 in chips) 
Seat 7: KINGBAZZ1986 ($2.34 in chips) 
Seat 8: MMV-SB ($1.07 in chips) 
Seat 9: ValeraBLR ($0.59 in chips) 
k0vacs: posts small blind $0.01
Dorex2007: posts big blind $0.02
*** HOLE CARDS ***
Dealt to Dorex2007 [Jh 8h]
ISKatekl: raises $0.04 to $0.06
Szendi58: calls $0.06
n2405n: calls $0.06
VadimSaratov: folds 
KINGBAZZ1986: folds 
MMV-SB: folds 
ValeraBLR: folds 
k0vacs: folds 
Dorex2007: calls $0.04
*** FLOP *** [9h 4s Qs]
Dorex2007: checks 
ISKatekl: checks 
Szendi58: bets $0.02
n2405n: raises $0.14 to $0.16
Dorex2007: calls $0.16
ISKatekl: folds 
Szendi58: calls $0.14
*** TURN *** [9h 4s Qs] [8c]
Dorex2007: checks 
Szendi58: bets $0.02
n2405n: calls $0.02
Dorex2007: calls $0.02
*** RIVER *** [9h 4s Qs 8c] [Jc]
Dorex2007: checks 
Szendi58: bets $0.02
n2405n: raises $0.40 to $0.42
Dorex2007: calls $0.42
Szendi58: folds 
*** SHOW DOWN ***
n2405n: shows [7c Tc] (a straight, Eight to Queen)
Dorex2007: mucks hand 
n2405n collected $1.59 from pot
*** SUMMARY ***
Total pot $1.65 | Rake $0.06 
Board [9h 4s Qs 8c Jc]
Seat 1: k0vacs (small blind) folded before Flop
Seat 2: Dorex2007 (big blind) mucked [Jh 8h]
Seat 3: ISKatekl folded on the Flop
Seat 4: Szendi58 folded on the River
Seat 5: n2405n showed [7c Tc] and won ($1.59) with a straight, Eight to Queen
Seat 6: VadimSaratov folded before Flop (didn't bet)
Seat 7: KINGBAZZ1986 folded before Flop (didn't bet)
Seat 8: MMV-SB folded before Flop (didn't bet)
Seat 9: ValeraBLR (button) folded before Flop (didn't bet)



PokerStars Hand #224649399752:  Hold'em No Limit ($0.01/$0.02 USD) - 2021/03/09 23:18:43 PT [2021/03/10 2:18:43 ET]
Table 'Aigyptios III' 9-max Seat #1 is the button
Seat 1: k0vacs ($2.40 in chips) 
Seat 2: Dorex2007 ($1.23 in chips) 
Seat 3: ISKatekl ($3.82 in chips) 
Seat 4: Szendi58 ($5.74 in chips) 
Seat 5: n2405n ($3.74 in chips) 
Seat 6: VadimSaratov ($1.72 in chips) 
Seat 7: KINGBAZZ1986 ($2.34 in chips) 
Seat 8: MMV-SB ($1.07 in chips) 
Seat 9: ValeraBLR ($1.39 in chips) 
Dorex2007: posts small blind $0.01
ISKatekl: posts big blind $0.02
*** HOLE CARDS ***
Dealt to Dorex2007 [9h 6h]
Szendi58: calls $0.02
n2405n: raises $0.02 to $0.04
VadimSaratov: calls $0.04
KINGBAZZ1986: folds 
MMV-SB: folds 
ValeraBLR: folds 
k0vacs: calls $0.04
Dorex2007: folds 
ISKatekl: calls $0.02
Szendi58: calls $0.02
*** FLOP *** [5s 9d 4c]
ISKatekl: checks 
Szendi58: checks 
n2405n: bets $0.02
VadimSaratov: folds 
k0vacs: calls $0.02
ISKatekl: calls $0.02
Szendi58: calls $0.02
*** TURN *** [5s 9d 4c] [Ks]
ISKatekl: checks 
Szendi58: checks 
n2405n: checks 
k0vacs: checks 
*** RIVER *** [5s 9d 4c Ks] [5h]
ISKatekl: checks 
Szendi58: bets $0.14
n2405n: folds 
k0vacs: folds 
ISKatekl: calls $0.14
*** SHOW DOWN ***
Szendi58: shows [Qh 8h] (a pair of Fives)
ISKatekl: shows [As 5c] (three of a kind, Fives)
ISKatekl collected $0.55 from pot
*** SUMMARY ***
Total pot $0.57 | Rake $0.02 
Board [5s 9d 4c Ks 5h]
Seat 1: k0vacs (button) folded on the River
Seat 2: Dorex2007 (small blind) folded before Flop
Seat 3: ISKatekl (big blind) showed [As 5c] and won ($0.55) with three of a kind, Fives
Seat 4: Szendi58 showed [Qh 8h] and lost with a pair of Fives
Seat 5: n2405n folded on the River
Seat 6: VadimSaratov folded on the Flop
Seat 7: KINGBAZZ1986 folded before Flop (didn't bet)
Seat 8: MMV-SB folded before Flop (didn't bet)
Seat 9: ValeraBLR folded before Flop (didn't bet)



PokerStars Hand #224649414770:  Hold'em No Limit ($0.01/$0.02 USD) - 2021/03/09 23:20:07 PT [2021/03/10 2:20:07 ET]
Table 'Aigyptios III' 9-max Seat #2 is the button
Seat 1: k0vacs ($2.34 in chips) 
Seat 2: Dorex2007 ($1.22 in chips) 
Seat 3: ISKatekl ($4.17 in chips) 
Seat 4: Szendi58 ($5.54 in chips) 
Seat 5: n2405n ($3.68 in chips) 
Seat 6: VadimSaratov ($1.68 in chips) 
Seat 7: KINGBAZZ1986 ($2.34 in chips) 
Seat 8: MMV-SB ($1.07 in chips) 
Seat 9: ValeraBLR ($1.39 in chips) 
ISKatekl: posts small blind $0.01
Szendi58: posts big blind $0.02
*** HOLE CARDS ***
Dealt to Dorex2007 [Kh 2s]
n2405n: folds 
VadimSaratov: folds 
KINGBAZZ1986: folds 
MMV-SB: folds 
ValeraBLR: folds 
k0vacs: folds 
Dorex2007: folds 
ISKatekl: folds 
Uncalled bet ($0.01) returned to Szendi58
Szendi58 collected $0.02 from pot
Szendi58: doesn't show hand 
*** SUMMARY ***
Total pot $0.02 | Rake $0 
Seat 1: k0vacs folded before Flop (didn't bet)
Seat 2: Dorex2007 (button) folded before Flop (didn't bet)
Seat 3: ISKatekl (small blind) folded before Flop
Seat 4: Szendi58 (big blind) collected ($0.02)
Seat 5: n2405n folded before Flop (didn't bet)
Seat 6: VadimSaratov folded before Flop (didn't bet)
Seat 7: KINGBAZZ1986 folded before Flop (didn't bet)
Seat 8: MMV-SB folded before Flop (didn't bet)
Seat 9: ValeraBLR folded before Flop (didn't bet)



PokerStars Hand #224649418489:  Hold'em No Limit ($0.01/$0.02 USD) - 2021/03/09 23:20:27 PT [2021/03/10 2:20:27 ET]
Table 'Aigyptios III' 9-max Seat #3 is the button
Seat 1: k0vacs ($2.34 in chips) 
Seat 2: Dorex2007 ($2 in chips) 
Seat 3: ISKatekl ($4.16 in chips) 
Seat 4: Szendi58 ($5.55 in chips) 
Seat 5: n2405n ($3.68 in chips) 
Seat 6: VadimSaratov ($1.68 in chips) 
Seat 7: KINGBAZZ1986 ($2.34 in chips) 
Seat 8: MMV-SB ($1.07 in chips) 
Seat 9: ValeraBLR ($1.39 in chips) 
Szendi58: posts small blind $0.01
n2405n: posts big blind $0.02
*** HOLE CARDS ***
Dealt to Dorex2007 [2h Qd]
VadimSaratov: folds 
KINGBAZZ1986: folds 
MMV-SB: raises $0.02 to $0.04
ValeraBLR: folds 
k0vacs: folds 
Dorex2007: folds 
ISKatekl: folds 
Szendi58: folds 
n2405n: folds 
Uncalled bet ($0.02) returned to MMV-SB
MMV-SB collected $0.05 from pot
MMV-SB: doesn't show hand 
*** SUMMARY ***
Total pot $0.05 | Rake $0 
Seat 1: k0vacs folded before Flop (didn't bet)
Seat 2: Dorex2007 folded before Flop (didn't bet)
Seat 3: ISKatekl (button) folded before Flop (didn't bet)
Seat 4: Szendi58 (small blind) folded before Flop
Seat 5: n2405n (big blind) folded before Flop
Seat 6: VadimSaratov folded before Flop (didn't bet)
Seat 7: KINGBAZZ1986 folded before Flop (didn't bet)
Seat 8: MMV-SB collected ($0.05)
Seat 9: ValeraBLR folded before Flop (didn't bet)



PokerStars Hand #224649423120:  Hold'em No Limit ($0.01/$0.02 USD) - 2021/03/09 23:20:53 PT [2021/03/10 2:20:53 ET]
Table 'Aigyptios III' 9-max Seat #4 is the button
Seat 1: k0vacs ($2.34 in chips) 
Seat 2: Dorex2007 ($2 in chips) 
Seat 3: ISKatekl ($4.16 in chips) 
Seat 4: Szendi58 ($5.54 in chips) 
Seat 5: n2405n ($3.66 in chips) 
Seat 6: VadimSaratov ($1.68 in chips) 
Seat 7: KINGBAZZ1986 ($2.34 in chips) 
Seat 8: MMV-SB ($1.10 in chips) 
Seat 9: ValeraBLR ($1.39 in chips) 
n2405n: posts small blind $0.01
VadimSaratov: posts big blind $0.02
*** HOLE CARDS ***
Dealt to Dorex2007 [5c 5h]
KINGBAZZ1986: folds 
MMV-SB: folds 
ValeraBLR: folds 
k0vacs: raises $0.03 to $0.05
Dorex2007: calls $0.05
ISKatekl: folds 
Szendi58: folds 
n2405n: folds 
VadimSaratov: folds 
*** FLOP *** [Qd 7s Jd]
k0vacs: bets $0.06
Dorex2007: folds 
Uncalled bet ($0.06) returned to k0vacs
k0vacs collected $0.13 from pot
*** SUMMARY ***
Total pot $0.13 | Rake $0 
Board [Qd 7s Jd]
Seat 1: k0vacs collected ($0.13)
Seat 2: Dorex2007 folded on the Flop
Seat 3: ISKatekl folded before Flop (didn't bet)
Seat 4: Szendi58 (button) folded before Flop (didn't bet)
Seat 5: n2405n (small blind) folded before Flop
Seat 6: VadimSaratov (big blind) folded before Flop
Seat 7: KINGBAZZ1986 folded before Flop (didn't bet)
Seat 8: MMV-SB folded before Flop (didn't bet)
Seat 9: ValeraBLR folded before Flop (didn't bet)



PokerStars Hand #224649428653:  Hold'em No Limit ($0.01/$0.02 USD) - 2021/03/09 23:21:24 PT [2021/03/10 2:21:24 ET]
Table 'Aigyptios III' 9-max Seat #5 is the button
Seat 1: k0vacs ($2.42 in chips) 
Seat 2: Dorex2007 ($1.95 in chips) 
Seat 3: ISKatekl ($4.16 in chips) 
Seat 4: Szendi58 ($5.54 in chips) 
Seat 5: n2405n ($3.65 in chips) 
Seat 6: VadimSaratov ($1.66 in chips) 
Seat 7: KINGBAZZ1986 ($2.34 in chips) 
Seat 8: MMV-SB ($1.10 in chips) 
Seat 9: ValeraBLR ($1.39 in chips) 
VadimSaratov: posts small blind $0.01
KINGBAZZ1986: posts big blind $0.02
*** HOLE CARDS ***
Dealt to Dorex2007 [Ts 4s]
MMV-SB: folds 
ValeraBLR: folds 
k0vacs: folds 
Dorex2007: folds 
ISKatekl: folds 
Szendi58: raises $0.02 to $0.04
n2405n: raises $0.02 to $0.06
VadimSaratov: folds 
KINGBAZZ1986: calls $0.04
Szendi58: raises $0.19 to $0.25
n2405n: folds 
KINGBAZZ1986: folds 
Uncalled bet ($0.19) returned to Szendi58
Szendi58 collected $0.19 from pot
Szendi58: doesn't show hand 
*** SUMMARY ***
Total pot $0.19 | Rake $0 
Seat 1: k0vacs folded before Flop (didn't bet)
Seat 2: Dorex2007 folded before Flop (didn't bet)
Seat 3: ISKatekl folded before Flop (didn't bet)
Seat 4: Szendi58 collected ($0.19)
Seat 5: n2405n (button) folded before Flop
Seat 6: VadimSaratov (small blind) folded before Flop
Seat 7: KINGBAZZ1986 (big blind) folded before Flop
Seat 8: MMV-SB folded before Flop (didn't bet)
Seat 9: ValeraBLR folded before Flop (didn't bet)



PokerStars Hand #224649434834:  Hold'em No Limit ($0.01/$0.02 USD) - 2021/03/09 23:21:59 PT [2021/03/10 2:21:59 ET]
Table 'Aigyptios III' 9-max Seat #6 is the button
Seat 1: k0vacs ($2.42 in chips) 
Seat 2: Dorex2007 ($1.95 in chips) 
Seat 3: ISKatekl ($4.16 in chips) 
Seat 4: Szendi58 ($5.67 in chips) 
Seat 5: n2405n ($3.59 in chips) 
Seat 6: VadimSaratov ($1.65 in chips) 
Seat 7: KINGBAZZ1986 ($2.28 in chips) 
Seat 8: MMV-SB ($1.10 in chips) 
Seat 9: ValeraBLR ($1.39 in chips) 
KINGBAZZ1986: posts small blind $0.01
MMV-SB: posts big blind $0.02
*** HOLE CARDS ***
Dealt to Dorex2007 [Jc Qh]
ValeraBLR: folds 
k0vacs: raises $0.03 to $0.05
Dorex2007: calls $0.05
ISKatekl: calls $0.05
Szendi58: folds 
n2405n: folds 
VadimSaratov: folds 
KINGBAZZ1986: folds 
MMV-SB: folds 
*** FLOP *** [3d Ts 5h]
k0vacs: checks 
Dorex2007: checks 
ISKatekl: bets $0.08
k0vacs: folds 
Dorex2007: calls $0.08
*** TURN *** [3d Ts 5h] [9d]
Dorex2007: checks 
ISKatekl: bets $0.10
Dorex2007: calls $0.10
*** RIVER *** [3d Ts 5h 9d] [5d]
Dorex2007: bets $0.35
ISKatekl: raises $0.35 to $0.70
Dorex2007: folds 
Uncalled bet ($0.35) returned to ISKatekl
ISKatekl collected $1.20 from pot
ISKatekl: doesn't show hand 
*** SUMMARY ***
Total pot $1.24 | Rake $0.04 
Board [3d Ts 5h 9d 5d]
Seat 1: k0vacs folded on the Flop
Seat 2: Dorex2007 folded on the River
Seat 3: ISKatekl collected ($1.20)
Seat 4: Szendi58 folded before Flop (didn't bet)
Seat 5: n2405n folded before Flop (didn't bet)
Seat 6: VadimSaratov (button) folded before Flop (didn't bet)
Seat 7: KINGBAZZ1986 (small blind) folded before Flop
Seat 8: MMV-SB (big blind) folded before Flop
Seat 9: ValeraBLR folded before Flop (didn't bet)



PokerStars Hand #224649448349:  Hold'em No Limit ($0.01/$0.02 USD) - 2021/03/09 23:23:14 PT [2021/03/10 2:23:14 ET]
Table 'Aigyptios III' 9-max Seat #7 is the button
Seat 1: k0vacs ($2.37 in chips) 
Seat 2: Dorex2007 ($1.37 in chips) 
Seat 3: ISKatekl ($4.78 in chips) 
Seat 4: Szendi58 ($5.67 in chips) 
Seat 5: n2405n ($3.59 in chips) 
Seat 6: VadimSaratov ($1.65 in chips) 
Seat 7: KINGBAZZ1986 ($2.27 in chips) 
Seat 8: MMV-SB ($1.08 in chips) 
Seat 9: ValeraBLR ($1.39 in chips) 
MMV-SB: posts small blind $0.01
ValeraBLR: posts big blind $0.02
*** HOLE CARDS ***
Dealt to Dorex2007 [4c 9s]
k0vacs: raises $0.03 to $0.05
Dorex2007: folds 
ISKatekl: folds 
Szendi58: calls $0.05
n2405n: folds 
VadimSaratov: folds 
KINGBAZZ1986: folds 
MMV-SB: folds 
ValeraBLR: folds 
*** FLOP *** [3s Jh 5s]
k0vacs: bets $0.08
Szendi58: folds 
Uncalled bet ($0.08) returned to k0vacs
k0vacs collected $0.13 from pot
*** SUMMARY ***
Total pot $0.13 | Rake $0 
Board [3s Jh 5s]
Seat 1: k0vacs collected ($0.13)
Seat 2: Dorex2007 folded before Flop (didn't bet)
Seat 3: ISKatekl folded before Flop (didn't bet)
Seat 4: Szendi58 folded on the Flop
Seat 5: n2405n folded before Flop (didn't bet)
Seat 6: VadimSaratov folded before Flop (didn't bet)
Seat 7: KINGBAZZ1986 (button) folded before Flop (didn't bet)
Seat 8: MMV-SB (small blind) folded before Flop
Seat 9: ValeraBLR (big blind) folded before Flop



PokerStars Hand #224649454572:  Hold'em No Limit ($0.01/$0.02 USD) - 2021/03/09 23:23:48 PT [2021/03/10 2:23:48 ET]
Table 'Aigyptios III' 9-max Seat #8 is the button
Seat 1: k0vacs ($2.45 in chips) 
Seat 2: Dorex2007 ($2 in chips) 
Seat 3: ISKatekl ($4.78 in chips) 
Seat 4: Szendi58 ($5.62 in chips) 
Seat 5: n2405n ($3.59 in chips) 
Seat 6: VadimSaratov ($1.65 in chips) 
Seat 7: KINGBAZZ1986 ($2.27 in chips) 
Seat 8: MMV-SB ($1.07 in chips) 
Seat 9: ValeraBLR ($1.37 in chips) 
ValeraBLR: posts small blind $0.01
k0vacs: posts big blind $0.02
*** HOLE CARDS ***
Dealt to Dorex2007 [9h 2s]
Dorex2007: folds 
ISKatekl: folds 
Szendi58: raises $0.02 to $0.04
n2405n: raises $0.02 to $0.06
VadimSaratov: calls $0.06
KINGBAZZ1986: folds 
MMV-SB: folds 
ValeraBLR: folds 
k0vacs: calls $0.04
Szendi58: calls $0.02
*** FLOP *** [8s Qs Ac]
k0vacs: checks 
Szendi58: bets $0.02
n2405n: raises $0.02 to $0.04
VadimSaratov: calls $0.04
k0vacs: folds 
Szendi58: calls $0.02
*** TURN *** [8s Qs Ac] [Qh]
Szendi58: bets $0.02
n2405n: folds 
VadimSaratov: folds 
Uncalled bet ($0.02) returned to Szendi58
Szendi58 collected $0.36 from pot
Szendi58: doesn't show hand 
*** SUMMARY ***
Total pot $0.37 | Rake $0.01 
Board [8s Qs Ac Qh]
Seat 1: k0vacs (big blind) folded on the Flop
Seat 2: Dorex2007 folded before Flop (didn't bet)
Seat 3: ISKatekl folded before Flop (didn't bet)
Seat 4: Szendi58 collected ($0.36)
Seat 5: n2405n folded on the Turn
Seat 6: VadimSaratov folded on the Turn
Seat 7: KINGBAZZ1986 folded before Flop (didn't bet)
Seat 8: MMV-SB (button) folded before Flop (didn't bet)
Seat 9: ValeraBLR (small blind) folded before Flop



PokerStars Hand #224649464347:  Hold'em No Limit ($0.01/$0.02 USD) - 2021/03/09 23:24:41 PT [2021/03/10 2:24:41 ET]
Table 'Aigyptios III' 9-max Seat #9 is the button
Seat 1: k0vacs ($2.39 in chips) 
Seat 2: Dorex2007 ($2 in chips) 
Seat 3: ISKatekl ($4.78 in chips) 
Seat 4: Szendi58 ($5.88 in chips) 
Seat 5: n2405n ($3.49 in chips) 
Seat 6: VadimSaratov ($1.55 in chips) 
Seat 7: KINGBAZZ1986 ($2.27 in chips) 
Seat 8: MMV-SB ($1.07 in chips) 
Seat 9: ValeraBLR ($1.36 in chips) 
k0vacs: posts small blind $0.01
Dorex2007: posts big blind $0.02
*** HOLE CARDS ***
Dealt to Dorex2007 [Ad 5d]
ISKatekl: folds 
Szendi58: folds 
n2405n: folds 
VadimSaratov: folds 
KINGBAZZ1986: folds 
MMV-SB: folds 
ValeraBLR: folds 
ISKatekl leaves the table
k0vacs: raises $0.04 to $0.06
Dorex2007: calls $0.04
*** FLOP *** [Ks 7s 8h]
k0vacs: checks 
Dorex2007: checks 
*** TURN *** [Ks 7s 8h] [6s]
sikosha joins the table at seat #3 
k0vacs: bets $0.06
Dorex2007: calls $0.06
*** RIVER *** [Ks 7s 8h 6s] [8c]
k0vacs: bets $0.08
Dorex2007: folds 
Uncalled bet ($0.08) returned to k0vacs
k0vacs collected $0.23 from pot
*** SUMMARY ***
Total pot $0.24 | Rake $0.01 
Board [Ks 7s 8h 6s 8c]
Seat 1: k0vacs (small blind) collected ($0.23)
Seat 2: Dorex2007 (big blind) folded on the River
Seat 3: ISKatekl folded before Flop (didn't bet)
Seat 4: Szendi58 folded before Flop (didn't bet)
Seat 5: n2405n folded before Flop (didn't bet)
Seat 6: VadimSaratov folded before Flop (didn't bet)
Seat 7: KINGBAZZ1986 folded before Flop (didn't bet)
Seat 8: MMV-SB folded before Flop (didn't bet)
Seat 9: ValeraBLR (button) folded before Flop (didn't bet)



PokerStars Hand #224649471765:  Hold'em No Limit ($0.01/$0.02 USD) - 2021/03/09 23:25:22 PT [2021/03/10 2:25:22 ET]
Table 'Aigyptios III' 9-max Seat #1 is the button
Seat 1: k0vacs ($2.50 in chips) 
Seat 2: Dorex2007 ($1.88 in chips) 
Seat 3: sikosha ($2 in chips) 
Seat 4: Szendi58 ($5.88 in chips) 
Seat 5: n2405n ($3.49 in chips) 
Seat 6: VadimSaratov ($1.55 in chips) 
Seat 7: KINGBAZZ1986 ($2.27 in chips) 
Seat 8: MMV-SB ($1.07 in chips) 
Seat 9: ValeraBLR ($1.36 in chips) 
Dorex2007: posts small blind $0.01
sikosha: posts big blind $0.02
*** HOLE CARDS ***
Dealt to Dorex2007 [6s 9c]
Szendi58: raises $0.02 to $0.04
n2405n: folds 
VadimSaratov: folds 
KINGBAZZ1986: calls $0.04
MMV-SB: folds 
ValeraBLR: folds 
k0vacs: folds 
Dorex2007: folds 
sikosha: folds 
*** FLOP *** [Td 8d 4c]
Szendi58: bets $0.11
KINGBAZZ1986: calls $0.11
*** TURN *** [Td 8d 4c] [5d]
Szendi58: bets $0.16
KINGBAZZ1986: folds 
Uncalled bet ($0.16) returned to Szendi58
Szendi58 collected $0.32 from pot
Szendi58: doesn't show hand 
*** SUMMARY ***
Total pot $0.33 | Rake $0.01 
Board [Td 8d 4c 5d]
Seat 1: k0vacs (button) folded before Flop (didn't bet)
Seat 2: Dorex2007 (small blind) folded before Flop
Seat 3: sikosha (big blind) folded before Flop
Seat 4: Szendi58 collected ($0.32)
Seat 5: n2405n folded before Flop (didn't bet)
Seat 6: VadimSaratov folded before Flop (didn't bet)
Seat 7: KINGBAZZ1986 folded on the Turn
Seat 8: MMV-SB folded before Flop (didn't bet)
Seat 9: ValeraBLR folded before Flop (didn't bet)



PokerStars Hand #224649479204:  Hold'em No Limit ($0.01/$0.02 USD) - 2021/03/09 23:26:03 PT [2021/03/10 2:26:03 ET]
Table 'Aigyptios III' 9-max Seat #2 is the button
Seat 1: k0vacs ($2.50 in chips) 
Seat 2: Dorex2007 ($1.87 in chips) 
Seat 3: sikosha ($1.98 in chips) 
Seat 4: Szendi58 ($6.05 in chips) 
Seat 5: n2405n ($3.49 in chips) 
Seat 6: VadimSaratov ($1.55 in chips) 
Seat 7: KINGBAZZ1986 ($2.12 in chips) 
Seat 8: MMV-SB ($1.07 in chips) 
Seat 9: ValeraBLR ($1.36 in chips) 
sikosha: posts small blind $0.01
Szendi58: posts big blind $0.02
*** HOLE CARDS ***
Dealt to Dorex2007 [7c Kc]
n2405n: folds 
VadimSaratov: folds 
KINGBAZZ1986: folds 
MMV-SB: folds 
ValeraBLR: folds 
k0vacs: folds 
Dorex2007: raises $0.06 to $0.08
sikosha: calls $0.07
Szendi58: calls $0.06
*** FLOP *** [9h Jh Kh]
sikosha: checks 
Szendi58: bets $0.02
Dorex2007: raises $0.27 to $0.29
sikosha: folds 
Szendi58: folds 
Uncalled bet ($0.27) returned to Dorex2007
Dorex2007 collected $0.27 from pot
Dorex2007: doesn't show hand 
*** SUMMARY ***
Total pot $0.28 | Rake $0.01 
Board [9h Jh Kh]
Seat 1: k0vacs folded before Flop (didn't bet)
Seat 2: Dorex2007 (button) collected ($0.27)
Seat 3: sikosha (small blind) folded on the Flop
Seat 4: Szendi58 (big blind) folded on the Flop
Seat 5: n2405n folded before Flop (didn't bet)
Seat 6: VadimSaratov folded before Flop (didn't bet)
Seat 7: KINGBAZZ1986 folded before Flop (didn't bet)
Seat 8: MMV-SB folded before Flop (didn't bet)
Seat 9: ValeraBLR folded before Flop (didn't bet)



PokerStars Hand #224649488228:  Hold'em No Limit ($0.01/$0.02 USD) - 2021/03/09 23:26:53 PT [2021/03/10 2:26:53 ET]
Table 'Aigyptios III' 9-max Seat #3 is the button
Seat 1: k0vacs ($2.50 in chips) 
Seat 2: Dorex2007 ($2.04 in chips) 
Seat 3: sikosha ($1.90 in chips) 
Seat 4: Szendi58 ($5.95 in chips) 
Seat 5: n2405n ($3.49 in chips) 
Seat 6: VadimSaratov ($1.55 in chips) 
Seat 7: KINGBAZZ1986 ($2.12 in chips) 
Seat 8: MMV-SB ($1.07 in chips) 
Seat 9: ValeraBLR ($1.36 in chips) 
Szendi58: posts small blind $0.01
n2405n: posts big blind $0.02
*** HOLE CARDS ***
Dealt to Dorex2007 [2c 2h]
VadimSaratov: raises $0.02 to $0.04
KINGBAZZ1986: raises $0.08 to $0.12
MMV-SB: folds 
ValeraBLR: folds 
k0vacs: folds 
Dorex2007: folds 
sikosha: folds 
Szendi58: calls $0.11
n2405n: calls $0.10
VadimSaratov: calls $0.08
*** FLOP *** [2d Jc 5c]
Szendi58: bets $0.02
n2405n: calls $0.02
VadimSaratov: calls $0.02
KINGBAZZ1986: raises $0.24 to $0.26
Szendi58: folds 
n2405n: calls $0.24
VadimSaratov: raises $1.17 to $1.43 and is all-in
k0vacs leaves the table
KINGBAZZ1986: folds 
n2405n: folds 
Uncalled bet ($1.17) returned to VadimSaratov
VadimSaratov collected $1.24 from pot
VadimSaratov: doesn't show hand 
*** SUMMARY ***
Total pot $1.28 | Rake $0.04 
Board [2d Jc 5c]
Seat 1: k0vacs folded before Flop (didn't bet)
Seat 2: Dorex2007 folded before Flop (didn't bet)
Seat 3: sikosha (button) folded before Flop (didn't bet)
Seat 4: Szendi58 (small blind) folded on the Flop
Seat 5: n2405n (big blind) folded on the Flop
Seat 6: VadimSaratov collected ($1.24)
Seat 7: KINGBAZZ1986 folded on the Flop
Seat 8: MMV-SB folded before Flop (didn't bet)
Seat 9: ValeraBLR folded before Flop (didn't bet)



PokerStars Hand #224649500817:  Hold'em No Limit ($0.01/$0.02 USD) - 2021/03/09 23:28:03 PT [2021/03/10 2:28:03 ET]
Table 'Aigyptios III' 9-max Seat #4 is the button
Seat 2: Dorex2007 ($2.04 in chips) 
Seat 3: sikosha ($1.90 in chips) 
Seat 4: Szendi58 ($5.81 in chips) 
Seat 5: n2405n ($3.11 in chips) 
Seat 6: VadimSaratov ($2.41 in chips) 
Seat 7: KINGBAZZ1986 ($2 in chips) 
Seat 8: MMV-SB ($1.07 in chips) 
Seat 9: ValeraBLR ($1.36 in chips) 
n2405n: posts small blind $0.01
VadimSaratov: posts big blind $0.02
*** HOLE CARDS ***
Dealt to Dorex2007 [Jc As]
ilnar32 joins the table at seat #1 
KINGBAZZ1986: folds 
MMV-SB: folds 
ValeraBLR: raises $0.04 to $0.06
Dorex2007: calls $0.06
sikosha: folds 
Szendi58: folds 
n2405n: folds 
VadimSaratov: folds 
*** FLOP *** [8h Qd Jh]
ValeraBLR: bets $0.08
Dorex2007: calls $0.08
*** TURN *** [8h Qd Jh] [Th]
ValeraBLR: checks 
Dorex2007: checks 
*** RIVER *** [8h Qd Jh Th] [8s]
ValeraBLR: bets $0.04
Dorex2007: calls $0.04
*** SHOW DOWN ***
ValeraBLR: shows [Kh Kd] (two pair, Kings and Eights)
Dorex2007: mucks hand 
ValeraBLR collected $0.38 from pot
*** SUMMARY ***
Total pot $0.39 | Rake $0.01 
Board [8h Qd Jh Th 8s]
Seat 2: Dorex2007 mucked [Jc As]
Seat 3: sikosha folded before Flop (didn't bet)
Seat 4: Szendi58 (button) folded before Flop (didn't bet)
Seat 5: n2405n (small blind) folded before Flop
Seat 6: VadimSaratov (big blind) folded before Flop
Seat 7: KINGBAZZ1986 folded before Flop (didn't bet)
Seat 8: MMV-SB folded before Flop (didn't bet)
Seat 9: ValeraBLR showed [Kh Kd] and won ($0.38) with two pair, Kings and Eights



PokerStars Hand #224649509764:  Hold'em No Limit ($0.01/$0.02 USD) - 2021/03/09 23:28:52 PT [2021/03/10 2:28:52 ET]
Table 'Aigyptios III' 9-max Seat #5 is the button
Seat 1: ilnar32 ($0.89 in chips) 
Seat 2: Dorex2007 ($1.86 in chips) 
Seat 3: sikosha ($1.90 in chips) 
Seat 4: Szendi58 ($5.81 in chips) 
Seat 5: n2405n ($3.10 in chips) 
Seat 6: VadimSaratov ($2.39 in chips) 
Seat 7: KINGBAZZ1986 ($2 in chips) 
Seat 8: MMV-SB ($1.07 in chips) 
Seat 9: ValeraBLR ($1.56 in chips) 
VadimSaratov: posts small blind $0.01
KINGBAZZ1986: posts big blind $0.02
ilnar32: posts big blind $0.02
*** HOLE CARDS ***
Dealt to Dorex2007 [4h 9d]
MMV-SB: folds 
ValeraBLR: folds 
ilnar32: checks 
Dorex2007: folds 
sikosha: folds 
Szendi58: raises $0.02 to $0.04
n2405n: raises $0.02 to $0.06
VadimSaratov: folds 
KINGBAZZ1986: calls $0.04
ilnar32: folds 
Szendi58: calls $0.02
*** FLOP *** [Qh 3d 6c]
KINGBAZZ1986: checks 
Szendi58: checks 
n2405n: bets $0.10
KINGBAZZ1986: calls $0.10
Szendi58: folds 
*** TURN *** [Qh 3d 6c] [8s]
KINGBAZZ1986: checks 
n2405n: bets $0.20
KINGBAZZ1986: folds 
Uncalled bet ($0.20) returned to n2405n
n2405n collected $0.40 from pot
n2405n: doesn't show hand 
*** SUMMARY ***
Total pot $0.41 | Rake $0.01 
Board [Qh 3d 6c 8s]
Seat 1: ilnar32 folded before Flop (didn't bet)
Seat 2: Dorex2007 folded before Flop (didn't bet)
Seat 3: sikosha folded before Flop (didn't bet)
Seat 4: Szendi58 folded on the Flop
Seat 5: n2405n (button) collected ($0.40)
Seat 6: VadimSaratov (small blind) folded before Flop
Seat 7: KINGBAZZ1986 (big blind) folded on the Turn
Seat 8: MMV-SB folded before Flop (didn't bet)
Seat 9: ValeraBLR folded before Flop (didn't bet)



PokerStars Hand #224649520050:  Hold'em No Limit ($0.01/$0.02 USD) - 2021/03/09 23:29:50 PT [2021/03/10 2:29:50 ET]
Table 'Aigyptios III' 9-max Seat #6 is the button
Seat 1: ilnar32 ($0.87 in chips) 
Seat 2: Dorex2007 ($2 in chips) 
Seat 3: sikosha ($1.90 in chips) 
Seat 4: Szendi58 ($5.75 in chips) 
Seat 5: n2405n ($3.34 in chips) 
Seat 6: VadimSaratov ($2.38 in chips) 
Seat 7: KINGBAZZ1986 ($2 in chips) 
Seat 8: MMV-SB ($1.07 in chips) 
Seat 9: ValeraBLR ($1.56 in chips) 
KINGBAZZ1986: posts small blind $0.01
MMV-SB: posts big blind $0.02
*** HOLE CARDS ***
Dealt to Dorex2007 [2c 9c]
ValeraBLR: folds 
ilnar32: folds 
Dorex2007: folds 
sikosha: folds 
Szendi58: folds 
n2405n: folds 
VadimSaratov: folds 
KINGBAZZ1986: raises $0.03 to $0.05
MMV-SB: folds 
Uncalled bet ($0.03) returned to KINGBAZZ1986
KINGBAZZ1986 collected $0.04 from pot
KINGBAZZ1986: doesn't show hand 
*** SUMMARY ***
Total pot $0.04 | Rake $0 
Seat 1: ilnar32 folded before Flop (didn't bet)
Seat 2: Dorex2007 folded before Flop (didn't bet)
Seat 3: sikosha folded before Flop (didn't bet)
Seat 4: Szendi58 folded before Flop (didn't bet)
Seat 5: n2405n folded before Flop (didn't bet)
Seat 6: VadimSaratov (button) folded before Flop (didn't bet)
Seat 7: KINGBAZZ1986 (small blind) collected ($0.04)
Seat 8: MMV-SB (big blind) folded before Flop
Seat 9: ValeraBLR folded before Flop (didn't bet)



PokerStars Hand #224649524407:  Hold'em No Limit ($0.01/$0.02 USD) - 2021/03/09 23:30:14 PT [2021/03/10 2:30:14 ET]
Table 'Aigyptios III' 9-max Seat #7 is the button
Seat 1: ilnar32 ($0.87 in chips) 
Seat 2: Dorex2007 ($2 in chips) 
Seat 3: sikosha ($1.90 in chips) 
Seat 4: Szendi58 ($5.75 in chips) 
Seat 5: n2405n ($3.34 in chips) 
Seat 6: VadimSaratov ($2.38 in chips) 
Seat 7: KINGBAZZ1986 ($2.02 in chips) 
Seat 8: MMV-SB ($1.05 in chips) 
Seat 9: ValeraBLR ($1.56 in chips) 
MMV-SB: posts small blind $0.01
ValeraBLR: posts big blind $0.02
*** HOLE CARDS ***
Dealt to Dorex2007 [3s 9c]
ilnar32: folds 
Dorex2007: folds 
sikosha: folds 
Szendi58: folds 
n2405n: raises $0.02 to $0.04
VadimSaratov: folds 
KINGBAZZ1986: calls $0.04
MMV-SB: folds 
ValeraBLR: folds 
*** FLOP *** [Ah 9h Jh]
n2405n: checks 
KINGBAZZ1986: checks 
*** TURN *** [Ah 9h Jh] [6c]
n2405n: checks 
KINGBAZZ1986: checks 
*** RIVER *** [Ah 9h Jh 6c] [4d]
n2405n: checks 
KINGBAZZ1986: checks 
*** SHOW DOWN ***
n2405n: shows [Kd Qs] (high card Ace)
KINGBAZZ1986: shows [2h 2s] (a pair of Deuces)
KINGBAZZ1986 collected $0.11 from pot
*** SUMMARY ***
Total pot $0.11 | Rake $0 
Board [Ah 9h Jh 6c 4d]
Seat 1: ilnar32 folded before Flop (didn't bet)
Seat 2: Dorex2007 folded before Flop (didn't bet)
Seat 3: sikosha folded before Flop (didn't bet)
Seat 4: Szendi58 folded before Flop (didn't bet)
Seat 5: n2405n showed [Kd Qs] and lost with high card Ace
Seat 6: VadimSaratov folded before Flop (didn't bet)
Seat 7: KINGBAZZ1986 (button) showed [2h 2s] and won ($0.11) with a pair of Deuces
Seat 8: MMV-SB (small blind) folded before Flop
Seat 9: ValeraBLR (big blind) folded before Flop



PokerStars Hand #224649531782:  Hold'em No Limit ($0.01/$0.02 USD) - 2021/03/09 23:30:56 PT [2021/03/10 2:30:56 ET]
Table 'Aigyptios III' 9-max Seat #8 is the button
Seat 1: ilnar32 ($0.87 in chips) 
Seat 2: Dorex2007 ($2 in chips) 
Seat 3: sikosha ($1.90 in chips) 
Seat 4: Szendi58 ($5.75 in chips) 
Seat 5: n2405n ($3.30 in chips) 
Seat 6: VadimSaratov ($2.38 in chips) 
Seat 7: KINGBAZZ1986 ($2.09 in chips) 
Seat 8: MMV-SB ($1.04 in chips) 
Seat 9: ValeraBLR ($1.54 in chips) 
ValeraBLR: posts small blind $0.01
ilnar32: posts big blind $0.02
*** HOLE CARDS ***
Dealt to Dorex2007 [As Ad]
Dorex2007: raises $0.04 to $0.06
sikosha: folds 
Szendi58: folds 
n2405n: raises $0.18 to $0.24
VadimSaratov: folds 
KINGBAZZ1986: folds 
MMV-SB: folds 
ValeraBLR: folds 
ilnar32: folds 
Dorex2007: calls $0.18
*** FLOP *** [7d Tc Qc]
Dorex2007: checks 
n2405n: checks 
*** TURN *** [7d Tc Qc] [2s]
Dorex2007: bets $0.25
n2405n: calls $0.25
*** RIVER *** [7d Tc Qc 2s] [4c]
Dorex2007: bets $0.97
n2405n: folds 
Uncalled bet ($0.97) returned to Dorex2007
Dorex2007 collected $0.97 from pot
Dorex2007: doesn't show hand 
*** SUMMARY ***
Total pot $1.01 | Rake $0.04 
Board [7d Tc Qc 2s 4c]
Seat 1: ilnar32 (big blind) folded before Flop
Seat 2: Dorex2007 collected ($0.97)
Seat 3: sikosha folded before Flop (didn't bet)
Seat 4: Szendi58 folded before Flop (didn't bet)
Seat 5: n2405n folded on the River
Seat 6: VadimSaratov folded before Flop (didn't bet)
Seat 7: KINGBAZZ1986 folded before Flop (didn't bet)
Seat 8: MMV-SB (button) folded before Flop (didn't bet)
Seat 9: ValeraBLR (small blind) folded before Flop



PokerStars Hand #224649541863:  Hold'em No Limit ($0.01/$0.02 USD) - 2021/03/09 23:31:52 PT [2021/03/10 2:31:52 ET]
Table 'Aigyptios III' 9-max Seat #9 is the button
Seat 1: ilnar32 ($0.85 in chips) 
Seat 2: Dorex2007 ($2.48 in chips) 
Seat 3: sikosha ($1.90 in chips) 
Seat 4: Szendi58 ($5.75 in chips) 
Seat 5: n2405n ($2.81 in chips) 
Seat 6: VadimSaratov ($2.38 in chips) 
Seat 7: KINGBAZZ1986 ($2.09 in chips) 
Seat 8: MMV-SB ($1.04 in chips) 
Seat 9: ValeraBLR ($1.53 in chips) 
ilnar32: posts small blind $0.01
Dorex2007: posts big blind $0.02
*** HOLE CARDS ***
Dealt to Dorex2007 [3h Kc]
sikosha: folds 
Szendi58: raises $0.02 to $0.04
n2405n: raises $0.11 to $0.15
VadimSaratov: folds 
KINGBAZZ1986: folds 
MMV-SB: folds 
ValeraBLR: folds 
ilnar32: folds 
Dorex2007: folds 
Szendi58: folds 
Uncalled bet ($0.11) returned to n2405n
n2405n collected $0.11 from pot
n2405n: doesn't show hand 
*** SUMMARY ***
Total pot $0.11 | Rake $0 
Seat 1: ilnar32 (small blind) folded before Flop
Seat 2: Dorex2007 (big blind) folded before Flop
Seat 3: sikosha folded before Flop (didn't bet)
Seat 4: Szendi58 folded before Flop
Seat 5: n2405n collected ($0.11)
Seat 6: VadimSaratov folded before Flop (didn't bet)
Seat 7: KINGBAZZ1986 folded before Flop (didn't bet)
Seat 8: MMV-SB folded before Flop (didn't bet)
Seat 9: ValeraBLR (button) folded before Flop (didn't bet)



PokerStars Hand #224649545684:  Hold'em No Limit ($0.01/$0.02 USD) - 2021/03/09 23:32:13 PT [2021/03/10 2:32:13 ET]
Table 'Aigyptios III' 9-max Seat #1 is the button
Seat 1: ilnar32 ($0.84 in chips) 
Seat 2: Dorex2007 ($2.46 in chips) 
Seat 3: sikosha ($1.90 in chips) 
Seat 4: Szendi58 ($5.71 in chips) 
Seat 5: n2405n ($2.88 in chips) 
Seat 6: VadimSaratov ($2.38 in chips) 
Seat 7: KINGBAZZ1986 ($2.09 in chips) 
Seat 8: MMV-SB ($1.04 in chips) 
Seat 9: ValeraBLR ($1.53 in chips) 
Dorex2007: posts small blind $0.01
sikosha: posts big blind $0.02
*** HOLE CARDS ***
Dealt to Dorex2007 [7c Tc]
Szendi58: folds 
n2405n: raises $0.08 to $0.10
VadimSaratov: folds 
KINGBAZZ1986: folds 
MMV-SB: calls $0.10
ValeraBLR: folds 
ilnar32: folds 
Dorex2007: folds 
sikosha: folds 
*** FLOP *** [Jh 6c 7h]
n2405n: bets $0.11
MMV-SB: calls $0.11
*** TURN *** [Jh 6c 7h] [Jd]
n2405n: bets $0.22
MMV-SB: calls $0.22
*** RIVER *** [Jh 6c 7h Jd] [7d]
n2405n: checks 
MMV-SB: bets $0.43
n2405n: folds 
Uncalled bet ($0.43) returned to MMV-SB
MMV-SB collected $0.86 from pot
MMV-SB: doesn't show hand 
*** SUMMARY ***
Total pot $0.89 | Rake $0.03 
Board [Jh 6c 7h Jd 7d]
Seat 1: ilnar32 (button) folded before Flop (didn't bet)
Seat 2: Dorex2007 (small blind) folded before Flop
Seat 3: sikosha (big blind) folded before Flop
Seat 4: Szendi58 folded before Flop (didn't bet)
Seat 5: n2405n folded on the River
Seat 6: VadimSaratov folded before Flop (didn't bet)
Seat 7: KINGBAZZ1986 folded before Flop (didn't bet)
Seat 8: MMV-SB collected ($0.86)
Seat 9: ValeraBLR folded before Flop (didn't bet)



