PokerStars Hand #223791276309:  Hold'em No Limit ($0.01/$0.02 USD) - 2021/02/13 21:00:00 PT [2021/02/14 0:00:00 ET]
Table 'Androgeos IV' 9-max Seat #9 is the button
Seat 1: haibaneden ($2.29 in chips) 
Seat 2: Slouch07 ($2 in chips) 
Seat 3: xxvov4ikxx ($3.90 in chips) 
Seat 5: Dorex2007 ($3.53 in chips) 
Seat 6: Minugov ($2 in chips) 
Seat 7: kolyasik2401 ($2.29 in chips) 
Seat 8: Ed Gonzalezz ($2.64 in chips) 
Seat 9: Tilt_Release ($0.49 in chips) 
haibaneden: posts small blind $0.01
Slouch07: posts big blind $0.02
WilliamJBF: sits out 
*** HOLE CARDS ***
Dealt to Dorex2007 [6h Jh]
xxvov4ikxx: calls $0.02
Dorex2007: folds 
Minugov: folds 
kolyasik2401: folds 
Ed Gonzalezz: raises $0.03 to $0.05
Tilt_Release: folds 
Minugov leaves the table
haibaneden: folds 
Slouch07: folds 
xxvov4ikxx: calls $0.03
*** FLOP *** [5s 6s Td]
xxvov4ikxx: bets $0.07
Ed Gonzalezz: calls $0.07
*** TURN *** [5s 6s Td] [4s]
xxvov4ikxx: bets $0.13
Ed Gonzalezz: calls $0.13
*** RIVER *** [5s 6s Td 4s] [Kd]
xxvov4ikxx: checks 
lpavel3010 joins the table at seat #6 
Ed Gonzalezz: checks 
*** SHOW DOWN ***
xxvov4ikxx: shows [Jc Jd] (a pair of Jacks)
Ed Gonzalezz: mucks hand 
xxvov4ikxx collected $0.51 from pot
*** SUMMARY ***
Total pot $0.53 | Rake $0.02 
Board [5s 6s Td 4s Kd]
Seat 1: haibaneden (small blind) folded before Flop
Seat 2: Slouch07 (big blind) folded before Flop
Seat 3: xxvov4ikxx showed [Jc Jd] and won ($0.51) with a pair of Jacks
Seat 5: Dorex2007 folded before Flop (didn't bet)
Seat 6: Minugov folded before Flop (didn't bet)
Seat 7: kolyasik2401 folded before Flop (didn't bet)
Seat 8: Ed Gonzalezz mucked [3h 3c]
Seat 9: Tilt_Release (button) folded before Flop (didn't bet)



PokerStars Hand #223791334574:  Hold'em No Limit ($0.01/$0.02 USD) - 2021/02/13 21:02:55 PT [2021/02/14 0:02:55 ET]
Table 'Androgeos IV' 9-max Seat #3 is the button
Seat 1: haibaneden ($2.28 in chips) 
Seat 2: Slouch07 ($1.85 in chips) 
Seat 3: xxvov4ikxx ($4.13 in chips) 
Seat 4: WilliamJBF ($1.98 in chips) 
Seat 5: Dorex2007 ($3.53 in chips) 
Seat 7: kolyasik2401 ($2.23 in chips) 
Seat 8: Ed Gonzalezz ($2.39 in chips) 
Seat 9: Tilt_Release ($0.71 in chips) 
WilliamJBF: posts small blind $0.01
Dorex2007: posts big blind $0.02
lpavel3010: sits out 
*** HOLE CARDS ***
Dealt to Dorex2007 [8c 2d]
kolyasik2401: folds 
Ed Gonzalezz: folds 
Tilt_Release: folds 
haibaneden: folds 
Slouch07: folds 
xxvov4ikxx: calls $0.02
WilliamJBF: calls $0.01
Dorex2007: checks 
*** FLOP *** [6h Jd Kd]
WilliamJBF: checks 
Dorex2007: checks 
xxvov4ikxx: checks 
*** TURN *** [6h Jd Kd] [4h]
WilliamJBF: bets $0.06
Dorex2007: folds 
xxvov4ikxx: folds 
Uncalled bet ($0.06) returned to WilliamJBF
WilliamJBF collected $0.06 from pot
*** SUMMARY ***
Total pot $0.06 | Rake $0 
Board [6h Jd Kd 4h]
Seat 1: haibaneden folded before Flop (didn't bet)
Seat 2: Slouch07 folded before Flop (didn't bet)
Seat 3: xxvov4ikxx (button) folded on the Turn
Seat 4: WilliamJBF (small blind) collected ($0.06)
Seat 5: Dorex2007 (big blind) folded on the Turn
Seat 7: kolyasik2401 folded before Flop (didn't bet)
Seat 8: Ed Gonzalezz folded before Flop (didn't bet)
Seat 9: Tilt_Release folded before Flop (didn't bet)



PokerStars Hand #223791347605:  Hold'em No Limit ($0.01/$0.02 USD) - 2021/02/13 21:03:48 PT [2021/02/14 0:03:48 ET]
Table 'Androgeos IV' 9-max Seat #4 is the button
Seat 1: haibaneden ($2.28 in chips) 
Seat 2: Slouch07 ($1.85 in chips) 
Seat 3: xxvov4ikxx ($4.11 in chips) 
Seat 4: WilliamJBF ($2.02 in chips) 
Seat 5: Dorex2007 ($3.51 in chips) 
Seat 6: lpavel3010 ($1.84 in chips) 
Seat 7: kolyasik2401 ($2.23 in chips) 
Seat 8: Ed Gonzalezz ($2.39 in chips) 
Seat 9: Tilt_Release ($0.71 in chips) 
Dorex2007: posts small blind $0.01
lpavel3010: posts big blind $0.02
*** HOLE CARDS ***
Dealt to Dorex2007 [Qs 2s]
kolyasik2401 has timed out
kolyasik2401: folds 
Ed Gonzalezz: calls $0.02
Tilt_Release: calls $0.02
haibaneden: folds 
Slouch07: folds 
xxvov4ikxx: folds 
WilliamJBF: folds 
Dorex2007: folds 
lpavel3010: checks 
*** FLOP *** [Qd Js 6s]
lpavel3010: checks 
Ed Gonzalezz: bets $0.07
Tilt_Release: calls $0.07
lpavel3010: folds 
*** TURN *** [Qd Js 6s] [6h]
Ed Gonzalezz: checks 
Tilt_Release: checks 
*** RIVER *** [Qd Js 6s 6h] [Qh]
Ed Gonzalezz: checks 
Tilt_Release: bets $0.02
Ed Gonzalezz: calls $0.02
*** SHOW DOWN ***
Tilt_Release: shows [Tc Jc] (two pair, Queens and Jacks)
Ed Gonzalezz: mucks hand 
Tilt_Release collected $0.24 from pot
*** SUMMARY ***
Total pot $0.25 | Rake $0.01 
Board [Qd Js 6s 6h Qh]
Seat 1: haibaneden folded before Flop (didn't bet)
Seat 2: Slouch07 folded before Flop (didn't bet)
Seat 3: xxvov4ikxx folded before Flop (didn't bet)
Seat 4: WilliamJBF (button) folded before Flop (didn't bet)
Seat 5: Dorex2007 (small blind) folded before Flop
Seat 6: lpavel3010 (big blind) folded on the Flop
Seat 7: kolyasik2401 folded before Flop (didn't bet)
Seat 8: Ed Gonzalezz mucked [Ac Ks]
Seat 9: Tilt_Release showed [Tc Jc] and won ($0.24) with two pair, Queens and Jacks



PokerStars Hand #223791364775:  Hold'em No Limit ($0.01/$0.02 USD) - 2021/02/13 21:04:59 PT [2021/02/14 0:04:59 ET]
Table 'Androgeos IV' 9-max Seat #5 is the button
Seat 1: haibaneden ($2.28 in chips) 
Seat 2: Slouch07 ($1.85 in chips) 
Seat 3: xxvov4ikxx ($4.11 in chips) 
Seat 4: WilliamJBF ($2.02 in chips) 
Seat 5: Dorex2007 ($3.50 in chips) 
Seat 6: lpavel3010 ($1.82 in chips) 
Seat 7: kolyasik2401 ($2.23 in chips) 
Seat 8: Ed Gonzalezz ($2.28 in chips) 
Seat 9: Tilt_Release ($0.84 in chips) 
lpavel3010: posts small blind $0.01
kolyasik2401: posts big blind $0.02
*** HOLE CARDS ***
Dealt to Dorex2007 [8c Jh]
Ed Gonzalezz: folds 
Tilt_Release: calls $0.02
haibaneden: raises $0.06 to $0.08
Slouch07: folds 
xxvov4ikxx: folds 
WilliamJBF: folds 
Dorex2007: folds 
lpavel3010: folds 
kolyasik2401: folds 
Tilt_Release: calls $0.06
*** FLOP *** [5s 6d Qd]
Tilt_Release: checks 
haibaneden: checks 
*** TURN *** [5s 6d Qd] [8s]
Tilt_Release: checks 
haibaneden: bets $0.12
Tilt_Release: folds 
Uncalled bet ($0.12) returned to haibaneden
haibaneden collected $0.18 from pot
haibaneden: doesn't show hand 
*** SUMMARY ***
Total pot $0.19 | Rake $0.01 
Board [5s 6d Qd 8s]
Seat 1: haibaneden collected ($0.18)
Seat 2: Slouch07 folded before Flop (didn't bet)
Seat 3: xxvov4ikxx folded before Flop (didn't bet)
Seat 4: WilliamJBF folded before Flop (didn't bet)
Seat 5: Dorex2007 (button) folded before Flop (didn't bet)
Seat 6: lpavel3010 (small blind) folded before Flop
Seat 7: kolyasik2401 (big blind) folded before Flop
Seat 8: Ed Gonzalezz folded before Flop (didn't bet)
Seat 9: Tilt_Release folded on the Turn



PokerStars Hand #223791380845:  Hold'em No Limit ($0.01/$0.02 USD) - 2021/02/13 21:06:05 PT [2021/02/14 0:06:05 ET]
Table 'Androgeos IV' 9-max Seat #6 is the button
Seat 1: haibaneden ($2.38 in chips) 
Seat 2: Slouch07 ($1.85 in chips) 
Seat 3: xxvov4ikxx ($4.11 in chips) 
Seat 4: WilliamJBF ($2.02 in chips) 
Seat 5: Dorex2007 ($3.50 in chips) 
Seat 6: lpavel3010 ($1.81 in chips) 
Seat 7: kolyasik2401 ($2.21 in chips) 
Seat 8: Ed Gonzalezz ($2.28 in chips) 
Seat 9: Tilt_Release ($0.76 in chips) 
kolyasik2401: posts small blind $0.01
Ed Gonzalezz: posts big blind $0.02
*** HOLE CARDS ***
Dealt to Dorex2007 [7h 4c]
Tilt_Release: calls $0.02
haibaneden: raises $0.06 to $0.08
Slouch07: folds 
xxvov4ikxx: folds 
WilliamJBF: folds 
Dorex2007: folds 
lpavel3010: folds 
kolyasik2401: folds 
Ed Gonzalezz: folds 
Tilt_Release: calls $0.06
*** FLOP *** [Jh 8d 6h]
Tilt_Release: checks 
haibaneden: checks 
*** TURN *** [Jh 8d 6h] [9s]
Tilt_Release: bets $0.09
haibaneden: folds 
Uncalled bet ($0.09) returned to Tilt_Release
Tilt_Release collected $0.18 from pot
Tilt_Release: doesn't show hand 
*** SUMMARY ***
Total pot $0.19 | Rake $0.01 
Board [Jh 8d 6h 9s]
Seat 1: haibaneden folded on the Turn
Seat 2: Slouch07 folded before Flop (didn't bet)
Seat 3: xxvov4ikxx folded before Flop (didn't bet)
Seat 4: WilliamJBF folded before Flop (didn't bet)
Seat 5: Dorex2007 folded before Flop (didn't bet)
Seat 6: lpavel3010 (button) folded before Flop (didn't bet)
Seat 7: kolyasik2401 (small blind) folded before Flop
Seat 8: Ed Gonzalezz (big blind) folded before Flop
Seat 9: Tilt_Release collected ($0.18)



PokerStars Hand #223791393304:  Hold'em No Limit ($0.01/$0.02 USD) - 2021/02/13 21:06:56 PT [2021/02/14 0:06:56 ET]
Table 'Androgeos IV' 9-max Seat #7 is the button
Seat 1: haibaneden ($2.30 in chips) 
Seat 2: Slouch07 ($1.85 in chips) 
Seat 3: xxvov4ikxx ($4.11 in chips) 
Seat 4: WilliamJBF ($2.02 in chips) 
Seat 5: Dorex2007 ($3.50 in chips) 
Seat 6: lpavel3010 ($1.81 in chips) 
Seat 7: kolyasik2401 ($2.20 in chips) 
Seat 8: Ed Gonzalezz ($2.26 in chips) 
Seat 9: Tilt_Release ($0.86 in chips) 
Ed Gonzalezz: posts small blind $0.01
Tilt_Release: posts big blind $0.02
*** HOLE CARDS ***
Dealt to Dorex2007 [7h 9d]
haibaneden: folds 
Slouch07: folds 
xxvov4ikxx: folds 
WilliamJBF: folds 
Dorex2007: folds 
lpavel3010: folds 
kolyasik2401: raises $0.04 to $0.06
Ed Gonzalezz: folds 
Tilt_Release: folds 
Uncalled bet ($0.04) returned to kolyasik2401
kolyasik2401 collected $0.05 from pot
kolyasik2401: doesn't show hand 
*** SUMMARY ***
Total pot $0.05 | Rake $0 
Seat 1: haibaneden folded before Flop (didn't bet)
Seat 2: Slouch07 folded before Flop (didn't bet)
Seat 3: xxvov4ikxx folded before Flop (didn't bet)
Seat 4: WilliamJBF folded before Flop (didn't bet)
Seat 5: Dorex2007 folded before Flop (didn't bet)
Seat 6: lpavel3010 folded before Flop (didn't bet)
Seat 7: kolyasik2401 (button) collected ($0.05)
Seat 8: Ed Gonzalezz (small blind) folded before Flop
Seat 9: Tilt_Release (big blind) folded before Flop



PokerStars Hand #223791405787:  Hold'em No Limit ($0.01/$0.02 USD) - 2021/02/13 21:07:24 PT [2021/02/14 0:07:24 ET]
Table 'Androgeos IV' 9-max Seat #8 is the button
Seat 1: haibaneden ($2.30 in chips) 
Seat 2: Slouch07 ($1.85 in chips) 
Seat 3: xxvov4ikxx ($4.11 in chips) 
Seat 4: WilliamJBF ($2.02 in chips) 
Seat 5: Dorex2007 ($3.50 in chips) 
Seat 6: lpavel3010 ($1.81 in chips) 
Seat 7: kolyasik2401 ($2.23 in chips) 
Seat 8: Ed Gonzalezz ($2.25 in chips) 
Seat 9: Tilt_Release ($0.84 in chips) 
Tilt_Release: posts small blind $0.01
haibaneden: posts big blind $0.02
*** HOLE CARDS ***
Dealt to Dorex2007 [9d 3h]
Slouch07: folds 
xxvov4ikxx: raises $0.02 to $0.04
WilliamJBF: folds 
Dorex2007: folds 
lpavel3010: folds 
kolyasik2401: folds 
Ed Gonzalezz: calls $0.04
Tilt_Release: calls $0.03
haibaneden: folds 
*** FLOP *** [Ad Ac Jc]
Tilt_Release: checks 
xxvov4ikxx: checks 
Ed Gonzalezz: checks 
*** TURN *** [Ad Ac Jc] [7c]
Tilt_Release: checks 
xxvov4ikxx: bets $0.07
Ed Gonzalezz: calls $0.07
Tilt_Release: folds 
*** RIVER *** [Ad Ac Jc 7c] [7d]
xxvov4ikxx: bets $0.64
Ed Gonzalezz: raises $1.50 to $2.14 and is all-in
xxvov4ikxx: calls $1.50
*** SHOW DOWN ***
Ed Gonzalezz: shows [3d Ah] (a full house, Aces full of Sevens)
xxvov4ikxx: shows [Ts As] (a full house, Aces full of Sevens)
xxvov4ikxx collected $2.20 from pot
Ed Gonzalezz collected $2.20 from pot
*** SUMMARY ***
Total pot $4.56 | Rake $0.16 
Board [Ad Ac Jc 7c 7d]
Seat 1: haibaneden (big blind) folded before Flop
Seat 2: Slouch07 folded before Flop (didn't bet)
Seat 3: xxvov4ikxx showed [Ts As] and won ($2.20) with a full house, Aces full of Sevens
Seat 4: WilliamJBF folded before Flop (didn't bet)
Seat 5: Dorex2007 folded before Flop (didn't bet)
Seat 6: lpavel3010 folded before Flop (didn't bet)
Seat 7: kolyasik2401 folded before Flop (didn't bet)
Seat 8: Ed Gonzalezz (button) showed [3d Ah] and won ($2.20) with a full house, Aces full of Sevens
Seat 9: Tilt_Release (small blind) folded on the Turn



PokerStars Hand #223791431230:  Hold'em No Limit ($0.01/$0.02 USD) - 2021/02/13 21:09:08 PT [2021/02/14 0:09:08 ET]
Table 'Androgeos IV' 9-max Seat #9 is the button
Seat 1: haibaneden ($2.28 in chips) 
Seat 2: Slouch07 ($1.85 in chips) 
Seat 3: xxvov4ikxx ($4.06 in chips) 
Seat 4: WilliamJBF ($2.02 in chips) 
Seat 5: Dorex2007 ($3.50 in chips) 
Seat 6: lpavel3010 ($1.81 in chips) 
Seat 7: kolyasik2401 ($2.23 in chips) 
Seat 8: Ed Gonzalezz ($2.20 in chips) 
Seat 9: Tilt_Release ($0.80 in chips) 
haibaneden: posts small blind $0.01
Slouch07: posts big blind $0.02
*** HOLE CARDS ***
Dealt to Dorex2007 [3h 2h]
xxvov4ikxx: folds 
WilliamJBF: folds 
Dorex2007: folds 
lpavel3010: folds 
kolyasik2401 has timed out
kolyasik2401: folds 
Ed Gonzalezz: calls $0.02
Tilt_Release: raises $0.04 to $0.06
haibaneden: folds 
Slouch07: folds 
Ed Gonzalezz: calls $0.04
*** FLOP *** [4s 7d 4h]
Ed Gonzalezz: bets $0.02
Tilt_Release: raises $0.09 to $0.11
Ed Gonzalezz: raises $0.09 to $0.20
Tilt_Release: calls $0.09
*** TURN *** [4s 7d 4h] [5c]
Ed Gonzalezz: checks 
Tilt_Release: checks 
*** RIVER *** [4s 7d 4h 5c] [2c]
Ed Gonzalezz: bets $0.58
Tilt_Release: folds 
Uncalled bet ($0.58) returned to Ed Gonzalezz
Ed Gonzalezz collected $0.53 from pot
Ed Gonzalezz: doesn't show hand 
*** SUMMARY ***
Total pot $0.55 | Rake $0.02 
Board [4s 7d 4h 5c 2c]
Seat 1: haibaneden (small blind) folded before Flop
Seat 2: Slouch07 (big blind) folded before Flop
Seat 3: xxvov4ikxx folded before Flop (didn't bet)
Seat 4: WilliamJBF folded before Flop (didn't bet)
Seat 5: Dorex2007 folded before Flop (didn't bet)
Seat 6: lpavel3010 folded before Flop (didn't bet)
Seat 7: kolyasik2401 folded before Flop (didn't bet)
Seat 8: Ed Gonzalezz collected ($0.53)
Seat 9: Tilt_Release (button) folded on the River



PokerStars Hand #223791455893:  Hold'em No Limit ($0.01/$0.02 USD) - 2021/02/13 21:10:50 PT [2021/02/14 0:10:50 ET]
Table 'Androgeos IV' 9-max Seat #1 is the button
Seat 1: haibaneden ($2.27 in chips) 
Seat 2: Slouch07 ($1.83 in chips) 
Seat 3: xxvov4ikxx ($4.06 in chips) 
Seat 4: WilliamJBF ($2.02 in chips) 
Seat 5: Dorex2007 ($3.50 in chips) 
Seat 6: lpavel3010 ($1.81 in chips) 
Seat 7: kolyasik2401 ($2.23 in chips) 
Seat 8: Ed Gonzalezz ($2.47 in chips) 
Seat 9: Tilt_Release ($0.54 in chips) 
Slouch07: posts small blind $0.01
xxvov4ikxx: posts big blind $0.02
*** HOLE CARDS ***
Dealt to Dorex2007 [7d 2c]
WilliamJBF: folds 
Dorex2007: folds 
lpavel3010: folds 
kolyasik2401: folds 
Ed Gonzalezz: calls $0.02
Tilt_Release: raises $0.07 to $0.09
haibaneden: folds 
Slouch07: folds 
xxvov4ikxx: folds 
Ed Gonzalezz: calls $0.07
*** FLOP *** [3s Jc 8h]
Ed Gonzalezz: bets $0.20
Tilt_Release: calls $0.20
*** TURN *** [3s Jc 8h] [8s]
Ed Gonzalezz: bets $0.59
Tilt_Release: calls $0.25 and is all-in
Uncalled bet ($0.34) returned to Ed Gonzalezz
*** RIVER *** [3s Jc 8h 8s] [Ts]
*** SHOW DOWN ***
Ed Gonzalezz: shows [Jh 5d] (two pair, Jacks and Eights)
Tilt_Release: shows [7s Ad] (a pair of Eights)
Ed Gonzalezz collected $1.07 from pot
*** SUMMARY ***
Total pot $1.11 | Rake $0.04 
Board [3s Jc 8h 8s Ts]
Seat 1: haibaneden (button) folded before Flop (didn't bet)
Seat 2: Slouch07 (small blind) folded before Flop
Seat 3: xxvov4ikxx (big blind) folded before Flop
Seat 4: WilliamJBF folded before Flop (didn't bet)
Seat 5: Dorex2007 folded before Flop (didn't bet)
Seat 6: lpavel3010 folded before Flop (didn't bet)
Seat 7: kolyasik2401 folded before Flop (didn't bet)
Seat 8: Ed Gonzalezz showed [Jh 5d] and won ($1.07) with two pair, Jacks and Eights
Seat 9: Tilt_Release showed [7s Ad] and lost with a pair of Eights



PokerStars Hand #223791471911:  Hold'em No Limit ($0.01/$0.02 USD) - 2021/02/13 21:11:56 PT [2021/02/14 0:11:56 ET]
Table 'Androgeos IV' 9-max Seat #2 is the button
Seat 1: haibaneden ($2.27 in chips) 
Seat 2: Slouch07 ($1.82 in chips) 
Seat 3: xxvov4ikxx ($4.04 in chips) 
Seat 4: WilliamJBF ($2.02 in chips) 
Seat 5: Dorex2007 ($3.50 in chips) 
Seat 6: lpavel3010 ($1.81 in chips) 
Seat 7: kolyasik2401 ($2.23 in chips) 
Seat 8: Ed Gonzalezz ($3 in chips) 
xxvov4ikxx: posts small blind $0.01
WilliamJBF: posts big blind $0.02
*** HOLE CARDS ***
Dealt to Dorex2007 [Jh 2c]
Dorex2007: folds 
lpavel3010: folds 
kolyasik2401: folds 
Ed Gonzalezz: folds 
haibaneden: raises $0.03 to $0.05
Slouch07: folds 
xxvov4ikxx: raises $0.03 to $0.08
WilliamJBF: folds 
haibaneden: calls $0.03
*** FLOP *** [Qh Kc 8c]
xxvov4ikxx: bets $0.09
haibaneden: calls $0.09
*** TURN *** [Qh Kc 8c] [7s]
xxvov4ikxx: bets $0.18
haibaneden: calls $0.18
*** RIVER *** [Qh Kc 8c 7s] [Qc]
xxvov4ikxx: checks 
haibaneden: bets $0.46
xxvov4ikxx: calls $0.46
*** SHOW DOWN ***
haibaneden: shows [Ac Tc] (a flush, Ace high)
xxvov4ikxx: mucks hand 
haibaneden collected $1.58 from pot
*** SUMMARY ***
Total pot $1.64 | Rake $0.06 
Board [Qh Kc 8c 7s Qc]
Seat 1: haibaneden showed [Ac Tc] and won ($1.58) with a flush, Ace high
Seat 2: Slouch07 (button) folded before Flop (didn't bet)
Seat 3: xxvov4ikxx (small blind) mucked [Ad Kd]
Seat 4: WilliamJBF (big blind) folded before Flop
Seat 5: Dorex2007 folded before Flop (didn't bet)
Seat 6: lpavel3010 folded before Flop (didn't bet)
Seat 7: kolyasik2401 folded before Flop (didn't bet)
Seat 8: Ed Gonzalezz folded before Flop (didn't bet)



PokerStars Hand #223791486241:  Hold'em No Limit ($0.01/$0.02 USD) - 2021/02/13 21:12:55 PT [2021/02/14 0:12:55 ET]
Table 'Androgeos IV' 9-max Seat #3 is the button
Seat 1: haibaneden ($3.04 in chips) 
Seat 2: Slouch07 ($1.82 in chips) 
Seat 3: xxvov4ikxx ($3.23 in chips) 
Seat 4: WilliamJBF ($2 in chips) 
Seat 5: Dorex2007 ($3.50 in chips) 
Seat 6: lpavel3010 ($1.81 in chips) 
Seat 7: kolyasik2401 ($2.23 in chips) 
Seat 8: Ed Gonzalezz ($3 in chips) 
Seat 9: Tilt_Release ($0.80 in chips) 
WilliamJBF: posts small blind $0.01
Dorex2007: posts big blind $0.02
*** HOLE CARDS ***
Dealt to Dorex2007 [9s 5c]
lpavel3010: folds 
kolyasik2401 has timed out
kolyasik2401: folds 
Ed Gonzalezz: folds 
Tilt_Release: folds 
haibaneden: raises $0.04 to $0.06
Slouch07: folds 
xxvov4ikxx: folds 
WilliamJBF: folds 
Dorex2007: folds 
Uncalled bet ($0.04) returned to haibaneden
haibaneden collected $0.05 from pot
haibaneden: doesn't show hand 
*** SUMMARY ***
Total pot $0.05 | Rake $0 
Seat 1: haibaneden collected ($0.05)
Seat 2: Slouch07 folded before Flop (didn't bet)
Seat 3: xxvov4ikxx (button) folded before Flop (didn't bet)
Seat 4: WilliamJBF (small blind) folded before Flop
Seat 5: Dorex2007 (big blind) folded before Flop
Seat 6: lpavel3010 folded before Flop (didn't bet)
Seat 7: kolyasik2401 folded before Flop (didn't bet)
Seat 8: Ed Gonzalezz folded before Flop (didn't bet)
Seat 9: Tilt_Release folded before Flop (didn't bet)



PokerStars Hand #223791496149:  Hold'em No Limit ($0.01/$0.02 USD) - 2021/02/13 21:13:36 PT [2021/02/14 0:13:36 ET]
Table 'Androgeos IV' 9-max Seat #4 is the button
Seat 1: haibaneden ($3.07 in chips) 
Seat 2: Slouch07 ($1.82 in chips) 
Seat 3: xxvov4ikxx ($3.23 in chips) 
Seat 4: WilliamJBF ($1.99 in chips) 
Seat 5: Dorex2007 ($3.48 in chips) 
Seat 6: lpavel3010 ($1.81 in chips) 
Seat 7: kolyasik2401 ($2.23 in chips) 
Seat 8: Ed Gonzalezz ($3 in chips) 
Seat 9: Tilt_Release ($0.80 in chips) 
Dorex2007: posts small blind $0.01
lpavel3010: posts big blind $0.02
*** HOLE CARDS ***
Dealt to Dorex2007 [As 5h]
kolyasik2401: folds 
Ed Gonzalezz: folds 
Tilt_Release: calls $0.02
haibaneden: folds 
Slouch07: folds 
xxvov4ikxx: folds 
WilliamJBF: folds 
Dorex2007: calls $0.01
lpavel3010: checks 
*** FLOP *** [9d Jd Qc]
Dorex2007: checks 
lpavel3010: checks 
Tilt_Release: bets $0.02
Dorex2007: folds 
lpavel3010: raises $0.04 to $0.06
Tilt_Release: calls $0.04
*** TURN *** [9d Jd Qc] [Tc]
lpavel3010: checks 
Tilt_Release: bets $0.17
lpavel3010: folds 
Uncalled bet ($0.17) returned to Tilt_Release
Tilt_Release collected $0.17 from pot
Tilt_Release: doesn't show hand 
*** SUMMARY ***
Total pot $0.18 | Rake $0.01 
Board [9d Jd Qc Tc]
Seat 1: haibaneden folded before Flop (didn't bet)
Seat 2: Slouch07 folded before Flop (didn't bet)
Seat 3: xxvov4ikxx folded before Flop (didn't bet)
Seat 4: WilliamJBF (button) folded before Flop (didn't bet)
Seat 5: Dorex2007 (small blind) folded on the Flop
Seat 6: lpavel3010 (big blind) folded on the Turn
Seat 7: kolyasik2401 folded before Flop (didn't bet)
Seat 8: Ed Gonzalezz folded before Flop (didn't bet)
Seat 9: Tilt_Release collected ($0.17)



PokerStars Hand #223791519165:  Hold'em No Limit ($0.01/$0.02 USD) - 2021/02/13 21:15:06 PT [2021/02/14 0:15:06 ET]
Table 'Androgeos IV' 9-max Seat #5 is the button
Seat 1: haibaneden ($3.07 in chips) 
Seat 2: Slouch07 ($1.82 in chips) 
Seat 3: xxvov4ikxx ($3.23 in chips) 
Seat 4: WilliamJBF ($1.99 in chips) 
Seat 5: Dorex2007 ($3.46 in chips) 
Seat 6: lpavel3010 ($1.73 in chips) 
Seat 7: kolyasik2401 ($2.23 in chips) 
Seat 8: Ed Gonzalezz ($3 in chips) 
Seat 9: Tilt_Release ($0.89 in chips) 
lpavel3010: posts small blind $0.01
kolyasik2401: posts big blind $0.02
*** HOLE CARDS ***
Dealt to Dorex2007 [7s 4c]
Ed Gonzalezz: calls $0.02
Tilt_Release: calls $0.02
haibaneden: folds 
Slouch07: raises $0.06 to $0.08
xxvov4ikxx: folds 
WilliamJBF: calls $0.08
Dorex2007: folds 
lpavel3010: calls $0.07
kolyasik2401: folds 
Ed Gonzalezz: calls $0.06
Tilt_Release: calls $0.06
*** FLOP *** [3c Kh 3d]
lpavel3010: checks 
Ed Gonzalezz: bets $0.21
Tilt_Release: folds 
Slouch07: folds 
WilliamJBF: folds 
lpavel3010: folds 
Uncalled bet ($0.21) returned to Ed Gonzalezz
Ed Gonzalezz collected $0.41 from pot
Ed Gonzalezz: doesn't show hand 
*** SUMMARY ***
Total pot $0.42 | Rake $0.01 
Board [3c Kh 3d]
Seat 1: haibaneden folded before Flop (didn't bet)
Seat 2: Slouch07 folded on the Flop
Seat 3: xxvov4ikxx folded before Flop (didn't bet)
Seat 4: WilliamJBF folded on the Flop
Seat 5: Dorex2007 (button) folded before Flop (didn't bet)
Seat 6: lpavel3010 (small blind) folded on the Flop
Seat 7: kolyasik2401 (big blind) folded before Flop
Seat 8: Ed Gonzalezz collected ($0.41)
Seat 9: Tilt_Release folded on the Flop



PokerStars Hand #223791536933:  Hold'em No Limit ($0.01/$0.02 USD) - 2021/02/13 21:16:21 PT [2021/02/14 0:16:21 ET]
Table 'Androgeos IV' 9-max Seat #6 is the button
Seat 1: haibaneden ($3.07 in chips) 
Seat 2: Slouch07 ($1.74 in chips) 
Seat 3: xxvov4ikxx ($3.23 in chips) 
Seat 4: WilliamJBF ($1.91 in chips) 
Seat 5: Dorex2007 ($3.46 in chips) 
Seat 6: lpavel3010 ($1.65 in chips) 
Seat 7: kolyasik2401 ($2.21 in chips) 
Seat 8: Ed Gonzalezz ($3.33 in chips) 
Seat 9: Tilt_Release ($0.81 in chips) 
kolyasik2401: posts small blind $0.01
Ed Gonzalezz: posts big blind $0.02
*** HOLE CARDS ***
Dealt to Dorex2007 [4s 5s]
Tilt_Release: folds 
haibaneden: folds 
Slouch07: raises $0.03 to $0.05
xxvov4ikxx: folds 
WilliamJBF: folds 
Dorex2007: folds 
lpavel3010: folds 
kolyasik2401: folds 
Ed Gonzalezz: calls $0.03
*** FLOP *** [7s 3h Kh]
Ed Gonzalezz: checks 
Slouch07: bets $0.05
Ed Gonzalezz: folds 
Uncalled bet ($0.05) returned to Slouch07
Slouch07 collected $0.11 from pot
Slouch07: doesn't show hand 
*** SUMMARY ***
Total pot $0.11 | Rake $0 
Board [7s 3h Kh]
Seat 1: haibaneden folded before Flop (didn't bet)
Seat 2: Slouch07 collected ($0.11)
Seat 3: xxvov4ikxx folded before Flop (didn't bet)
Seat 4: WilliamJBF folded before Flop (didn't bet)
Seat 5: Dorex2007 folded before Flop (didn't bet)
Seat 6: lpavel3010 (button) folded before Flop (didn't bet)
Seat 7: kolyasik2401 (small blind) folded before Flop
Seat 8: Ed Gonzalezz (big blind) folded on the Flop
Seat 9: Tilt_Release folded before Flop (didn't bet)



PokerStars Hand #223791550373:  Hold'em No Limit ($0.01/$0.02 USD) - 2021/02/13 21:17:08 PT [2021/02/14 0:17:08 ET]
Table 'Androgeos IV' 9-max Seat #7 is the button
Seat 1: haibaneden ($3.07 in chips) 
Seat 2: Slouch07 ($1.80 in chips) 
Seat 3: xxvov4ikxx ($3.23 in chips) 
Seat 4: WilliamJBF ($1.91 in chips) 
Seat 5: Dorex2007 ($3.46 in chips) 
Seat 6: lpavel3010 ($1.65 in chips) 
Seat 7: kolyasik2401 ($2.20 in chips) 
Seat 8: Ed Gonzalezz ($3.28 in chips) 
Seat 9: Tilt_Release ($0.81 in chips) 
Ed Gonzalezz: posts small blind $0.01
Tilt_Release: posts big blind $0.02
*** HOLE CARDS ***
Dealt to Dorex2007 [Tc 5d]
haibaneden: folds 
Slouch07: folds 
xxvov4ikxx: folds 
WilliamJBF: folds 
Dorex2007: folds 
lpavel3010: raises $0.02 to $0.04
kolyasik2401: folds 
Ed Gonzalezz: calls $0.03
Tilt_Release: calls $0.02
*** FLOP *** [Td 5s 6c]
Ed Gonzalezz: checks 
Tilt_Release: checks 
lpavel3010: bets $0.06
Ed Gonzalezz: calls $0.06
Tilt_Release: folds 
*** TURN *** [Td 5s 6c] [Qc]
Ed Gonzalezz: bets $0.17
lpavel3010: calls $0.17
*** RIVER *** [Td 5s 6c Qc] [2h]
Ed Gonzalezz: bets $0.42
lpavel3010: folds 
Uncalled bet ($0.42) returned to Ed Gonzalezz
Ed Gonzalezz collected $0.56 from pot
Ed Gonzalezz: doesn't show hand 
*** SUMMARY ***
Total pot $0.58 | Rake $0.02 
Board [Td 5s 6c Qc 2h]
Seat 1: haibaneden folded before Flop (didn't bet)
Seat 2: Slouch07 folded before Flop (didn't bet)
Seat 3: xxvov4ikxx folded before Flop (didn't bet)
Seat 4: WilliamJBF folded before Flop (didn't bet)
Seat 5: Dorex2007 folded before Flop (didn't bet)
Seat 6: lpavel3010 folded on the River
Seat 7: kolyasik2401 (button) folded before Flop (didn't bet)
Seat 8: Ed Gonzalezz (small blind) collected ($0.56)
Seat 9: Tilt_Release (big blind) folded on the Flop



PokerStars Hand #223791567583:  Hold'em No Limit ($0.01/$0.02 USD) - 2021/02/13 21:18:19 PT [2021/02/14 0:18:19 ET]
Table 'Androgeos IV' 9-max Seat #8 is the button
Seat 1: haibaneden ($3.07 in chips) 
Seat 2: Slouch07 ($1.80 in chips) 
Seat 3: xxvov4ikxx ($3.23 in chips) 
Seat 4: WilliamJBF ($1.91 in chips) 
Seat 5: Dorex2007 ($3.46 in chips) 
Seat 6: lpavel3010 ($1.38 in chips) 
Seat 7: kolyasik2401 ($2.20 in chips) 
Seat 8: Ed Gonzalezz ($3.57 in chips) 
Seat 9: Tilt_Release ($0.77 in chips) 
Tilt_Release: posts small blind $0.01
haibaneden: posts big blind $0.02
*** HOLE CARDS ***
Dealt to Dorex2007 [8d Tc]
Slouch07: folds 
xxvov4ikxx: calls $0.02
WilliamJBF: folds 
Dorex2007: folds 
lpavel3010: folds 
kolyasik2401: folds 
Ed Gonzalezz: folds 
Tilt_Release: folds 
haibaneden: checks 
*** FLOP *** [5c Jc Ah]
lpavel3010 leaves the table
haibaneden: checks 
gehnik joins the table at seat #6 
xxvov4ikxx: checks 
*** TURN *** [5c Jc Ah] [6s]
haibaneden: checks 
xxvov4ikxx: bets $0.03
haibaneden: calls $0.03
*** RIVER *** [5c Jc Ah 6s] [Qs]
haibaneden: checks 
xxvov4ikxx: checks 
*** SHOW DOWN ***
haibaneden: shows [6c 7d] (a pair of Sixes)
xxvov4ikxx: shows [Th Jd] (a pair of Jacks)
xxvov4ikxx collected $0.11 from pot
*** SUMMARY ***
Total pot $0.11 | Rake $0 
Board [5c Jc Ah 6s Qs]
Seat 1: haibaneden (big blind) showed [6c 7d] and lost with a pair of Sixes
Seat 2: Slouch07 folded before Flop (didn't bet)
Seat 3: xxvov4ikxx showed [Th Jd] and won ($0.11) with a pair of Jacks
Seat 4: WilliamJBF folded before Flop (didn't bet)
Seat 5: Dorex2007 folded before Flop (didn't bet)
Seat 6: lpavel3010 folded before Flop (didn't bet)
Seat 7: kolyasik2401 folded before Flop (didn't bet)
Seat 8: Ed Gonzalezz (button) folded before Flop (didn't bet)
Seat 9: Tilt_Release (small blind) folded before Flop



