PokerStars Hand #231683687701:  Hold'em No Limit ($0.01/$0.02 USD) - 2021/11/24 21:39:20 PT [2021/11/25 0:39:20 ET]
Table 'Alauda III' 9-max Seat #9 is the button
Seat 1: MusaiT ($4.50 in chips) 
Seat 2: nadokesh ($2 in chips) 
Seat 3: HortonRoundtree ($2.99 in chips) 
Seat 4: BR00RB ($1.61 in chips) 
Seat 5: GianniML ($2.35 in chips) 
Seat 6: 69vladimir69 ($0.79 in chips) 
Seat 7: Dorex2007 ($2 in chips) 
Seat 8: Twisted369 ($6.50 in chips) 
Seat 9: Svetlyak ($2.41 in chips) 
MusaiT: posts small blind $0.01
nadokesh: posts big blind $0.02
Dorex2007: posts big blind $0.02
*** HOLE CARDS ***
Dealt to Dorex2007 [6d Jd]
HortonRoundtree: folds 
BR00RB has timed out
BR00RB: folds 
GianniML: folds 
69vladimir69: calls $0.02
Dorex2007: checks 
Twisted369: calls $0.02
Svetlyak: folds 
MusaiT: raises $0.09 to $0.11
nadokesh: folds 
69vladimir69: folds 
Dorex2007: folds 
Twisted369: calls $0.09
*** FLOP *** [Jc 6h 3d]
MusaiT: bets $0.18
Twisted369: folds 
Uncalled bet ($0.18) returned to MusaiT
MusaiT collected $0.27 from pot
*** SUMMARY ***
Total pot $0.28 | Rake $0.01 
Board [Jc 6h 3d]
Seat 1: MusaiT (small blind) collected ($0.27)
Seat 2: nadokesh (big blind) folded before Flop
Seat 3: HortonRoundtree folded before Flop (didn't bet)
Seat 4: BR00RB folded before Flop (didn't bet)
Seat 5: GianniML folded before Flop (didn't bet)
Seat 6: 69vladimir69 folded before Flop
Seat 7: Dorex2007 folded before Flop (didn't bet)
Seat 8: Twisted369 folded on the Flop
Seat 9: Svetlyak (button) folded before Flop (didn't bet)



PokerStars Hand #231683695977:  Hold'em No Limit ($0.01/$0.02 USD) - 2021/11/24 21:40:19 PT [2021/11/25 0:40:19 ET]
Table 'Alauda III' 9-max Seat #1 is the button
Seat 1: MusaiT ($4.66 in chips) 
Seat 2: nadokesh ($2 in chips) 
Seat 3: HortonRoundtree ($2.99 in chips) 
Seat 4: BR00RB ($1.61 in chips) 
Seat 5: GianniML ($2.35 in chips) 
Seat 6: 69vladimir69 ($0.77 in chips) 
Seat 7: Dorex2007 ($2 in chips) 
Seat 8: Twisted369 ($6.39 in chips) 
Seat 9: Svetlyak ($2.41 in chips) 
nadokesh: posts small blind $0.01
HortonRoundtree: posts big blind $0.02
*** HOLE CARDS ***
Dealt to Dorex2007 [Qc 9s]
BR00RB: folds 
GianniML: folds 
69vladimir69: folds 
Dorex2007: folds 
Twisted369: raises $0.02 to $0.04
Svetlyak: folds 
MusaiT: folds 
nadokesh: calls $0.03
HortonRoundtree: calls $0.02
*** FLOP *** [Ac 7c 3c]
nadokesh: checks 
HortonRoundtree: bets $0.06
Twisted369: calls $0.06
nadokesh: folds 
*** TURN *** [Ac 7c 3c] [5c]
HortonRoundtree: bets $0.10
Twisted369: calls $0.10
*** RIVER *** [Ac 7c 3c 5c] [5s]
HortonRoundtree: bets $0.16
Twisted369: raises $0.40 to $0.56
HortonRoundtree: folds 
Uncalled bet ($0.40) returned to Twisted369
Twisted369 collected $0.73 from pot
Twisted369: doesn't show hand 
*** SUMMARY ***
Total pot $0.76 | Rake $0.03 
Board [Ac 7c 3c 5c 5s]
Seat 1: MusaiT (button) folded before Flop (didn't bet)
Seat 2: nadokesh (small blind) folded on the Flop
Seat 3: HortonRoundtree (big blind) folded on the River
Seat 4: BR00RB folded before Flop (didn't bet)
Seat 5: GianniML folded before Flop (didn't bet)
Seat 6: 69vladimir69 folded before Flop (didn't bet)
Seat 7: Dorex2007 folded before Flop (didn't bet)
Seat 8: Twisted369 collected ($0.73)
Seat 9: Svetlyak folded before Flop (didn't bet)



PokerStars Hand #231683705512:  Hold'em No Limit ($0.01/$0.02 USD) - 2021/11/24 21:41:28 PT [2021/11/25 0:41:28 ET]
Table 'Alauda III' 9-max Seat #2 is the button
Seat 1: MusaiT ($4.66 in chips) 
Seat 2: nadokesh ($2 in chips) 
Seat 3: HortonRoundtree ($2.63 in chips) 
Seat 4: BR00RB ($1.61 in chips) 
Seat 5: GianniML ($2.35 in chips) 
Seat 6: 69vladimir69 ($0.77 in chips) 
Seat 7: Dorex2007 ($2 in chips) 
Seat 8: Twisted369 ($6.76 in chips) 
Seat 9: Svetlyak ($2.41 in chips) 
HortonRoundtree: posts small blind $0.01
BR00RB: posts big blind $0.02
*** HOLE CARDS ***
Dealt to Dorex2007 [7d Th]
GianniML: folds 
69vladimir69: folds 
Dorex2007: folds 
Twisted369: raises $0.02 to $0.04
Svetlyak: folds 
MusaiT: folds 
nadokesh: calls $0.04
HortonRoundtree: calls $0.03
BR00RB: folds 
*** FLOP *** [Jd 3d 9c]
HortonRoundtree: checks 
Twisted369: bets $0.12
nadokesh: folds 
HortonRoundtree: folds 
Uncalled bet ($0.12) returned to Twisted369
Twisted369 collected $0.14 from pot
Twisted369: doesn't show hand 
*** SUMMARY ***
Total pot $0.14 | Rake $0 
Board [Jd 3d 9c]
Seat 1: MusaiT folded before Flop (didn't bet)
Seat 2: nadokesh (button) folded on the Flop
Seat 3: HortonRoundtree (small blind) folded on the Flop
Seat 4: BR00RB (big blind) folded before Flop
Seat 5: GianniML folded before Flop (didn't bet)
Seat 6: 69vladimir69 folded before Flop (didn't bet)
Seat 7: Dorex2007 folded before Flop (didn't bet)
Seat 8: Twisted369 collected ($0.14)
Seat 9: Svetlyak folded before Flop (didn't bet)



PokerStars Hand #231683710488:  Hold'em No Limit ($0.01/$0.02 USD) - 2021/11/24 21:42:04 PT [2021/11/25 0:42:04 ET]
Table 'Alauda III' 9-max Seat #3 is the button
Seat 1: MusaiT ($4.66 in chips) 
Seat 2: nadokesh ($2 in chips) 
Seat 3: HortonRoundtree ($2.59 in chips) 
Seat 4: BR00RB ($1.59 in chips) 
Seat 5: GianniML ($2.35 in chips) 
Seat 6: 69vladimir69 ($0.77 in chips) 
Seat 7: Dorex2007 ($2 in chips) 
Seat 8: Twisted369 ($6.86 in chips) 
Seat 9: Svetlyak ($2.41 in chips) 
BR00RB: posts small blind $0.01
GianniML: posts big blind $0.02
*** HOLE CARDS ***
Dealt to Dorex2007 [As 2d]
69vladimir69: folds 
Dorex2007: folds 
Twisted369: folds 
Svetlyak: folds 
MusaiT: folds 
nadokesh: folds 
HortonRoundtree: folds 
BR00RB: calls $0.01
GianniML: checks 
*** FLOP *** [Qh 9c Ks]
BR00RB: checks 
GianniML: checks 
*** TURN *** [Qh 9c Ks] [4c]
BR00RB: bets $0.02
GianniML: folds 
Uncalled bet ($0.02) returned to BR00RB
BR00RB collected $0.04 from pot
BR00RB: doesn't show hand 
*** SUMMARY ***
Total pot $0.04 | Rake $0 
Board [Qh 9c Ks 4c]
Seat 1: MusaiT folded before Flop (didn't bet)
Seat 2: nadokesh folded before Flop (didn't bet)
Seat 3: HortonRoundtree (button) folded before Flop (didn't bet)
Seat 4: BR00RB (small blind) collected ($0.04)
Seat 5: GianniML (big blind) folded on the Turn
Seat 6: 69vladimir69 folded before Flop (didn't bet)
Seat 7: Dorex2007 folded before Flop (didn't bet)
Seat 8: Twisted369 folded before Flop (didn't bet)
Seat 9: Svetlyak folded before Flop (didn't bet)



PokerStars Hand #231683714831:  Hold'em No Limit ($0.01/$0.02 USD) - 2021/11/24 21:42:35 PT [2021/11/25 0:42:35 ET]
Table 'Alauda III' 9-max Seat #4 is the button
Seat 1: MusaiT ($4.66 in chips) 
Seat 2: nadokesh ($2 in chips) 
Seat 3: HortonRoundtree ($2.59 in chips) 
Seat 4: BR00RB ($1.61 in chips) 
Seat 5: GianniML ($2.33 in chips) 
Seat 6: 69vladimir69 ($0.77 in chips) 
Seat 7: Dorex2007 ($2 in chips) 
Seat 8: Twisted369 ($6.86 in chips) 
Seat 9: Svetlyak ($2.41 in chips) 
GianniML: posts small blind $0.01
69vladimir69: posts big blind $0.02
*** HOLE CARDS ***
Dealt to Dorex2007 [2s 6d]
Dorex2007: folds 
Twisted369: folds 
Svetlyak: folds 
MusaiT: folds 
nadokesh: folds 
HortonRoundtree: folds 
BR00RB: raises $0.02 to $0.04
GianniML: folds 
69vladimir69: calls $0.02
*** FLOP *** [Kd Th 8c]
69vladimir69: checks 
BR00RB: bets $0.02
69vladimir69: calls $0.02
*** TURN *** [Kd Th 8c] [2d]
69vladimir69: checks 
BR00RB: checks 
*** RIVER *** [Kd Th 8c 2d] [Qs]
69vladimir69: bets $0.13
BR00RB: raises $1.42 to $1.55 and is all-in
69vladimir69: calls $0.58 and is all-in
Uncalled bet ($0.84) returned to BR00RB
*** SHOW DOWN ***
BR00RB: shows [Ac Jd] (a straight, Ten to Ace)
69vladimir69: shows [7c Kh] (a pair of Kings)
BR00RB collected $1.50 from pot
*** SUMMARY ***
Total pot $1.55 | Rake $0.05 
Board [Kd Th 8c 2d Qs]
Seat 1: MusaiT folded before Flop (didn't bet)
Seat 2: nadokesh folded before Flop (didn't bet)
Seat 3: HortonRoundtree folded before Flop (didn't bet)
Seat 4: BR00RB (button) showed [Ac Jd] and won ($1.50) with a straight, Ten to Ace
Seat 5: GianniML (small blind) folded before Flop
Seat 6: 69vladimir69 (big blind) showed [7c Kh] and lost with a pair of Kings
Seat 7: Dorex2007 folded before Flop (didn't bet)
Seat 8: Twisted369 folded before Flop (didn't bet)
Seat 9: Svetlyak folded before Flop (didn't bet)



PokerStars Hand #231683723313:  Hold'em No Limit ($0.01/$0.02 USD) - 2021/11/24 21:43:36 PT [2021/11/25 0:43:36 ET]
Table 'Alauda III' 9-max Seat #5 is the button
Seat 1: MusaiT ($4.66 in chips) 
Seat 2: nadokesh ($2 in chips) 
Seat 3: HortonRoundtree ($2.59 in chips) 
Seat 4: BR00RB ($2.34 in chips) 
Seat 5: GianniML ($2.32 in chips) 
Seat 7: Dorex2007 ($2 in chips) 
Seat 8: Twisted369 ($6.86 in chips) 
Seat 9: Svetlyak ($2.41 in chips) 
Dorex2007: posts small blind $0.01
Twisted369: posts big blind $0.02
*** HOLE CARDS ***
Dealt to Dorex2007 [Th Kd]
Svetlyak: folds 
MusaiT: folds 
nadokesh: raises $0.02 to $0.04
HortonRoundtree: folds 
BR00RB: folds 
GianniML: calls $0.04
Dorex2007: calls $0.03
Twisted369: folds 
*** FLOP *** [4c Ad As]
Dorex2007: checks 
nadokesh: checks 
GianniML: checks 
*** TURN *** [4c Ad As] [5c]
Dorex2007: checks 
nadokesh: checks 
GianniML: bets $0.04
Dorex2007: folds 
nadokesh: calls $0.04
*** RIVER *** [4c Ad As 5c] [3d]
nadokesh: checks 
GianniML: checks 
*** SHOW DOWN ***
nadokesh: shows [8d 8h] (two pair, Aces and Eights)
GianniML: mucks hand 
nadokesh collected $0.21 from pot
*** SUMMARY ***
Total pot $0.22 | Rake $0.01 
Board [4c Ad As 5c 3d]
Seat 1: MusaiT folded before Flop (didn't bet)
Seat 2: nadokesh showed [8d 8h] and won ($0.21) with two pair, Aces and Eights
Seat 3: HortonRoundtree folded before Flop (didn't bet)
Seat 4: BR00RB folded before Flop (didn't bet)
Seat 5: GianniML (button) mucked [5h 6h]
Seat 7: Dorex2007 (small blind) folded on the Turn
Seat 8: Twisted369 (big blind) folded before Flop
Seat 9: Svetlyak folded before Flop (didn't bet)



PokerStars Hand #231683733788:  Hold'em No Limit ($0.01/$0.02 USD) - 2021/11/24 21:44:51 PT [2021/11/25 0:44:51 ET]
Table 'Alauda III' 9-max Seat #7 is the button
Seat 1: MusaiT ($4.66 in chips) 
Seat 2: nadokesh ($2.13 in chips) 
Seat 3: HortonRoundtree ($2.59 in chips) 
Seat 4: BR00RB ($2.34 in chips) 
Seat 5: GianniML ($2.24 in chips) 
Seat 7: Dorex2007 ($2 in chips) 
Seat 8: Twisted369 ($6.84 in chips) 
Seat 9: Svetlyak ($2.41 in chips) 
Twisted369: posts small blind $0.01
Svetlyak: posts big blind $0.02
69vladimir69: sits out 
*** HOLE CARDS ***
Dealt to Dorex2007 [4h Qc]
MusaiT: folds 
nadokesh: folds 
HortonRoundtree: folds 
BR00RB: folds 
GianniML: folds 
Dorex2007: folds 
Twisted369: raises $0.04 to $0.06
Svetlyak: folds 
Uncalled bet ($0.04) returned to Twisted369
Twisted369 collected $0.04 from pot
Twisted369: doesn't show hand 
*** SUMMARY ***
Total pot $0.04 | Rake $0 
Seat 1: MusaiT folded before Flop (didn't bet)
Seat 2: nadokesh folded before Flop (didn't bet)
Seat 3: HortonRoundtree folded before Flop (didn't bet)
Seat 4: BR00RB folded before Flop (didn't bet)
Seat 5: GianniML folded before Flop (didn't bet)
Seat 7: Dorex2007 (button) folded before Flop (didn't bet)
Seat 8: Twisted369 (small blind) collected ($0.04)
Seat 9: Svetlyak (big blind) folded before Flop



PokerStars Hand #231683736396:  Hold'em No Limit ($0.01/$0.02 USD) - 2021/11/24 21:45:10 PT [2021/11/25 0:45:10 ET]
Table 'Alauda III' 9-max Seat #8 is the button
Seat 1: MusaiT ($4.66 in chips) 
Seat 2: nadokesh ($2.13 in chips) 
Seat 3: HortonRoundtree ($2.59 in chips) 
Seat 4: BR00RB ($2.34 in chips) 
Seat 5: GianniML ($2.24 in chips) 
Seat 6: 69vladimir69 ($2 in chips) 
Seat 7: Dorex2007 ($2 in chips) 
Seat 8: Twisted369 ($6.86 in chips) 
Seat 9: Svetlyak ($2.39 in chips) 
Svetlyak: posts small blind $0.01
MusaiT: posts big blind $0.02
69vladimir69: posts small blind $0.01
*** HOLE CARDS ***
Dealt to Dorex2007 [Kh 9h]
nadokesh: folds 
HortonRoundtree: folds 
BR00RB: folds 
GianniML: folds 
69vladimir69: calls $0.02
Dorex2007: calls $0.02
Twisted369: folds 
Svetlyak: calls $0.01
MusaiT: checks 
*** FLOP *** [5d 3d 4c]
Svetlyak: checks 
MusaiT: checks 
69vladimir69: bets $0.09
Dorex2007: folds 
Svetlyak: folds 
MusaiT: folds 
Uncalled bet ($0.09) returned to 69vladimir69
69vladimir69 collected $0.09 from pot
*** SUMMARY ***
Total pot $0.09 | Rake $0 
Board [5d 3d 4c]
Seat 1: MusaiT (big blind) folded on the Flop
Seat 2: nadokesh folded before Flop (didn't bet)
Seat 3: HortonRoundtree folded before Flop (didn't bet)
Seat 4: BR00RB folded before Flop (didn't bet)
Seat 5: GianniML folded before Flop (didn't bet)
Seat 6: 69vladimir69 collected ($0.09)
Seat 7: Dorex2007 folded on the Flop
Seat 8: Twisted369 (button) folded before Flop (didn't bet)
Seat 9: Svetlyak (small blind) folded on the Flop



PokerStars Hand #231683742306:  Hold'em No Limit ($0.01/$0.02 USD) - 2021/11/24 21:45:52 PT [2021/11/25 0:45:52 ET]
Table 'Alauda III' 9-max Seat #9 is the button
Seat 1: MusaiT ($4.64 in chips) 
Seat 2: nadokesh ($2.13 in chips) 
Seat 3: HortonRoundtree ($2.59 in chips) 
Seat 4: BR00RB ($2.34 in chips) 
Seat 5: GianniML ($2.24 in chips) 
Seat 6: 69vladimir69 ($2.06 in chips) 
Seat 7: Dorex2007 ($2 in chips) 
Seat 8: Twisted369 ($6.86 in chips) 
Seat 9: Svetlyak ($2.37 in chips) 
MusaiT: posts small blind $0.01
nadokesh: posts big blind $0.02
*** HOLE CARDS ***
Dealt to Dorex2007 [Ah 6h]
HortonRoundtree: folds 
BR00RB: raises $0.02 to $0.04
GianniML: folds 
69vladimir69: calls $0.04
Dorex2007: folds 
Twisted369: folds 
Svetlyak: folds 
MusaiT: folds 
nadokesh: folds 
*** FLOP *** [7c 2d Tc]
BR00RB: checks 
69vladimir69: checks 
*** TURN *** [7c 2d Tc] [6c]
BR00RB: bets $0.02
69vladimir69: raises $0.02 to $0.04
BR00RB: calls $0.02
*** RIVER *** [7c 2d Tc 6c] [Jd]
BR00RB: bets $0.02
69vladimir69: calls $0.02
*** SHOW DOWN ***
BR00RB: shows [5s 5d] (a pair of Fives)
69vladimir69: shows [As 6s] (a pair of Sixes)
69vladimir69 collected $0.22 from pot
*** SUMMARY ***
Total pot $0.23 | Rake $0.01 
Board [7c 2d Tc 6c Jd]
Seat 1: MusaiT (small blind) folded before Flop
Seat 2: nadokesh (big blind) folded before Flop
Seat 3: HortonRoundtree folded before Flop (didn't bet)
Seat 4: BR00RB showed [5s 5d] and lost with a pair of Fives
Seat 5: GianniML folded before Flop (didn't bet)
Seat 6: 69vladimir69 showed [As 6s] and won ($0.22) with a pair of Sixes
Seat 7: Dorex2007 folded before Flop (didn't bet)
Seat 8: Twisted369 folded before Flop (didn't bet)
Seat 9: Svetlyak (button) folded before Flop (didn't bet)



PokerStars Hand #231683751965:  Hold'em No Limit ($0.01/$0.02 USD) - 2021/11/24 21:46:26 PT [2021/11/25 0:46:26 ET]
Table 'Alauda III' 9-max Seat #1 is the button
Seat 1: MusaiT ($4.63 in chips) 
Seat 2: nadokesh ($2.11 in chips) 
Seat 3: HortonRoundtree ($2.59 in chips) 
Seat 4: BR00RB ($2.24 in chips) 
Seat 5: GianniML ($2.24 in chips) 
Seat 6: 69vladimir69 ($2.18 in chips) 
Seat 7: Dorex2007 ($2 in chips) 
Seat 8: Twisted369 ($6.86 in chips) 
Seat 9: Svetlyak ($2.37 in chips) 
nadokesh: posts small blind $0.01
HortonRoundtree: posts big blind $0.02
*** HOLE CARDS ***
Dealt to Dorex2007 [3d 6s]
BR00RB has timed out
BR00RB: folds 
GianniML: folds 
69vladimir69: calls $0.02
Dorex2007: folds 
Twisted369: folds 
Svetlyak: raises $0.06 to $0.08
MusaiT: folds 
nadokesh: folds 
HortonRoundtree: calls $0.06
69vladimir69: calls $0.06
*** FLOP *** [Ks Kd Kh]
HortonRoundtree: checks 
69vladimir69: bets $0.02
Svetlyak: raises $0.14 to $0.16
HortonRoundtree: folds 
69vladimir69: calls $0.14
*** TURN *** [Ks Kd Kh] [Qh]
69vladimir69: bets $0.02
Svetlyak: calls $0.02
*** RIVER *** [Ks Kd Kh Qh] [Td]
69vladimir69: bets $0.30
Svetlyak: folds 
Uncalled bet ($0.30) returned to 69vladimir69
69vladimir69 collected $0.59 from pot
*** SUMMARY ***
Total pot $0.61 | Rake $0.02 
Board [Ks Kd Kh Qh Td]
Seat 1: MusaiT (button) folded before Flop (didn't bet)
Seat 2: nadokesh (small blind) folded before Flop
Seat 3: HortonRoundtree (big blind) folded on the Flop
Seat 4: BR00RB folded before Flop (didn't bet)
Seat 5: GianniML folded before Flop (didn't bet)
Seat 6: 69vladimir69 collected ($0.59)
Seat 7: Dorex2007 folded before Flop (didn't bet)
Seat 8: Twisted369 folded before Flop (didn't bet)
Seat 9: Svetlyak folded on the River



PokerStars Hand #231683766215:  Hold'em No Limit ($0.01/$0.02 USD) - 2021/11/24 21:47:32 PT [2021/11/25 0:47:32 ET]
Table 'Alauda III' 9-max Seat #2 is the button
Seat 1: MusaiT ($4.63 in chips) 
Seat 2: nadokesh ($2.10 in chips) 
Seat 3: HortonRoundtree ($2.51 in chips) 
Seat 5: GianniML ($2.24 in chips) 
Seat 6: 69vladimir69 ($2.51 in chips) 
Seat 7: Dorex2007 ($2 in chips) 
Seat 8: Twisted369 ($6.86 in chips) 
Seat 9: Svetlyak ($2.11 in chips) 
HortonRoundtree: posts small blind $0.01
GianniML: posts big blind $0.02
*** HOLE CARDS ***
Dealt to Dorex2007 [2s Jd]
69vladimir69: calls $0.02
Dorex2007: folds 
Twisted369: folds 
Svetlyak: folds 
MusaiT: calls $0.02
nadokesh: folds 
HortonRoundtree: folds 
GianniML: checks 
*** FLOP *** [9h 8c 5c]
GianniML: checks 
69vladimir69: checks 
MusaiT: checks 
*** TURN *** [9h 8c 5c] [6h]
GianniML: checks 
69vladimir69: bets $0.02
MusaiT: raises $0.08 to $0.10
GianniML: folds 
69vladimir69: raises $0.08 to $0.18
MusaiT: calls $0.08
*** RIVER *** [9h 8c 5c 6h] [5s]
69vladimir69: bets $0.21
MusaiT: calls $0.21
*** SHOW DOWN ***
69vladimir69: shows [Js 7d] (a straight, Five to Nine)
MusaiT: shows [7s 7c] (a straight, Five to Nine)
69vladimir69 collected $0.41 from pot
MusaiT collected $0.41 from pot
*** SUMMARY ***
Total pot $0.85 | Rake $0.03 
Board [9h 8c 5c 6h 5s]
Seat 1: MusaiT showed [7s 7c] and won ($0.41) with a straight, Five to Nine
Seat 2: nadokesh (button) folded before Flop (didn't bet)
Seat 3: HortonRoundtree (small blind) folded before Flop
Seat 5: GianniML (big blind) folded on the Turn
Seat 6: 69vladimir69 showed [Js 7d] and won ($0.41) with a straight, Five to Nine
Seat 7: Dorex2007 folded before Flop (didn't bet)
Seat 8: Twisted369 folded before Flop (didn't bet)
Seat 9: Svetlyak folded before Flop (didn't bet)



PokerStars Hand #231683773178:  Hold'em No Limit ($0.01/$0.02 USD) - 2021/11/24 21:48:22 PT [2021/11/25 0:48:22 ET]
Table 'Alauda III' 9-max Seat #3 is the button
Seat 1: MusaiT ($4.63 in chips) 
Seat 2: nadokesh ($2.10 in chips) 
Seat 3: HortonRoundtree ($2.50 in chips) 
Seat 5: GianniML ($2.22 in chips) 
Seat 6: 69vladimir69 ($2.51 in chips) 
Seat 7: Dorex2007 ($2 in chips) 
Seat 8: Twisted369 ($6.86 in chips) 
Seat 9: Svetlyak ($2.11 in chips) 
GianniML: posts small blind $0.01
69vladimir69: posts big blind $0.02
*** HOLE CARDS ***
Dealt to Dorex2007 [Qc 6d]
Dorex2007: folds 
Twisted369: calls $0.02
Svetlyak: folds 
MusaiT: folds 
nadokesh: folds 
HortonRoundtree: folds 
GianniML: folds 
69vladimir69: checks 
*** FLOP *** [6c 9s Qs]
69vladimir69: bets $0.02
Twisted369: folds 
Uncalled bet ($0.02) returned to 69vladimir69
69vladimir69 collected $0.05 from pot
*** SUMMARY ***
Total pot $0.05 | Rake $0 
Board [6c 9s Qs]
Seat 1: MusaiT folded before Flop (didn't bet)
Seat 2: nadokesh folded before Flop (didn't bet)
Seat 3: HortonRoundtree (button) folded before Flop (didn't bet)
Seat 5: GianniML (small blind) folded before Flop
Seat 6: 69vladimir69 (big blind) collected ($0.05)
Seat 7: Dorex2007 folded before Flop (didn't bet)
Seat 8: Twisted369 folded on the Flop
Seat 9: Svetlyak folded before Flop (didn't bet)



PokerStars Hand #231683781122:  Hold'em No Limit ($0.01/$0.02 USD) - 2021/11/24 21:48:44 PT [2021/11/25 0:48:44 ET]
Table 'Alauda III' 9-max Seat #5 is the button
Seat 1: MusaiT ($4.63 in chips) 
Seat 2: nadokesh ($2.10 in chips) 
Seat 3: HortonRoundtree ($2.50 in chips) 
Seat 5: GianniML ($2.21 in chips) 
Seat 6: 69vladimir69 ($2.54 in chips) 
Seat 7: Dorex2007 ($2 in chips) 
Seat 8: Twisted369 ($6.84 in chips) 
Seat 9: Svetlyak ($2.11 in chips) 
69vladimir69: posts small blind $0.01
Dorex2007: posts big blind $0.02
*** HOLE CARDS ***
Dealt to Dorex2007 [As Tc]
Twisted369: folds 
Svetlyak: folds 
MusaiT: raises $0.04 to $0.06
nadokesh: folds 
HortonRoundtree: folds 
GianniML: folds 
69vladimir69: calls $0.05
Dorex2007: calls $0.04
*** FLOP *** [9c 7c 4h]
69vladimir69: checks 
Dorex2007: bets $0.17
MusaiT: folds 
69vladimir69: folds 
Uncalled bet ($0.17) returned to Dorex2007
Dorex2007 collected $0.17 from pot
Dorex2007: doesn't show hand 
*** SUMMARY ***
Total pot $0.18 | Rake $0.01 
Board [9c 7c 4h]
Seat 1: MusaiT folded on the Flop
Seat 2: nadokesh folded before Flop (didn't bet)
Seat 3: HortonRoundtree folded before Flop (didn't bet)
Seat 5: GianniML (button) folded before Flop (didn't bet)
Seat 6: 69vladimir69 (small blind) folded on the Flop
Seat 7: Dorex2007 (big blind) collected ($0.17)
Seat 8: Twisted369 folded before Flop (didn't bet)
Seat 9: Svetlyak folded before Flop (didn't bet)



PokerStars Hand #231683784277:  Hold'em No Limit ($0.01/$0.02 USD) - 2021/11/24 21:49:06 PT [2021/11/25 0:49:06 ET]
Table 'Alauda III' 9-max Seat #6 is the button
Seat 1: MusaiT ($4.57 in chips) 
Seat 2: nadokesh ($2.10 in chips) 
Seat 3: HortonRoundtree ($2.50 in chips) 
Seat 5: GianniML ($2.21 in chips) 
Seat 6: 69vladimir69 ($2.48 in chips) 
Seat 7: Dorex2007 ($2.11 in chips) 
Seat 8: Twisted369 ($6.84 in chips) 
Seat 9: Svetlyak ($2.11 in chips) 
Dorex2007: posts small blind $0.01
Twisted369: posts big blind $0.02
*** HOLE CARDS ***
Dealt to Dorex2007 [6d Th]
Svetlyak: folds 
MusaiT: folds 
nadokesh: raises $0.03 to $0.05
HortonRoundtree: folds 
GianniML: folds 
69vladimir69: calls $0.05
Dorex2007: folds 
Twisted369: folds 
*** FLOP *** [9h 2d Ad]
nadokesh: checks 
69vladimir69: bets $0.02
nadokesh: calls $0.02
*** TURN *** [9h 2d Ad] [4c]
nadokesh: checks 
69vladimir69: bets $0.02
nadokesh: calls $0.02
*** RIVER *** [9h 2d Ad 4c] [Ac]
nadokesh: checks 
69vladimir69: bets $0.04
nadokesh: calls $0.04
*** SHOW DOWN ***
69vladimir69: shows [Qc 9s] (two pair, Aces and Nines)
nadokesh: mucks hand 
69vladimir69 collected $0.28 from pot
*** SUMMARY ***
Total pot $0.29 | Rake $0.01 
Board [9h 2d Ad 4c Ac]
Seat 1: MusaiT folded before Flop (didn't bet)
Seat 2: nadokesh mucked [7h 7d]
Seat 3: HortonRoundtree folded before Flop (didn't bet)
Seat 5: GianniML folded before Flop (didn't bet)
Seat 6: 69vladimir69 (button) showed [Qc 9s] and won ($0.28) with two pair, Aces and Nines
Seat 7: Dorex2007 (small blind) folded before Flop
Seat 8: Twisted369 (big blind) folded before Flop
Seat 9: Svetlyak folded before Flop (didn't bet)



PokerStars Hand #231683789450:  Hold'em No Limit ($0.01/$0.02 USD) - 2021/11/24 21:49:44 PT [2021/11/25 0:49:44 ET]
Table 'Alauda III' 9-max Seat #7 is the button
Seat 1: MusaiT ($4.57 in chips) 
Seat 2: nadokesh ($2 in chips) 
Seat 3: HortonRoundtree ($2.50 in chips) 
Seat 5: GianniML ($2.21 in chips) 
Seat 6: 69vladimir69 ($2.63 in chips) 
Seat 7: Dorex2007 ($2.10 in chips) 
Seat 8: Twisted369 ($6.82 in chips) 
Seat 9: Svetlyak ($2.11 in chips) 
Twisted369: posts small blind $0.01
Svetlyak: posts big blind $0.02
*** HOLE CARDS ***
Dealt to Dorex2007 [5d 2h]
MusaiT: raises $0.04 to $0.06
nadokesh: folds 
HortonRoundtree: folds 
GianniML: folds 
69vladimir69: calls $0.06
Dorex2007: folds 
Twisted369: folds 
Svetlyak: folds 
*** FLOP *** [7d 5s 7c]
MusaiT: bets $0.05
69vladimir69: calls $0.05
*** TURN *** [7d 5s 7c] [Ad]
MusaiT: bets $0.16
69vladimir69: calls $0.16
*** RIVER *** [7d 5s 7c Ad] [Js]
MusaiT: bets $0.66
69vladimir69: folds 
Uncalled bet ($0.66) returned to MusaiT
MusaiT collected $0.55 from pot
*** SUMMARY ***
Total pot $0.57 | Rake $0.02 
Board [7d 5s 7c Ad Js]
Seat 1: MusaiT collected ($0.55)
Seat 2: nadokesh folded before Flop (didn't bet)
Seat 3: HortonRoundtree folded before Flop (didn't bet)
Seat 5: GianniML folded before Flop (didn't bet)
Seat 6: 69vladimir69 folded on the River
Seat 7: Dorex2007 (button) folded before Flop (didn't bet)
Seat 8: Twisted369 (small blind) folded before Flop
Seat 9: Svetlyak (big blind) folded before Flop



PokerStars Hand #231683794284:  Hold'em No Limit ($0.01/$0.02 USD) - 2021/11/24 21:50:20 PT [2021/11/25 0:50:20 ET]
Table 'Alauda III' 9-max Seat #8 is the button
Seat 1: MusaiT ($4.85 in chips) 
Seat 2: nadokesh ($2 in chips) 
Seat 3: HortonRoundtree ($2.50 in chips) 
Seat 4: BR00RB ($2.24 in chips) 
Seat 6: 69vladimir69 ($2.36 in chips) 
Seat 7: Dorex2007 ($2.10 in chips) 
Seat 8: Twisted369 ($6.81 in chips) 
Seat 9: Svetlyak ($2.09 in chips) 
Svetlyak: posts small blind $0.01
MusaiT: posts big blind $0.02
BR00RB: posts small & big blinds $0.03
*** HOLE CARDS ***
Dealt to Dorex2007 [9d 2h]
nadokesh: raises $0.10 to $0.12
HortonRoundtree: folds 
BR00RB: folds 
69vladimir69: folds 
Dorex2007: folds 
Twisted369: folds 
Svetlyak: folds 
MusaiT: folds 
Uncalled bet ($0.10) returned to nadokesh
nadokesh collected $0.08 from pot
nadokesh: doesn't show hand 
*** SUMMARY ***
Total pot $0.08 | Rake $0 
Seat 1: MusaiT (big blind) folded before Flop
Seat 2: nadokesh collected ($0.08)
Seat 3: HortonRoundtree folded before Flop (didn't bet)
Seat 4: BR00RB folded before Flop (didn't bet)
Seat 6: 69vladimir69 folded before Flop (didn't bet)
Seat 7: Dorex2007 folded before Flop (didn't bet)
Seat 8: Twisted369 (button) folded before Flop (didn't bet)
Seat 9: Svetlyak (small blind) folded before Flop



PokerStars Hand #231683797129:  Hold'em No Limit ($0.01/$0.02 USD) - 2021/11/24 21:50:41 PT [2021/11/25 0:50:41 ET]
Table 'Alauda III' 9-max Seat #9 is the button
Seat 1: MusaiT ($4.83 in chips) 
Seat 2: nadokesh ($2.06 in chips) 
Seat 3: HortonRoundtree ($2.50 in chips) 
Seat 4: BR00RB ($2.21 in chips) 
Seat 6: 69vladimir69 ($2.36 in chips) 
Seat 7: Dorex2007 ($2.10 in chips) 
Seat 8: Twisted369 ($6.81 in chips) 
Seat 9: Svetlyak ($2.08 in chips) 
MusaiT: posts small blind $0.01
nadokesh: posts big blind $0.02
*** HOLE CARDS ***
Dealt to Dorex2007 [Kd 6d]
HortonRoundtree: folds 
BR00RB: folds 
69vladimir69: calls $0.02
Dorex2007: folds 
Twisted369: raises $0.22 to $0.24
Svetlyak: folds 
MusaiT: folds 
nadokesh: folds 
69vladimir69: folds 
Uncalled bet ($0.22) returned to Twisted369
Twisted369 collected $0.07 from pot
Twisted369: doesn't show hand 
*** SUMMARY ***
Total pot $0.07 | Rake $0 
Seat 1: MusaiT (small blind) folded before Flop
Seat 2: nadokesh (big blind) folded before Flop
Seat 3: HortonRoundtree folded before Flop (didn't bet)
Seat 4: BR00RB folded before Flop (didn't bet)
Seat 6: 69vladimir69 folded before Flop
Seat 7: Dorex2007 folded before Flop (didn't bet)
Seat 8: Twisted369 collected ($0.07)
Seat 9: Svetlyak (button) folded before Flop (didn't bet)



PokerStars Hand #231683800122:  Hold'em No Limit ($0.01/$0.02 USD) - 2021/11/24 21:51:03 PT [2021/11/25 0:51:03 ET]
Table 'Alauda III' 9-max Seat #1 is the button
Seat 1: MusaiT ($4.82 in chips) 
Seat 2: nadokesh ($2.04 in chips) 
Seat 3: HortonRoundtree ($2.50 in chips) 
Seat 4: BR00RB ($2.21 in chips) 
Seat 6: 69vladimir69 ($2.34 in chips) 
Seat 7: Dorex2007 ($2.10 in chips) 
Seat 8: Twisted369 ($6.86 in chips) 
Seat 9: Svetlyak ($2.08 in chips) 
nadokesh: posts small blind $0.01
HortonRoundtree: posts big blind $0.02
*** HOLE CARDS ***
Dealt to Dorex2007 [2h 8h]
BR00RB: folds 
69vladimir69: folds 
Dorex2007: folds 
Twisted369: folds 
Svetlyak: folds 
MusaiT: raises $0.03 to $0.05
nadokesh: folds 
HortonRoundtree: folds 
Uncalled bet ($0.03) returned to MusaiT
MusaiT collected $0.05 from pot
*** SUMMARY ***
Total pot $0.05 | Rake $0 
Seat 1: MusaiT (button) collected ($0.05)
Seat 2: nadokesh (small blind) folded before Flop
Seat 3: HortonRoundtree (big blind) folded before Flop
Seat 4: BR00RB folded before Flop (didn't bet)
Seat 6: 69vladimir69 folded before Flop (didn't bet)
Seat 7: Dorex2007 folded before Flop (didn't bet)
Seat 8: Twisted369 folded before Flop (didn't bet)
Seat 9: Svetlyak folded before Flop (didn't bet)



PokerStars Hand #231683802951:  Hold'em No Limit ($0.01/$0.02 USD) - 2021/11/24 21:51:24 PT [2021/11/25 0:51:24 ET]
Table 'Alauda III' 9-max Seat #2 is the button
Seat 1: MusaiT ($4.85 in chips) 
Seat 2: nadokesh ($2.03 in chips) 
Seat 3: HortonRoundtree ($2.48 in chips) 
Seat 4: BR00RB ($2.21 in chips) 
Seat 6: 69vladimir69 ($2.34 in chips) 
Seat 7: Dorex2007 ($2.10 in chips) 
Seat 8: Twisted369 ($6.86 in chips) 
Seat 9: Svetlyak ($2.08 in chips) 
HortonRoundtree: posts small blind $0.01
BR00RB: posts big blind $0.02
*** HOLE CARDS ***
Dealt to Dorex2007 [3h 4c]
69vladimir69: calls $0.02
Dorex2007: folds 
Twisted369: folds 
Svetlyak: folds 
MusaiT: folds 
nadokesh: folds 
HortonRoundtree: folds 
BR00RB: checks 
*** FLOP *** [7c 3d 8d]
BR00RB: checks 
69vladimir69: checks 
*** TURN *** [7c 3d 8d] [Qh]
BR00RB: checks 
69vladimir69: bets $0.05
BR00RB: folds 
Uncalled bet ($0.05) returned to 69vladimir69
69vladimir69 collected $0.05 from pot
*** SUMMARY ***
Total pot $0.05 | Rake $0 
Board [7c 3d 8d Qh]
Seat 1: MusaiT folded before Flop (didn't bet)
Seat 2: nadokesh (button) folded before Flop (didn't bet)
Seat 3: HortonRoundtree (small blind) folded before Flop
Seat 4: BR00RB (big blind) folded on the Turn
Seat 6: 69vladimir69 collected ($0.05)
Seat 7: Dorex2007 folded before Flop (didn't bet)
Seat 8: Twisted369 folded before Flop (didn't bet)
Seat 9: Svetlyak folded before Flop (didn't bet)



PokerStars Hand #231683808350:  Hold'em No Limit ($0.01/$0.02 USD) - 2021/11/24 21:52:03 PT [2021/11/25 0:52:03 ET]
Table 'Alauda III' 9-max Seat #3 is the button
Seat 1: MusaiT ($4.85 in chips) 
Seat 2: nadokesh ($2.03 in chips) 
Seat 3: HortonRoundtree ($2.47 in chips) 
Seat 4: BR00RB ($2.19 in chips) 
Seat 6: 69vladimir69 ($2.37 in chips) 
Seat 7: Dorex2007 ($2.10 in chips) 
Seat 8: Twisted369 ($6.86 in chips) 
Seat 9: Svetlyak ($2.08 in chips) 
BR00RB: posts small blind $0.01
69vladimir69: posts big blind $0.02
*** HOLE CARDS ***
Dealt to Dorex2007 [8s Js]
Dorex2007: folds 
Twisted369: folds 
Svetlyak: raises $0.04 to $0.06
MusaiT: folds 
nadokesh: folds 
HortonRoundtree: folds 
BR00RB: folds 
69vladimir69: calls $0.04
*** FLOP *** [9d 8c Qs]
69vladimir69: checks 
Svetlyak: bets $0.13
69vladimir69: folds 
Uncalled bet ($0.13) returned to Svetlyak
Svetlyak collected $0.13 from pot
Svetlyak: doesn't show hand 
*** SUMMARY ***
Total pot $0.13 | Rake $0 
Board [9d 8c Qs]
Seat 1: MusaiT folded before Flop (didn't bet)
Seat 2: nadokesh folded before Flop (didn't bet)
Seat 3: HortonRoundtree (button) folded before Flop (didn't bet)
Seat 4: BR00RB (small blind) folded before Flop
Seat 6: 69vladimir69 (big blind) folded on the Flop
Seat 7: Dorex2007 folded before Flop (didn't bet)
Seat 8: Twisted369 folded before Flop (didn't bet)
Seat 9: Svetlyak collected ($0.13)



PokerStars Hand #231683816314:  Hold'em No Limit ($0.01/$0.02 USD) - 2021/11/24 21:53:01 PT [2021/11/25 0:53:01 ET]
Table 'Alauda III' 9-max Seat #4 is the button
Seat 1: MusaiT ($4.85 in chips) 
Seat 2: nadokesh ($2.03 in chips) 
Seat 3: HortonRoundtree ($2.47 in chips) 
Seat 4: BR00RB ($2.18 in chips) 
Seat 6: 69vladimir69 ($2.31 in chips) 
Seat 7: Dorex2007 ($2.10 in chips) 
Seat 8: Twisted369 ($6.86 in chips) 
Seat 9: Svetlyak ($2.15 in chips) 
69vladimir69: posts small blind $0.01
Dorex2007: posts big blind $0.02
*** HOLE CARDS ***
Dealt to Dorex2007 [Ad 7h]
Twisted369: folds 
Svetlyak: raises $0.02 to $0.04
MusaiT: folds 
nadokesh: calls $0.04
HortonRoundtree: folds 
BR00RB: calls $0.04
69vladimir69: calls $0.03
Dorex2007: folds 
*** FLOP *** [9c 3c Ah]
69vladimir69: checks 
Svetlyak: checks 
nadokesh: checks 
BR00RB: bets $0.08
69vladimir69: folds 
Svetlyak: folds 
nadokesh: folds 
Uncalled bet ($0.08) returned to BR00RB
BR00RB collected $0.17 from pot
BR00RB: doesn't show hand 
*** SUMMARY ***
Total pot $0.18 | Rake $0.01 
Board [9c 3c Ah]
Seat 1: MusaiT folded before Flop (didn't bet)
Seat 2: nadokesh folded on the Flop
Seat 3: HortonRoundtree folded before Flop (didn't bet)
Seat 4: BR00RB (button) collected ($0.17)
Seat 6: 69vladimir69 (small blind) folded on the Flop
Seat 7: Dorex2007 (big blind) folded before Flop
Seat 8: Twisted369 folded before Flop (didn't bet)
Seat 9: Svetlyak folded on the Flop



PokerStars Hand #231683826692:  Hold'em No Limit ($0.01/$0.02 USD) - 2021/11/24 21:54:17 PT [2021/11/25 0:54:17 ET]
Table 'Alauda III' 9-max Seat #6 is the button
Seat 1: MusaiT ($4.85 in chips) 
Seat 2: nadokesh ($2 in chips) 
Seat 3: HortonRoundtree ($2.47 in chips) 
Seat 4: BR00RB ($2.31 in chips) 
Seat 6: 69vladimir69 ($2.27 in chips) 
Seat 7: Dorex2007 ($2.08 in chips) 
Seat 8: Twisted369 ($6.86 in chips) 
Seat 9: Svetlyak ($2.11 in chips) 
Dorex2007: posts small blind $0.01
Twisted369: posts big blind $0.02
*** HOLE CARDS ***
Dealt to Dorex2007 [5h 2c]
Svetlyak: folds 
MusaiT: folds 
GianniML leaves the table
nadokesh: folds 
HortonRoundtree: folds 
BR00RB: folds 
69vladimir69: calls $0.02
Dorex2007: calls $0.01
hallsy89 joins the table at seat #5 
Twisted369: checks 
*** FLOP *** [4d 8c Ac]
Dorex2007: bets $0.04
Twisted369: calls $0.04
69vladimir69: calls $0.04
*** TURN *** [4d 8c Ac] [9h]
Dorex2007: checks 
Twisted369: checks 
69vladimir69: checks 
*** RIVER *** [4d 8c Ac 9h] [9c]
Dorex2007: checks 
Twisted369: checks 
69vladimir69: checks 
*** SHOW DOWN ***
Dorex2007: shows [5h 2c] (a pair of Nines)
Twisted369: shows [7c Ah] (two pair, Aces and Nines)
69vladimir69: mucks hand 
Twisted369 collected $0.17 from pot
*** SUMMARY ***
Total pot $0.18 | Rake $0.01 
Board [4d 8c Ac 9h 9c]
Seat 1: MusaiT folded before Flop (didn't bet)
Seat 2: nadokesh folded before Flop (didn't bet)
Seat 3: HortonRoundtree folded before Flop (didn't bet)
Seat 4: BR00RB folded before Flop (didn't bet)
Seat 6: 69vladimir69 (button) mucked [Qd 2d]
Seat 7: Dorex2007 (small blind) showed [5h 2c] and lost with a pair of Nines
Seat 8: Twisted369 (big blind) showed [7c Ah] and won ($0.17) with two pair, Aces and Nines
Seat 9: Svetlyak folded before Flop (didn't bet)



PokerStars Hand #231683838402:  Hold'em No Limit ($0.01/$0.02 USD) - 2021/11/24 21:55:48 PT [2021/11/25 0:55:48 ET]
Table 'Alauda III' 9-max Seat #7 is the button
Seat 1: MusaiT ($4.85 in chips) 
Seat 2: nadokesh ($2 in chips) 
Seat 3: HortonRoundtree ($2.47 in chips) 
Seat 4: BR00RB ($2.31 in chips) 
Seat 6: 69vladimir69 ($2.21 in chips) 
Seat 7: Dorex2007 ($2.02 in chips) 
Seat 8: Twisted369 ($6.97 in chips) 
Seat 9: Svetlyak ($2.11 in chips) 
Twisted369: posts small blind $0.01
Svetlyak: posts big blind $0.02
hallsy89: sits out 
*** HOLE CARDS ***
Dealt to Dorex2007 [8c 4d]
MusaiT: folds 
nadokesh: folds 
HortonRoundtree: folds 
BR00RB: folds 
69vladimir69: folds 
Dorex2007: folds 
Twisted369: folds 
Uncalled bet ($0.01) returned to Svetlyak
Svetlyak collected $0.02 from pot
Svetlyak: doesn't show hand 
*** SUMMARY ***
Total pot $0.02 | Rake $0 
Seat 1: MusaiT folded before Flop (didn't bet)
Seat 2: nadokesh folded before Flop (didn't bet)
Seat 3: HortonRoundtree folded before Flop (didn't bet)
Seat 4: BR00RB folded before Flop (didn't bet)
Seat 6: 69vladimir69 folded before Flop (didn't bet)
Seat 7: Dorex2007 (button) folded before Flop (didn't bet)
Seat 8: Twisted369 (small blind) folded before Flop
Seat 9: Svetlyak (big blind) collected ($0.02)



PokerStars Hand #231683840232:  Hold'em No Limit ($0.01/$0.02 USD) - 2021/11/24 21:56:04 PT [2021/11/25 0:56:04 ET]
Table 'Alauda III' 9-max Seat #8 is the button
Seat 1: MusaiT ($4.85 in chips) 
Seat 2: nadokesh ($2 in chips) 
Seat 3: HortonRoundtree ($2.47 in chips) 
Seat 4: BR00RB ($2.31 in chips) 
Seat 7: Dorex2007 ($2.02 in chips) 
Seat 8: Twisted369 ($6.96 in chips) 
Seat 9: Svetlyak ($2.12 in chips) 
Svetlyak: posts small blind $0.01
MusaiT: posts big blind $0.02
hallsy89: sits out 
*** HOLE CARDS ***
Dealt to Dorex2007 [7d 2s]
nadokesh: folds 
HortonRoundtree: folds 
BR00RB has timed out
BR00RB: folds 
Dorex2007: folds 
Twisted369: folds 
Svetlyak: raises $0.04 to $0.06
MusaiT: folds 
Uncalled bet ($0.04) returned to Svetlyak
Svetlyak collected $0.04 from pot
Svetlyak: doesn't show hand 
*** SUMMARY ***
Total pot $0.04 | Rake $0 
Seat 1: MusaiT (big blind) folded before Flop
Seat 2: nadokesh folded before Flop (didn't bet)
Seat 3: HortonRoundtree folded before Flop (didn't bet)
Seat 4: BR00RB folded before Flop (didn't bet)
Seat 7: Dorex2007 folded before Flop (didn't bet)
Seat 8: Twisted369 (button) folded before Flop (didn't bet)
Seat 9: Svetlyak (small blind) collected ($0.04)



PokerStars Hand #231683843353:  Hold'em No Limit ($0.01/$0.02 USD) - 2021/11/24 21:56:30 PT [2021/11/25 0:56:30 ET]
Table 'Alauda III' 9-max Seat #9 is the button
Seat 1: MusaiT ($4.83 in chips) 
Seat 2: nadokesh ($2 in chips) 
Seat 3: HortonRoundtree ($2.47 in chips) 
Seat 7: Dorex2007 ($2.02 in chips) 
Seat 8: Twisted369 ($6.96 in chips) 
Seat 9: Svetlyak ($2.14 in chips) 
MusaiT: posts small blind $0.01
nadokesh: posts big blind $0.02
hallsy89: sits out 
*** HOLE CARDS ***
Dealt to Dorex2007 [6s 5c]
HortonRoundtree: folds 
Dorex2007: folds 
Twisted369: raises $0.05 to $0.07
Svetlyak: folds 
MusaiT: folds 
nadokesh: folds 
Uncalled bet ($0.05) returned to Twisted369
Twisted369 collected $0.05 from pot
Twisted369: doesn't show hand 
*** SUMMARY ***
Total pot $0.05 | Rake $0 
Seat 1: MusaiT (small blind) folded before Flop
Seat 2: nadokesh (big blind) folded before Flop
Seat 3: HortonRoundtree folded before Flop (didn't bet)
Seat 7: Dorex2007 folded before Flop (didn't bet)
Seat 8: Twisted369 collected ($0.05)
Seat 9: Svetlyak (button) folded before Flop (didn't bet)



PokerStars Hand #231683846489:  Hold'em No Limit ($0.01/$0.02 USD) - 2021/11/24 21:56:57 PT [2021/11/25 0:56:57 ET]
Table 'Alauda III' 9-max Seat #1 is the button
Seat 1: MusaiT ($4.82 in chips) 
Seat 2: nadokesh ($2 in chips) 
Seat 3: HortonRoundtree ($2.47 in chips) 
Seat 4: BR00RB ($2.31 in chips) 
Seat 7: Dorex2007 ($2.02 in chips) 
Seat 8: Twisted369 ($6.99 in chips) 
Seat 9: Svetlyak ($2.14 in chips) 
nadokesh: posts small blind $0.01
HortonRoundtree: posts big blind $0.02
hallsy89: sits out 
*** HOLE CARDS ***
Dealt to Dorex2007 [Tc Qh]
BR00RB: calls $0.02
Dorex2007: folds 
Twisted369: raises $0.02 to $0.04
Svetlyak: folds 
MusaiT: folds 
nadokesh: folds 
HortonRoundtree: folds 
BR00RB: calls $0.02
*** FLOP *** [2s 7c 9c]
BR00RB: bets $0.02
Twisted369: folds 
Uncalled bet ($0.02) returned to BR00RB
BR00RB collected $0.11 from pot
BR00RB: doesn't show hand 
*** SUMMARY ***
Total pot $0.11 | Rake $0 
Board [2s 7c 9c]
Seat 1: MusaiT (button) folded before Flop (didn't bet)
Seat 2: nadokesh (small blind) folded before Flop
Seat 3: HortonRoundtree (big blind) folded before Flop
Seat 4: BR00RB collected ($0.11)
Seat 7: Dorex2007 folded before Flop (didn't bet)
Seat 8: Twisted369 folded on the Flop
Seat 9: Svetlyak folded before Flop (didn't bet)



PokerStars Hand #231683852440:  Hold'em No Limit ($0.01/$0.02 USD) - 2021/11/24 21:57:48 PT [2021/11/25 0:57:48 ET]
Table 'Alauda III' 9-max Seat #2 is the button
Seat 1: MusaiT ($4.82 in chips) 
Seat 2: nadokesh ($2 in chips) 
Seat 3: HortonRoundtree ($2.45 in chips) 
Seat 4: BR00RB ($2.38 in chips) 
Seat 7: Dorex2007 ($2.02 in chips) 
Seat 8: Twisted369 ($6.95 in chips) 
Seat 9: Svetlyak ($2.14 in chips) 
HortonRoundtree: posts small blind $0.01
BR00RB: posts big blind $0.02
hallsy89: sits out 
*** HOLE CARDS ***
Dealt to Dorex2007 [5d Ac]
Dorex2007: folds 
Twisted369: calls $0.02
Svetlyak: raises $0.06 to $0.08
MusaiT: folds 
nadokesh: folds 
HortonRoundtree: folds 
BR00RB: folds 
Twisted369: calls $0.06
*** FLOP *** [Td 6s 4s]
Twisted369: bets $0.14
Svetlyak: calls $0.14
*** TURN *** [Td 6s 4s] [5s]
Twisted369: bets $0.36
Svetlyak: folds 
Uncalled bet ($0.36) returned to Twisted369
Twisted369 collected $0.45 from pot
Twisted369: doesn't show hand 
*** SUMMARY ***
Total pot $0.47 | Rake $0.02 
Board [Td 6s 4s 5s]
Seat 1: MusaiT folded before Flop (didn't bet)
Seat 2: nadokesh (button) folded before Flop (didn't bet)
Seat 3: HortonRoundtree (small blind) folded before Flop
Seat 4: BR00RB (big blind) folded before Flop
Seat 7: Dorex2007 folded before Flop (didn't bet)
Seat 8: Twisted369 collected ($0.45)
Seat 9: Svetlyak folded on the Turn



PokerStars Hand #231683858652:  Hold'em No Limit ($0.01/$0.02 USD) - 2021/11/24 21:58:42 PT [2021/11/25 0:58:42 ET]
Table 'Alauda III' 9-max Seat #3 is the button
Seat 1: MusaiT ($4.82 in chips) 
Seat 2: nadokesh ($2 in chips) 
Seat 3: HortonRoundtree ($2.44 in chips) 
Seat 4: BR00RB ($2.36 in chips) 
Seat 5: hallsy89 ($1 in chips) 
Seat 7: Dorex2007 ($2.02 in chips) 
Seat 8: Twisted369 ($7.18 in chips) 
Seat 9: Svetlyak ($2 in chips) 
BR00RB: posts small blind $0.01
hallsy89: posts big blind $0.02
*** HOLE CARDS ***
Dealt to Dorex2007 [7c Kc]
Dorex2007: folds 
Twisted369: folds 
Svetlyak: raises $0.04 to $0.06
MusaiT: folds 
nadokesh: folds 
HortonRoundtree: folds 
BR00RB: calls $0.05
hallsy89: calls $0.04
*** FLOP *** [5s 5h 2d]
BR00RB: checks 
hallsy89: checks 
Svetlyak: bets $0.12
BR00RB: folds 
hallsy89: folds 
Uncalled bet ($0.12) returned to Svetlyak
Svetlyak collected $0.17 from pot
Svetlyak: doesn't show hand 
*** SUMMARY ***
Total pot $0.18 | Rake $0.01 
Board [5s 5h 2d]
Seat 1: MusaiT folded before Flop (didn't bet)
Seat 2: nadokesh folded before Flop (didn't bet)
Seat 3: HortonRoundtree (button) folded before Flop (didn't bet)
Seat 4: BR00RB (small blind) folded on the Flop
Seat 5: hallsy89 (big blind) folded on the Flop
Seat 7: Dorex2007 folded before Flop (didn't bet)
Seat 8: Twisted369 folded before Flop (didn't bet)
Seat 9: Svetlyak collected ($0.17)



PokerStars Hand #231683863284:  Hold'em No Limit ($0.01/$0.02 USD) - 2021/11/24 21:59:21 PT [2021/11/25 0:59:21 ET]
Table 'Alauda III' 9-max Seat #4 is the button
Seat 1: MusaiT ($4.82 in chips) 
Seat 2: nadokesh ($2 in chips) 
Seat 3: HortonRoundtree ($2.44 in chips) 
Seat 4: BR00RB ($2.30 in chips) 
Seat 5: hallsy89 ($0.94 in chips) 
Seat 7: Dorex2007 ($2.02 in chips) 
Seat 8: Twisted369 ($7.18 in chips) 
Seat 9: Svetlyak ($2.11 in chips) 
hallsy89: posts small blind $0.01
Dorex2007: posts big blind $0.02
*** HOLE CARDS ***
Dealt to Dorex2007 [3h 7h]
Twisted369: folds 
Svetlyak: folds 
MusaiT: folds 
nadokesh: folds 
HortonRoundtree: folds 
BR00RB: calls $0.02
hallsy89: calls $0.01
Dorex2007: checks 
*** FLOP *** [Ah 6s Ad]
hallsy89: checks 
Dorex2007: checks 
BR00RB: checks 
*** TURN *** [Ah 6s Ad] [6h]
hallsy89: checks 
Dorex2007: checks 
BR00RB: checks 
*** RIVER *** [Ah 6s Ad 6h] [9c]
hallsy89: checks 
Dorex2007: bets $0.06
BR00RB: folds 
hallsy89: folds 
Uncalled bet ($0.06) returned to Dorex2007
Dorex2007 collected $0.06 from pot
Dorex2007: doesn't show hand 
*** SUMMARY ***
Total pot $0.06 | Rake $0 
Board [Ah 6s Ad 6h 9c]
Seat 1: MusaiT folded before Flop (didn't bet)
Seat 2: nadokesh folded before Flop (didn't bet)
Seat 3: HortonRoundtree folded before Flop (didn't bet)
Seat 4: BR00RB (button) folded on the River
Seat 5: hallsy89 (small blind) folded on the River
Seat 7: Dorex2007 (big blind) collected ($0.06)
Seat 8: Twisted369 folded before Flop (didn't bet)
Seat 9: Svetlyak folded before Flop (didn't bet)



PokerStars Hand #231683870530:  Hold'em No Limit ($0.01/$0.02 USD) - 2021/11/24 22:00:22 PT [2021/11/25 1:00:22 ET]
Table 'Alauda III' 9-max Seat #5 is the button
Seat 1: MusaiT ($4.82 in chips) 
Seat 2: nadokesh ($2 in chips) 
Seat 3: HortonRoundtree ($2.44 in chips) 
Seat 4: BR00RB ($2.28 in chips) 
Seat 5: hallsy89 ($0.92 in chips) 
Seat 7: Dorex2007 ($2.06 in chips) 
Seat 8: Twisted369 ($7.18 in chips) 
Seat 9: Svetlyak ($2.11 in chips) 
Dorex2007: posts small blind $0.01
Twisted369: posts big blind $0.02
*** HOLE CARDS ***
Dealt to Dorex2007 [6d 8h]
Svetlyak: folds 
MusaiT: folds 
nadokesh: folds 
HortonRoundtree: folds 
BR00RB: folds 
hallsy89: folds 
Dorex2007: folds 
Uncalled bet ($0.01) returned to Twisted369
Twisted369 collected $0.02 from pot
Twisted369: doesn't show hand 
*** SUMMARY ***
Total pot $0.02 | Rake $0 
Seat 1: MusaiT folded before Flop (didn't bet)
Seat 2: nadokesh folded before Flop (didn't bet)
Seat 3: HortonRoundtree folded before Flop (didn't bet)
Seat 4: BR00RB folded before Flop (didn't bet)
Seat 5: hallsy89 (button) folded before Flop (didn't bet)
Seat 7: Dorex2007 (small blind) folded before Flop
Seat 8: Twisted369 (big blind) collected ($0.02)
Seat 9: Svetlyak folded before Flop (didn't bet)



PokerStars Hand #231683872676:  Hold'em No Limit ($0.01/$0.02 USD) - 2021/11/24 22:00:39 PT [2021/11/25 1:00:39 ET]
Table 'Alauda III' 9-max Seat #7 is the button
Seat 1: MusaiT ($4.82 in chips) 
Seat 2: nadokesh ($2 in chips) 
Seat 3: HortonRoundtree ($2.44 in chips) 
Seat 4: BR00RB ($2.28 in chips) 
Seat 5: hallsy89 ($0.92 in chips) 
Seat 6: 69vladimir69 ($2.21 in chips) 
Seat 7: Dorex2007 ($2.05 in chips) 
Seat 8: Twisted369 ($7.19 in chips) 
Seat 9: Svetlyak ($2.11 in chips) 
Twisted369: posts small blind $0.01
Svetlyak: posts big blind $0.02
69vladimir69: posts small & big blinds $0.03
*** HOLE CARDS ***
Dealt to Dorex2007 [4c 5c]
MusaiT: folds 
nadokesh: folds 
HortonRoundtree: calls $0.02
BR00RB: folds 
hallsy89: folds 
69vladimir69: checks 
Dorex2007: calls $0.02
Twisted369: folds 
Svetlyak: checks 
*** FLOP *** [Th Qh 4s]
Svetlyak: checks 
HortonRoundtree: checks 
69vladimir69: bets $0.10
Dorex2007: folds 
Svetlyak: folds 
HortonRoundtree: folds 
Uncalled bet ($0.10) returned to 69vladimir69
69vladimir69 collected $0.10 from pot
*** SUMMARY ***
Total pot $0.10 | Rake $0 
Board [Th Qh 4s]
Seat 1: MusaiT folded before Flop (didn't bet)
Seat 2: nadokesh folded before Flop (didn't bet)
Seat 3: HortonRoundtree folded on the Flop
Seat 4: BR00RB folded before Flop (didn't bet)
Seat 5: hallsy89 folded before Flop (didn't bet)
Seat 6: 69vladimir69 collected ($0.10)
Seat 7: Dorex2007 (button) folded on the Flop
Seat 8: Twisted369 (small blind) folded before Flop
Seat 9: Svetlyak (big blind) folded on the Flop



PokerStars Hand #231683877385:  Hold'em No Limit ($0.01/$0.02 USD) - 2021/11/24 22:01:14 PT [2021/11/25 1:01:14 ET]
Table 'Alauda III' 9-max Seat #8 is the button
Seat 1: MusaiT ($4.82 in chips) 
Seat 2: nadokesh ($2 in chips) 
Seat 3: HortonRoundtree ($2.42 in chips) 
Seat 4: BR00RB ($2.28 in chips) 
Seat 5: hallsy89 ($0.92 in chips) 
Seat 6: 69vladimir69 ($2.28 in chips) 
Seat 7: Dorex2007 ($2.03 in chips) 
Seat 8: Twisted369 ($7.18 in chips) 
Seat 9: Svetlyak ($2.09 in chips) 
Svetlyak: posts small blind $0.01
MusaiT: posts big blind $0.02
*** HOLE CARDS ***
Dealt to Dorex2007 [9h As]
nadokesh: folds 
HortonRoundtree: folds 
BR00RB: folds 
hallsy89: folds 
69vladimir69: folds 
Dorex2007: folds 
Twisted369: raises $0.05 to $0.07
Svetlyak: folds 
MusaiT: calls $0.05
*** FLOP *** [2s 7s Tc]
MusaiT: checks 
Twisted369: bets $0.07
MusaiT: calls $0.07
*** TURN *** [2s 7s Tc] [Td]
MusaiT: checks 
Twisted369: bets $0.24
MusaiT: folds 
Uncalled bet ($0.24) returned to Twisted369
Twisted369 collected $0.28 from pot
Twisted369: doesn't show hand 
*** SUMMARY ***
Total pot $0.29 | Rake $0.01 
Board [2s 7s Tc Td]
Seat 1: MusaiT (big blind) folded on the Turn
Seat 2: nadokesh folded before Flop (didn't bet)
Seat 3: HortonRoundtree folded before Flop (didn't bet)
Seat 4: BR00RB folded before Flop (didn't bet)
Seat 5: hallsy89 folded before Flop (didn't bet)
Seat 6: 69vladimir69 folded before Flop (didn't bet)
Seat 7: Dorex2007 folded before Flop (didn't bet)
Seat 8: Twisted369 (button) collected ($0.28)
Seat 9: Svetlyak (small blind) folded before Flop



PokerStars Hand #231683884564:  Hold'em No Limit ($0.01/$0.02 USD) - 2021/11/24 22:02:07 PT [2021/11/25 1:02:07 ET]
Table 'Alauda III' 9-max Seat #9 is the button
Seat 1: MusaiT ($4.68 in chips) 
Seat 2: nadokesh ($2 in chips) 
Seat 3: HortonRoundtree ($2.42 in chips) 
Seat 4: BR00RB ($2.28 in chips) 
Seat 5: hallsy89 ($0.92 in chips) 
Seat 6: 69vladimir69 ($2.28 in chips) 
Seat 7: Dorex2007 ($2.03 in chips) 
Seat 8: Twisted369 ($7.32 in chips) 
Seat 9: Svetlyak ($2.08 in chips) 
MusaiT: posts small blind $0.01
nadokesh: posts big blind $0.02
*** HOLE CARDS ***
Dealt to Dorex2007 [As 6d]
HortonRoundtree: folds 
BR00RB: folds 
hallsy89: folds 
69vladimir69: folds 
Dorex2007: folds 
Twisted369: folds 
Svetlyak: folds 
MusaiT: raises $0.03 to $0.05
nadokesh: calls $0.03
*** FLOP *** [5s Kc Tc]
MusaiT: bets $0.03
nadokesh: raises $0.16 to $0.19
MusaiT: folds 
Uncalled bet ($0.16) returned to nadokesh
nadokesh collected $0.15 from pot
nadokesh: doesn't show hand 
*** SUMMARY ***
Total pot $0.16 | Rake $0.01 
Board [5s Kc Tc]
Seat 1: MusaiT (small blind) folded on the Flop
Seat 2: nadokesh (big blind) collected ($0.15)
Seat 3: HortonRoundtree folded before Flop (didn't bet)
Seat 4: BR00RB folded before Flop (didn't bet)
Seat 5: hallsy89 folded before Flop (didn't bet)
Seat 6: 69vladimir69 folded before Flop (didn't bet)
Seat 7: Dorex2007 folded before Flop (didn't bet)
Seat 8: Twisted369 folded before Flop (didn't bet)
Seat 9: Svetlyak (button) folded before Flop (didn't bet)



PokerStars Hand #231683888987:  Hold'em No Limit ($0.01/$0.02 USD) - 2021/11/24 22:02:39 PT [2021/11/25 1:02:39 ET]
Table 'Alauda III' 9-max Seat #1 is the button
Seat 1: MusaiT ($4.60 in chips) 
Seat 2: nadokesh ($2.07 in chips) 
Seat 3: HortonRoundtree ($2.42 in chips) 
Seat 4: BR00RB ($2.28 in chips) 
Seat 5: hallsy89 ($0.92 in chips) 
Seat 6: 69vladimir69 ($2.28 in chips) 
Seat 7: Dorex2007 ($2.03 in chips) 
Seat 8: Twisted369 ($7.32 in chips) 
Seat 9: Svetlyak ($2.08 in chips) 
nadokesh: posts small blind $0.01
HortonRoundtree: posts big blind $0.02
*** HOLE CARDS ***
Dealt to Dorex2007 [9d 7s]
BR00RB: folds 
hallsy89: folds 
69vladimir69: calls $0.02
Dorex2007: folds 
Twisted369: raises $0.02 to $0.04
Svetlyak: folds 
MusaiT: folds 
nadokesh: folds 
HortonRoundtree: folds 
69vladimir69: calls $0.02
*** FLOP *** [Ks Js 9s]
69vladimir69: bets $0.02
Twisted369: folds 
Uncalled bet ($0.02) returned to 69vladimir69
69vladimir69 collected $0.11 from pot
*** SUMMARY ***
Total pot $0.11 | Rake $0 
Board [Ks Js 9s]
Seat 1: MusaiT (button) folded before Flop (didn't bet)
Seat 2: nadokesh (small blind) folded before Flop
Seat 3: HortonRoundtree (big blind) folded before Flop
Seat 4: BR00RB folded before Flop (didn't bet)
Seat 5: hallsy89 folded before Flop (didn't bet)
Seat 6: 69vladimir69 collected ($0.11)
Seat 7: Dorex2007 folded before Flop (didn't bet)
Seat 8: Twisted369 folded on the Flop
Seat 9: Svetlyak folded before Flop (didn't bet)



PokerStars Hand #231683892961:  Hold'em No Limit ($0.01/$0.02 USD) - 2021/11/24 22:03:08 PT [2021/11/25 1:03:08 ET]
Table 'Alauda III' 9-max Seat #2 is the button
Seat 1: MusaiT ($4.60 in chips) 
Seat 2: nadokesh ($2.06 in chips) 
Seat 3: HortonRoundtree ($2.40 in chips) 
Seat 4: BR00RB ($2.28 in chips) 
Seat 5: hallsy89 ($0.92 in chips) 
Seat 6: 69vladimir69 ($2.35 in chips) 
Seat 7: Dorex2007 ($2.03 in chips) 
Seat 8: Twisted369 ($7.28 in chips) 
Seat 9: Svetlyak ($2.08 in chips) 
HortonRoundtree: posts small blind $0.01
BR00RB: posts big blind $0.02
*** HOLE CARDS ***
Dealt to Dorex2007 [Jh Ks]
hallsy89: folds 
69vladimir69: folds 
Dorex2007: folds 
Twisted369: folds 
Svetlyak: folds 
MusaiT: raises $0.03 to $0.05
nadokesh: folds 
HortonRoundtree: folds 
BR00RB: folds 
Uncalled bet ($0.03) returned to MusaiT
MusaiT collected $0.05 from pot
*** SUMMARY ***
Total pot $0.05 | Rake $0 
Seat 1: MusaiT collected ($0.05)
Seat 2: nadokesh (button) folded before Flop (didn't bet)
Seat 3: HortonRoundtree (small blind) folded before Flop
Seat 4: BR00RB (big blind) folded before Flop
Seat 5: hallsy89 folded before Flop (didn't bet)
Seat 6: 69vladimir69 folded before Flop (didn't bet)
Seat 7: Dorex2007 folded before Flop (didn't bet)
Seat 8: Twisted369 folded before Flop (didn't bet)
Seat 9: Svetlyak folded before Flop (didn't bet)



PokerStars Hand #231683896003:  Hold'em No Limit ($0.01/$0.02 USD) - 2021/11/24 22:03:30 PT [2021/11/25 1:03:30 ET]
Table 'Alauda III' 9-max Seat #3 is the button
Seat 1: MusaiT ($4.63 in chips) 
Seat 2: nadokesh ($2.06 in chips) 
Seat 3: HortonRoundtree ($2.39 in chips) 
Seat 4: BR00RB ($2.26 in chips) 
Seat 5: hallsy89 ($0.92 in chips) 
Seat 6: 69vladimir69 ($2.35 in chips) 
Seat 7: Dorex2007 ($2.03 in chips) 
Seat 8: Twisted369 ($7.28 in chips) 
Seat 9: Svetlyak ($2.08 in chips) 
BR00RB: posts small blind $0.01
hallsy89: posts big blind $0.02
*** HOLE CARDS ***
Dealt to Dorex2007 [Jh Kc]
69vladimir69: folds 
Dorex2007: folds 
Twisted369: folds 
Svetlyak: folds 
MusaiT: folds 
nadokesh: folds 
HortonRoundtree: folds 
BR00RB: folds 
Uncalled bet ($0.01) returned to hallsy89
hallsy89 collected $0.02 from pot
*** SUMMARY ***
Total pot $0.02 | Rake $0 
Seat 1: MusaiT folded before Flop (didn't bet)
Seat 2: nadokesh folded before Flop (didn't bet)
Seat 3: HortonRoundtree (button) folded before Flop (didn't bet)
Seat 4: BR00RB (small blind) folded before Flop
Seat 5: hallsy89 (big blind) collected ($0.02)
Seat 6: 69vladimir69 folded before Flop (didn't bet)
Seat 7: Dorex2007 folded before Flop (didn't bet)
Seat 8: Twisted369 folded before Flop (didn't bet)
Seat 9: Svetlyak folded before Flop (didn't bet)



PokerStars Hand #231683898268:  Hold'em No Limit ($0.01/$0.02 USD) - 2021/11/24 22:03:46 PT [2021/11/25 1:03:46 ET]
Table 'Alauda III' 9-max Seat #4 is the button
Seat 1: MusaiT ($4.63 in chips) 
Seat 2: nadokesh ($2.06 in chips) 
Seat 3: HortonRoundtree ($2.39 in chips) 
Seat 4: BR00RB ($2.25 in chips) 
Seat 5: hallsy89 ($0.93 in chips) 
Seat 6: 69vladimir69 ($2.35 in chips) 
Seat 7: Dorex2007 ($2.03 in chips) 
Seat 8: Twisted369 ($7.28 in chips) 
Seat 9: Svetlyak ($2.08 in chips) 
hallsy89: posts small blind $0.01
69vladimir69: posts big blind $0.02
*** HOLE CARDS ***
Dealt to Dorex2007 [Tc Ts]
Dorex2007: raises $0.04 to $0.06
Twisted369: folds 
Svetlyak: folds 
MusaiT: folds 
nadokesh: folds 
HortonRoundtree: folds 
BR00RB: folds 
hallsy89: folds 
69vladimir69: calls $0.04
*** FLOP *** [2d Kh 5h]
69vladimir69: bets $0.02
Dorex2007: folds 
Uncalled bet ($0.02) returned to 69vladimir69
69vladimir69 collected $0.13 from pot
*** SUMMARY ***
Total pot $0.13 | Rake $0 
Board [2d Kh 5h]
Seat 1: MusaiT folded before Flop (didn't bet)
Seat 2: nadokesh folded before Flop (didn't bet)
Seat 3: HortonRoundtree folded before Flop (didn't bet)
Seat 4: BR00RB (button) folded before Flop (didn't bet)
Seat 5: hallsy89 (small blind) folded before Flop
Seat 6: 69vladimir69 (big blind) collected ($0.13)
Seat 7: Dorex2007 folded on the Flop
Seat 8: Twisted369 folded before Flop (didn't bet)
Seat 9: Svetlyak folded before Flop (didn't bet)



PokerStars Hand #231683903456:  Hold'em No Limit ($0.01/$0.02 USD) - 2021/11/24 22:04:24 PT [2021/11/25 1:04:24 ET]
Table 'Alauda III' 9-max Seat #5 is the button
Seat 1: MusaiT ($4.63 in chips) 
Seat 2: nadokesh ($2.06 in chips) 
Seat 3: HortonRoundtree ($2.39 in chips) 
Seat 4: BR00RB ($2.25 in chips) 
Seat 5: hallsy89 ($0.92 in chips) 
Seat 6: 69vladimir69 ($2.42 in chips) 
Seat 7: Dorex2007 ($2 in chips) 
Seat 8: Twisted369 ($7.28 in chips) 
Seat 9: Svetlyak ($2.08 in chips) 
69vladimir69: posts small blind $0.01
Dorex2007: posts big blind $0.02
*** HOLE CARDS ***
Dealt to Dorex2007 [Kh 4c]
Twisted369 has timed out
Twisted369: folds 
Svetlyak: folds 
MusaiT: raises $0.04 to $0.06
nadokesh: folds 
HortonRoundtree: folds 
BR00RB: folds 
hallsy89: folds 
69vladimir69: folds 
Dorex2007: folds 
Uncalled bet ($0.04) returned to MusaiT
MusaiT collected $0.05 from pot
*** SUMMARY ***
Total pot $0.05 | Rake $0 
Seat 1: MusaiT collected ($0.05)
Seat 2: nadokesh folded before Flop (didn't bet)
Seat 3: HortonRoundtree folded before Flop (didn't bet)
Seat 4: BR00RB folded before Flop (didn't bet)
Seat 5: hallsy89 (button) folded before Flop (didn't bet)
Seat 6: 69vladimir69 (small blind) folded before Flop
Seat 7: Dorex2007 (big blind) folded before Flop
Seat 8: Twisted369 folded before Flop (didn't bet)
Seat 9: Svetlyak folded before Flop (didn't bet)



PokerStars Hand #231683907956:  Hold'em No Limit ($0.01/$0.02 USD) - 2021/11/24 22:04:57 PT [2021/11/25 1:04:57 ET]
Table 'Alauda III' 9-max Seat #6 is the button
Seat 1: MusaiT ($4.66 in chips) 
Seat 2: nadokesh ($2.06 in chips) 
Seat 3: HortonRoundtree ($2.39 in chips) 
Seat 4: BR00RB ($2.25 in chips) 
Seat 5: hallsy89 ($0.92 in chips) 
Seat 6: 69vladimir69 ($2.41 in chips) 
Seat 7: Dorex2007 ($2 in chips) 
Dorex2007: posts small blind $0.01
Svetlyak: is sitting out 
Svetlyak leaves the table
MusaiT: posts big blind $0.02
*** HOLE CARDS ***
Dealt to Dorex2007 [Qc Kh]
nadokesh: folds 
HortonRoundtree: calls $0.02
BR00RB has timed out
BR00RB: folds 
hallsy89: calls $0.02
69vladimir69: calls $0.02
Dorex2007: calls $0.01
MusaiT: checks 
*** FLOP *** [8d 9d 8s]
AlekseyI777 joins the table at seat #9 
Dorex2007: checks 
MusaiT: checks 
HortonRoundtree: checks 
hallsy89: checks 
69vladimir69: checks 
*** TURN *** [8d 9d 8s] [8h]
Dorex2007: checks 
MusaiT: checks 
HortonRoundtree: checks 
hallsy89: checks 
69vladimir69: checks 
*** RIVER *** [8d 9d 8s 8h] [3h]
Dorex2007: checks 
MusaiT: checks 
HortonRoundtree: checks 
hallsy89: checks 
69vladimir69: checks 
*** SHOW DOWN ***
Dorex2007: shows [Qc Kh] (three of a kind, Eights)
MusaiT: mucks hand 
HortonRoundtree: mucks hand 
hallsy89: shows [2d 2s] (a full house, Eights full of Deuces)
69vladimir69: mucks hand 
hallsy89 collected $0.10 from pot
*** SUMMARY ***
Total pot $0.10 | Rake $0 
Board [8d 9d 8s 8h 3h]
Seat 1: MusaiT (big blind) mucked [Td Js]
Seat 2: nadokesh folded before Flop (didn't bet)
Seat 3: HortonRoundtree mucked [6s 5s]
Seat 4: BR00RB folded before Flop (didn't bet)
Seat 5: hallsy89 showed [2d 2s] and won ($0.10) with a full house, Eights full of Deuces
Seat 6: 69vladimir69 (button) mucked [Ah 5d]
Seat 7: Dorex2007 (small blind) showed [Qc Kh] and lost with three of a kind, Eights



PokerStars Hand #231683920484:  Hold'em No Limit ($0.01/$0.02 USD) - 2021/11/24 22:06:20 PT [2021/11/25 1:06:20 ET]
Table 'Alauda III' 9-max Seat #7 is the button
Seat 1: MusaiT ($4.64 in chips) 
Seat 2: nadokesh ($2.06 in chips) 
Seat 3: HortonRoundtree ($2.37 in chips) 
Seat 4: BR00RB ($2.25 in chips) 
Seat 5: hallsy89 ($1 in chips) 
Seat 6: 69vladimir69 ($2.39 in chips) 
Seat 7: Dorex2007 ($2 in chips) 
MusaiT: posts small blind $0.01
nadokesh: posts big blind $0.02
*** HOLE CARDS ***
Dealt to Dorex2007 [2d 6s]
HortonRoundtree: folds 
BR00RB: calls $0.02
hallsy89: calls $0.02
69vladimir69: calls $0.02
Dorex2007: folds 
MusaiT: folds 
nadokesh: checks 
*** FLOP *** [8h Qd 3h]
nadokesh: checks 
BR00RB: checks 
hallsy89: bets $0.04
69vladimir69: folds 
nadokesh: folds 
BR00RB: calls $0.04
*** TURN *** [8h Qd 3h] [Kd]
BR00RB: bets $0.04
AlekseyI777 leaves the table
hallsy89: calls $0.04
*** RIVER *** [8h Qd 3h Kd] [Jc]
BR00RB: checks 
hallsy89: bets $0.10
BR00RB: folds 
Uncalled bet ($0.10) returned to hallsy89
hallsy89 collected $0.24 from pot
*** SUMMARY ***
Total pot $0.25 | Rake $0.01 
Board [8h Qd 3h Kd Jc]
Seat 1: MusaiT (small blind) folded before Flop
Seat 2: nadokesh (big blind) folded on the Flop
Seat 3: HortonRoundtree folded before Flop (didn't bet)
Seat 4: BR00RB folded on the River
Seat 5: hallsy89 collected ($0.24)
Seat 6: 69vladimir69 folded on the Flop
Seat 7: Dorex2007 (button) folded before Flop (didn't bet)



PokerStars Hand #231683932005:  Hold'em No Limit ($0.01/$0.02 USD) - 2021/11/24 22:07:45 PT [2021/11/25 1:07:45 ET]
Table 'Alauda III' 9-max Seat #1 is the button
Seat 1: MusaiT ($4.63 in chips) 
Seat 2: nadokesh ($2.04 in chips) 
Seat 3: HortonRoundtree ($2.37 in chips) 
Seat 4: BR00RB ($2.15 in chips) 
Seat 5: hallsy89 ($1.14 in chips) 
Seat 6: 69vladimir69 ($2.37 in chips) 
Seat 7: Dorex2007 ($2 in chips) 
nadokesh: posts small blind $0.01
HortonRoundtree: posts big blind $0.02
Twisted369: sits out 
*** HOLE CARDS ***
Dealt to Dorex2007 [Ts Kh]
BR00RB: folds 
hallsy89: folds 
69vladimir69: calls $0.02
Dorex2007: calls $0.02
MusaiT: folds 
nadokesh: folds 
HortonRoundtree: checks 
*** FLOP *** [8d 6d Ks]
ferni23 joins the table at seat #9 
HortonRoundtree: checks 
69vladimir69: bets $0.02
Dorex2007: raises $0.07 to $0.09
HortonRoundtree: calls $0.09
69vladimir69: calls $0.07
*** TURN *** [8d 6d Ks] [7s]
HortonRoundtree: checks 
69vladimir69: bets $0.02
Dorex2007: calls $0.02
HortonRoundtree: calls $0.02
*** RIVER *** [8d 6d Ks 7s] [Qc]
HortonRoundtree: bets $0.20
69vladimir69: calls $0.20
Dorex2007: calls $0.20
*** SHOW DOWN ***
HortonRoundtree: shows [8s 6c] (two pair, Eights and Sixes)
69vladimir69: mucks hand 
Dorex2007: mucks hand 
HortonRoundtree collected $0.96 from pot
*** SUMMARY ***
Total pot $1 | Rake $0.04 
Board [8d 6d Ks 7s Qc]
Seat 1: MusaiT (button) folded before Flop (didn't bet)
Seat 2: nadokesh (small blind) folded before Flop
Seat 3: HortonRoundtree (big blind) showed [8s 6c] and won ($0.96) with two pair, Eights and Sixes
Seat 4: BR00RB folded before Flop (didn't bet)
Seat 5: hallsy89 folded before Flop (didn't bet)
Seat 6: 69vladimir69 mucked [Kd Th]
Seat 7: Dorex2007 mucked [Ts Kh]



PokerStars Hand #231683941679:  Hold'em No Limit ($0.01/$0.02 USD) - 2021/11/24 22:08:57 PT [2021/11/25 1:08:57 ET]
Table 'Alauda III' 9-max Seat #2 is the button
Seat 1: MusaiT ($4.63 in chips) 
Seat 2: nadokesh ($2.03 in chips) 
Seat 3: HortonRoundtree ($3 in chips) 
Seat 4: BR00RB ($2.15 in chips) 
Seat 6: 69vladimir69 ($2.04 in chips) 
Seat 7: Dorex2007 ($2 in chips) 
HortonRoundtree: posts small blind $0.01
BR00RB: posts big blind $0.02
ferni23: sits out 
*** HOLE CARDS ***
Dealt to Dorex2007 [As 2c]
69vladimir69: folds 
Dorex2007: folds 
MusaiT: folds 
nadokesh: raises $0.03 to $0.05
HortonRoundtree: folds 
BR00RB: folds 
Uncalled bet ($0.03) returned to nadokesh
nadokesh collected $0.05 from pot
nadokesh: doesn't show hand 
*** SUMMARY ***
Total pot $0.05 | Rake $0 
Seat 1: MusaiT folded before Flop (didn't bet)
Seat 2: nadokesh (button) collected ($0.05)
Seat 3: HortonRoundtree (small blind) folded before Flop
Seat 4: BR00RB (big blind) folded before Flop
Seat 6: 69vladimir69 folded before Flop (didn't bet)
Seat 7: Dorex2007 folded before Flop (didn't bet)



PokerStars Hand #231683951394:  Hold'em No Limit ($0.01/$0.02 USD) - 2021/11/24 22:09:15 PT [2021/11/25 1:09:15 ET]
Table 'Alauda III' 9-max Seat #3 is the button
Seat 1: MusaiT ($4.63 in chips) 
Seat 2: nadokesh ($2.06 in chips) 
Seat 3: HortonRoundtree ($2.99 in chips) 
Seat 4: BR00RB ($2.13 in chips) 
Seat 6: 69vladimir69 ($2.04 in chips) 
Seat 7: Dorex2007 ($2 in chips) 
BR00RB: posts small blind $0.01
69vladimir69: posts big blind $0.02
Twisted369: sits out 
ferni23: sits out 
*** HOLE CARDS ***
Dealt to Dorex2007 [8s 4d]
Dorex2007: folds 
MusaiT: folds 
nadokesh: folds 
BR00RB is disconnected 
HortonRoundtree: folds 
BR00RB has timed out while disconnected
BR00RB: folds 
Uncalled bet ($0.01) returned to 69vladimir69
69vladimir69 collected $0.02 from pot
*** SUMMARY ***
Total pot $0.02 | Rake $0 
Seat 1: MusaiT folded before Flop (didn't bet)
Seat 2: nadokesh folded before Flop (didn't bet)
Seat 3: HortonRoundtree (button) folded before Flop (didn't bet)
Seat 4: BR00RB (small blind) folded before Flop
Seat 6: 69vladimir69 (big blind) collected ($0.02)
Seat 7: Dorex2007 folded before Flop (didn't bet)



PokerStars Hand #231683962911:  Hold'em No Limit ($0.01/$0.02 USD) - 2021/11/24 22:09:39 PT [2021/11/25 1:09:39 ET]
Table 'Alauda III' 9-max Seat #6 is the button
Seat 1: MusaiT ($4.63 in chips) 
Seat 2: nadokesh ($2.06 in chips) 
Seat 3: HortonRoundtree ($2.99 in chips) 
Seat 6: 69vladimir69 ($2.05 in chips) 
Seat 7: Dorex2007 ($2 in chips) 
Seat 8: Twisted369 ($7.28 in chips) 
Dorex2007: posts small blind $0.01
Twisted369: posts big blind $0.02
ferni23: sits out 
hallsy89: sits out 
*** HOLE CARDS ***
Dealt to Dorex2007 [Ah 5h]
MusaiT: folds 
nadokesh: folds 
HortonRoundtree: folds 
69vladimir69: calls $0.02
Dorex2007: calls $0.01
Twisted369: checks 
*** FLOP *** [Ac As Jh]
Dorex2007: checks 
Twisted369: checks 
69vladimir69: bets $0.02
Dorex2007: calls $0.02
Twisted369: folds 
*** TURN *** [Ac As Jh] [2h]
Dorex2007: bets $0.07
69vladimir69: folds 
Uncalled bet ($0.07) returned to Dorex2007
Dorex2007 collected $0.10 from pot
Dorex2007: doesn't show hand 
*** SUMMARY ***
Total pot $0.10 | Rake $0 
Board [Ac As Jh 2h]
Seat 1: MusaiT folded before Flop (didn't bet)
Seat 2: nadokesh folded before Flop (didn't bet)
Seat 3: HortonRoundtree folded before Flop (didn't bet)
Seat 6: 69vladimir69 (button) folded on the Turn
Seat 7: Dorex2007 (small blind) collected ($0.10)
Seat 8: Twisted369 (big blind) folded on the Flop



PokerStars Hand #231683968908:  Hold'em No Limit ($0.01/$0.02 USD) - 2021/11/24 22:10:23 PT [2021/11/25 1:10:23 ET]
Table 'Alauda III' 9-max Seat #7 is the button
Seat 1: MusaiT ($4.63 in chips) 
Seat 2: nadokesh ($2.06 in chips) 
Seat 3: HortonRoundtree ($2.99 in chips) 
Seat 6: 69vladimir69 ($2.01 in chips) 
Seat 7: Dorex2007 ($2.06 in chips) 
Seat 8: Twisted369 ($7.26 in chips) 
Seat 9: ferni23 ($0.80 in chips) 
Twisted369: posts small blind $0.01
ferni23: posts big blind $0.02
hallsy89: sits out 
*** HOLE CARDS ***
Dealt to Dorex2007 [Ac 5c]
MusaiT: folds 
nadokesh: folds 
HortonRoundtree: folds 
69vladimir69: calls $0.02
Dorex2007: calls $0.02
Twisted369: folds 
ferni23: checks 
*** FLOP *** [2c Ad 3h]
ferni23: checks 
69vladimir69: checks 
Dorex2007: bets $0.07
ferni23: folds 
69vladimir69: calls $0.07
*** TURN *** [2c Ad 3h] [5s]
69vladimir69: checks 
Dorex2007: bets $0.20
69vladimir69: raises $0.20 to $0.40
Dorex2007: calls $0.20
*** RIVER *** [2c Ad 3h 5s] [5h]
69vladimir69: bets $0.49
Dorex2007: raises $1.08 to $1.57 and is all-in
69vladimir69: calls $1.03 and is all-in
Uncalled bet ($0.05) returned to Dorex2007
*** SHOW DOWN ***
Dorex2007: shows [Ac 5c] (a full house, Fives full of Aces)
69vladimir69: shows [Ts 4s] (a straight, Ace to Five)
Dorex2007 collected $3.91 from pot
*** SUMMARY ***
Total pot $4.05 | Rake $0.14 
Board [2c Ad 3h 5s 5h]
Seat 1: MusaiT folded before Flop (didn't bet)
Seat 2: nadokesh folded before Flop (didn't bet)
Seat 3: HortonRoundtree folded before Flop (didn't bet)
Seat 6: 69vladimir69 showed [Ts 4s] and lost with a straight, Ace to Five
Seat 7: Dorex2007 (button) showed [Ac 5c] and won ($3.91) with a full house, Fives full of Aces
Seat 8: Twisted369 (small blind) folded before Flop
Seat 9: ferni23 (big blind) folded on the Flop



PokerStars Hand #231683980209:  Hold'em No Limit ($0.01/$0.02 USD) - 2021/11/24 22:11:47 PT [2021/11/25 1:11:47 ET]
Table 'Alauda III' 9-max Seat #8 is the button
Seat 1: MusaiT ($4.63 in chips) 
Seat 2: nadokesh ($2.06 in chips) 
Seat 3: HortonRoundtree ($2.99 in chips) 
Seat 4: BR00RB ($2.12 in chips) 
Seat 7: Dorex2007 ($3.96 in chips) 
Seat 8: Twisted369 ($7.25 in chips) 
Seat 9: ferni23 ($0.78 in chips) 
ferni23: posts small blind $0.01
MusaiT: posts big blind $0.02
hallsy89: sits out 
*** HOLE CARDS ***
Dealt to Dorex2007 [8c 6h]
nadokesh: folds 
HortonRoundtree: calls $0.02
69vladimir69 leaves the table
BR00RB: raises $0.04 to $0.06
Dorex2007: folds 
Twisted369: raises $0.10 to $0.16
mcfla27 joins the table at seat #6 
ferni23: folds 
MusaiT: folds 
HortonRoundtree: folds 
BR00RB: calls $0.10
*** FLOP *** [3h 8h Qc]
BR00RB: bets $0.18
Twisted369: folds 
Uncalled bet ($0.18) returned to BR00RB
BR00RB collected $0.36 from pot
BR00RB: doesn't show hand 
*** SUMMARY ***
Total pot $0.37 | Rake $0.01 
Board [3h 8h Qc]
Seat 1: MusaiT (big blind) folded before Flop
Seat 2: nadokesh folded before Flop (didn't bet)
Seat 3: HortonRoundtree folded before Flop
Seat 4: BR00RB collected ($0.36)
Seat 7: Dorex2007 folded before Flop (didn't bet)
Seat 8: Twisted369 (button) folded on the Flop
Seat 9: ferni23 (small blind) folded before Flop



PokerStars Hand #231683987458:  Hold'em No Limit ($0.01/$0.02 USD) - 2021/11/24 22:12:40 PT [2021/11/25 1:12:40 ET]
Table 'Alauda III' 9-max Seat #9 is the button
Seat 1: MusaiT ($4.61 in chips) 
Seat 2: nadokesh ($2.06 in chips) 
Seat 3: HortonRoundtree ($2.97 in chips) 
Seat 4: BR00RB ($2.32 in chips) 
Seat 6: mcfla27 ($0.80 in chips) 
Seat 7: Dorex2007 ($3.96 in chips) 
Seat 8: Twisted369 ($7.09 in chips) 
Seat 9: ferni23 ($0.77 in chips) 
MusaiT: posts small blind $0.01
nadokesh: posts big blind $0.02
hallsy89: sits out 
mcfla27: posts big blind $0.02
*** HOLE CARDS ***
Dealt to Dorex2007 [Kd 3s]
HortonRoundtree: folds 
BR00RB: calls $0.02
mcfla27: raises $0.02 to $0.04
Dorex2007: folds 
Twisted369: folds 
ferni23: raises $0.02 to $0.06
MusaiT: calls $0.05
nadokesh: raises $0.29 to $0.35
BR00RB: folds 
mcfla27: calls $0.31
ferni23: folds 
MusaiT: folds 
*** FLOP *** [9c Js 2h]
nadokesh: bets $0.81
mcfla27: calls $0.45 and is all-in
Uncalled bet ($0.36) returned to nadokesh
*** TURN *** [9c Js 2h] [Jc]
*** RIVER *** [9c Js 2h Jc] [4c]
*** SHOW DOWN ***
nadokesh: shows [Kc Kh] (two pair, Kings and Jacks)
mcfla27: shows [Ac 8h] (a pair of Jacks)
nadokesh cashed out the hand for $1.43 | Cash Out Fee $0.01
*** SUMMARY ***
Total pot $1.74 | Rake $0.06 
Board [9c Js 2h Jc 4c]
Seat 1: MusaiT (small blind) folded before Flop
Seat 2: nadokesh (big blind) showed [Kc Kh] and won ($1.68) with two pair, Kings and Jacks (pot not awarded as player cashed out)
Seat 3: HortonRoundtree folded before Flop (didn't bet)
Seat 4: BR00RB folded before Flop
Seat 6: mcfla27 showed [Ac 8h] and lost with a pair of Jacks
Seat 7: Dorex2007 folded before Flop (didn't bet)
Seat 8: Twisted369 folded before Flop (didn't bet)
Seat 9: ferni23 (button) folded before Flop



PokerStars Hand #231683995713:  Hold'em No Limit ($0.01/$0.02 USD) - 2021/11/24 22:13:41 PT [2021/11/25 1:13:41 ET]
Table 'Alauda III' 9-max Seat #1 is the button
Seat 1: MusaiT ($4.55 in chips) 
Seat 2: nadokesh ($2.69 in chips) 
Seat 3: HortonRoundtree ($2.97 in chips) 
Seat 4: BR00RB ($2.30 in chips) 
Seat 7: Dorex2007 ($3.96 in chips) 
Seat 8: Twisted369 ($7.09 in chips) 
Seat 9: ferni23 ($0.71 in chips) 
nadokesh: posts small blind $0.01
HortonRoundtree: posts big blind $0.02
hallsy89: sits out 
*** HOLE CARDS ***
Dealt to Dorex2007 [Kc Ts]
BR00RB: calls $0.02
Dorex2007: folds 
Twisted369: folds 
ferni23: folds 
mcfla27 leaves the table
MusaiT: raises $0.07 to $0.09
nadokesh: folds 
HortonRoundtree: folds 
BR00RB: folds 
Uncalled bet ($0.07) returned to MusaiT
MusaiT collected $0.07 from pot
*** SUMMARY ***
Total pot $0.07 | Rake $0 
Seat 1: MusaiT (button) collected ($0.07)
Seat 2: nadokesh (small blind) folded before Flop
Seat 3: HortonRoundtree (big blind) folded before Flop
Seat 4: BR00RB folded before Flop
Seat 7: Dorex2007 folded before Flop (didn't bet)
Seat 8: Twisted369 folded before Flop (didn't bet)
Seat 9: ferni23 folded before Flop (didn't bet)



PokerStars Hand #231683998791:  Hold'em No Limit ($0.01/$0.02 USD) - 2021/11/24 22:14:05 PT [2021/11/25 1:14:05 ET]
Table 'Alauda III' 9-max Seat #2 is the button
Seat 1: MusaiT ($4.60 in chips) 
Seat 2: nadokesh ($2.68 in chips) 
Seat 3: HortonRoundtree ($2.95 in chips) 
Seat 4: BR00RB ($2.28 in chips) 
Seat 7: Dorex2007 ($3.96 in chips) 
Seat 8: Twisted369 ($7.09 in chips) 
Seat 9: ferni23 ($0.71 in chips) 
HortonRoundtree: posts small blind $0.01
BR00RB: posts big blind $0.02
hallsy89: sits out 
*** HOLE CARDS ***
Dealt to Dorex2007 [5h 6c]
Dorex2007: folds 
Twisted369: folds 
ferni23: folds 
MusaiT: folds 
nadokesh: folds 
HortonRoundtree: folds 
Uncalled bet ($0.01) returned to BR00RB
BR00RB collected $0.02 from pot
BR00RB: doesn't show hand 
*** SUMMARY ***
Total pot $0.02 | Rake $0 
Seat 1: MusaiT folded before Flop (didn't bet)
Seat 2: nadokesh (button) folded before Flop (didn't bet)
Seat 3: HortonRoundtree (small blind) folded before Flop
Seat 4: BR00RB (big blind) collected ($0.02)
Seat 7: Dorex2007 folded before Flop (didn't bet)
Seat 8: Twisted369 folded before Flop (didn't bet)
Seat 9: ferni23 folded before Flop (didn't bet)



PokerStars Hand #231684000082:  Hold'em No Limit ($0.01/$0.02 USD) - 2021/11/24 22:14:14 PT [2021/11/25 1:14:14 ET]
Table 'Alauda III' 9-max Seat #3 is the button
Seat 1: MusaiT ($4.60 in chips) 
Seat 2: nadokesh ($2.68 in chips) 
Seat 3: HortonRoundtree ($2.94 in chips) 
Seat 4: BR00RB ($2.29 in chips) 
Seat 5: hallsy89 ($1.14 in chips) 
Seat 7: Dorex2007 ($3.96 in chips) 
Seat 8: Twisted369 ($7.09 in chips) 
Seat 9: ferni23 ($0.71 in chips) 
BR00RB: posts small blind $0.01
hallsy89: posts big blind $0.02
*** HOLE CARDS ***
Dealt to Dorex2007 [Ac 6h]
Dorex2007: folds 
Twisted369: folds 
ferni23: folds 
MusaiT: folds 
nadokesh: raises $0.03 to $0.05
HortonRoundtree: folds 
BR00RB: calls $0.04
hallsy89: folds 
*** FLOP *** [3s 6s 4s]
BR00RB: bets $0.04
nadokesh: folds 
Uncalled bet ($0.04) returned to BR00RB
BR00RB collected $0.12 from pot
BR00RB: doesn't show hand 
*** SUMMARY ***
Total pot $0.12 | Rake $0 
Board [3s 6s 4s]
Seat 1: MusaiT folded before Flop (didn't bet)
Seat 2: nadokesh folded on the Flop
Seat 3: HortonRoundtree (button) folded before Flop (didn't bet)
Seat 4: BR00RB (small blind) collected ($0.12)
Seat 5: hallsy89 (big blind) folded before Flop
Seat 7: Dorex2007 folded before Flop (didn't bet)
Seat 8: Twisted369 folded before Flop (didn't bet)
Seat 9: ferni23 folded before Flop (didn't bet)



PokerStars Hand #231684006716:  Hold'em No Limit ($0.01/$0.02 USD) - 2021/11/24 22:15:03 PT [2021/11/25 1:15:03 ET]
Table 'Alauda III' 9-max Seat #4 is the button
Seat 1: MusaiT ($4.60 in chips) 
Seat 2: nadokesh ($2.63 in chips) 
Seat 3: HortonRoundtree ($2.94 in chips) 
Seat 4: BR00RB ($2.36 in chips) 
Seat 5: hallsy89 ($1.12 in chips) 
Seat 7: Dorex2007 ($3.96 in chips) 
Seat 8: Twisted369 ($7.09 in chips) 
Seat 9: ferni23 ($0.71 in chips) 
hallsy89: posts small blind $0.01
Dorex2007: posts big blind $0.02
*** HOLE CARDS ***
Dealt to Dorex2007 [8d 4h]
Twisted369: folds 
ferni23: calls $0.02
MusaiT: folds 
nadokesh has timed out
nadokesh: folds 
HortonRoundtree: folds 
BR00RB: folds 
hallsy89: calls $0.01
Dorex2007: checks 
*** FLOP *** [Qd 6s 4d]
hallsy89: checks 
Dorex2007: checks 
ferni23: checks 
*** TURN *** [Qd 6s 4d] [Qs]
hallsy89: bets $0.04
Dorex2007: folds 
ferni23: calls $0.04
*** RIVER *** [Qd 6s 4d Qs] [2s]
hallsy89: checks 
ferni23: checks 
*** SHOW DOWN ***
hallsy89: shows [5s 6c] (two pair, Queens and Sixes)
ferni23: shows [9c 9s] (two pair, Queens and Nines)
ferni23 collected $0.14 from pot
*** SUMMARY ***
Total pot $0.14 | Rake $0 
Board [Qd 6s 4d Qs 2s]
Seat 1: MusaiT folded before Flop (didn't bet)
Seat 2: nadokesh folded before Flop (didn't bet)
Seat 3: HortonRoundtree folded before Flop (didn't bet)
Seat 4: BR00RB (button) folded before Flop (didn't bet)
Seat 5: hallsy89 (small blind) showed [5s 6c] and lost with two pair, Queens and Sixes
Seat 7: Dorex2007 (big blind) folded on the Turn
Seat 8: Twisted369 folded before Flop (didn't bet)
Seat 9: ferni23 showed [9c 9s] and won ($0.14) with two pair, Queens and Nines



PokerStars Hand #231684017048:  Hold'em No Limit ($0.01/$0.02 USD) - 2021/11/24 22:16:19 PT [2021/11/25 1:16:19 ET]
Table 'Alauda III' 9-max Seat #5 is the button
Seat 1: MusaiT ($4.60 in chips) 
Seat 2: nadokesh ($2.63 in chips) 
Seat 3: HortonRoundtree ($2.94 in chips) 
Seat 4: BR00RB ($2.36 in chips) 
Seat 5: hallsy89 ($1.06 in chips) 
Seat 7: Dorex2007 ($3.94 in chips) 
Seat 8: Twisted369 ($7.09 in chips) 
Seat 9: ferni23 ($0.79 in chips) 
Dorex2007: posts small blind $0.01
Twisted369: posts big blind $0.02
*** HOLE CARDS ***
Dealt to Dorex2007 [8h Ad]
ferni23: folds 
MusaiT: folds 
nadokesh: folds 
HortonRoundtree: folds 
BR00RB: folds 
hallsy89: raises $0.02 to $0.04
Dorex2007: calls $0.03
Twisted369: folds 
*** FLOP *** [9d Th Jd]
Dorex2007: checks 
hallsy89: bets $0.06
Dorex2007: calls $0.06
*** TURN *** [9d Th Jd] [4d]
Dorex2007: checks 
hallsy89: checks 
*** RIVER *** [9d Th Jd 4d] [6s]
Dorex2007: bets $0.21
hallsy89: folds 
Uncalled bet ($0.21) returned to Dorex2007
Dorex2007 collected $0.21 from pot
Dorex2007: doesn't show hand 
*** SUMMARY ***
Total pot $0.22 | Rake $0.01 
Board [9d Th Jd 4d 6s]
Seat 1: MusaiT folded before Flop (didn't bet)
Seat 2: nadokesh folded before Flop (didn't bet)
Seat 3: HortonRoundtree folded before Flop (didn't bet)
Seat 4: BR00RB folded before Flop (didn't bet)
Seat 5: hallsy89 (button) folded on the River
Seat 7: Dorex2007 (small blind) collected ($0.21)
Seat 8: Twisted369 (big blind) folded before Flop
Seat 9: ferni23 folded before Flop (didn't bet)



PokerStars Hand #231684023673:  Hold'em No Limit ($0.01/$0.02 USD) - 2021/11/24 22:17:08 PT [2021/11/25 1:17:08 ET]
Table 'Alauda III' 9-max Seat #7 is the button
Seat 1: MusaiT ($4.60 in chips) 
Seat 2: nadokesh ($2.63 in chips) 
Seat 3: HortonRoundtree ($2.94 in chips) 
Seat 4: BR00RB ($2.36 in chips) 
Seat 5: hallsy89 ($0.96 in chips) 
Seat 7: Dorex2007 ($4.05 in chips) 
Seat 8: Twisted369 ($7.07 in chips) 
Seat 9: ferni23 ($0.79 in chips) 
Twisted369: posts small blind $0.01
ferni23: posts big blind $0.02
*** HOLE CARDS ***
Dealt to Dorex2007 [3h Js]
MusaiT: folds 
nadokesh: folds 
HortonRoundtree: folds 
BR00RB: calls $0.02
hallsy89: calls $0.02
Dorex2007: folds 
Twisted369: folds 
ferni23: checks 
*** FLOP *** [2d Jh Jc]
ferni23: checks 
BR00RB: checks 
hallsy89: checks 
*** TURN *** [2d Jh Jc] [4c]
ferni23: bets $0.04
BR00RB: folds 
hallsy89: folds 
Uncalled bet ($0.04) returned to ferni23
ferni23 collected $0.07 from pot
ferni23: doesn't show hand 
*** SUMMARY ***
Total pot $0.07 | Rake $0 
Board [2d Jh Jc 4c]
Seat 1: MusaiT folded before Flop (didn't bet)
Seat 2: nadokesh folded before Flop (didn't bet)
Seat 3: HortonRoundtree folded before Flop (didn't bet)
Seat 4: BR00RB folded on the Turn
Seat 5: hallsy89 folded on the Turn
Seat 7: Dorex2007 (button) folded before Flop (didn't bet)
Seat 8: Twisted369 (small blind) folded before Flop
Seat 9: ferni23 (big blind) collected ($0.07)



PokerStars Hand #231684032084:  Hold'em No Limit ($0.01/$0.02 USD) - 2021/11/24 22:18:09 PT [2021/11/25 1:18:09 ET]
Table 'Alauda III' 9-max Seat #8 is the button
Seat 1: MusaiT ($4.60 in chips) 
Seat 2: nadokesh ($2.63 in chips) 
Seat 3: HortonRoundtree ($2.94 in chips) 
Seat 4: BR00RB ($2.34 in chips) 
Seat 5: hallsy89 ($0.94 in chips) 
Seat 7: Dorex2007 ($4.05 in chips) 
Seat 8: Twisted369 ($7.06 in chips) 
Seat 9: ferni23 ($0.84 in chips) 
ferni23: posts small blind $0.01
MusaiT: posts big blind $0.02
*** HOLE CARDS ***
Dealt to Dorex2007 [6d Ad]
Urasik1979 joins the table at seat #6 
nadokesh has timed out
nadokesh: folds 
HortonRoundtree: folds 
BR00RB: folds 
hallsy89: folds 
Dorex2007: raises $0.02 to $0.04
Twisted369: folds 
ferni23: folds 
MusaiT: folds 
Uncalled bet ($0.02) returned to Dorex2007
Dorex2007 collected $0.05 from pot
Dorex2007: doesn't show hand 
*** SUMMARY ***
Total pot $0.05 | Rake $0 
Seat 1: MusaiT (big blind) folded before Flop
Seat 2: nadokesh folded before Flop (didn't bet)
Seat 3: HortonRoundtree folded before Flop (didn't bet)
Seat 4: BR00RB folded before Flop (didn't bet)
Seat 5: hallsy89 folded before Flop (didn't bet)
Seat 7: Dorex2007 collected ($0.05)
Seat 8: Twisted369 (button) folded before Flop (didn't bet)
Seat 9: ferni23 (small blind) folded before Flop



PokerStars Hand #231684036026:  Hold'em No Limit ($0.01/$0.02 USD) - 2021/11/24 22:18:38 PT [2021/11/25 1:18:38 ET]
Table 'Alauda III' 9-max Seat #9 is the button
Seat 1: MusaiT ($4.58 in chips) 
Seat 3: HortonRoundtree ($2.94 in chips) 
Seat 4: BR00RB ($2.34 in chips) 
Seat 5: hallsy89 ($0.94 in chips) 
Seat 7: Dorex2007 ($4.08 in chips) 
Seat 8: Twisted369 ($7.06 in chips) 
Seat 9: ferni23 ($0.83 in chips) 
MusaiT: posts small blind $0.01
HortonRoundtree: posts big blind $0.02
Urasik1979: sits out 
*** HOLE CARDS ***
Dealt to Dorex2007 [Jh 4s]
BR00RB: calls $0.02
hallsy89: folds 
Dorex2007: folds 
Twisted369: calls $0.02
ferni23: raises $0.04 to $0.06
MusaiT: folds 
HortonRoundtree: folds 
BR00RB: folds 
Twisted369: calls $0.04
*** FLOP *** [Kh 9s 7c]
Twisted369: checks 
ferni23: bets $0.08
Twisted369: folds 
Uncalled bet ($0.08) returned to ferni23
ferni23 collected $0.16 from pot
ferni23: doesn't show hand 
*** SUMMARY ***
Total pot $0.17 | Rake $0.01 
Board [Kh 9s 7c]
Seat 1: MusaiT (small blind) folded before Flop
Seat 3: HortonRoundtree (big blind) folded before Flop
Seat 4: BR00RB folded before Flop
Seat 5: hallsy89 folded before Flop (didn't bet)
Seat 7: Dorex2007 folded before Flop (didn't bet)
Seat 8: Twisted369 folded on the Flop
Seat 9: ferni23 (button) collected ($0.16)



PokerStars Hand #231684042678:  Hold'em No Limit ($0.01/$0.02 USD) - 2021/11/24 22:19:26 PT [2021/11/25 1:19:26 ET]
Table 'Alauda III' 9-max Seat #1 is the button
Seat 1: MusaiT ($4.57 in chips) 
Seat 3: HortonRoundtree ($2.92 in chips) 
Seat 4: BR00RB ($2.32 in chips) 
Seat 5: hallsy89 ($0.94 in chips) 
Seat 7: Dorex2007 ($4.08 in chips) 
Seat 8: Twisted369 ($7 in chips) 
Seat 9: ferni23 ($0.93 in chips) 
HortonRoundtree: posts small blind $0.01
BR00RB: posts big blind $0.02
Urasik1979: sits out 
*** HOLE CARDS ***
Dealt to Dorex2007 [2s 9d]
hallsy89: folds 
Dorex2007: folds 
Twisted369: folds 
ferni23: calls $0.02
MusaiT: folds 
HortonRoundtree: folds 
BR00RB: checks 
*** FLOP *** [Jh Qs 2c]
BR00RB: checks 
ferni23: bets $0.03
BR00RB: calls $0.03
*** TURN *** [Jh Qs 2c] [Ah]
BR00RB: checks 
ferni23: checks 
*** RIVER *** [Jh Qs 2c Ah] [Kh]
nadokesh leaves the table
BR00RB: checks 
ferni23: bets $0.06
hallsy89 is disconnected 
BR00RB: folds 
Uncalled bet ($0.06) returned to ferni23
ferni23 collected $0.11 from pot
ferni23: doesn't show hand 
*** SUMMARY ***
Total pot $0.11 | Rake $0 
Board [Jh Qs 2c Ah Kh]
Seat 1: MusaiT (button) folded before Flop (didn't bet)
Seat 3: HortonRoundtree (small blind) folded before Flop
Seat 4: BR00RB (big blind) folded on the River
Seat 5: hallsy89 folded before Flop (didn't bet)
Seat 7: Dorex2007 folded before Flop (didn't bet)
Seat 8: Twisted369 folded before Flop (didn't bet)
Seat 9: ferni23 collected ($0.11)



PokerStars Hand #231684052159:  Hold'em No Limit ($0.01/$0.02 USD) - 2021/11/24 22:20:36 PT [2021/11/25 1:20:36 ET]
Table 'Alauda III' 9-max Seat #3 is the button
Seat 1: MusaiT ($4.57 in chips) 
Seat 3: HortonRoundtree ($2.91 in chips) 
Seat 4: BR00RB ($2.27 in chips) 
Seat 6: Urasik1979 ($0.23 in chips) 
Seat 7: Dorex2007 ($4.08 in chips) 
Seat 8: Twisted369 ($7 in chips) 
Seat 9: ferni23 ($0.99 in chips) 
BR00RB: posts small blind $0.01
hallsy89 has timed out while disconnected
hallsy89: is sitting out 
Urasik1979: posts big blind $0.02
*** HOLE CARDS ***
Dealt to Dorex2007 [Kc Kd]
Dorex2007: raises $0.04 to $0.06
Twisted369: folds 
ferni23: folds 
MusaiT: folds 
HortonRoundtree: calls $0.06
BR00RB: folds 
Urasik1979: folds 
*** FLOP *** [4s Ks 6d]
Dorex2007: checks 
HortonRoundtree: checks 
*** TURN *** [4s Ks 6d] [Qs]
Dorex2007: checks 
HortonRoundtree: checks 
*** RIVER *** [4s Ks 6d Qs] [3d]
Dorex2007: bets $0.14
HortonRoundtree: folds 
Uncalled bet ($0.14) returned to Dorex2007
Dorex2007 collected $0.14 from pot
Dorex2007: doesn't show hand 
*** SUMMARY ***
Total pot $0.15 | Rake $0.01 
Board [4s Ks 6d Qs 3d]
Seat 1: MusaiT folded before Flop (didn't bet)
Seat 3: HortonRoundtree (button) folded on the River
Seat 4: BR00RB (small blind) folded before Flop
Seat 6: Urasik1979 (big blind) folded before Flop
Seat 7: Dorex2007 collected ($0.14)
Seat 8: Twisted369 folded before Flop (didn't bet)
Seat 9: ferni23 folded before Flop (didn't bet)



PokerStars Hand #231684059391:  Hold'em No Limit ($0.01/$0.02 USD) - 2021/11/24 22:21:29 PT [2021/11/25 1:21:29 ET]
Table 'Alauda III' 9-max Seat #4 is the button
Seat 1: MusaiT ($4.57 in chips) 
Seat 3: HortonRoundtree ($2.85 in chips) 
Seat 4: BR00RB ($2.26 in chips) 
Seat 6: Urasik1979 ($0.21 in chips) 
Seat 7: Dorex2007 ($4.16 in chips) 
Seat 8: Twisted369 ($7 in chips) 
Seat 9: ferni23 ($0.99 in chips) 
Urasik1979: posts small blind $0.01
Dorex2007: posts big blind $0.02
*** HOLE CARDS ***
Dealt to Dorex2007 [4s 3s]
Twisted369: folds 
ferni23: folds 
MusaiT: folds 
HortonRoundtree: folds 
BR00RB: folds 
Urasik1979: calls $0.01
Dorex2007: checks 
*** FLOP *** [6d 2c Qc]
Urasik1979: checks 
Dorex2007: checks 
*** TURN *** [6d 2c Qc] [3d]
Urasik1979: bets $0.02
Dorex2007: calls $0.02
*** RIVER *** [6d 2c Qc 3d] [Js]
Urasik1979: checks 
Dorex2007: bets $0.05
Urasik1979: folds 
Uncalled bet ($0.05) returned to Dorex2007
Dorex2007 collected $0.08 from pot
Dorex2007: doesn't show hand 
*** SUMMARY ***
Total pot $0.08 | Rake $0 
Board [6d 2c Qc 3d Js]
Seat 1: MusaiT folded before Flop (didn't bet)
Seat 3: HortonRoundtree folded before Flop (didn't bet)
Seat 4: BR00RB (button) folded before Flop (didn't bet)
Seat 6: Urasik1979 (small blind) folded on the River
Seat 7: Dorex2007 (big blind) collected ($0.08)
Seat 8: Twisted369 folded before Flop (didn't bet)
Seat 9: ferni23 folded before Flop (didn't bet)



PokerStars Hand #231684063455:  Hold'em No Limit ($0.01/$0.02 USD) - 2021/11/24 22:21:59 PT [2021/11/25 1:21:59 ET]
Table 'Alauda III' 9-max Seat #6 is the button
Seat 1: MusaiT ($4.57 in chips) 
Seat 3: HortonRoundtree ($2.85 in chips) 
Seat 4: BR00RB ($2.26 in chips) 
Seat 6: Urasik1979 ($0.17 in chips) 
Seat 7: Dorex2007 ($4.20 in chips) 
Seat 8: Twisted369 ($7 in chips) 
Seat 9: ferni23 ($0.99 in chips) 
Dorex2007: posts small blind $0.01
Twisted369: posts big blind $0.02
*** HOLE CARDS ***
Dealt to Dorex2007 [Jh Kc]
ferni23: folds 
MusaiT: folds 
HortonRoundtree: folds 
BR00RB: folds 
Urasik1979: folds 
Dorex2007: raises $0.02 to $0.04
Twisted369: folds 
Uncalled bet ($0.02) returned to Dorex2007
Dorex2007 collected $0.04 from pot
Dorex2007: doesn't show hand 
ferni23 leaves the table
*** SUMMARY ***
Total pot $0.04 | Rake $0 
Seat 1: MusaiT folded before Flop (didn't bet)
Seat 3: HortonRoundtree folded before Flop (didn't bet)
Seat 4: BR00RB folded before Flop (didn't bet)
Seat 6: Urasik1979 (button) folded before Flop (didn't bet)
Seat 7: Dorex2007 (small blind) collected ($0.04)
Seat 8: Twisted369 (big blind) folded before Flop
Seat 9: ferni23 folded before Flop (didn't bet)



PokerStars Hand #231684065167:  Hold'em No Limit ($0.01/$0.02 USD) - 2021/11/24 22:22:12 PT [2021/11/25 1:22:12 ET]
Table 'Alauda III' 9-max Seat #7 is the button
Seat 1: MusaiT ($4.57 in chips) 
Seat 3: HortonRoundtree ($2.85 in chips) 
Seat 4: BR00RB ($2.26 in chips) 
Seat 6: Urasik1979 ($0.17 in chips) 
Seat 7: Dorex2007 ($4.22 in chips) 
Seat 8: Twisted369 ($6.98 in chips) 
Twisted369: posts small blind $0.01
MusaiT: posts big blind $0.02
*** HOLE CARDS ***
Dealt to Dorex2007 [Qs 6c]
HortonRoundtree: folds 
BR00RB: calls $0.02
Urasik1979: folds 
Dorex2007: folds 
Twisted369: folds 
MusaiT: checks 
*** FLOP *** [5c Kd 9h]
MusaiT: checks 
BR00RB: checks 
*** TURN *** [5c Kd 9h] [2s]
MusaiT: checks 
BR00RB: bets $0.05
MusaiT: calls $0.05
*** RIVER *** [5c Kd 9h 2s] [5d]
MusaiT: checks 
BR00RB: bets $0.14
MusaiT: folds 
Uncalled bet ($0.14) returned to BR00RB
BR00RB collected $0.14 from pot
BR00RB: doesn't show hand 
bojnice21 joins the table at seat #2 
*** SUMMARY ***
Total pot $0.15 | Rake $0.01 
Board [5c Kd 9h 2s 5d]
Seat 1: MusaiT (big blind) folded on the River
Seat 3: HortonRoundtree folded before Flop (didn't bet)
Seat 4: BR00RB collected ($0.14)
Seat 6: Urasik1979 folded before Flop (didn't bet)
Seat 7: Dorex2007 (button) folded before Flop (didn't bet)
Seat 8: Twisted369 (small blind) folded before Flop



PokerStars Hand #231684072142:  Hold'em No Limit ($0.01/$0.02 USD) - 2021/11/24 22:23:04 PT [2021/11/25 1:23:04 ET]
Table 'Alauda III' 9-max Seat #8 is the button
Seat 1: MusaiT ($4.50 in chips) 
Seat 2: bojnice21 ($2 in chips) 
Seat 4: BR00RB ($2.33 in chips) 
Seat 6: Urasik1979 ($0.17 in chips) 
Seat 7: Dorex2007 ($4.22 in chips) 
Seat 8: Twisted369 ($6.97 in chips) 
MusaiT: posts small blind $0.01
bojnice21: posts big blind $0.02
*** HOLE CARDS ***
Dealt to Dorex2007 [6c 9s]
HortonRoundtree leaves the table
BR00RB: calls $0.02
Urasik1979: folds 
Dorex2007: folds 
Twisted369: calls $0.02
MusaiT: folds 
bojnice21: checks 
*** FLOP *** [3h 2d Ts]
bojnice21: checks 
BR00RB: checks 
Twisted369: checks 
*** TURN *** [3h 2d Ts] [2c]
bojnice21: bets $0.07
BR00RB: folds 
Twisted369: folds 
Uncalled bet ($0.07) returned to bojnice21
bojnice21 collected $0.07 from pot
bojnice21: doesn't show hand 
*** SUMMARY ***
Total pot $0.07 | Rake $0 
Board [3h 2d Ts 2c]
Seat 1: MusaiT (small blind) folded before Flop
Seat 2: bojnice21 (big blind) collected ($0.07)
Seat 4: BR00RB folded on the Turn
Seat 6: Urasik1979 folded before Flop (didn't bet)
Seat 7: Dorex2007 folded before Flop (didn't bet)
Seat 8: Twisted369 (button) folded on the Turn



PokerStars Hand #231684078669:  Hold'em No Limit ($0.01/$0.02 USD) - 2021/11/24 22:23:53 PT [2021/11/25 1:23:53 ET]
Table 'Alauda III' 9-max Seat #1 is the button
Seat 1: MusaiT ($4.49 in chips) 
Seat 2: bojnice21 ($2.05 in chips) 
Seat 4: BR00RB ($2.31 in chips) 
Seat 6: Urasik1979 ($0.17 in chips) 
Seat 7: Dorex2007 ($4.22 in chips) 
Seat 8: Twisted369 ($6.95 in chips) 
bojnice21: posts small blind $0.01
BR00RB: posts big blind $0.02
*** HOLE CARDS ***
Dealt to Dorex2007 [6s 6c]
Urasik1979: raises $0.04 to $0.06
Dorex2007: calls $0.06
Twisted369: folds 
MusaiT: folds 
bojnice21: folds 
BR00RB: folds 
*** FLOP *** [5s Td Ts]
Urasik1979: bets $0.11 and is all-in
Dorex2007: calls $0.11
*** TURN *** [5s Td Ts] [Ad]
*** RIVER *** [5s Td Ts Ad] [Kc]
*** SHOW DOWN ***
Urasik1979: shows [Jd Jc] (two pair, Jacks and Tens)
Dorex2007: shows [6s 6c] (two pair, Tens and Sixes)
Urasik1979 cashed out the hand for $0.32
*** SUMMARY ***
Total pot $0.37 | Rake $0.01 
Board [5s Td Ts Ad Kc]
Seat 1: MusaiT (button) folded before Flop (didn't bet)
Seat 2: bojnice21 (small blind) folded before Flop
Seat 4: BR00RB (big blind) folded before Flop
Seat 6: Urasik1979 showed [Jd Jc] and won ($0.36) with two pair, Jacks and Tens (pot not awarded as player cashed out)
Seat 7: Dorex2007 showed [6s 6c] and lost with two pair, Tens and Sixes
Seat 8: Twisted369 folded before Flop (didn't bet)



PokerStars Hand #231684083257:  Hold'em No Limit ($0.01/$0.02 USD) - 2021/11/24 22:24:28 PT [2021/11/25 1:24:28 ET]
Table 'Alauda III' 9-max Seat #2 is the button
Seat 1: MusaiT ($4.49 in chips) 
Seat 2: bojnice21 ($2.04 in chips) 
Seat 4: BR00RB ($2.29 in chips) 
Seat 6: Urasik1979 ($0.32 in chips) 
Seat 7: Dorex2007 ($4.05 in chips) 
Seat 8: Twisted369 ($6.95 in chips) 
BR00RB: posts small blind $0.01
Urasik1979: posts big blind $0.02
*** HOLE CARDS ***
Dealt to Dorex2007 [2h 4s]
Dorex2007: folds 
Twisted369: folds 
MusaiT: folds 
bojnice21: folds 
BR00RB: folds 
Uncalled bet ($0.01) returned to Urasik1979
Urasik1979 collected $0.02 from pot
*** SUMMARY ***
Total pot $0.02 | Rake $0 
Seat 1: MusaiT folded before Flop (didn't bet)
Seat 2: bojnice21 (button) folded before Flop (didn't bet)
Seat 4: BR00RB (small blind) folded before Flop
Seat 6: Urasik1979 (big blind) collected ($0.02)
Seat 7: Dorex2007 folded before Flop (didn't bet)
Seat 8: Twisted369 folded before Flop (didn't bet)



PokerStars Hand #231684084732:  Hold'em No Limit ($0.01/$0.02 USD) - 2021/11/24 22:24:39 PT [2021/11/25 1:24:39 ET]
Table 'Alauda III' 9-max Seat #4 is the button
Seat 1: MusaiT ($4.49 in chips) 
Seat 2: bojnice21 ($2.04 in chips) 
Seat 4: BR00RB ($2.28 in chips) 
Seat 6: Urasik1979 ($0.33 in chips) 
Seat 7: Dorex2007 ($4.05 in chips) 
Seat 8: Twisted369 ($6.95 in chips) 
Urasik1979: posts small blind $0.01
Dorex2007: posts big blind $0.02
*** HOLE CARDS ***
Dealt to Dorex2007 [4d 2h]
Twisted369: folds 
MusaiT: folds 
bojnice21: folds 
BR00RB: folds 
Urasik1979: folds 
Uncalled bet ($0.01) returned to Dorex2007
Dorex2007 collected $0.02 from pot
Dorex2007: doesn't show hand 
*** SUMMARY ***
Total pot $0.02 | Rake $0 
Seat 1: MusaiT folded before Flop (didn't bet)
Seat 2: bojnice21 folded before Flop (didn't bet)
Seat 4: BR00RB (button) folded before Flop (didn't bet)
Seat 6: Urasik1979 (small blind) folded before Flop
Seat 7: Dorex2007 (big blind) collected ($0.02)
Seat 8: Twisted369 folded before Flop (didn't bet)



PokerStars Hand #231684086091:  Hold'em No Limit ($0.01/$0.02 USD) - 2021/11/24 22:24:50 PT [2021/11/25 1:24:50 ET]
Table 'Alauda III' 9-max Seat #6 is the button
Seat 1: MusaiT ($4.49 in chips) 
Seat 2: bojnice21 ($2.04 in chips) 
Seat 4: BR00RB ($2.28 in chips) 
Seat 6: Urasik1979 ($0.32 in chips) 
Seat 7: Dorex2007 ($4.06 in chips) 
Seat 8: Twisted369 ($6.95 in chips) 
Dorex2007: posts small blind $0.01
Twisted369: posts big blind $0.02
*** HOLE CARDS ***
Dealt to Dorex2007 [2d Td]
MusaiT: folds 
bojnice21: folds 
BR00RB: folds 
Urasik1979: folds 
Dorex2007: folds 
Uncalled bet ($0.01) returned to Twisted369
Twisted369 collected $0.02 from pot
Twisted369: doesn't show hand 
*** SUMMARY ***
Total pot $0.02 | Rake $0 
Seat 1: MusaiT folded before Flop (didn't bet)
Seat 2: bojnice21 folded before Flop (didn't bet)
Seat 4: BR00RB folded before Flop (didn't bet)
Seat 6: Urasik1979 (button) folded before Flop (didn't bet)
Seat 7: Dorex2007 (small blind) folded before Flop
Seat 8: Twisted369 (big blind) collected ($0.02)



PokerStars Hand #231684087966:  Hold'em No Limit ($0.01/$0.02 USD) - 2021/11/24 22:25:04 PT [2021/11/25 1:25:04 ET]
Table 'Alauda III' 9-max Seat #7 is the button
Seat 2: bojnice21 ($2.04 in chips) 
Seat 4: BR00RB ($2.28 in chips) 
Seat 6: Urasik1979 ($0.32 in chips) 
Seat 7: Dorex2007 ($4.05 in chips) 
Seat 8: Twisted369 ($6.96 in chips) 
Twisted369: posts small blind $0.01
MusaiT: is sitting out 
bojnice21: posts big blind $0.02
*** HOLE CARDS ***
Dealt to Dorex2007 [3c Ac]
Danielespinoza1 joins the table at seat #3 
BR00RB has timed out
BR00RB: folds 
Urasik1979: calls $0.02
Dorex2007: calls $0.02
Twisted369: folds 
bojnice21: checks 
*** FLOP *** [5c 6h 2d]
bojnice21: checks 
Urasik1979: checks 
Dorex2007: checks 
*** TURN *** [5c 6h 2d] [5h]
bojnice21: checks 
Urasik1979: checks 
Dorex2007: checks 
*** RIVER *** [5c 6h 2d 5h] [Jc]
bojnice21: checks 
Urasik1979: checks 
Dorex2007: bets $0.07
bojnice21: folds 
Urasik1979: folds 
Uncalled bet ($0.07) returned to Dorex2007
Dorex2007 collected $0.07 from pot
Dorex2007: doesn't show hand 
*** SUMMARY ***
Total pot $0.07 | Rake $0 
Board [5c 6h 2d 5h Jc]
Seat 2: bojnice21 (big blind) folded on the River
Seat 4: BR00RB folded before Flop (didn't bet)
Seat 6: Urasik1979 folded on the River
Seat 7: Dorex2007 (button) collected ($0.07)
Seat 8: Twisted369 (small blind) folded before Flop



PokerStars Hand #231684093295:  Hold'em No Limit ($0.01/$0.02 USD) - 2021/11/24 22:25:45 PT [2021/11/25 1:25:45 ET]
Table 'Alauda III' 9-max Seat #8 is the button
Seat 2: bojnice21 ($2.02 in chips) 
Seat 3: Danielespinoza1 ($0.80 in chips) 
Seat 6: Urasik1979 ($0.30 in chips) 
Seat 7: Dorex2007 ($4.10 in chips) 
Seat 8: Twisted369 ($6.95 in chips) 
bojnice21: posts small blind $0.01
Danielespinoza1: posts big blind $0.02
*** HOLE CARDS ***
Dealt to Dorex2007 [8d Tc]
Urasik1979: folds 
MusaiT leaves the table
Dorex2007: folds 
Twisted369: raises $0.04 to $0.06
bojnice21: folds 
Danielespinoza1: folds 
Uncalled bet ($0.04) returned to Twisted369
Twisted369 collected $0.05 from pot
Twisted369: doesn't show hand 
*** SUMMARY ***
Total pot $0.05 | Rake $0 
Seat 2: bojnice21 (small blind) folded before Flop
Seat 3: Danielespinoza1 (big blind) folded before Flop
Seat 6: Urasik1979 folded before Flop (didn't bet)
Seat 7: Dorex2007 folded before Flop (didn't bet)
Seat 8: Twisted369 (button) collected ($0.05)



PokerStars Hand #231684095575:  Hold'em No Limit ($0.01/$0.02 USD) - 2021/11/24 22:26:02 PT [2021/11/25 1:26:02 ET]
Table 'Alauda III' 9-max Seat #2 is the button
Seat 2: bojnice21 ($2.01 in chips) 
Seat 3: Danielespinoza1 ($0.78 in chips) 
Seat 6: Urasik1979 ($0.30 in chips) 
Seat 7: Dorex2007 ($4.10 in chips) 
Seat 8: Twisted369 ($6.98 in chips) 
Danielespinoza1: posts small blind $0.01
Urasik1979: posts big blind $0.02
*** HOLE CARDS ***
Dealt to Dorex2007 [Th Kh]
Dorex2007: raises $0.02 to $0.04
Twisted369: folds 
bojnice21: folds 
Danielespinoza1: folds 
Urasik1979: folds 
Uncalled bet ($0.02) returned to Dorex2007
Dorex2007 collected $0.05 from pot
Dorex2007: doesn't show hand 
*** SUMMARY ***
Total pot $0.05 | Rake $0 
Seat 2: bojnice21 (button) folded before Flop (didn't bet)
Seat 3: Danielespinoza1 (small blind) folded before Flop
Seat 6: Urasik1979 (big blind) folded before Flop
Seat 7: Dorex2007 collected ($0.05)
Seat 8: Twisted369 folded before Flop (didn't bet)



