PokerStars Hand #237608780726:  Hold'em No Limit ($0.02/$0.05 USD) - 2022/07/26 16:07:52 PT [2022/07/26 19:07:52 ET]
Table 'Conrada' 9-max Seat #7 is the button
Seat 1: Bankyard ($11.70 in chips) 
Seat 2: gusbec18 ($2.36 in chips) 
Seat 4: JayJayJohnson ($5.04 in chips) 
Seat 5: Dorex2007 ($5 in chips) 
Seat 6: GambitMD ($6.14 in chips) 
Seat 7: MadCurly1972 ($3.81 in chips) 
Seat 8: onlyfoolsguy ($4.34 in chips) 
Seat 9: RosemontTony ($3.87 in chips) 
onlyfoolsguy: posts small blind $0.02
RosemontTony: posts big blind $0.05
enixblr: sits out 
Dorex2007: posts big blind $0.05
*** HOLE CARDS ***
Dealt to Dorex2007 [Td Jh]
Bankyard: folds 
gusbec18: folds 
JayJayJohnson: folds 
Dorex2007: checks 
GambitMD: folds 
MadCurly1972: raises $0.10 to $0.15
onlyfoolsguy: calls $0.13
RosemontTony: calls $0.10
Dorex2007: folds 
*** FLOP *** [6s 4d 8s]
onlyfoolsguy: checks 
RosemontTony: bets $0.22
MadCurly1972: folds 
onlyfoolsguy: calls $0.22
*** TURN *** [6s 4d 8s] [4s]
onlyfoolsguy: checks 
RosemontTony: checks 
*** RIVER *** [6s 4d 8s 4s] [3h]
onlyfoolsguy: checks 
RosemontTony: bets $0.68
onlyfoolsguy: folds 
Uncalled bet ($0.68) returned to RosemontTony
RosemontTony collected $0.90 from pot
RosemontTony: doesn't show hand 
*** SUMMARY ***
Total pot $0.94 | Rake $0.04 
Board [6s 4d 8s 4s 3h]
Seat 1: Bankyard folded before Flop (didn't bet)
Seat 2: gusbec18 folded before Flop (didn't bet)
Seat 4: JayJayJohnson folded before Flop (didn't bet)
Seat 5: Dorex2007 folded before Flop (didn't bet)
Seat 6: GambitMD folded before Flop (didn't bet)
Seat 7: MadCurly1972 (button) folded on the Flop
Seat 8: onlyfoolsguy (small blind) folded on the River
Seat 9: RosemontTony (big blind) collected ($0.90)



PokerStars Hand #237608806483:  Hold'em No Limit ($0.02/$0.05 USD) - 2022/07/26 16:09:20 PT [2022/07/26 19:09:20 ET]
Table 'Conrada' 9-max Seat #8 is the button
Seat 1: Bankyard ($11.70 in chips) 
Seat 2: gusbec18 ($2.36 in chips) 
Seat 4: JayJayJohnson ($5.04 in chips) 
Seat 5: Dorex2007 ($5 in chips) 
Seat 6: GambitMD ($6.14 in chips) 
Seat 7: MadCurly1972 ($3.66 in chips) 
Seat 8: onlyfoolsguy ($5 in chips) 
Seat 9: RosemontTony ($4.40 in chips) 
RosemontTony: posts small blind $0.02
Bankyard: posts big blind $0.05
enixblr: sits out 
*** HOLE CARDS ***
Dealt to Dorex2007 [6d As]
gusbec18: folds 
JayJayJohnson: folds 
Dorex2007: folds 
GambitMD: folds 
MadCurly1972: raises $0.10 to $0.15
onlyfoolsguy: calls $0.15
RosemontTony: folds 
Bankyard: folds 
*** FLOP *** [3s 8h 3c]
MadCurly1972: bets $0.10
onlyfoolsguy: folds 
Uncalled bet ($0.10) returned to MadCurly1972
MadCurly1972 collected $0.35 from pot
MadCurly1972: doesn't show hand 
*** SUMMARY ***
Total pot $0.37 | Rake $0.02 
Board [3s 8h 3c]
Seat 1: Bankyard (big blind) folded before Flop
Seat 2: gusbec18 folded before Flop (didn't bet)
Seat 4: JayJayJohnson folded before Flop (didn't bet)
Seat 5: Dorex2007 folded before Flop (didn't bet)
Seat 6: GambitMD folded before Flop (didn't bet)
Seat 7: MadCurly1972 collected ($0.35)
Seat 8: onlyfoolsguy (button) folded on the Flop
Seat 9: RosemontTony (small blind) folded before Flop



PokerStars Hand #237608814931:  Hold'em No Limit ($0.02/$0.05 USD) - 2022/07/26 16:09:49 PT [2022/07/26 19:09:49 ET]
Table 'Conrada' 9-max Seat #9 is the button
Seat 1: Bankyard ($11.65 in chips) 
Seat 2: gusbec18 ($2.36 in chips) 
Seat 4: JayJayJohnson ($5.04 in chips) 
Seat 5: Dorex2007 ($5 in chips) 
Seat 6: GambitMD ($6.14 in chips) 
Seat 7: MadCurly1972 ($3.86 in chips) 
Seat 8: onlyfoolsguy ($4.85 in chips) 
Seat 9: RosemontTony ($4.38 in chips) 
Bankyard: posts small blind $0.02
gusbec18: posts big blind $0.05
enixblr: sits out 
*** HOLE CARDS ***
Dealt to Dorex2007 [7c 8s]
JayJayJohnson: folds 
Dorex2007: folds 
GambitMD: folds 
MadCurly1972: raises $0.10 to $0.15
onlyfoolsguy: raises $0.45 to $0.60
RosemontTony: folds 
Bankyard: folds 
gusbec18: folds 
MadCurly1972: calls $0.45
*** FLOP *** [Td 6d 7h]
MadCurly1972: checks 
onlyfoolsguy: checks 
*** TURN *** [Td 6d 7h] [5s]
MadCurly1972: bets $0.61
onlyfoolsguy: calls $0.61
*** RIVER *** [Td 6d 7h 5s] [Qh]
MadCurly1972: checks 
onlyfoolsguy: checks 
*** SHOW DOWN ***
MadCurly1972: shows [Jh Jc] (a pair of Jacks)
onlyfoolsguy: mucks hand 
MadCurly1972 collected $2.37 from pot
*** SUMMARY ***
Total pot $2.49 | Rake $0.12 
Board [Td 6d 7h 5s Qh]
Seat 1: Bankyard (small blind) folded before Flop
Seat 2: gusbec18 (big blind) folded before Flop
Seat 4: JayJayJohnson folded before Flop (didn't bet)
Seat 5: Dorex2007 folded before Flop (didn't bet)
Seat 6: GambitMD folded before Flop (didn't bet)
Seat 7: MadCurly1972 showed [Jh Jc] and won ($2.37) with a pair of Jacks
Seat 8: onlyfoolsguy mucked [5c 4c]
Seat 9: RosemontTony (button) folded before Flop (didn't bet)



PokerStars Hand #237608829663:  Hold'em No Limit ($0.02/$0.05 USD) - 2022/07/26 16:10:40 PT [2022/07/26 19:10:40 ET]
Table 'Conrada' 9-max Seat #1 is the button
Seat 1: Bankyard ($11.63 in chips) 
Seat 2: gusbec18 ($2.31 in chips) 
Seat 3: enixblr ($5 in chips) 
Seat 4: JayJayJohnson ($5.04 in chips) 
Seat 5: Dorex2007 ($5 in chips) 
Seat 6: GambitMD ($6.14 in chips) 
Seat 7: MadCurly1972 ($5.02 in chips) 
Seat 8: onlyfoolsguy ($5 in chips) 
Seat 9: RosemontTony ($4.38 in chips) 
gusbec18: posts small blind $0.02
enixblr: posts big blind $0.05
*** HOLE CARDS ***
Dealt to Dorex2007 [4c 9c]
JayJayJohnson: folds 
Dorex2007: folds 
GambitMD: folds 
MadCurly1972: folds 
onlyfoolsguy: folds 
RosemontTony: folds 
Bankyard: raises $0.07 to $0.12
gusbec18: folds 
enixblr: folds 
Uncalled bet ($0.07) returned to Bankyard
Bankyard collected $0.12 from pot
Bankyard: doesn't show hand 
*** SUMMARY ***
Total pot $0.12 | Rake $0 
Seat 1: Bankyard (button) collected ($0.12)
Seat 2: gusbec18 (small blind) folded before Flop
Seat 3: enixblr (big blind) folded before Flop
Seat 4: JayJayJohnson folded before Flop (didn't bet)
Seat 5: Dorex2007 folded before Flop (didn't bet)
Seat 6: GambitMD folded before Flop (didn't bet)
Seat 7: MadCurly1972 folded before Flop (didn't bet)
Seat 8: onlyfoolsguy folded before Flop (didn't bet)
Seat 9: RosemontTony folded before Flop (didn't bet)



PokerStars Hand #237608839083:  Hold'em No Limit ($0.02/$0.05 USD) - 2022/07/26 16:11:14 PT [2022/07/26 19:11:14 ET]
Table 'Conrada' 9-max Seat #2 is the button
Seat 1: Bankyard ($11.70 in chips) 
Seat 2: gusbec18 ($2.29 in chips) 
Seat 3: enixblr ($5 in chips) 
Seat 5: Dorex2007 ($5 in chips) 
Seat 6: GambitMD ($6.14 in chips) 
Seat 7: MadCurly1972 ($5.02 in chips) 
Seat 8: onlyfoolsguy ($5 in chips) 
Seat 9: RosemontTony ($4.38 in chips) 
enixblr: posts small blind $0.02
JayJayJohnson has timed out
JayJayJohnson: is sitting out 
Dorex2007: posts big blind $0.05
*** HOLE CARDS ***
Dealt to Dorex2007 [9c 3s]
GambitMD: folds 
MadCurly1972: raises $0.10 to $0.15
onlyfoolsguy: calls $0.15
RosemontTony: folds 
Bankyard: folds 
gusbec18: folds 
enixblr: calls $0.13
Dorex2007: folds 
*** FLOP *** [3d Qd 9h]
enixblr: checks 
MadCurly1972: checks 
onlyfoolsguy: bets $0.26
enixblr: folds 
MadCurly1972: folds 
Uncalled bet ($0.26) returned to onlyfoolsguy
onlyfoolsguy collected $0.48 from pot
onlyfoolsguy: doesn't show hand 
*** SUMMARY ***
Total pot $0.50 | Rake $0.02 
Board [3d Qd 9h]
Seat 1: Bankyard folded before Flop (didn't bet)
Seat 2: gusbec18 (button) folded before Flop (didn't bet)
Seat 3: enixblr (small blind) folded on the Flop
Seat 5: Dorex2007 (big blind) folded before Flop
Seat 6: GambitMD folded before Flop (didn't bet)
Seat 7: MadCurly1972 folded on the Flop
Seat 8: onlyfoolsguy collected ($0.48)
Seat 9: RosemontTony folded before Flop (didn't bet)



PokerStars Hand #237608853666:  Hold'em No Limit ($0.02/$0.05 USD) - 2022/07/26 16:11:52 PT [2022/07/26 19:11:52 ET]
Table 'Conrada' 9-max Seat #3 is the button
Seat 1: Bankyard ($11.70 in chips) 
Seat 2: gusbec18 ($2.29 in chips) 
Seat 3: enixblr ($5 in chips) 
Seat 5: Dorex2007 ($5 in chips) 
Seat 7: MadCurly1972 ($4.87 in chips) 
Seat 8: onlyfoolsguy ($5.33 in chips) 
Seat 9: RosemontTony ($4.38 in chips) 
Dorex2007: posts small blind $0.02
GambitMD: is sitting out 
MadCurly1972: posts big blind $0.05
*** HOLE CARDS ***
Dealt to Dorex2007 [4s 7s]
onlyfoolsguy: folds 
RosemontTony: folds 
GambitMD leaves the table
JayJayJohnson is disconnected 
Bankyard: raises $0.07 to $0.12
gusbec18: folds 
BrasilPKR joins the table at seat #6 
enixblr: raises $0.33 to $0.45
Dorex2007: folds 
MadCurly1972: folds 
Bankyard: folds 
Uncalled bet ($0.33) returned to enixblr
enixblr collected $0.31 from pot
enixblr: doesn't show hand 
*** SUMMARY ***
Total pot $0.31 | Rake $0 
Seat 1: Bankyard folded before Flop
Seat 2: gusbec18 folded before Flop (didn't bet)
Seat 3: enixblr (button) collected ($0.31)
Seat 5: Dorex2007 (small blind) folded before Flop
Seat 7: MadCurly1972 (big blind) folded before Flop
Seat 8: onlyfoolsguy folded before Flop (didn't bet)
Seat 9: RosemontTony folded before Flop (didn't bet)



PokerStars Hand #237608862084:  Hold'em No Limit ($0.02/$0.05 USD) - 2022/07/26 16:12:21 PT [2022/07/26 19:12:21 ET]
Table 'Conrada' 9-max Seat #5 is the button
Seat 1: Bankyard ($11.58 in chips) 
Seat 2: gusbec18 ($2.29 in chips) 
Seat 3: enixblr ($5.19 in chips) 
Seat 4: JayJayJohnson ($5.04 in chips) 
Seat 5: Dorex2007 ($5 in chips) 
Seat 7: MadCurly1972 ($4.82 in chips) 
Seat 8: onlyfoolsguy ($5.33 in chips) 
Seat 9: RosemontTony ($4.38 in chips) 
MadCurly1972: posts small blind $0.02
onlyfoolsguy: posts big blind $0.05
JayJayJohnson: posts small & big blinds $0.07
*** HOLE CARDS ***
Dealt to Dorex2007 [3s 6h]
RosemontTony: folds 
Bankyard: folds 
gusbec18: calls $0.05
enixblr: folds 
JayJayJohnson: raises $0.15 to $0.20
Dorex2007: folds 
MadCurly1972: folds 
onlyfoolsguy: folds 
gusbec18: calls $0.15
*** FLOP *** [Td 3d Ts]
gusbec18: checks 
JayJayJohnson: checks 
*** TURN *** [Td 3d Ts] [7d]
gusbec18: checks 
JayJayJohnson: bets $0.15
gusbec18: folds 
Uncalled bet ($0.15) returned to JayJayJohnson
JayJayJohnson collected $0.47 from pot
JayJayJohnson: doesn't show hand 
*** SUMMARY ***
Total pot $0.49 | Rake $0.02 
Board [Td 3d Ts 7d]
Seat 1: Bankyard folded before Flop (didn't bet)
Seat 2: gusbec18 folded on the Turn
Seat 3: enixblr folded before Flop (didn't bet)
Seat 4: JayJayJohnson collected ($0.47)
Seat 5: Dorex2007 (button) folded before Flop (didn't bet)
Seat 7: MadCurly1972 (small blind) folded before Flop
Seat 8: onlyfoolsguy (big blind) folded before Flop
Seat 9: RosemontTony folded before Flop (didn't bet)



PokerStars Hand #237608875483:  Hold'em No Limit ($0.02/$0.05 USD) - 2022/07/26 16:13:08 PT [2022/07/26 19:13:08 ET]
Table 'Conrada' 9-max Seat #7 is the button
Seat 1: Bankyard ($11.58 in chips) 
Seat 2: gusbec18 ($2.09 in chips) 
Seat 3: enixblr ($5.19 in chips) 
Seat 4: JayJayJohnson ($5.29 in chips) 
Seat 5: Dorex2007 ($5 in chips) 
Seat 6: BrasilPKR ($3 in chips) 
Seat 7: MadCurly1972 ($4.80 in chips) 
Seat 8: onlyfoolsguy ($5.28 in chips) 
Seat 9: RosemontTony ($4.38 in chips) 
onlyfoolsguy: posts small blind $0.02
RosemontTony: posts big blind $0.05
BrasilPKR: posts big blind $0.05
*** HOLE CARDS ***
Dealt to Dorex2007 [Ac 2d]
Bankyard: folds 
gusbec18: folds 
enixblr: folds 
JayJayJohnson: folds 
Dorex2007: folds 
BrasilPKR: raises $0.10 to $0.15
MadCurly1972: calls $0.15
onlyfoolsguy: folds 
RosemontTony: folds 
*** FLOP *** [Ts 7h As]
BrasilPKR: bets $0.17
MadCurly1972: raises $0.17 to $0.34
BrasilPKR: raises $2.51 to $2.85 and is all-in
MadCurly1972: calls $2.51
*** TURN *** [Ts 7h As] [Jh]
*** RIVER *** [Ts 7h As Jh] [7d]
*** SHOW DOWN ***
BrasilPKR: shows [Ks Kd] (two pair, Kings and Sevens)
MadCurly1972: shows [9s Js] (two pair, Jacks and Sevens)
BrasilPKR collected $5.82 from pot
*** SUMMARY ***
Total pot $6.07 | Rake $0.25 
Board [Ts 7h As Jh 7d]
Seat 1: Bankyard folded before Flop (didn't bet)
Seat 2: gusbec18 folded before Flop (didn't bet)
Seat 3: enixblr folded before Flop (didn't bet)
Seat 4: JayJayJohnson folded before Flop (didn't bet)
Seat 5: Dorex2007 folded before Flop (didn't bet)
Seat 6: BrasilPKR showed [Ks Kd] and won ($5.82) with two pair, Kings and Sevens
Seat 7: MadCurly1972 (button) showed [9s Js] and lost with two pair, Jacks and Sevens
Seat 8: onlyfoolsguy (small blind) folded before Flop
Seat 9: RosemontTony (big blind) folded before Flop



PokerStars Hand #237608886926:  Hold'em No Limit ($0.02/$0.05 USD) - 2022/07/26 16:13:48 PT [2022/07/26 19:13:48 ET]
Table 'Conrada' 9-max Seat #8 is the button
Seat 1: Bankyard ($11.58 in chips) 
Seat 2: gusbec18 ($2.09 in chips) 
Seat 3: enixblr ($5.19 in chips) 
Seat 4: JayJayJohnson ($5.29 in chips) 
Seat 5: Dorex2007 ($5 in chips) 
Seat 6: BrasilPKR ($5.82 in chips) 
Seat 7: MadCurly1972 ($1.80 in chips) 
Seat 8: onlyfoolsguy ($5.26 in chips) 
Seat 9: RosemontTony ($4.33 in chips) 
RosemontTony: posts small blind $0.02
Bankyard: posts big blind $0.05
*** HOLE CARDS ***
Dealt to Dorex2007 [Ah Jh]
gusbec18: folds 
enixblr: folds 
JayJayJohnson: raises $0.10 to $0.15
Dorex2007: calls $0.15
BrasilPKR: calls $0.15
MadCurly1972: calls $0.15
onlyfoolsguy: folds 
RosemontTony: folds 
Bankyard: raises $0.45 to $0.60
JayJayJohnson: calls $0.45
Dorex2007: folds 
BrasilPKR: calls $0.45
MadCurly1972: calls $0.45
*** FLOP *** [4c Qc Qs]
Bankyard: checks 
JayJayJohnson: checks 
BrasilPKR: checks 
MadCurly1972: checks 
*** TURN *** [4c Qc Qs] [3s]
Bankyard: checks 
JayJayJohnson: bets $0.85
BrasilPKR: folds 
MadCurly1972: folds 
Bankyard: folds 
Uncalled bet ($0.85) returned to JayJayJohnson
JayJayJohnson collected $2.46 from pot
JayJayJohnson: doesn't show hand 
*** SUMMARY ***
Total pot $2.57 | Rake $0.11 
Board [4c Qc Qs 3s]
Seat 1: Bankyard (big blind) folded on the Turn
Seat 2: gusbec18 folded before Flop (didn't bet)
Seat 3: enixblr folded before Flop (didn't bet)
Seat 4: JayJayJohnson collected ($2.46)
Seat 5: Dorex2007 folded before Flop
Seat 6: BrasilPKR folded on the Turn
Seat 7: MadCurly1972 folded on the Turn
Seat 8: onlyfoolsguy (button) folded before Flop (didn't bet)
Seat 9: RosemontTony (small blind) folded before Flop



PokerStars Hand #237608908105:  Hold'em No Limit ($0.02/$0.05 USD) - 2022/07/26 16:15:02 PT [2022/07/26 19:15:02 ET]
Table 'Conrada' 9-max Seat #9 is the button
Seat 1: Bankyard ($10.98 in chips) 
Seat 2: gusbec18 ($2.09 in chips) 
Seat 3: enixblr ($5.19 in chips) 
Seat 4: JayJayJohnson ($7.15 in chips) 
Seat 5: Dorex2007 ($5 in chips) 
Seat 6: BrasilPKR ($5.22 in chips) 
Seat 7: MadCurly1972 ($1.20 in chips) 
Seat 8: onlyfoolsguy ($5.26 in chips) 
Seat 9: RosemontTony ($4.31 in chips) 
Bankyard: posts small blind $0.02
gusbec18: posts big blind $0.05
*** HOLE CARDS ***
Dealt to Dorex2007 [Jd 3d]
enixblr: folds 
JayJayJohnson: raises $0.10 to $0.15
Dorex2007: folds 
BrasilPKR: folds 
MadCurly1972: folds 
onlyfoolsguy: folds 
RosemontTony: folds 
Bankyard: calls $0.13
gusbec18: raises $0.50 to $0.65
JayJayJohnson: raises $1.50 to $2.15
Bankyard: folds 
gusbec18: calls $1.44 and is all-in
Uncalled bet ($0.06) returned to JayJayJohnson
*** FLOP *** [2c 3s 4c]
*** TURN *** [2c 3s 4c] [Ac]
*** RIVER *** [2c 3s 4c Ac] [4h]
*** SHOW DOWN ***
gusbec18: shows [Qc Qs] (two pair, Queens and Fours)
JayJayJohnson: shows [Ks As] (two pair, Aces and Fours)
JayJayJohnson collected $4.15 from pot
*** SUMMARY ***
Total pot $4.33 | Rake $0.18 
Board [2c 3s 4c Ac 4h]
Seat 1: Bankyard (small blind) folded before Flop
Seat 2: gusbec18 (big blind) showed [Qc Qs] and lost with two pair, Queens and Fours
Seat 3: enixblr folded before Flop (didn't bet)
Seat 4: JayJayJohnson showed [Ks As] and won ($4.15) with two pair, Aces and Fours
Seat 5: Dorex2007 folded before Flop (didn't bet)
Seat 6: BrasilPKR folded before Flop (didn't bet)
Seat 7: MadCurly1972 folded before Flop (didn't bet)
Seat 8: onlyfoolsguy folded before Flop (didn't bet)
Seat 9: RosemontTony (button) folded before Flop (didn't bet)



PokerStars Hand #237608924457:  Hold'em No Limit ($0.02/$0.05 USD) - 2022/07/26 16:15:59 PT [2022/07/26 19:15:59 ET]
Table 'Conrada' 9-max Seat #1 is the button
Seat 1: Bankyard ($10.83 in chips) 
Seat 3: enixblr ($5.19 in chips) 
Seat 4: JayJayJohnson ($9.21 in chips) 
Seat 5: Dorex2007 ($5 in chips) 
Seat 6: BrasilPKR ($5.22 in chips) 
Seat 7: MadCurly1972 ($1.20 in chips) 
Seat 8: onlyfoolsguy ($5.26 in chips) 
Seat 9: RosemontTony ($4.31 in chips) 
enixblr: posts small blind $0.02
JayJayJohnson: posts big blind $0.05
*** HOLE CARDS ***
Dealt to Dorex2007 [2c 4d]
Dorex2007: folds 
BrasilPKR: folds 
MadCurly1972: folds 
onlyfoolsguy: folds 
RosemontTony: folds 
Bankyard: raises $0.15 to $0.20
enixblr: raises $0.60 to $0.80
JayJayJohnson: folds 
Bankyard: calls $0.60
*** FLOP *** [8c 3h 7c]
enixblr: bets $1.19
Bankyard: folds 
Uncalled bet ($1.19) returned to enixblr
enixblr collected $1.58 from pot
enixblr: doesn't show hand 
*** SUMMARY ***
Total pot $1.65 | Rake $0.07 
Board [8c 3h 7c]
Seat 1: Bankyard (button) folded on the Flop
Seat 3: enixblr (small blind) collected ($1.58)
Seat 4: JayJayJohnson (big blind) folded before Flop
Seat 5: Dorex2007 folded before Flop (didn't bet)
Seat 6: BrasilPKR folded before Flop (didn't bet)
Seat 7: MadCurly1972 folded before Flop (didn't bet)
Seat 8: onlyfoolsguy folded before Flop (didn't bet)
Seat 9: RosemontTony folded before Flop (didn't bet)



PokerStars Hand #237608934026:  Hold'em No Limit ($0.02/$0.05 USD) - 2022/07/26 16:16:33 PT [2022/07/26 19:16:33 ET]
Table 'Conrada' 9-max Seat #3 is the button
Seat 1: Bankyard ($10.03 in chips) 
Seat 3: enixblr ($5.97 in chips) 
Seat 4: JayJayJohnson ($9.16 in chips) 
Seat 5: Dorex2007 ($5 in chips) 
Seat 6: BrasilPKR ($5.22 in chips) 
Seat 7: MadCurly1972 ($1.20 in chips) 
Seat 8: onlyfoolsguy ($5.26 in chips) 
Seat 9: RosemontTony ($4.31 in chips) 
JayJayJohnson: posts small blind $0.02
Dorex2007: posts big blind $0.05
*** HOLE CARDS ***
Dealt to Dorex2007 [Qd Ah]
BrasilPKR: folds 
MadCurly1972: folds 
onlyfoolsguy: folds 
RosemontTony: folds 
Bankyard: calls $0.05
enixblr: folds 
JayJayJohnson: calls $0.03
Dorex2007: checks 
*** FLOP *** [6s As Qh]
JayJayJohnson: checks 
Dorex2007: bets $0.09
Bankyard: folds 
JayJayJohnson: folds 
Uncalled bet ($0.09) returned to Dorex2007
Dorex2007 collected $0.14 from pot
Dorex2007: doesn't show hand 
*** SUMMARY ***
Total pot $0.15 | Rake $0.01 
Board [6s As Qh]
Seat 1: Bankyard folded on the Flop
Seat 3: enixblr (button) folded before Flop (didn't bet)
Seat 4: JayJayJohnson (small blind) folded on the Flop
Seat 5: Dorex2007 (big blind) collected ($0.14)
Seat 6: BrasilPKR folded before Flop (didn't bet)
Seat 7: MadCurly1972 folded before Flop (didn't bet)
Seat 8: onlyfoolsguy folded before Flop (didn't bet)
Seat 9: RosemontTony folded before Flop (didn't bet)



PokerStars Hand #237608945364:  Hold'em No Limit ($0.02/$0.05 USD) - 2022/07/26 16:17:12 PT [2022/07/26 19:17:12 ET]
Table 'Conrada' 9-max Seat #4 is the button
Seat 1: Bankyard ($9.98 in chips) 
Seat 3: enixblr ($5.97 in chips) 
Seat 4: JayJayJohnson ($9.11 in chips) 
Seat 5: Dorex2007 ($5.09 in chips) 
Seat 6: BrasilPKR ($5.22 in chips) 
Seat 7: MadCurly1972 ($1.20 in chips) 
Seat 8: onlyfoolsguy ($5.26 in chips) 
Seat 9: RosemontTony ($4.31 in chips) 
Dorex2007: posts small blind $0.02
BrasilPKR: posts big blind $0.05
*** HOLE CARDS ***
Dealt to Dorex2007 [7h 7d]
MadCurly1972: folds 
onlyfoolsguy: raises $0.10 to $0.15
RosemontTony: folds 
Bankyard: folds 
enixblr: folds 
JayJayJohnson: folds 
Dorex2007: calls $0.13
BrasilPKR: calls $0.10
*** FLOP *** [Jd Th 9s]
Dorex2007: checks 
BrasilPKR: bets $0.21
onlyfoolsguy: folds 
Dorex2007: folds 
Uncalled bet ($0.21) returned to BrasilPKR
BrasilPKR collected $0.43 from pot
BrasilPKR: doesn't show hand 
*** SUMMARY ***
Total pot $0.45 | Rake $0.02 
Board [Jd Th 9s]
Seat 1: Bankyard folded before Flop (didn't bet)
Seat 3: enixblr folded before Flop (didn't bet)
Seat 4: JayJayJohnson (button) folded before Flop (didn't bet)
Seat 5: Dorex2007 (small blind) folded on the Flop
Seat 6: BrasilPKR (big blind) collected ($0.43)
Seat 7: MadCurly1972 folded before Flop (didn't bet)
Seat 8: onlyfoolsguy folded on the Flop
Seat 9: RosemontTony folded before Flop (didn't bet)



PokerStars Hand #237608955130:  Hold'em No Limit ($0.02/$0.05 USD) - 2022/07/26 16:17:47 PT [2022/07/26 19:17:47 ET]
Table 'Conrada' 9-max Seat #5 is the button
Seat 1: Bankyard ($9.98 in chips) 
Seat 3: enixblr ($5.97 in chips) 
Seat 4: JayJayJohnson ($9.11 in chips) 
Seat 5: Dorex2007 ($5 in chips) 
Seat 6: BrasilPKR ($5.50 in chips) 
Seat 7: MadCurly1972 ($1.20 in chips) 
Seat 8: onlyfoolsguy ($5.11 in chips) 
Seat 9: RosemontTony ($4.31 in chips) 
BrasilPKR: posts small blind $0.02
MadCurly1972: posts big blind $0.05
*** HOLE CARDS ***
Dealt to Dorex2007 [9h 2c]
onlyfoolsguy: folds 
RosemontTony: folds 
Bankyard: folds 
enixblr: folds 
JayJayJohnson: folds 
Dorex2007: folds 
BrasilPKR: folds 
Uncalled bet ($0.03) returned to MadCurly1972
MadCurly1972 collected $0.04 from pot
MadCurly1972: doesn't show hand 
*** SUMMARY ***
Total pot $0.04 | Rake $0 
Seat 1: Bankyard folded before Flop (didn't bet)
Seat 3: enixblr folded before Flop (didn't bet)
Seat 4: JayJayJohnson folded before Flop (didn't bet)
Seat 5: Dorex2007 (button) folded before Flop (didn't bet)
Seat 6: BrasilPKR (small blind) folded before Flop
Seat 7: MadCurly1972 (big blind) collected ($0.04)
Seat 8: onlyfoolsguy folded before Flop (didn't bet)
Seat 9: RosemontTony folded before Flop (didn't bet)



PokerStars Hand #237608958263:  Hold'em No Limit ($0.02/$0.05 USD) - 2022/07/26 16:17:58 PT [2022/07/26 19:17:58 ET]
Table 'Conrada' 9-max Seat #6 is the button
Seat 1: Bankyard ($9.98 in chips) 
Seat 3: enixblr ($5.97 in chips) 
Seat 4: JayJayJohnson ($9.11 in chips) 
Seat 5: Dorex2007 ($5 in chips) 
Seat 6: BrasilPKR ($5.48 in chips) 
Seat 7: MadCurly1972 ($1.22 in chips) 
Seat 8: onlyfoolsguy ($5.11 in chips) 
Seat 9: RosemontTony ($4.31 in chips) 
MadCurly1972: posts small blind $0.02
onlyfoolsguy: posts big blind $0.05
*** HOLE CARDS ***
Dealt to Dorex2007 [4c 8c]
RosemontTony: folds 
Bankyard: folds 
enixblr: folds 
JayJayJohnson: raises $0.10 to $0.15
Dorex2007: folds 
BrasilPKR: folds 
MadCurly1972: raises $0.35 to $0.50
onlyfoolsguy: folds 
JayJayJohnson: folds 
Uncalled bet ($0.35) returned to MadCurly1972
MadCurly1972 collected $0.35 from pot
MadCurly1972: doesn't show hand 
*** SUMMARY ***
Total pot $0.35 | Rake $0 
Seat 1: Bankyard folded before Flop (didn't bet)
Seat 3: enixblr folded before Flop (didn't bet)
Seat 4: JayJayJohnson folded before Flop
Seat 5: Dorex2007 folded before Flop (didn't bet)
Seat 6: BrasilPKR (button) folded before Flop (didn't bet)
Seat 7: MadCurly1972 (small blind) collected ($0.35)
Seat 8: onlyfoolsguy (big blind) folded before Flop
Seat 9: RosemontTony folded before Flop (didn't bet)



PokerStars Hand #237608964094:  Hold'em No Limit ($0.02/$0.05 USD) - 2022/07/26 16:18:19 PT [2022/07/26 19:18:19 ET]
Table 'Conrada' 9-max Seat #7 is the button
Seat 1: Bankyard ($9.98 in chips) 
Seat 3: enixblr ($5.97 in chips) 
Seat 4: JayJayJohnson ($8.96 in chips) 
Seat 5: Dorex2007 ($5 in chips) 
Seat 6: BrasilPKR ($5.48 in chips) 
Seat 7: MadCurly1972 ($1.42 in chips) 
Seat 8: onlyfoolsguy ($5.06 in chips) 
Seat 9: RosemontTony ($4.31 in chips) 
onlyfoolsguy: posts small blind $0.02
RosemontTony: posts big blind $0.05
*** HOLE CARDS ***
Dealt to Dorex2007 [7c Ks]
Bankyard: folds 
Bankyard leaves the table
enixblr: raises $0.07 to $0.12
JayJayJohnson: folds 
Dorex2007: folds 
BrasilPKR: folds 
MadCurly1972: raises $0.31 to $0.43
renansuguino1 joins the table at seat #1 
onlyfoolsguy: folds 
RosemontTony: folds 
enixblr: raises $5.54 to $5.97 and is all-in
MadCurly1972: calls $0.99 and is all-in
Uncalled bet ($4.55) returned to enixblr
enixblr has timed out
*** FLOP *** [4d 3s 4h]
*** TURN *** [4d 3s 4h] [Td]
*** RIVER *** [4d 3s 4h Td] [Jc]
*** SHOW DOWN ***
enixblr: shows [As Qh] (a pair of Fours)
MadCurly1972: shows [Kd Kc] (two pair, Kings and Fours)
MadCurly1972 collected $2.76 from pot
*** SUMMARY ***
Total pot $2.91 | Rake $0.15 
Board [4d 3s 4h Td Jc]
Seat 1: Bankyard folded before Flop (didn't bet)
Seat 3: enixblr showed [As Qh] and lost with a pair of Fours
Seat 4: JayJayJohnson folded before Flop (didn't bet)
Seat 5: Dorex2007 folded before Flop (didn't bet)
Seat 6: BrasilPKR folded before Flop (didn't bet)
Seat 7: MadCurly1972 (button) showed [Kd Kc] and won ($2.76) with two pair, Kings and Fours
Seat 8: onlyfoolsguy (small blind) folded before Flop
Seat 9: RosemontTony (big blind) folded before Flop



PokerStars Hand #237608980143:  Hold'em No Limit ($0.02/$0.05 USD) - 2022/07/26 16:19:15 PT [2022/07/26 19:19:15 ET]
Table 'Conrada' 9-max Seat #8 is the button
Seat 1: renansuguino1 ($5 in chips) 
Seat 3: enixblr ($5 in chips) 
Seat 4: JayJayJohnson ($8.96 in chips) 
Seat 5: Dorex2007 ($5 in chips) 
Seat 6: BrasilPKR ($5.48 in chips) 
Seat 7: MadCurly1972 ($2.76 in chips) 
Seat 8: onlyfoolsguy ($5.04 in chips) 
Seat 9: RosemontTony ($4.26 in chips) 
RosemontTony: posts small blind $0.02
renansuguino1: posts big blind $0.05
*** HOLE CARDS ***
Dealt to Dorex2007 [3d Kh]
enixblr: raises $0.05 to $0.10
JayJayJohnson: folds 
Dorex2007: folds 
BrasilPKR: folds 
MadCurly1972: folds 
onlyfoolsguy: folds 
RosemontTony: folds 
renansuguino1: folds 
Uncalled bet ($0.05) returned to enixblr
enixblr collected $0.12 from pot
enixblr: doesn't show hand 
*** SUMMARY ***
Total pot $0.12 | Rake $0 
Seat 1: renansuguino1 (big blind) folded before Flop
Seat 3: enixblr collected ($0.12)
Seat 4: JayJayJohnson folded before Flop (didn't bet)
Seat 5: Dorex2007 folded before Flop (didn't bet)
Seat 6: BrasilPKR folded before Flop (didn't bet)
Seat 7: MadCurly1972 folded before Flop (didn't bet)
Seat 8: onlyfoolsguy (button) folded before Flop (didn't bet)
Seat 9: RosemontTony (small blind) folded before Flop



PokerStars Hand #237608984690:  Hold'em No Limit ($0.02/$0.05 USD) - 2022/07/26 16:19:31 PT [2022/07/26 19:19:31 ET]
Table 'Conrada' 9-max Seat #9 is the button
Seat 1: renansuguino1 ($5 in chips) 
Seat 3: enixblr ($5.07 in chips) 
Seat 4: JayJayJohnson ($8.96 in chips) 
Seat 5: Dorex2007 ($5 in chips) 
Seat 6: BrasilPKR ($5.48 in chips) 
Seat 7: MadCurly1972 ($2.76 in chips) 
Seat 8: onlyfoolsguy ($5.04 in chips) 
Seat 9: RosemontTony ($4.24 in chips) 
renansuguino1: posts small blind $0.02
enixblr: posts big blind $0.05
*** HOLE CARDS ***
Dealt to Dorex2007 [2h 9d]
JayJayJohnson: folds 
Dorex2007: folds 
BrasilPKR: folds 
MadCurly1972: folds 
onlyfoolsguy: folds 
RosemontTony: raises $0.10 to $0.15
renansuguino1: folds 
enixblr: folds 
Uncalled bet ($0.10) returned to RosemontTony
RosemontTony collected $0.12 from pot
RosemontTony: doesn't show hand 
*** SUMMARY ***
Total pot $0.12 | Rake $0 
Seat 1: renansuguino1 (small blind) folded before Flop
Seat 3: enixblr (big blind) folded before Flop
Seat 4: JayJayJohnson folded before Flop (didn't bet)
Seat 5: Dorex2007 folded before Flop (didn't bet)
Seat 6: BrasilPKR folded before Flop (didn't bet)
Seat 7: MadCurly1972 folded before Flop (didn't bet)
Seat 8: onlyfoolsguy folded before Flop (didn't bet)
Seat 9: RosemontTony (button) collected ($0.12)



PokerStars Hand #237608991058:  Hold'em No Limit ($0.02/$0.05 USD) - 2022/07/26 16:19:54 PT [2022/07/26 19:19:54 ET]
Table 'Conrada' 9-max Seat #1 is the button
Seat 1: renansuguino1 ($5 in chips) 
Seat 3: enixblr ($5.02 in chips) 
Seat 4: JayJayJohnson ($8.96 in chips) 
Seat 5: Dorex2007 ($5 in chips) 
Seat 6: BrasilPKR ($5.48 in chips) 
Seat 7: MadCurly1972 ($2.76 in chips) 
Seat 8: onlyfoolsguy ($5.04 in chips) 
Seat 9: RosemontTony ($4.31 in chips) 
enixblr: posts small blind $0.02
JayJayJohnson: posts big blind $0.05
*** HOLE CARDS ***
Dealt to Dorex2007 [8s Kh]
Dorex2007: folds 
BrasilPKR: raises $0.10 to $0.15
MadCurly1972: folds 
onlyfoolsguy: folds 
RosemontTony: calls $0.15
renansuguino1: folds 
enixblr: folds 
JayJayJohnson: folds 
*** FLOP *** [5s 9d 3h]
BrasilPKR: bets $0.17
RosemontTony: raises $0.29 to $0.46
BrasilPKR: calls $0.29
*** TURN *** [5s 9d 3h] [6c]
BrasilPKR: checks 
RosemontTony: checks 
*** RIVER *** [5s 9d 3h 6c] [Ah]
BrasilPKR: checks 
RosemontTony: checks 
*** SHOW DOWN ***
BrasilPKR: shows [9s Jh] (a pair of Nines)
RosemontTony: mucks hand 
BrasilPKR collected $1.24 from pot
gusbec18 is disconnected 
*** SUMMARY ***
Total pot $1.29 | Rake $0.05 
Board [5s 9d 3h 6c Ah]
Seat 1: renansuguino1 (button) folded before Flop (didn't bet)
Seat 3: enixblr (small blind) folded before Flop
Seat 4: JayJayJohnson (big blind) folded before Flop
Seat 5: Dorex2007 folded before Flop (didn't bet)
Seat 6: BrasilPKR showed [9s Jh] and won ($1.24) with a pair of Nines
Seat 7: MadCurly1972 folded before Flop (didn't bet)
Seat 8: onlyfoolsguy folded before Flop (didn't bet)
Seat 9: RosemontTony mucked [7c 7d]



PokerStars Hand #237609005806:  Hold'em No Limit ($0.02/$0.05 USD) - 2022/07/26 16:20:46 PT [2022/07/26 19:20:46 ET]
Table 'Conrada' 9-max Seat #3 is the button
Seat 1: renansuguino1 ($5 in chips) 
Seat 3: enixblr ($5 in chips) 
Seat 4: JayJayJohnson ($8.91 in chips) 
Seat 5: Dorex2007 ($5 in chips) 
Seat 6: BrasilPKR ($6.11 in chips) 
Seat 7: MadCurly1972 ($2.76 in chips) 
Seat 8: onlyfoolsguy ($5.04 in chips) 
Seat 9: RosemontTony ($3.70 in chips) 
JayJayJohnson: posts small blind $0.02
Dorex2007: posts big blind $0.05
*** HOLE CARDS ***
Dealt to Dorex2007 [2s 8h]
BrasilPKR: folds 
MadCurly1972: calls $0.05
onlyfoolsguy: folds 
RosemontTony: raises $0.17 to $0.22
renansuguino1: calls $0.22
enixblr: folds 
JayJayJohnson: folds 
Dorex2007: folds 
MadCurly1972: calls $0.17
*** FLOP *** [Kh Tc 9d]
MadCurly1972: checks 
RosemontTony: checks 
renansuguino1: checks 
*** TURN *** [Kh Tc 9d] [Ts]
MadCurly1972: checks 
RosemontTony: checks 
renansuguino1: checks 
*** RIVER *** [Kh Tc 9d Ts] [Jh]
MadCurly1972: checks 
RosemontTony: checks 
renansuguino1: bets $0.35
MadCurly1972: folds 
RosemontTony: folds 
Uncalled bet ($0.35) returned to renansuguino1
renansuguino1 collected $0.70 from pot
*** SUMMARY ***
Total pot $0.73 | Rake $0.03 
Board [Kh Tc 9d Ts Jh]
Seat 1: renansuguino1 collected ($0.70)
Seat 3: enixblr (button) folded before Flop (didn't bet)
Seat 4: JayJayJohnson (small blind) folded before Flop
Seat 5: Dorex2007 (big blind) folded before Flop
Seat 6: BrasilPKR folded before Flop (didn't bet)
Seat 7: MadCurly1972 folded on the River
Seat 8: onlyfoolsguy folded before Flop (didn't bet)
Seat 9: RosemontTony folded on the River



PokerStars Hand #237609035860:  Hold'em No Limit ($0.02/$0.05 USD) - 2022/07/26 16:22:15 PT [2022/07/26 19:22:15 ET]
Table 'Conrada' 9-max Seat #4 is the button
Seat 1: renansuguino1 ($5.48 in chips) 
Seat 3: enixblr ($5 in chips) 
Seat 4: JayJayJohnson ($8.89 in chips) 
Seat 5: Dorex2007 ($5 in chips) 
Seat 6: BrasilPKR ($6.11 in chips) 
Seat 7: MadCurly1972 ($2.54 in chips) 
Seat 8: onlyfoolsguy ($5.04 in chips) 
Seat 9: RosemontTony ($3.48 in chips) 
Dorex2007: posts small blind $0.02
BrasilPKR: posts big blind $0.05
*** HOLE CARDS ***
Dealt to Dorex2007 [Kc 6h]
MadCurly1972: folds 
onlyfoolsguy: raises $0.10 to $0.15
RosemontTony: folds 
renansuguino1: folds 
enixblr: raises $0.30 to $0.45
JayJayJohnson: folds 
Dorex2007: folds 
BrasilPKR: folds 
onlyfoolsguy: folds 
Uncalled bet ($0.30) returned to enixblr
enixblr collected $0.37 from pot
enixblr: doesn't show hand 
*** SUMMARY ***
Total pot $0.37 | Rake $0 
Seat 1: renansuguino1 folded before Flop (didn't bet)
Seat 3: enixblr collected ($0.37)
Seat 4: JayJayJohnson (button) folded before Flop (didn't bet)
Seat 5: Dorex2007 (small blind) folded before Flop
Seat 6: BrasilPKR (big blind) folded before Flop
Seat 7: MadCurly1972 folded before Flop (didn't bet)
Seat 8: onlyfoolsguy folded before Flop
Seat 9: RosemontTony folded before Flop (didn't bet)



PokerStars Hand #237609042708:  Hold'em No Limit ($0.02/$0.05 USD) - 2022/07/26 16:22:39 PT [2022/07/26 19:22:39 ET]
Table 'Conrada' 9-max Seat #5 is the button
Seat 1: renansuguino1 ($5.48 in chips) 
Seat 3: enixblr ($5.22 in chips) 
Seat 4: JayJayJohnson ($8.89 in chips) 
Seat 5: Dorex2007 ($5 in chips) 
Seat 6: BrasilPKR ($6.06 in chips) 
Seat 7: MadCurly1972 ($2.54 in chips) 
Seat 8: onlyfoolsguy ($4.89 in chips) 
Seat 9: RosemontTony ($3.48 in chips) 
BrasilPKR: posts small blind $0.02
MadCurly1972: posts big blind $0.05
*** HOLE CARDS ***
Dealt to Dorex2007 [Kc 9s]
onlyfoolsguy: folds 
RosemontTony: folds 
renansuguino1: folds 
enixblr: raises $0.07 to $0.12
JayJayJohnson: folds 
Dorex2007: folds 
BrasilPKR: folds 
MadCurly1972: calls $0.07
*** FLOP *** [6c 4s 7h]
MadCurly1972: checks 
enixblr: checks 
*** TURN *** [6c 4s 7h] [5s]
MadCurly1972: checks 
enixblr: checks 
*** RIVER *** [6c 4s 7h 5s] [5d]
MadCurly1972: checks 
enixblr: checks 
*** SHOW DOWN ***
MadCurly1972: shows [4c 2s] (two pair, Fives and Fours)
enixblr: mucks hand 
MadCurly1972 collected $0.25 from pot
*** SUMMARY ***
Total pot $0.26 | Rake $0.01 
Board [6c 4s 7h 5s 5d]
Seat 1: renansuguino1 folded before Flop (didn't bet)
Seat 3: enixblr mucked [9c Jc]
Seat 4: JayJayJohnson folded before Flop (didn't bet)
Seat 5: Dorex2007 (button) folded before Flop (didn't bet)
Seat 6: BrasilPKR (small blind) folded before Flop
Seat 7: MadCurly1972 (big blind) showed [4c 2s] and won ($0.25) with two pair, Fives and Fours
Seat 8: onlyfoolsguy folded before Flop (didn't bet)
Seat 9: RosemontTony folded before Flop (didn't bet)



PokerStars Hand #237609051160:  Hold'em No Limit ($0.02/$0.05 USD) - 2022/07/26 16:23:10 PT [2022/07/26 19:23:10 ET]
Table 'Conrada' 9-max Seat #6 is the button
Seat 1: renansuguino1 ($5.48 in chips) 
Seat 3: enixblr ($5.10 in chips) 
Seat 4: JayJayJohnson ($8.89 in chips) 
Seat 5: Dorex2007 ($5 in chips) 
Seat 6: BrasilPKR ($6.04 in chips) 
Seat 7: MadCurly1972 ($2.67 in chips) 
Seat 8: onlyfoolsguy ($4.89 in chips) 
Seat 9: RosemontTony ($3.48 in chips) 
MadCurly1972: posts small blind $0.02
onlyfoolsguy: posts big blind $0.05
*** HOLE CARDS ***
Dealt to Dorex2007 [Ad 6c]
RosemontTony: folds 
renansuguino1: folds 
enixblr: folds 
JayJayJohnson: folds 
Dorex2007: folds 
BrasilPKR: folds 
MadCurly1972: calls $0.03
onlyfoolsguy: checks 
*** FLOP *** [3h 9s 8c]
MadCurly1972: checks 
onlyfoolsguy: checks 
*** TURN *** [3h 9s 8c] [Td]
MadCurly1972: checks 
onlyfoolsguy: checks 
*** RIVER *** [3h 9s 8c Td] [Js]
MadCurly1972: checks 
onlyfoolsguy: bets $0.06
MadCurly1972: calls $0.06
*** SHOW DOWN ***
onlyfoolsguy: shows [6s 2c] (high card Jack)
MadCurly1972: shows [Kc Th] (a pair of Tens)
MadCurly1972 collected $0.21 from pot
*** SUMMARY ***
Total pot $0.22 | Rake $0.01 
Board [3h 9s 8c Td Js]
Seat 1: renansuguino1 folded before Flop (didn't bet)
Seat 3: enixblr folded before Flop (didn't bet)
Seat 4: JayJayJohnson folded before Flop (didn't bet)
Seat 5: Dorex2007 folded before Flop (didn't bet)
Seat 6: BrasilPKR (button) folded before Flop (didn't bet)
Seat 7: MadCurly1972 (small blind) showed [Kc Th] and won ($0.21) with a pair of Tens
Seat 8: onlyfoolsguy (big blind) showed [6s 2c] and lost with high card Jack
Seat 9: RosemontTony folded before Flop (didn't bet)



PokerStars Hand #237609063602:  Hold'em No Limit ($0.02/$0.05 USD) - 2022/07/26 16:23:55 PT [2022/07/26 19:23:55 ET]
Table 'Conrada' 9-max Seat #7 is the button
Seat 1: renansuguino1 ($5.48 in chips) 
Seat 3: enixblr ($5.10 in chips) 
Seat 4: JayJayJohnson ($8.89 in chips) 
Seat 5: Dorex2007 ($5 in chips) 
Seat 6: BrasilPKR ($6.04 in chips) 
Seat 7: MadCurly1972 ($2.77 in chips) 
Seat 8: onlyfoolsguy ($4.78 in chips) 
Seat 9: RosemontTony ($3.48 in chips) 
onlyfoolsguy: posts small blind $0.02
RosemontTony: posts big blind $0.05
*** HOLE CARDS ***
Dealt to Dorex2007 [Ah 3h]
renansuguino1: folds 
enixblr: folds 
JayJayJohnson: folds 
Dorex2007: calls $0.05
BrasilPKR: raises $0.15 to $0.20
MadCurly1972: folds 
onlyfoolsguy: calls $0.18
RosemontTony: folds 
Dorex2007: calls $0.15
*** FLOP *** [9h 8s 2h]
onlyfoolsguy: checks 
Dorex2007: checks 
BrasilPKR: bets $0.31
onlyfoolsguy: raises $0.54 to $0.85
Dorex2007: folds 
BrasilPKR: raises $4.99 to $5.84 and is all-in
onlyfoolsguy: calls $3.73 and is all-in
Uncalled bet ($1.26) returned to BrasilPKR
*** FIRST TURN *** [9h 8s 2h] [8c]
*** FIRST RIVER *** [9h 8s 2h 8c] [4d]
*** SECOND TURN *** [9h 8s 2h] [7h]
*** SECOND RIVER *** [9h 8s 2h 7h] [7c]
*** FIRST SHOW DOWN ***
onlyfoolsguy: shows [2c 2s] (a full house, Deuces full of Eights)
BrasilPKR: shows [Qd Qs] (two pair, Queens and Eights)
onlyfoolsguy collected $4.70 from pot
*** SECOND SHOW DOWN ***
onlyfoolsguy: shows [2c 2s] (a full house, Deuces full of Sevens)
BrasilPKR: shows [Qd Qs] (two pair, Queens and Sevens)
onlyfoolsguy collected $4.70 from pot
*** SUMMARY ***
Total pot $9.81 | Rake $0.41 
Hand was run twice
FIRST Board [9h 8s 2h 8c 4d]
SECOND Board [9h 8s 2h 7h 7c]
Seat 1: renansuguino1 folded before Flop (didn't bet)
Seat 3: enixblr folded before Flop (didn't bet)
Seat 4: JayJayJohnson folded before Flop (didn't bet)
Seat 5: Dorex2007 folded on the Flop
Seat 6: BrasilPKR showed [Qd Qs] and lost with two pair, Queens and Eights, and lost with two pair, Queens and Sevens
Seat 7: MadCurly1972 (button) folded before Flop (didn't bet)
Seat 8: onlyfoolsguy (small blind) showed [2c 2s] and won ($4.70) with a full house, Deuces full of Eights, and won ($4.70) with a full house, Deuces full of Sevens
Seat 9: RosemontTony (big blind) folded before Flop



PokerStars Hand #237609086289:  Hold'em No Limit ($0.02/$0.05 USD) - 2022/07/26 16:24:49 PT [2022/07/26 19:24:49 ET]
Table 'Conrada' 9-max Seat #8 is the button
Seat 1: renansuguino1 ($5.48 in chips) 
Seat 3: enixblr ($5.10 in chips) 
Seat 4: JayJayJohnson ($8.89 in chips) 
Seat 5: Dorex2007 ($5 in chips) 
Seat 7: MadCurly1972 ($2.77 in chips) 
Seat 8: onlyfoolsguy ($9.40 in chips) 
Seat 9: RosemontTony ($3.43 in chips) 
RosemontTony: posts small blind $0.02
renansuguino1: posts big blind $0.05
*** HOLE CARDS ***
Dealt to Dorex2007 [5s Ks]
enixblr: folds 
BrasilPKR leaves the table
JayJayJohnson: raises $0.10 to $0.15
Dorex2007: folds 
MadCurly1972: raises $0.37 to $0.52
onlyfoolsguy: folds 
RosemontTony: folds 
renansuguino1: folds 
JayJayJohnson: calls $0.37
*** FLOP *** [6h 7s Qd]
JayJayJohnson: checks 
MadCurly1972: bets $0.53
JayJayJohnson: calls $0.53
*** TURN *** [6h 7s Qd] [6c]
JayJayJohnson: checks 
MadCurly1972: bets $1.72 and is all-in
JayJayJohnson: folds 
Uncalled bet ($1.72) returned to MadCurly1972
MadCurly1972 collected $2.06 from pot
MadCurly1972: doesn't show hand 
*** SUMMARY ***
Total pot $2.17 | Rake $0.11 
Board [6h 7s Qd 6c]
Seat 1: renansuguino1 (big blind) folded before Flop
Seat 3: enixblr folded before Flop (didn't bet)
Seat 4: JayJayJohnson folded on the Turn
Seat 5: Dorex2007 folded before Flop (didn't bet)
Seat 7: MadCurly1972 collected ($2.06)
Seat 8: onlyfoolsguy (button) folded before Flop (didn't bet)
Seat 9: RosemontTony (small blind) folded before Flop



PokerStars Hand #237612568417:  Hold'em No Limit ($0.02/$0.05 USD) - 2022/07/26 20:54:56 PT [2022/07/26 23:54:56 ET]
Table 'Conrada' 9-max Seat #2 is the button
Seat 1: Dorex2007 ($5 in chips) 
Seat 2: PFelipe95 ($4.26 in chips) 
Seat 3: Maria1995587 ($4.56 in chips) 
Seat 5: Luigiams ($6.44 in chips) 
Seat 7: WLOLW rrrrr ($5.15 in chips) 
Seat 8: AIH303 ($4.85 in chips) 
Seat 9: enixblr ($7.08 in chips) 
Maria1995587: posts small blind $0.02
Luigiams: posts big blind $0.05
Dorex2007: posts big blind $0.05
*** HOLE CARDS ***
Dealt to Dorex2007 [6h 3d]
WLOLW rrrrr: folds 
AIH303: folds 
enixblr: raises $0.15 to $0.20
Dorex2007: folds 
PFelipe95: folds 
Maria1995587: folds 
Luigiams: folds 
Uncalled bet ($0.15) returned to enixblr
enixblr collected $0.17 from pot
enixblr: doesn't show hand 
*** SUMMARY ***
Total pot $0.17 | Rake $0 
Seat 1: Dorex2007 folded before Flop (didn't bet)
Seat 2: PFelipe95 (button) folded before Flop (didn't bet)
Seat 3: Maria1995587 (small blind) folded before Flop
Seat 5: Luigiams (big blind) folded before Flop
Seat 7: WLOLW rrrrr folded before Flop (didn't bet)
Seat 8: AIH303 folded before Flop (didn't bet)
Seat 9: enixblr collected ($0.17)



PokerStars Hand #237612571470:  Hold'em No Limit ($0.02/$0.05 USD) - 2022/07/26 20:55:22 PT [2022/07/26 23:55:22 ET]
Table 'Conrada' 9-max Seat #3 is the button
Seat 1: Dorex2007 ($5 in chips) 
Seat 2: PFelipe95 ($4.26 in chips) 
Seat 3: Maria1995587 ($4.54 in chips) 
Seat 5: Luigiams ($6.39 in chips) 
Seat 7: WLOLW rrrrr ($5.15 in chips) 
Seat 8: AIH303 ($4.85 in chips) 
Seat 9: enixblr ($7.20 in chips) 
Luigiams: posts small blind $0.02
WLOLW rrrrr: posts big blind $0.05
*** HOLE CARDS ***
Dealt to Dorex2007 [Js 7d]
AIH303: folds 
enixblr: folds 
Dorex2007: folds 
PFelipe95: folds 
Maria1995587: raises $0.10 to $0.15
Luigiams: folds 
WLOLW rrrrr: calls $0.10
*** FLOP *** [3h 9s 5c]
WLOLW rrrrr: checks 
Maria1995587: checks 
*** TURN *** [3h 9s 5c] [Kh]
WLOLW rrrrr: checks 
Maria1995587: bets $0.20
WLOLW rrrrr: calls $0.20
*** RIVER *** [3h 9s 5c Kh] [6h]
WLOLW rrrrr: checks 
Maria1995587: checks 
*** SHOW DOWN ***
WLOLW rrrrr: shows [Jh Ts] (high card King)
Maria1995587: shows [Kd Jc] (a pair of Kings)
Maria1995587 collected $0.69 from pot
*** SUMMARY ***
Total pot $0.72 | Rake $0.03 
Board [3h 9s 5c Kh 6h]
Seat 1: Dorex2007 folded before Flop (didn't bet)
Seat 2: PFelipe95 folded before Flop (didn't bet)
Seat 3: Maria1995587 (button) showed [Kd Jc] and won ($0.69) with a pair of Kings
Seat 5: Luigiams (small blind) folded before Flop
Seat 7: WLOLW rrrrr (big blind) showed [Jh Ts] and lost with high card King
Seat 8: AIH303 folded before Flop (didn't bet)
Seat 9: enixblr folded before Flop (didn't bet)



PokerStars Hand #237612577735:  Hold'em No Limit ($0.02/$0.05 USD) - 2022/07/26 20:56:17 PT [2022/07/26 23:56:17 ET]
Table 'Conrada' 9-max Seat #5 is the button
Seat 1: Dorex2007 ($5 in chips) 
Seat 2: PFelipe95 ($4.26 in chips) 
Seat 3: Maria1995587 ($4.88 in chips) 
Seat 5: Luigiams ($6.37 in chips) 
Seat 7: WLOLW rrrrr ($4.80 in chips) 
Seat 8: AIH303 ($4.85 in chips) 
Seat 9: enixblr ($7.20 in chips) 
WLOLW rrrrr: posts small blind $0.02
AIH303: posts big blind $0.05
*** HOLE CARDS ***
Dealt to Dorex2007 [Ad Kd]
enixblr: folds 
Dorex2007: raises $0.15 to $0.20
PFelipe95: folds 
Maria1995587: folds 
Luigiams: folds 
WLOLW rrrrr: calls $0.18
AIH303: folds 
*** FLOP *** [Qs 8c Tc]
WLOLW rrrrr: checks 
Dorex2007: bets $0.29
WLOLW rrrrr: calls $0.29
*** TURN *** [Qs 8c Tc] [6c]
WLOLW rrrrr: checks 
Dorex2007: checks 
*** RIVER *** [Qs 8c Tc 6c] [3d]
WLOLW rrrrr: checks 
Dorex2007: bets $0.66
WLOLW rrrrr: folds 
Uncalled bet ($0.66) returned to Dorex2007
Dorex2007 collected $0.99 from pot
Dorex2007: doesn't show hand 
*** SUMMARY ***
Total pot $1.03 | Rake $0.04 
Board [Qs 8c Tc 6c 3d]
Seat 1: Dorex2007 collected ($0.99)
Seat 2: PFelipe95 folded before Flop (didn't bet)
Seat 3: Maria1995587 folded before Flop (didn't bet)
Seat 5: Luigiams (button) folded before Flop (didn't bet)
Seat 7: WLOLW rrrrr (small blind) folded on the River
Seat 8: AIH303 (big blind) folded before Flop
Seat 9: enixblr folded before Flop (didn't bet)



PokerStars Hand #237612582205:  Hold'em No Limit ($0.02/$0.05 USD) - 2022/07/26 20:56:56 PT [2022/07/26 23:56:56 ET]
Table 'Conrada' 9-max Seat #7 is the button
Seat 1: Dorex2007 ($5.50 in chips) 
Seat 2: PFelipe95 ($4.26 in chips) 
Seat 3: Maria1995587 ($4.88 in chips) 
Seat 5: Luigiams ($6.37 in chips) 
Seat 6: XHerrTUMNUSX ($15.44 in chips) 
Seat 7: WLOLW rrrrr ($4.31 in chips) 
Seat 8: AIH303 ($4.80 in chips) 
Seat 9: enixblr ($7.20 in chips) 
AIH303: posts small blind $0.02
enixblr: posts big blind $0.05
XHerrTUMNUSX: posts small & big blinds $0.07
*** HOLE CARDS ***
Dealt to Dorex2007 [Ad 5s]
Dorex2007: folds 
Mikey J410 joins the table at seat #4 
PFelipe95: raises $0.07 to $0.12
Maria1995587: folds 
Luigiams: calls $0.12
XHerrTUMNUSX: folds 
WLOLW rrrrr: folds 
AIH303: folds 
enixblr: folds 
*** FLOP *** [5d Kh 3h]
PFelipe95: checks 
Luigiams: bets $0.15
PFelipe95: calls $0.15
*** TURN *** [5d Kh 3h] [As]
PFelipe95: checks 
Luigiams: bets $0.25
PFelipe95: calls $0.25
*** RIVER *** [5d Kh 3h As] [2s]
PFelipe95: checks 
Luigiams: bets $0.35
PFelipe95: calls $0.35
*** SHOW DOWN ***
Luigiams: shows [5c Ah] (two pair, Aces and Fives)
PFelipe95: mucks hand 
Luigiams collected $1.80 from pot
*** SUMMARY ***
Total pot $1.88 | Rake $0.08 
Board [5d Kh 3h As 2s]
Seat 1: Dorex2007 folded before Flop (didn't bet)
Seat 2: PFelipe95 mucked [Kc Js]
Seat 3: Maria1995587 folded before Flop (didn't bet)
Seat 5: Luigiams showed [5c Ah] and won ($1.80) with two pair, Aces and Fives
Seat 6: XHerrTUMNUSX folded before Flop (didn't bet)
Seat 7: WLOLW rrrrr (button) folded before Flop (didn't bet)
Seat 8: AIH303 (small blind) folded before Flop
Seat 9: enixblr (big blind) folded before Flop



PokerStars Hand #237612590714:  Hold'em No Limit ($0.02/$0.05 USD) - 2022/07/26 20:58:11 PT [2022/07/26 23:58:11 ET]
Table 'Conrada' 9-max Seat #8 is the button
Seat 1: Dorex2007 ($5.50 in chips) 
Seat 2: PFelipe95 ($3.39 in chips) 
Seat 3: Maria1995587 ($4.88 in chips) 
Seat 4: Mikey J410 ($5 in chips) 
Seat 5: Luigiams ($7.30 in chips) 
Seat 6: XHerrTUMNUSX ($15.37 in chips) 
Seat 7: WLOLW rrrrr ($5 in chips) 
Seat 8: AIH303 ($4.78 in chips) 
Seat 9: enixblr ($7.15 in chips) 
enixblr: posts small blind $0.02
Dorex2007: posts big blind $0.05
Mikey J410: posts big blind $0.05
*** HOLE CARDS ***
Dealt to Dorex2007 [Ks 6c]
PFelipe95: raises $0.07 to $0.12
Maria1995587: folds 
Mikey J410: folds 
Luigiams: folds 
XHerrTUMNUSX: folds 
WLOLW rrrrr: folds 
AIH303: calls $0.12
enixblr: folds 
Dorex2007: calls $0.07
*** FLOP *** [3d Qh Kd]
Dorex2007: bets $0.27
PFelipe95: calls $0.27
AIH303: folds 
*** TURN *** [3d Qh Kd] [7h]
Dorex2007: checks 
PFelipe95: bets $0.62
Dorex2007: folds 
Uncalled bet ($0.62) returned to PFelipe95
PFelipe95 collected $0.93 from pot
PFelipe95: doesn't show hand 
*** SUMMARY ***
Total pot $0.97 | Rake $0.04 
Board [3d Qh Kd 7h]
Seat 1: Dorex2007 (big blind) folded on the Turn
Seat 2: PFelipe95 collected ($0.93)
Seat 3: Maria1995587 folded before Flop (didn't bet)
Seat 4: Mikey J410 folded before Flop (didn't bet)
Seat 5: Luigiams folded before Flop (didn't bet)
Seat 6: XHerrTUMNUSX folded before Flop (didn't bet)
Seat 7: WLOLW rrrrr folded before Flop (didn't bet)
Seat 8: AIH303 (button) folded on the Flop
Seat 9: enixblr (small blind) folded before Flop



PokerStars Hand #237612598440:  Hold'em No Limit ($0.02/$0.05 USD) - 2022/07/26 20:59:18 PT [2022/07/26 23:59:18 ET]
Table 'Conrada' 9-max Seat #9 is the button
Seat 1: Dorex2007 ($5.11 in chips) 
Seat 2: PFelipe95 ($3.93 in chips) 
Seat 3: Maria1995587 ($4.88 in chips) 
Seat 4: Mikey J410 ($4.95 in chips) 
Seat 5: Luigiams ($7.30 in chips) 
Seat 6: XHerrTUMNUSX ($15.37 in chips) 
Seat 7: WLOLW rrrrr ($5 in chips) 
Seat 8: AIH303 ($4.66 in chips) 
Seat 9: enixblr ($7.13 in chips) 
Dorex2007: posts small blind $0.02
PFelipe95: posts big blind $0.05
*** HOLE CARDS ***
Dealt to Dorex2007 [Qh 7d]
Maria1995587: folds 
Mikey J410: folds 
Luigiams: raises $0.05 to $0.10
XHerrTUMNUSX: folds 
WLOLW rrrrr: raises $0.27 to $0.37
AIH303: folds 
enixblr: calls $0.37
Dorex2007: folds 
PFelipe95: folds 
Luigiams: folds 
*** FLOP *** [8s Th 4c]
WLOLW rrrrr: bets $0.58
enixblr: folds 
Uncalled bet ($0.58) returned to WLOLW rrrrr
WLOLW rrrrr collected $0.87 from pot
WLOLW rrrrr: doesn't show hand 
*** SUMMARY ***
Total pot $0.91 | Rake $0.04 
Board [8s Th 4c]
Seat 1: Dorex2007 (small blind) folded before Flop
Seat 2: PFelipe95 (big blind) folded before Flop
Seat 3: Maria1995587 folded before Flop (didn't bet)
Seat 4: Mikey J410 folded before Flop (didn't bet)
Seat 5: Luigiams folded before Flop
Seat 6: XHerrTUMNUSX folded before Flop (didn't bet)
Seat 7: WLOLW rrrrr collected ($0.87)
Seat 8: AIH303 folded before Flop (didn't bet)
Seat 9: enixblr (button) folded on the Flop



