PokerStars Hand #228102299504:  Hold'em No Limit ($0.01/$0.02 USD) - 2021/07/06 12:42:35 PT [2021/07/06 15:42:35 ET]
Table 'Danjon III' 9-max Seat #8 is the button
Seat 2: Djentx ($2 in chips) 
Seat 3: luna28277 ($0.90 in chips) 
Seat 4: ANDREY227777 ($4.98 in chips) 
Seat 5: OlegMak7476 ($0.33 in chips) 
Seat 6: dezomorfinchik ($0.80 in chips) 
Seat 7: Dorex2007 ($2 in chips) 
Seat 8: 10paisley ($0.59 in chips) 
Seat 9: tridmax ($3.15 in chips) 
tridmax: posts small blind $0.01
Djentx: posts big blind $0.02
dezomorfinchik: posts big blind $0.02
Dorex2007: posts big blind $0.02
*** HOLE CARDS ***
Dealt to Dorex2007 [3h 8d]
luna28277: calls $0.02
ANDREY227777: folds 
OlegMak7476: folds 
dezomorfinchik: checks 
Dorex2007: checks 
10paisley: calls $0.02
tridmax: folds 
Djentx: checks 
*** FLOP *** [Qs 7s Jh]
Djentx: checks 
luna28277: checks 
dezomorfinchik: checks 
Dorex2007: checks 
10paisley: bets $0.05
Djentx: folds 
luna28277: calls $0.05
dezomorfinchik: folds 
Dorex2007: folds 
*** TURN *** [Qs 7s Jh] [Ad]
luna28277: checks 
10paisley: checks 
*** RIVER *** [Qs 7s Jh Ad] [9d]
dezomorfinchik leaves the table
luna28277: checks 
10paisley: checks 
*** SHOW DOWN ***
luna28277: shows [Qc Jd] (two pair, Queens and Jacks)
10paisley: mucks hand 
luna28277 collected $0.20 from pot
*** SUMMARY ***
Total pot $0.21 | Rake $0.01 
Board [Qs 7s Jh Ad 9d]
Seat 2: Djentx (big blind) folded on the Flop
Seat 3: luna28277 showed [Qc Jd] and won ($0.20) with two pair, Queens and Jacks
Seat 4: ANDREY227777 folded before Flop (didn't bet)
Seat 5: OlegMak7476 folded before Flop (didn't bet)
Seat 6: dezomorfinchik folded on the Flop (didn't bet)
Seat 7: Dorex2007 folded on the Flop (didn't bet)
Seat 8: 10paisley (button) mucked [7h 8h]
Seat 9: tridmax (small blind) folded before Flop



PokerStars Hand #228102325569:  Hold'em No Limit ($0.01/$0.02 USD) - 2021/07/06 12:43:42 PT [2021/07/06 15:43:42 ET]
Table 'Danjon III' 9-max Seat #9 is the button
Seat 2: Djentx ($2 in chips) 
Seat 3: luna28277 ($1.03 in chips) 
Seat 4: ANDREY227777 ($4.98 in chips) 
Seat 5: OlegMak7476 ($0.33 in chips) 
Seat 7: Dorex2007 ($1.98 in chips) 
Seat 8: 10paisley ($0.52 in chips) 
Seat 9: tridmax ($3.14 in chips) 
Djentx: posts small blind $0.01
luna28277: posts big blind $0.02
*** HOLE CARDS ***
Dealt to Dorex2007 [Th Jh]
ANDREY227777: folds 
OlegMak7476: calls $0.02
Dorex2007: calls $0.02
10paisley: calls $0.02
tridmax: folds 
Djentx: folds 
luna28277: checks 
*** FLOP *** [6s 5c 4d]
droctagon101 joins the table at seat #6 
luna28277: checks 
OlegMak7476: checks 
Dorex2007: checks 
10paisley: checks 
*** TURN *** [6s 5c 4d] [6c]
luna28277: checks 
OlegMak7476: checks 
Dorex2007: checks 
10paisley: checks 
*** RIVER *** [6s 5c 4d 6c] [Ks]
luna28277: checks 
OlegMak7476: checks 
Dorex2007: checks 
10paisley: checks 
*** SHOW DOWN ***
luna28277: shows [8d Tc] (a pair of Sixes)
OlegMak7476: shows [As Js] (a pair of Sixes - Ace kicker)
Dorex2007: mucks hand 
10paisley: mucks hand 
OlegMak7476 collected $0.09 from pot
*** SUMMARY ***
Total pot $0.09 | Rake $0 
Board [6s 5c 4d 6c Ks]
Seat 2: Djentx (small blind) folded before Flop
Seat 3: luna28277 (big blind) showed [8d Tc] and lost with a pair of Sixes
Seat 4: ANDREY227777 folded before Flop (didn't bet)
Seat 5: OlegMak7476 showed [As Js] and won ($0.09) with a pair of Sixes
Seat 7: Dorex2007 mucked [Th Jh]
Seat 8: 10paisley mucked [9d Jc]
Seat 9: tridmax (button) folded before Flop (didn't bet)



PokerStars Hand #228102343847:  Hold'em No Limit ($0.01/$0.02 USD) - 2021/07/06 12:44:31 PT [2021/07/06 15:44:31 ET]
Table 'Danjon III' 9-max Seat #2 is the button
Seat 2: Djentx ($2 in chips) 
Seat 3: luna28277 ($1.01 in chips) 
Seat 4: ANDREY227777 ($4.98 in chips) 
Seat 5: OlegMak7476 ($0.40 in chips) 
Seat 7: Dorex2007 ($1.96 in chips) 
Seat 8: 10paisley ($0.50 in chips) 
Seat 9: tridmax ($3.14 in chips) 
luna28277: posts small blind $0.01
ANDREY227777: posts big blind $0.02
droctagon101: sits out 
*** HOLE CARDS ***
Dealt to Dorex2007 [5c 6h]
OlegMak7476: folds 
Dorex2007: folds 
10paisley: calls $0.02
tridmax: folds 
Djentx: folds 
luna28277: calls $0.01
ANDREY227777: checks 
*** FLOP *** [3h Ah Jd]
luna28277: checks 
ANDREY227777: bets $0.03
10paisley: calls $0.03
luna28277: folds 
*** TURN *** [3h Ah Jd] [5s]
ANDREY227777: bets $0.06
10paisley: folds 
Uncalled bet ($0.06) returned to ANDREY227777
ANDREY227777 collected $0.12 from pot
ANDREY227777: doesn't show hand 
*** SUMMARY ***
Total pot $0.12 | Rake $0 
Board [3h Ah Jd 5s]
Seat 2: Djentx (button) folded before Flop (didn't bet)
Seat 3: luna28277 (small blind) folded on the Flop
Seat 4: ANDREY227777 (big blind) collected ($0.12)
Seat 5: OlegMak7476 folded before Flop (didn't bet)
Seat 7: Dorex2007 folded before Flop (didn't bet)
Seat 8: 10paisley folded on the Turn
Seat 9: tridmax folded before Flop (didn't bet)



PokerStars Hand #228102367274:  Hold'em No Limit ($0.01/$0.02 USD) - 2021/07/06 12:45:33 PT [2021/07/06 15:45:33 ET]
Table 'Danjon III' 9-max Seat #3 is the button
Seat 2: Djentx ($2 in chips) 
Seat 3: luna28277 ($0.99 in chips) 
Seat 4: ANDREY227777 ($5.05 in chips) 
Seat 5: OlegMak7476 ($0.40 in chips) 
Seat 7: Dorex2007 ($1.96 in chips) 
Seat 8: 10paisley ($0.45 in chips) 
Seat 9: tridmax ($3.14 in chips) 
ANDREY227777: posts small blind $0.01
OlegMak7476: posts big blind $0.02
droctagon101: sits out 
*** HOLE CARDS ***
Dealt to Dorex2007 [3c Td]
Dorex2007: folds 
10paisley: folds 
tridmax: raises $0.04 to $0.06
Djentx: folds 
Julio Ces911 leaves the table
luna28277: folds 
ANDREY227777: folds 
OlegMak7476: folds 
Uncalled bet ($0.04) returned to tridmax
tridmax collected $0.05 from pot
tridmax: doesn't show hand 
*** SUMMARY ***
Total pot $0.05 | Rake $0 
Seat 2: Djentx folded before Flop (didn't bet)
Seat 3: luna28277 (button) folded before Flop (didn't bet)
Seat 4: ANDREY227777 (small blind) folded before Flop
Seat 5: OlegMak7476 (big blind) folded before Flop
Seat 7: Dorex2007 folded before Flop (didn't bet)
Seat 8: 10paisley folded before Flop (didn't bet)
Seat 9: tridmax collected ($0.05)



PokerStars Hand #228102377826:  Hold'em No Limit ($0.01/$0.02 USD) - 2021/07/06 12:46:01 PT [2021/07/06 15:46:01 ET]
Table 'Danjon III' 9-max Seat #4 is the button
Seat 2: Djentx ($2 in chips) 
Seat 3: luna28277 ($0.99 in chips) 
Seat 4: ANDREY227777 ($5.04 in chips) 
Seat 5: OlegMak7476 ($0.38 in chips) 
Seat 6: droctagon101 ($2 in chips) 
Seat 7: Dorex2007 ($1.96 in chips) 
Seat 8: 10paisley ($0.45 in chips) 
Seat 9: tridmax ($3.17 in chips) 
OlegMak7476: posts small blind $0.01
droctagon101: posts big blind $0.02
*** HOLE CARDS ***
Dealt to Dorex2007 [8h Tc]
Dorex2007: folds 
10paisley: calls $0.02
tridmax: calls $0.02
Djentx: folds 
luna28277: folds 
ANDREY227777: folds 
OlegMak7476: calls $0.01
droctagon101: checks 
*** FLOP *** [As Kd 8c]
OlegMak7476: checks 
droctagon101: checks 
10paisley: bets $0.04
tridmax: folds 
OlegMak7476: folds 
droctagon101: folds 
Uncalled bet ($0.04) returned to 10paisley
10paisley collected $0.08 from pot
10paisley: doesn't show hand 
*** SUMMARY ***
Total pot $0.08 | Rake $0 
Board [As Kd 8c]
Seat 2: Djentx folded before Flop (didn't bet)
Seat 3: luna28277 folded before Flop (didn't bet)
Seat 4: ANDREY227777 (button) folded before Flop (didn't bet)
Seat 5: OlegMak7476 (small blind) folded on the Flop
Seat 6: droctagon101 (big blind) folded on the Flop
Seat 7: Dorex2007 folded before Flop (didn't bet)
Seat 8: 10paisley collected ($0.08)
Seat 9: tridmax folded on the Flop



PokerStars Hand #228102402533:  Hold'em No Limit ($0.01/$0.02 USD) - 2021/07/06 12:46:43 PT [2021/07/06 15:46:43 ET]
Table 'Danjon III' 9-max Seat #5 is the button
Seat 2: Djentx ($2 in chips) 
Seat 3: luna28277 ($0.99 in chips) 
Seat 4: ANDREY227777 ($5.04 in chips) 
Seat 5: OlegMak7476 ($0.36 in chips) 
Seat 6: droctagon101 ($1.98 in chips) 
Seat 7: Dorex2007 ($1.96 in chips) 
Seat 8: 10paisley ($0.51 in chips) 
Seat 9: tridmax ($3.15 in chips) 
droctagon101: posts small blind $0.01
Dorex2007: posts big blind $0.02
*** HOLE CARDS ***
Dealt to Dorex2007 [Js 6h]
10paisley: folds 
ConquestadorG joins the table at seat #1 
tridmax: folds 
Djentx: folds 
luna28277: calls $0.02
ANDREY227777: folds 
OlegMak7476: folds 
droctagon101: raises $0.06 to $0.08
Dorex2007: folds 
luna28277: folds 
Uncalled bet ($0.06) returned to droctagon101
droctagon101 collected $0.06 from pot
droctagon101: doesn't show hand 
*** SUMMARY ***
Total pot $0.06 | Rake $0 
Seat 2: Djentx folded before Flop (didn't bet)
Seat 3: luna28277 folded before Flop
Seat 4: ANDREY227777 folded before Flop (didn't bet)
Seat 5: OlegMak7476 (button) folded before Flop (didn't bet)
Seat 6: droctagon101 (small blind) collected ($0.06)
Seat 7: Dorex2007 (big blind) folded before Flop
Seat 8: 10paisley folded before Flop (didn't bet)
Seat 9: tridmax folded before Flop (didn't bet)



PokerStars Hand #228102413054:  Hold'em No Limit ($0.01/$0.02 USD) - 2021/07/06 12:47:11 PT [2021/07/06 15:47:11 ET]
Table 'Danjon III' 9-max Seat #6 is the button
Seat 2: Djentx ($2 in chips) 
Seat 3: luna28277 ($0.97 in chips) 
Seat 4: ANDREY227777 ($5.04 in chips) 
Seat 5: OlegMak7476 ($0.36 in chips) 
Seat 6: droctagon101 ($2.02 in chips) 
Seat 7: Dorex2007 ($1.94 in chips) 
Seat 8: 10paisley ($0.51 in chips) 
Seat 9: tridmax ($3.15 in chips) 
Dorex2007: posts small blind $0.01
10paisley: posts big blind $0.02
ConquestadorG: sits out 
*** HOLE CARDS ***
Dealt to Dorex2007 [Ts 8d]
tridmax: folds 
Djentx: folds 
luna28277: folds 
ANDREY227777: folds 
OlegMak7476: folds 
droctagon101: folds 
Dorex2007: folds 
Uncalled bet ($0.01) returned to 10paisley
10paisley collected $0.02 from pot
10paisley: doesn't show hand 
*** SUMMARY ***
Total pot $0.02 | Rake $0 
Seat 2: Djentx folded before Flop (didn't bet)
Seat 3: luna28277 folded before Flop (didn't bet)
Seat 4: ANDREY227777 folded before Flop (didn't bet)
Seat 5: OlegMak7476 folded before Flop (didn't bet)
Seat 6: droctagon101 (button) folded before Flop (didn't bet)
Seat 7: Dorex2007 (small blind) folded before Flop
Seat 8: 10paisley (big blind) collected ($0.02)
Seat 9: tridmax folded before Flop (didn't bet)



PokerStars Hand #228102421470:  Hold'em No Limit ($0.01/$0.02 USD) - 2021/07/06 12:47:33 PT [2021/07/06 15:47:33 ET]
Table 'Danjon III' 9-max Seat #7 is the button
Seat 2: Djentx ($2 in chips) 
Seat 3: luna28277 ($0.97 in chips) 
Seat 4: ANDREY227777 ($5.04 in chips) 
Seat 5: OlegMak7476 ($0.36 in chips) 
Seat 6: droctagon101 ($2.02 in chips) 
Seat 7: Dorex2007 ($1.93 in chips) 
Seat 8: 10paisley ($0.52 in chips) 
Seat 9: tridmax ($3.15 in chips) 
10paisley: posts small blind $0.01
tridmax: posts big blind $0.02
ConquestadorG: sits out 
*** HOLE CARDS ***
Dealt to Dorex2007 [8d 2d]
Djentx: raises $0.04 to $0.06
luna28277: calls $0.06
ANDREY227777: folds 
OlegMak7476: folds 
droctagon101: calls $0.06
Dorex2007: folds 
10paisley: folds 
tridmax: folds 
*** FLOP *** [4c 3c 4d]
Djentx: bets $0.10
luna28277: folds 
droctagon101: folds 
Uncalled bet ($0.10) returned to Djentx
Djentx collected $0.20 from pot
*** SUMMARY ***
Total pot $0.21 | Rake $0.01 
Board [4c 3c 4d]
Seat 2: Djentx collected ($0.20)
Seat 3: luna28277 folded on the Flop
Seat 4: ANDREY227777 folded before Flop (didn't bet)
Seat 5: OlegMak7476 folded before Flop (didn't bet)
Seat 6: droctagon101 folded on the Flop
Seat 7: Dorex2007 (button) folded before Flop (didn't bet)
Seat 8: 10paisley (small blind) folded before Flop
Seat 9: tridmax (big blind) folded before Flop



PokerStars Hand #228102438033:  Hold'em No Limit ($0.01/$0.02 USD) - 2021/07/06 12:48:12 PT [2021/07/06 15:48:12 ET]
Table 'Danjon III' 9-max Seat #8 is the button
Seat 1: ConquestadorG ($2 in chips) 
Seat 2: Djentx ($2.14 in chips) 
Seat 3: luna28277 ($0.91 in chips) 
Seat 4: ANDREY227777 ($5.04 in chips) 
Seat 5: OlegMak7476 ($0.36 in chips) 
Seat 6: droctagon101 ($1.96 in chips) 
Seat 7: Dorex2007 ($1.93 in chips) 
Seat 8: 10paisley ($0.51 in chips) 
Seat 9: tridmax ($3.13 in chips) 
tridmax: posts small blind $0.01
ConquestadorG: posts big blind $0.02
*** HOLE CARDS ***
Dealt to Dorex2007 [Ah 7s]
Djentx: folds 
luna28277: folds 
ANDREY227777: raises $0.03 to $0.05
OlegMak7476: folds 
droctagon101: folds 
Dorex2007: folds 
10paisley: folds 
tridmax: raises $0.13 to $0.18
ConquestadorG: folds 
ANDREY227777: calls $0.13
*** FLOP *** [7c 6s 9s]
tridmax: checks 
ANDREY227777: bets $0.19
tridmax: folds 
Uncalled bet ($0.19) returned to ANDREY227777
ANDREY227777 collected $0.37 from pot
ANDREY227777: doesn't show hand 
*** SUMMARY ***
Total pot $0.38 | Rake $0.01 
Board [7c 6s 9s]
Seat 1: ConquestadorG (big blind) folded before Flop
Seat 2: Djentx folded before Flop (didn't bet)
Seat 3: luna28277 folded before Flop (didn't bet)
Seat 4: ANDREY227777 collected ($0.37)
Seat 5: OlegMak7476 folded before Flop (didn't bet)
Seat 6: droctagon101 folded before Flop (didn't bet)
Seat 7: Dorex2007 folded before Flop (didn't bet)
Seat 8: 10paisley (button) folded before Flop (didn't bet)
Seat 9: tridmax (small blind) folded on the Flop



PokerStars Hand #228102454450:  Hold'em No Limit ($0.01/$0.02 USD) - 2021/07/06 12:48:54 PT [2021/07/06 15:48:54 ET]
Table 'Danjon III' 9-max Seat #9 is the button
Seat 1: ConquestadorG ($2 in chips) 
Seat 2: Djentx ($2.14 in chips) 
Seat 3: luna28277 ($0.91 in chips) 
Seat 4: ANDREY227777 ($5.23 in chips) 
Seat 5: OlegMak7476 ($0.36 in chips) 
Seat 6: droctagon101 ($1.96 in chips) 
Seat 7: Dorex2007 ($1.93 in chips) 
Seat 8: 10paisley ($0.51 in chips) 
Seat 9: tridmax ($2.95 in chips) 
ConquestadorG: posts small blind $0.01
Djentx: posts big blind $0.02
*** HOLE CARDS ***
Dealt to Dorex2007 [8c 7h]
luna28277: folds 
ANDREY227777: folds 
OlegMak7476: folds 
droctagon101: folds 
Dorex2007: folds 
10paisley: calls $0.02
tridmax: calls $0.02
ConquestadorG: folds 
Djentx: checks 
*** FLOP *** [As Kc Th]
Djentx: checks 
10paisley: bets $0.02
tridmax: calls $0.02
Djentx: folds 
*** TURN *** [As Kc Th] [Jd]
10paisley: checks 
tridmax: checks 
*** RIVER *** [As Kc Th Jd] [6h]
10paisley: checks 
tridmax: bets $0.06
10paisley: calls $0.06
*** SHOW DOWN ***
tridmax: shows [Qh 9h] (a straight, Ten to Ace)
10paisley: mucks hand 
tridmax collected $0.22 from pot
*** SUMMARY ***
Total pot $0.23 | Rake $0.01 
Board [As Kc Th Jd 6h]
Seat 1: ConquestadorG (small blind) folded before Flop
Seat 2: Djentx (big blind) folded on the Flop
Seat 3: luna28277 folded before Flop (didn't bet)
Seat 4: ANDREY227777 folded before Flop (didn't bet)
Seat 5: OlegMak7476 folded before Flop (didn't bet)
Seat 6: droctagon101 folded before Flop (didn't bet)
Seat 7: Dorex2007 folded before Flop (didn't bet)
Seat 8: 10paisley mucked [Ks 9d]
Seat 9: tridmax (button) showed [Qh 9h] and won ($0.22) with a straight, Ten to Ace



PokerStars Hand #228102473761:  Hold'em No Limit ($0.01/$0.02 USD) - 2021/07/06 12:49:44 PT [2021/07/06 15:49:44 ET]
Table 'Danjon III' 9-max Seat #1 is the button
Seat 1: ConquestadorG ($2 in chips) 
Seat 2: Djentx ($2.12 in chips) 
Seat 3: luna28277 ($0.91 in chips) 
Seat 4: ANDREY227777 ($5.23 in chips) 
Seat 5: OlegMak7476 ($0.36 in chips) 
Seat 6: droctagon101 ($1.96 in chips) 
Seat 7: Dorex2007 ($1.93 in chips) 
Seat 8: 10paisley ($0.41 in chips) 
Seat 9: tridmax ($3.07 in chips) 
Djentx: posts small blind $0.01
luna28277: posts big blind $0.02
*** HOLE CARDS ***
Dealt to Dorex2007 [9h 3d]
ANDREY227777: folds 
OlegMak7476: calls $0.02
droctagon101: folds 
Dorex2007: folds 
10paisley: folds 
tridmax: folds 
ConquestadorG: calls $0.02
Djentx: raises $0.09 to $0.11
luna28277: folds 
OlegMak7476: folds 
ConquestadorG: folds 
Uncalled bet ($0.09) returned to Djentx
Djentx collected $0.08 from pot
*** SUMMARY ***
Total pot $0.08 | Rake $0 
Seat 1: ConquestadorG (button) folded before Flop
Seat 2: Djentx (small blind) collected ($0.08)
Seat 3: luna28277 (big blind) folded before Flop
Seat 4: ANDREY227777 folded before Flop (didn't bet)
Seat 5: OlegMak7476 folded before Flop
Seat 6: droctagon101 folded before Flop (didn't bet)
Seat 7: Dorex2007 folded before Flop (didn't bet)
Seat 8: 10paisley folded before Flop (didn't bet)
Seat 9: tridmax folded before Flop (didn't bet)



PokerStars Hand #228102489810:  Hold'em No Limit ($0.01/$0.02 USD) - 2021/07/06 12:50:25 PT [2021/07/06 15:50:25 ET]
Table 'Danjon III' 9-max Seat #2 is the button
Seat 1: ConquestadorG ($2 in chips) 
Seat 2: Djentx ($2.18 in chips) 
Seat 4: ANDREY227777 ($5.23 in chips) 
Seat 5: OlegMak7476 ($0.34 in chips) 
Seat 6: droctagon101 ($1.96 in chips) 
Seat 7: Dorex2007 ($1.93 in chips) 
Seat 8: 10paisley ($0.41 in chips) 
Seat 9: tridmax ($3.07 in chips) 
ANDREY227777: posts small blind $0.01
OlegMak7476: posts big blind $0.02
*** HOLE CARDS ***
Dealt to Dorex2007 [8h 4s]
droctagon101: folds 
Dorex2007: folds 
10paisley: folds 
tridmax: folds 
ConquestadorG: folds 
Djentx: raises $0.04 to $0.06
ANDREY227777: folds 
OlegMak7476: folds 
Uncalled bet ($0.04) returned to Djentx
Djentx collected $0.05 from pot
*** SUMMARY ***
Total pot $0.05 | Rake $0 
Seat 1: ConquestadorG folded before Flop (didn't bet)
Seat 2: Djentx (button) collected ($0.05)
Seat 4: ANDREY227777 (small blind) folded before Flop
Seat 5: OlegMak7476 (big blind) folded before Flop
Seat 6: droctagon101 folded before Flop (didn't bet)
Seat 7: Dorex2007 folded before Flop (didn't bet)
Seat 8: 10paisley folded before Flop (didn't bet)
Seat 9: tridmax folded before Flop (didn't bet)



PokerStars Hand #228102500212:  Hold'em No Limit ($0.01/$0.02 USD) - 2021/07/06 12:50:52 PT [2021/07/06 15:50:52 ET]
Table 'Danjon III' 9-max Seat #4 is the button
Seat 1: ConquestadorG ($2 in chips) 
Seat 2: Djentx ($2.21 in chips) 
Seat 4: ANDREY227777 ($5.22 in chips) 
Seat 5: OlegMak7476 ($0.32 in chips) 
Seat 6: droctagon101 ($1.96 in chips) 
Seat 7: Dorex2007 ($1.93 in chips) 
Seat 8: 10paisley ($0.41 in chips) 
Seat 9: tridmax ($3.07 in chips) 
OlegMak7476: posts small blind $0.01
droctagon101: posts big blind $0.02
*** HOLE CARDS ***
Dealt to Dorex2007 [3d Qh]
Dorex2007: folds 
10paisley: folds 
tridmax: folds 
ConquestadorG: folds 
Djentx: folds 
ANDREY227777: folds 
OlegMak7476: folds 
Uncalled bet ($0.01) returned to droctagon101
droctagon101 collected $0.02 from pot
droctagon101: doesn't show hand 
*** SUMMARY ***
Total pot $0.02 | Rake $0 
Seat 1: ConquestadorG folded before Flop (didn't bet)
Seat 2: Djentx folded before Flop (didn't bet)
Seat 4: ANDREY227777 (button) folded before Flop (didn't bet)
Seat 5: OlegMak7476 (small blind) folded before Flop
Seat 6: droctagon101 (big blind) collected ($0.02)
Seat 7: Dorex2007 folded before Flop (didn't bet)
Seat 8: 10paisley folded before Flop (didn't bet)
Seat 9: tridmax folded before Flop (didn't bet)



PokerStars Hand #228102507693:  Hold'em No Limit ($0.01/$0.02 USD) - 2021/07/06 12:51:11 PT [2021/07/06 15:51:11 ET]
Table 'Danjon III' 9-max Seat #5 is the button
Seat 1: ConquestadorG ($2 in chips) 
Seat 2: Djentx ($2.21 in chips) 
Seat 4: ANDREY227777 ($5.22 in chips) 
Seat 5: OlegMak7476 ($0.31 in chips) 
Seat 7: Dorex2007 ($1.93 in chips) 
Seat 8: 10paisley ($0.41 in chips) 
Seat 9: tridmax ($3.07 in chips) 
Dorex2007: posts small blind $0.01
10paisley: posts big blind $0.02
*** HOLE CARDS ***
Dealt to Dorex2007 [8c 2h]
tridmax: folds 
ConquestadorG: folds 
Djentx: folds 
ANDREY227777: folds 
OlegMak7476: folds 
Dorex2007: folds 
Uncalled bet ($0.01) returned to 10paisley
10paisley collected $0.02 from pot
10paisley: doesn't show hand 
*** SUMMARY ***
Total pot $0.02 | Rake $0 
Seat 1: ConquestadorG folded before Flop (didn't bet)
Seat 2: Djentx folded before Flop (didn't bet)
Seat 4: ANDREY227777 folded before Flop (didn't bet)
Seat 5: OlegMak7476 (button) folded before Flop (didn't bet)
Seat 7: Dorex2007 (small blind) folded before Flop
Seat 8: 10paisley (big blind) collected ($0.02)
Seat 9: tridmax folded before Flop (didn't bet)



PokerStars Hand #228102512227:  Hold'em No Limit ($0.01/$0.02 USD) - 2021/07/06 12:51:22 PT [2021/07/06 15:51:22 ET]
Table 'Danjon III' 9-max Seat #7 is the button
Seat 1: ConquestadorG ($2 in chips) 
Seat 2: Djentx ($2.21 in chips) 
Seat 4: ANDREY227777 ($5.22 in chips) 
Seat 5: OlegMak7476 ($0.31 in chips) 
Seat 7: Dorex2007 ($1.92 in chips) 
Seat 8: 10paisley ($0.42 in chips) 
Seat 9: tridmax ($3.07 in chips) 
10paisley: posts small blind $0.01
tridmax: posts big blind $0.02
*** HOLE CARDS ***
Dealt to Dorex2007 [2s 4h]
ConquestadorG: folds 
Djentx: folds 
ANDREY227777: folds 
OlegMak7476: folds 
Dorex2007: folds 
10paisley: folds 
Uncalled bet ($0.01) returned to tridmax
tridmax collected $0.02 from pot
tridmax: doesn't show hand 
*** SUMMARY ***
Total pot $0.02 | Rake $0 
Seat 1: ConquestadorG folded before Flop (didn't bet)
Seat 2: Djentx folded before Flop (didn't bet)
Seat 4: ANDREY227777 folded before Flop (didn't bet)
Seat 5: OlegMak7476 folded before Flop (didn't bet)
Seat 7: Dorex2007 (button) folded before Flop (didn't bet)
Seat 8: 10paisley (small blind) folded before Flop
Seat 9: tridmax (big blind) collected ($0.02)



PokerStars Hand #228102516083:  Hold'em No Limit ($0.01/$0.02 USD) - 2021/07/06 12:51:32 PT [2021/07/06 15:51:32 ET]
Table 'Danjon III' 9-max Seat #8 is the button
Seat 1: ConquestadorG ($2 in chips) 
Seat 2: Djentx ($2.21 in chips) 
Seat 4: ANDREY227777 ($5.22 in chips) 
Seat 5: OlegMak7476 ($0.31 in chips) 
Seat 7: Dorex2007 ($1.92 in chips) 
Seat 8: 10paisley ($0.41 in chips) 
Seat 9: tridmax ($3.08 in chips) 
tridmax: posts small blind $0.01
ConquestadorG: posts big blind $0.02
*** HOLE CARDS ***
Dealt to Dorex2007 [Kh 3h]
Djentx: folds 
ANDREY227777: raises $0.03 to $0.05
OlegMak7476: folds 
Dorex2007: folds 
10paisley: folds 
tridmax: folds 
ConquestadorG: folds 
Uncalled bet ($0.03) returned to ANDREY227777
ANDREY227777 collected $0.05 from pot
ANDREY227777: doesn't show hand 
*** SUMMARY ***
Total pot $0.05 | Rake $0 
Seat 1: ConquestadorG (big blind) folded before Flop
Seat 2: Djentx folded before Flop (didn't bet)
Seat 4: ANDREY227777 collected ($0.05)
Seat 5: OlegMak7476 folded before Flop (didn't bet)
Seat 7: Dorex2007 folded before Flop (didn't bet)
Seat 8: 10paisley (button) folded before Flop (didn't bet)
Seat 9: tridmax (small blind) folded before Flop



PokerStars Hand #228102526525:  Hold'em No Limit ($0.01/$0.02 USD) - 2021/07/06 12:51:58 PT [2021/07/06 15:51:58 ET]
Table 'Danjon III' 9-max Seat #9 is the button
Seat 1: ConquestadorG ($2 in chips) 
Seat 2: Djentx ($2.21 in chips) 
Seat 4: ANDREY227777 ($5.25 in chips) 
Seat 5: OlegMak7476 ($0.31 in chips) 
Seat 7: Dorex2007 ($1.92 in chips) 
Seat 8: 10paisley ($0.41 in chips) 
Seat 9: tridmax ($3.07 in chips) 
ConquestadorG: posts small blind $0.01
Djentx: posts big blind $0.02
*** HOLE CARDS ***
Dealt to Dorex2007 [Kc 3s]
ANDREY227777: folds 
OlegMak7476: folds 
Dorex2007: folds 
10paisley: folds 
tridmax: folds 
ConquestadorG: folds 
Uncalled bet ($0.01) returned to Djentx
Djentx collected $0.02 from pot
*** SUMMARY ***
Total pot $0.02 | Rake $0 
Seat 1: ConquestadorG (small blind) folded before Flop
Seat 2: Djentx (big blind) collected ($0.02)
Seat 4: ANDREY227777 folded before Flop (didn't bet)
Seat 5: OlegMak7476 folded before Flop (didn't bet)
Seat 7: Dorex2007 folded before Flop (didn't bet)
Seat 8: 10paisley folded before Flop (didn't bet)
Seat 9: tridmax (button) folded before Flop (didn't bet)



PokerStars Hand #228102531369:  Hold'em No Limit ($0.01/$0.02 USD) - 2021/07/06 12:52:10 PT [2021/07/06 15:52:10 ET]
Table 'Danjon III' 9-max Seat #1 is the button
Seat 1: ConquestadorG ($2 in chips) 
Seat 2: Djentx ($2.22 in chips) 
Seat 4: ANDREY227777 ($5.25 in chips) 
Seat 5: OlegMak7476 ($0.31 in chips) 
Seat 7: Dorex2007 ($1.92 in chips) 
Seat 8: 10paisley ($0.41 in chips) 
Seat 9: tridmax ($3.07 in chips) 
Djentx: posts small blind $0.01
ANDREY227777: posts big blind $0.02
*** HOLE CARDS ***
Dealt to Dorex2007 [Kh 3h]
OlegMak7476: folds 
Dorex2007: folds 
10paisley: raises $0.02 to $0.04
tridmax: folds 
ConquestadorG: folds 
Djentx: folds 
ANDREY227777: folds 
Uncalled bet ($0.02) returned to 10paisley
10paisley collected $0.05 from pot
10paisley: doesn't show hand 
*** SUMMARY ***
Total pot $0.05 | Rake $0 
Seat 1: ConquestadorG (button) folded before Flop (didn't bet)
Seat 2: Djentx (small blind) folded before Flop
Seat 4: ANDREY227777 (big blind) folded before Flop
Seat 5: OlegMak7476 folded before Flop (didn't bet)
Seat 7: Dorex2007 folded before Flop (didn't bet)
Seat 8: 10paisley collected ($0.05)
Seat 9: tridmax folded before Flop (didn't bet)



PokerStars Hand #228102537241:  Hold'em No Limit ($0.01/$0.02 USD) - 2021/07/06 12:52:24 PT [2021/07/06 15:52:24 ET]
Table 'Danjon III' 9-max Seat #2 is the button
Seat 1: ConquestadorG ($2 in chips) 
Seat 2: Djentx ($2.21 in chips) 
Seat 4: ANDREY227777 ($5.23 in chips) 
Seat 5: OlegMak7476 ($0.31 in chips) 
Seat 7: Dorex2007 ($1.92 in chips) 
Seat 8: 10paisley ($0.44 in chips) 
Seat 9: tridmax ($3.07 in chips) 
ANDREY227777: posts small blind $0.01
OlegMak7476: posts big blind $0.02
droctagon101: sits out 
*** HOLE CARDS ***
Dealt to Dorex2007 [9d 5c]
Dorex2007: folds 
10paisley: folds 
tridmax: folds 
ConquestadorG: raises $0.04 to $0.06
Djentx: folds 
ANDREY227777: calls $0.05
OlegMak7476: folds 
*** FLOP *** [Qc Jc Qh]
ANDREY227777: bets $0.07
ConquestadorG: calls $0.07
*** TURN *** [Qc Jc Qh] [6s]
ANDREY227777: bets $0.14
ConquestadorG: calls $0.14
*** RIVER *** [Qc Jc Qh 6s] [Js]
ANDREY227777: bets $0.27
ConquestadorG: folds 
Uncalled bet ($0.27) returned to ANDREY227777
ANDREY227777 collected $0.54 from pot
ANDREY227777: doesn't show hand 
*** SUMMARY ***
Total pot $0.56 | Rake $0.02 
Board [Qc Jc Qh 6s Js]
Seat 1: ConquestadorG folded on the River
Seat 2: Djentx (button) folded before Flop (didn't bet)
Seat 4: ANDREY227777 (small blind) collected ($0.54)
Seat 5: OlegMak7476 (big blind) folded before Flop
Seat 7: Dorex2007 folded before Flop (didn't bet)
Seat 8: 10paisley folded before Flop (didn't bet)
Seat 9: tridmax folded before Flop (didn't bet)



PokerStars Hand #228102570401:  Hold'em No Limit ($0.01/$0.02 USD) - 2021/07/06 12:53:27 PT [2021/07/06 15:53:27 ET]
Table 'Danjon III' 9-max Seat #4 is the button
Seat 1: ConquestadorG ($2 in chips) 
Seat 2: Djentx ($2.21 in chips) 
Seat 4: ANDREY227777 ($5.50 in chips) 
Seat 5: OlegMak7476 ($0.29 in chips) 
Seat 6: droctagon101 ($1.97 in chips) 
Seat 7: Dorex2007 ($1.92 in chips) 
Seat 8: 10paisley ($0.44 in chips) 
Seat 9: tridmax ($3.07 in chips) 
OlegMak7476: posts small blind $0.01
droctagon101: posts big blind $0.02
*** HOLE CARDS ***
Dealt to Dorex2007 [Qc 9d]
Dorex2007: folds 
10paisley: folds 
tridmax: raises $0.03 to $0.05
ConquestadorG: calls $0.05
Djentx: folds 
ANDREY227777: calls $0.05
OlegMak7476: calls $0.04
droctagon101: folds 
*** FLOP *** [Jd Ks 3h]
OlegMak7476: checks 
tridmax: checks 
ConquestadorG: checks 
ANDREY227777: bets $0.11
OlegMak7476: folds 
tridmax: folds 
ConquestadorG: folds 
Uncalled bet ($0.11) returned to ANDREY227777
ANDREY227777 collected $0.21 from pot
ANDREY227777: doesn't show hand 
*** SUMMARY ***
Total pot $0.22 | Rake $0.01 
Board [Jd Ks 3h]
Seat 1: ConquestadorG folded on the Flop
Seat 2: Djentx folded before Flop (didn't bet)
Seat 4: ANDREY227777 (button) collected ($0.21)
Seat 5: OlegMak7476 (small blind) folded on the Flop
Seat 6: droctagon101 (big blind) folded before Flop
Seat 7: Dorex2007 folded before Flop (didn't bet)
Seat 8: 10paisley folded before Flop (didn't bet)
Seat 9: tridmax folded on the Flop



PokerStars Hand #228102588593:  Hold'em No Limit ($0.01/$0.02 USD) - 2021/07/06 12:54:09 PT [2021/07/06 15:54:09 ET]
Table 'Danjon III' 9-max Seat #5 is the button
Seat 1: ConquestadorG ($2 in chips) 
Seat 2: Djentx ($2.21 in chips) 
Seat 4: ANDREY227777 ($5.66 in chips) 
Seat 5: OlegMak7476 ($0.24 in chips) 
Seat 6: droctagon101 ($1.95 in chips) 
Seat 7: Dorex2007 ($1.92 in chips) 
Seat 8: 10paisley ($0.44 in chips) 
Seat 9: tridmax ($3.02 in chips) 
droctagon101: posts small blind $0.01
Dorex2007: posts big blind $0.02
*** HOLE CARDS ***
Dealt to Dorex2007 [9d 6s]
10paisley: folds 
tridmax: calls $0.02
ConquestadorG: folds 
Djentx: folds 
ANDREY227777: folds 
OlegMak7476: folds 
droctagon101: folds 
Dorex2007: checks 
*** FLOP *** [4s 3s 4c]
Dorex2007: checks 
tridmax: checks 
*** TURN *** [4s 3s 4c] [Jh]
Dorex2007: checks 
tridmax: checks 
*** RIVER *** [4s 3s 4c Jh] [Ts]
Dorex2007: checks 
tridmax: checks 
*** SHOW DOWN ***
Dorex2007: shows [9d 6s] (a pair of Fours)
tridmax: shows [Ac 7c] (a pair of Fours - Ace kicker)
tridmax collected $0.05 from pot
*** SUMMARY ***
Total pot $0.05 | Rake $0 
Board [4s 3s 4c Jh Ts]
Seat 1: ConquestadorG folded before Flop (didn't bet)
Seat 2: Djentx folded before Flop (didn't bet)
Seat 4: ANDREY227777 folded before Flop (didn't bet)
Seat 5: OlegMak7476 (button) folded before Flop (didn't bet)
Seat 6: droctagon101 (small blind) folded before Flop
Seat 7: Dorex2007 (big blind) showed [9d 6s] and lost with a pair of Fours
Seat 8: 10paisley folded before Flop (didn't bet)
Seat 9: tridmax showed [Ac 7c] and won ($0.05) with a pair of Fours



PokerStars Hand #228102603787:  Hold'em No Limit ($0.01/$0.02 USD) - 2021/07/06 12:54:45 PT [2021/07/06 15:54:45 ET]
Table 'Danjon III' 9-max Seat #6 is the button
Seat 1: ConquestadorG ($2 in chips) 
Seat 2: Djentx ($2.21 in chips) 
Seat 4: ANDREY227777 ($5.66 in chips) 
Seat 5: OlegMak7476 ($0.24 in chips) 
Seat 6: droctagon101 ($1.94 in chips) 
Seat 7: Dorex2007 ($1.90 in chips) 
Seat 8: 10paisley ($0.44 in chips) 
Seat 9: tridmax ($3.05 in chips) 
Dorex2007: posts small blind $0.01
10paisley: posts big blind $0.02
*** HOLE CARDS ***
Dealt to Dorex2007 [6s 7c]
tridmax has timed out
tridmax: folds 
ConquestadorG: folds 
Djentx: folds 
ANDREY227777: folds 
OlegMak7476: folds 
droctagon101: folds 
Dorex2007: folds 
Uncalled bet ($0.01) returned to 10paisley
10paisley collected $0.02 from pot
10paisley: doesn't show hand 
*** SUMMARY ***
Total pot $0.02 | Rake $0 
Seat 1: ConquestadorG folded before Flop (didn't bet)
Seat 2: Djentx folded before Flop (didn't bet)
Seat 4: ANDREY227777 folded before Flop (didn't bet)
Seat 5: OlegMak7476 folded before Flop (didn't bet)
Seat 6: droctagon101 (button) folded before Flop (didn't bet)
Seat 7: Dorex2007 (small blind) folded before Flop
Seat 8: 10paisley (big blind) collected ($0.02)
Seat 9: tridmax folded before Flop (didn't bet)



PokerStars Hand #228102611566:  Hold'em No Limit ($0.01/$0.02 USD) - 2021/07/06 12:55:04 PT [2021/07/06 15:55:04 ET]
Table 'Danjon III' 9-max Seat #7 is the button
Seat 1: ConquestadorG ($2 in chips) 
Seat 2: Djentx ($2.21 in chips) 
Seat 4: ANDREY227777 ($5.66 in chips) 
Seat 5: OlegMak7476 ($0.24 in chips) 
Seat 6: droctagon101 ($1.94 in chips) 
Seat 7: Dorex2007 ($1.89 in chips) 
Seat 8: 10paisley ($0.45 in chips) 
10paisley: posts small blind $0.01
ConquestadorG: posts big blind $0.02
*** HOLE CARDS ***
Dealt to Dorex2007 [7h 4c]
Djentx: folds 
ANDREY227777: folds 
OlegMak7476: folds 
droctagon101: folds 
Dorex2007: folds 
10paisley: raises $0.02 to $0.04
ConquestadorG: calls $0.02
*** FLOP *** [Th As 6s]
10paisley: bets $0.02
ConquestadorG: raises $0.02 to $0.04
10paisley: raises $0.37 to $0.41 and is all-in
ConquestadorG: folds 
Uncalled bet ($0.37) returned to 10paisley
10paisley collected $0.15 from pot
10paisley: doesn't show hand 
*** SUMMARY ***
Total pot $0.16 | Rake $0.01 
Board [Th As 6s]
Seat 1: ConquestadorG (big blind) folded on the Flop
Seat 2: Djentx folded before Flop (didn't bet)
Seat 4: ANDREY227777 folded before Flop (didn't bet)
Seat 5: OlegMak7476 folded before Flop (didn't bet)
Seat 6: droctagon101 folded before Flop (didn't bet)
Seat 7: Dorex2007 (button) folded before Flop (didn't bet)
Seat 8: 10paisley (small blind) collected ($0.15)



PokerStars Hand #228102626580:  Hold'em No Limit ($0.01/$0.02 USD) - 2021/07/06 12:55:50 PT [2021/07/06 15:55:50 ET]
Table 'Danjon III' 9-max Seat #8 is the button
Seat 1: ConquestadorG ($2 in chips) 
Seat 2: Djentx ($2.21 in chips) 
Seat 4: ANDREY227777 ($5.66 in chips) 
Seat 5: OlegMak7476 ($0.24 in chips) 
Seat 6: droctagon101 ($1.94 in chips) 
Seat 7: Dorex2007 ($1.89 in chips) 
Seat 8: 10paisley ($0.52 in chips) 
ConquestadorG: posts small blind $0.01
Djentx: posts big blind $0.02
*** HOLE CARDS ***
Dealt to Dorex2007 [7c 9h]
ANDREY227777: folds 
OlegMak7476: folds 
droctagon101: folds 
Dorex2007: folds 
10paisley: folds 
ConquestadorG: calls $0.01
Djentx: checks 
*** FLOP *** [Th 5c 7h]
ConquestadorG: bets $0.02
Djentx: folds 
Uncalled bet ($0.02) returned to ConquestadorG
ConquestadorG collected $0.04 from pot
ConquestadorG: doesn't show hand 
*** SUMMARY ***
Total pot $0.04 | Rake $0 
Board [Th 5c 7h]
Seat 1: ConquestadorG (small blind) collected ($0.04)
Seat 2: Djentx (big blind) folded on the Flop
Seat 4: ANDREY227777 folded before Flop (didn't bet)
Seat 5: OlegMak7476 folded before Flop (didn't bet)
Seat 6: droctagon101 folded before Flop (didn't bet)
Seat 7: Dorex2007 folded before Flop (didn't bet)
Seat 8: 10paisley (button) folded before Flop (didn't bet)



PokerStars Hand #228102633218:  Hold'em No Limit ($0.01/$0.02 USD) - 2021/07/06 12:56:11 PT [2021/07/06 15:56:11 ET]
Table 'Danjon III' 9-max Seat #1 is the button
Seat 1: ConquestadorG ($2.02 in chips) 
Seat 2: Djentx ($2.19 in chips) 
Seat 4: ANDREY227777 ($5.66 in chips) 
Seat 5: OlegMak7476 ($0.24 in chips) 
Seat 6: droctagon101 ($1.94 in chips) 
Seat 7: Dorex2007 ($1.89 in chips) 
Seat 8: 10paisley ($0.52 in chips) 
Djentx: posts small blind $0.01
ANDREY227777: posts big blind $0.02
tridmax: sits out 
*** HOLE CARDS ***
Dealt to Dorex2007 [9s 5h]
OlegMak7476: folds 
droctagon101: folds 
Dorex2007: folds 
10paisley: folds 
ConquestadorG: raises $0.04 to $0.06
Djentx: folds 
ANDREY227777: folds 
Uncalled bet ($0.04) returned to ConquestadorG
ConquestadorG collected $0.05 from pot
ConquestadorG: doesn't show hand 
*** SUMMARY ***
Total pot $0.05 | Rake $0 
Seat 1: ConquestadorG (button) collected ($0.05)
Seat 2: Djentx (small blind) folded before Flop
Seat 4: ANDREY227777 (big blind) folded before Flop
Seat 5: OlegMak7476 folded before Flop (didn't bet)
Seat 6: droctagon101 folded before Flop (didn't bet)
Seat 7: Dorex2007 folded before Flop (didn't bet)
Seat 8: 10paisley folded before Flop (didn't bet)



PokerStars Hand #228102637895:  Hold'em No Limit ($0.01/$0.02 USD) - 2021/07/06 12:56:26 PT [2021/07/06 15:56:26 ET]
Table 'Danjon III' 9-max Seat #2 is the button
Seat 1: ConquestadorG ($2.05 in chips) 
Seat 2: Djentx ($2.18 in chips) 
Seat 4: ANDREY227777 ($5.64 in chips) 
Seat 5: OlegMak7476 ($0.24 in chips) 
Seat 6: droctagon101 ($1.94 in chips) 
Seat 7: Dorex2007 ($1.89 in chips) 
Seat 8: 10paisley ($0.52 in chips) 
ANDREY227777: posts small blind $0.01
OlegMak7476: posts big blind $0.02
tridmax: sits out 
*** HOLE CARDS ***
Dealt to Dorex2007 [3h 7c]
droctagon101: raises $0.04 to $0.06
Dorex2007: folds 
10paisley: folds 
ConquestadorG: folds 
Djentx: folds 
ANDREY227777: folds 
OlegMak7476: folds 
Uncalled bet ($0.04) returned to droctagon101
droctagon101 collected $0.05 from pot
droctagon101: doesn't show hand 
*** SUMMARY ***
Total pot $0.05 | Rake $0 
Seat 1: ConquestadorG folded before Flop (didn't bet)
Seat 2: Djentx (button) folded before Flop (didn't bet)
Seat 4: ANDREY227777 (small blind) folded before Flop
Seat 5: OlegMak7476 (big blind) folded before Flop
Seat 6: droctagon101 collected ($0.05)
Seat 7: Dorex2007 folded before Flop (didn't bet)
Seat 8: 10paisley folded before Flop (didn't bet)



PokerStars Hand #228102644167:  Hold'em No Limit ($0.01/$0.02 USD) - 2021/07/06 12:56:46 PT [2021/07/06 15:56:46 ET]
Table 'Danjon III' 9-max Seat #4 is the button
Seat 1: ConquestadorG ($2.05 in chips) 
Seat 2: Djentx ($2.18 in chips) 
Seat 4: ANDREY227777 ($5.63 in chips) 
Seat 5: OlegMak7476 ($0.22 in chips) 
Seat 6: droctagon101 ($1.97 in chips) 
Seat 7: Dorex2007 ($1.89 in chips) 
Seat 8: 10paisley ($0.52 in chips) 
OlegMak7476: posts small blind $0.01
droctagon101: posts big blind $0.02
tridmax: sits out 
*** HOLE CARDS ***
Dealt to Dorex2007 [Jd 4d]
Dorex2007: folds 
10paisley: calls $0.02
ConquestadorG: folds 
Djentx: folds 
Dorex2007 leaves the table
ANDREY227777: raises $0.03 to $0.05
OlegMak7476: folds 
droctagon101: folds 
10paisley: calls $0.03
*** FLOP *** [6c Kh Td]
10paisley: checks 
CherryJess joins the table at seat #7 
ANDREY227777: bets $0.07
10paisley: folds 
Uncalled bet ($0.07) returned to ANDREY227777
ANDREY227777 collected $0.13 from pot
ANDREY227777: doesn't show hand 
*** SUMMARY ***
Total pot $0.13 | Rake $0 
Board [6c Kh Td]
Seat 1: ConquestadorG folded before Flop (didn't bet)
Seat 2: Djentx folded before Flop (didn't bet)
Seat 4: ANDREY227777 (button) collected ($0.13)
Seat 5: OlegMak7476 (small blind) folded before Flop
Seat 6: droctagon101 (big blind) folded before Flop
Seat 7: Dorex2007 folded before Flop (didn't bet)
Seat 8: 10paisley folded on the Flop



