PokerStars Hand #230410116648:  Hold'em No Limit ($0.01/$0.02 USD) - 2021/10/06 16:09:17 PT [2021/10/06 19:09:17 ET]
Table 'Adele II' 9-max Seat #3 is the button
Seat 1: Dorex2007 ($2 in chips) 
Seat 3: Ticoberto ($3.12 in chips) 
Seat 4: 020306 ($5.86 in chips) 
Seat 6: icand0 ($1.64 in chips) 
Seat 9: lm0609 ($2 in chips) 
020306: posts small blind $0.01
AlexT1m: is sitting out 
icand0: posts big blind $0.02
Dorex2007: posts big blind $0.02
*** HOLE CARDS ***
Dealt to Dorex2007 [3s 6c]
icand0 said, "nice"
lm0609: raises $0.08 to $0.10
AlexT1m leaves the table
Dorex2007: folds 
Ticoberto: calls $0.10
020306: folds 
icand0: calls $0.08
*** FLOP *** [2c 8s Kh]
icand0: checks 
lm0609: bets $0.18
Ticoberto: folds 
icand0: folds 
Uncalled bet ($0.18) returned to lm0609
lm0609 collected $0.32 from pot
lm0609: doesn't show hand 
*** SUMMARY ***
Total pot $0.33 | Rake $0.01 
Board [2c 8s Kh]
Seat 1: Dorex2007 folded before Flop (didn't bet)
Seat 3: Ticoberto (button) folded on the Flop
Seat 4: 020306 (small blind) folded before Flop
Seat 6: icand0 (big blind) folded on the Flop
Seat 9: lm0609 collected ($0.32)



PokerStars Hand #230410133909:  Hold'em No Limit ($0.01/$0.02 USD) - 2021/10/06 16:10:11 PT [2021/10/06 19:10:11 ET]
Table 'Adele II' 9-max Seat #4 is the button
Seat 1: Dorex2007 ($1.98 in chips) 
Seat 3: Ticoberto ($3.02 in chips) 
Seat 4: 020306 ($5.85 in chips) 
Seat 6: icand0 ($1.90 in chips) 
Seat 9: lm0609 ($2.22 in chips) 
icand0: posts small blind $0.01
lm0609: posts big blind $0.02
*** HOLE CARDS ***
Dealt to Dorex2007 [Th 9h]
Dorex2007: raises $0.02 to $0.04
Ticoberto: folds 
020306: folds 
icand0: calls $0.03
lm0609: calls $0.02
*** FLOP *** [Qc Kd 8c]
icand0: checks 
lm0609: checks 
Dorex2007: checks 
*** TURN *** [Qc Kd 8c] [3c]
icand0: checks 
lm0609: checks 
Dorex2007: bets $0.12
icand0: folds 
lm0609: folds 
Uncalled bet ($0.12) returned to Dorex2007
Dorex2007 collected $0.12 from pot
Dorex2007: doesn't show hand 
*** SUMMARY ***
Total pot $0.12 | Rake $0 
Board [Qc Kd 8c 3c]
Seat 1: Dorex2007 collected ($0.12)
Seat 3: Ticoberto folded before Flop (didn't bet)
Seat 4: 020306 (button) folded before Flop (didn't bet)
Seat 6: icand0 (small blind) folded on the Turn
Seat 9: lm0609 (big blind) folded on the Turn



PokerStars Hand #230410148475:  Hold'em No Limit ($0.01/$0.02 USD) - 2021/10/06 16:10:57 PT [2021/10/06 19:10:57 ET]
Table 'Adele II' 9-max Seat #6 is the button
Seat 1: Dorex2007 ($2.06 in chips) 
Seat 3: Ticoberto ($3.02 in chips) 
Seat 4: 020306 ($5.85 in chips) 
Seat 6: icand0 ($2 in chips) 
Seat 9: lm0609 ($2.18 in chips) 
lm0609: posts small blind $0.01
Dorex2007: posts big blind $0.02
*** HOLE CARDS ***
Dealt to Dorex2007 [4c 9c]
Ticoberto: folds 
020306: calls $0.02
icand0: raises $0.02 to $0.04
lm0609: folds 
Dorex2007: folds 
020306: calls $0.02
*** FLOP *** [2s 9d Jh]
020306: checks 
icand0: checks 
*** TURN *** [2s 9d Jh] [3h]
020306: checks 
icand0: bets $0.02
020306: calls $0.02
*** RIVER *** [2s 9d Jh 3h] [Ad]
020306: checks 
icand0: bets $0.02
020306: folds 
Uncalled bet ($0.02) returned to icand0
icand0 collected $0.14 from pot
icand0: doesn't show hand 
*** SUMMARY ***
Total pot $0.15 | Rake $0.01 
Board [2s 9d Jh 3h Ad]
Seat 1: Dorex2007 (big blind) folded before Flop
Seat 3: Ticoberto folded before Flop (didn't bet)
Seat 4: 020306 folded on the River
Seat 6: icand0 (button) collected ($0.14)
Seat 9: lm0609 (small blind) folded before Flop



PokerStars Hand #230410161787:  Hold'em No Limit ($0.01/$0.02 USD) - 2021/10/06 16:11:39 PT [2021/10/06 19:11:39 ET]
Table 'Adele II' 9-max Seat #9 is the button
Seat 1: Dorex2007 ($2.04 in chips) 
Seat 4: 020306 ($5.79 in chips) 
Seat 6: icand0 ($2.08 in chips) 
Seat 9: lm0609 ($2.17 in chips) 
Dorex2007: posts small blind $0.01
Ticoberto: is sitting out 
020306: posts big blind $0.02
*** HOLE CARDS ***
Dealt to Dorex2007 [8c 8d]
icand0: folds 
lm0609: folds 
Dorex2007: raises $0.04 to $0.06
020306: folds 
Uncalled bet ($0.04) returned to Dorex2007
Dorex2007 collected $0.04 from pot
Dorex2007: doesn't show hand 
*** SUMMARY ***
Total pot $0.04 | Rake $0 
Seat 1: Dorex2007 (small blind) collected ($0.04)
Seat 4: 020306 (big blind) folded before Flop
Seat 6: icand0 folded before Flop (didn't bet)
Seat 9: lm0609 (button) folded before Flop (didn't bet)



