PokerStars Hand #237203943385:  Hold'em No Limit ($0.01/$0.02 USD) - 2022/07/06 15:31:08 PT [2022/07/06 18:31:08 ET]
Table 'Blok II' 9-max Seat #4 is the button
Seat 1: Omelette42 ($1.66 in chips) 
Seat 3: Dorex2007 ($2 in chips) 
Seat 4: GazzaSmyth ($3.75 in chips) 
Seat 5: enixblr ($4.34 in chips) 
Seat 6: Girasol 2015 ($2.11 in chips) 
Seat 7: Denis VP ($2.41 in chips) 
Seat 8: tayde310 ($2 in chips) 
Seat 9: DundeeChamp ($1.46 in chips) 
enixblr: posts small blind $0.01
Girasol 2015: posts big blind $0.02
zeca_frança: sits out 
Dorex2007: posts big blind $0.02
*** HOLE CARDS ***
Dealt to Dorex2007 [Jc Kc]
Denis VP: folds 
tayde310: folds 
DundeeChamp: folds 
Omelette42: folds 
Dorex2007: checks 
GazzaSmyth: folds 
enixblr: folds 
Girasol 2015: raises $0.06 to $0.08
Dorex2007: folds 
Uncalled bet ($0.06) returned to Girasol 2015
Girasol 2015 collected $0.05 from pot
*** SUMMARY ***
Total pot $0.05 | Rake $0 
Seat 1: Omelette42 folded before Flop (didn't bet)
Seat 3: Dorex2007 folded before Flop (didn't bet)
Seat 4: GazzaSmyth (button) folded before Flop (didn't bet)
Seat 5: enixblr (small blind) folded before Flop
Seat 6: Girasol 2015 (big blind) collected ($0.05)
Seat 7: Denis VP folded before Flop (didn't bet)
Seat 8: tayde310 folded before Flop (didn't bet)
Seat 9: DundeeChamp folded before Flop (didn't bet)



PokerStars Hand #237203950679:  Hold'em No Limit ($0.01/$0.02 USD) - 2022/07/06 15:31:32 PT [2022/07/06 18:31:32 ET]
Table 'Blok II' 9-max Seat #5 is the button
Seat 1: Omelette42 ($1.66 in chips) 
Seat 2: zeca_frança ($0.84 in chips) 
Seat 3: Dorex2007 ($2 in chips) 
Seat 4: GazzaSmyth ($3.75 in chips) 
Seat 5: enixblr ($4.33 in chips) 
Seat 6: Girasol 2015 ($2.14 in chips) 
Seat 7: Denis VP ($2.41 in chips) 
Seat 8: tayde310 ($2 in chips) 
Seat 9: DundeeChamp ($1.46 in chips) 
Girasol 2015: posts small blind $0.01
Denis VP: posts big blind $0.02
zeca_frança: posts big blind $0.02
*** HOLE CARDS ***
Dealt to Dorex2007 [5c 9c]
tayde310: folds 
DundeeChamp: folds 
Omelette42: calls $0.02
zeca_frança: checks 
Dorex2007: folds 
GazzaSmyth: folds 
enixblr: raises $0.10 to $0.12
Girasol 2015: folds 
Denis VP: folds 
Omelette42: folds 
zeca_frança: folds 
Uncalled bet ($0.10) returned to enixblr
enixblr collected $0.09 from pot
*** SUMMARY ***
Total pot $0.09 | Rake $0 
Seat 1: Omelette42 folded before Flop
Seat 2: zeca_frança folded before Flop (didn't bet)
Seat 3: Dorex2007 folded before Flop (didn't bet)
Seat 4: GazzaSmyth folded before Flop (didn't bet)
Seat 5: enixblr (button) collected ($0.09)
Seat 6: Girasol 2015 (small blind) folded before Flop
Seat 7: Denis VP (big blind) folded before Flop
Seat 8: tayde310 folded before Flop (didn't bet)
Seat 9: DundeeChamp folded before Flop (didn't bet)



PokerStars Hand #237203959470:  Hold'em No Limit ($0.01/$0.02 USD) - 2022/07/06 15:32:00 PT [2022/07/06 18:32:00 ET]
Table 'Blok II' 9-max Seat #6 is the button
Seat 1: Omelette42 ($1.64 in chips) 
Seat 2: zeca_frança ($0.82 in chips) 
Seat 3: Dorex2007 ($2 in chips) 
Seat 4: GazzaSmyth ($3.75 in chips) 
Seat 5: enixblr ($4.40 in chips) 
Seat 6: Girasol 2015 ($2.13 in chips) 
Seat 7: Denis VP ($2.39 in chips) 
Seat 8: tayde310 ($2 in chips) 
Seat 9: DundeeChamp ($1.46 in chips) 
Denis VP: posts small blind $0.01
tayde310: posts big blind $0.02
*** HOLE CARDS ***
Dealt to Dorex2007 [4s 5c]
DundeeChamp: raises $0.04 to $0.06
Omelette42: folds 
zeca_frança: folds 
Dorex2007: folds 
Omelette42 leaves the table
GazzaSmyth: folds 
enixblr: folds 
Catonajack joins the table at seat #1 
Girasol 2015: folds 
Denis VP: folds 
tayde310: folds 
Uncalled bet ($0.04) returned to DundeeChamp
DundeeChamp collected $0.05 from pot
*** SUMMARY ***
Total pot $0.05 | Rake $0 
Seat 1: Omelette42 folded before Flop (didn't bet)
Seat 2: zeca_frança folded before Flop (didn't bet)
Seat 3: Dorex2007 folded before Flop (didn't bet)
Seat 4: GazzaSmyth folded before Flop (didn't bet)
Seat 5: enixblr folded before Flop (didn't bet)
Seat 6: Girasol 2015 (button) folded before Flop (didn't bet)
Seat 7: Denis VP (small blind) folded before Flop
Seat 8: tayde310 (big blind) folded before Flop
Seat 9: DundeeChamp collected ($0.05)



PokerStars Hand #237203972532:  Hold'em No Limit ($0.01/$0.02 USD) - 2022/07/06 15:32:42 PT [2022/07/06 18:32:42 ET]
Table 'Blok II' 9-max Seat #7 is the button
Seat 1: Catonajack ($1.60 in chips) 
Seat 2: zeca_frança ($0.82 in chips) 
Seat 3: Dorex2007 ($2 in chips) 
Seat 4: GazzaSmyth ($3.75 in chips) 
Seat 5: enixblr ($4.40 in chips) 
Seat 6: Girasol 2015 ($2.13 in chips) 
Seat 7: Denis VP ($2.38 in chips) 
Seat 8: tayde310 ($2 in chips) 
Seat 9: DundeeChamp ($1.49 in chips) 
tayde310: posts small blind $0.01
DundeeChamp: posts big blind $0.02
Catonajack: posts big blind $0.02
*** HOLE CARDS ***
Dealt to Dorex2007 [7d Jc]
Catonajack: raises $0.02 to $0.04
zeca_frança: folds 
Dorex2007: folds 
GazzaSmyth: folds 
enixblr: folds 
Girasol 2015: folds 
Denis VP: folds 
tayde310: folds 
DundeeChamp: calls $0.02
*** FLOP *** [3d 3h 9s]
DundeeChamp: checks 
Catonajack: bets $0.04
DundeeChamp: folds 
Uncalled bet ($0.04) returned to Catonajack
Catonajack collected $0.09 from pot
*** SUMMARY ***
Total pot $0.09 | Rake $0 
Board [3d 3h 9s]
Seat 1: Catonajack collected ($0.09)
Seat 2: zeca_frança folded before Flop (didn't bet)
Seat 3: Dorex2007 folded before Flop (didn't bet)
Seat 4: GazzaSmyth folded before Flop (didn't bet)
Seat 5: enixblr folded before Flop (didn't bet)
Seat 6: Girasol 2015 folded before Flop (didn't bet)
Seat 7: Denis VP (button) folded before Flop (didn't bet)
Seat 8: tayde310 (small blind) folded before Flop
Seat 9: DundeeChamp (big blind) folded on the Flop



PokerStars Hand #237203982313:  Hold'em No Limit ($0.01/$0.02 USD) - 2022/07/06 15:33:13 PT [2022/07/06 18:33:13 ET]
Table 'Blok II' 9-max Seat #8 is the button
Seat 1: Catonajack ($1.65 in chips) 
Seat 2: zeca_frança ($0.82 in chips) 
Seat 3: Dorex2007 ($2 in chips) 
Seat 4: GazzaSmyth ($3.75 in chips) 
Seat 5: enixblr ($4.40 in chips) 
Seat 6: Girasol 2015 ($2.13 in chips) 
Seat 7: Denis VP ($2.38 in chips) 
Seat 8: tayde310 ($2 in chips) 
Seat 9: DundeeChamp ($1.45 in chips) 
DundeeChamp: posts small blind $0.01
Catonajack: posts big blind $0.02
*** HOLE CARDS ***
Dealt to Dorex2007 [Jc Ac]
zeca_frança: folds 
Dorex2007: raises $0.06 to $0.08
GazzaSmyth: folds 
enixblr: folds 
Girasol 2015: folds 
Denis VP: folds 
tayde310: folds 
DundeeChamp: folds 
Catonajack: folds 
Uncalled bet ($0.06) returned to Dorex2007
Dorex2007 collected $0.05 from pot
*** SUMMARY ***
Total pot $0.05 | Rake $0 
Seat 1: Catonajack (big blind) folded before Flop
Seat 2: zeca_frança folded before Flop (didn't bet)
Seat 3: Dorex2007 collected ($0.05)
Seat 4: GazzaSmyth folded before Flop (didn't bet)
Seat 5: enixblr folded before Flop (didn't bet)
Seat 6: Girasol 2015 folded before Flop (didn't bet)
Seat 7: Denis VP folded before Flop (didn't bet)
Seat 8: tayde310 (button) folded before Flop (didn't bet)
Seat 9: DundeeChamp (small blind) folded before Flop



PokerStars Hand #237203989762:  Hold'em No Limit ($0.01/$0.02 USD) - 2022/07/06 15:33:37 PT [2022/07/06 18:33:37 ET]
Table 'Blok II' 9-max Seat #9 is the button
Seat 1: Catonajack ($1.63 in chips) 
Seat 2: zeca_frança ($0.82 in chips) 
Seat 3: Dorex2007 ($2.03 in chips) 
Seat 4: GazzaSmyth ($3.75 in chips) 
Seat 5: enixblr ($4.40 in chips) 
Seat 6: Girasol 2015 ($2.13 in chips) 
Seat 7: Denis VP ($2.38 in chips) 
Seat 8: tayde310 ($2 in chips) 
Seat 9: DundeeChamp ($1.44 in chips) 
Catonajack: posts small blind $0.01
zeca_frança: posts big blind $0.02
*** HOLE CARDS ***
Dealt to Dorex2007 [7s 4c]
Dorex2007: folds 
GazzaSmyth: calls $0.02
enixblr: folds 
Girasol 2015: folds 
Denis VP: folds 
tayde310: folds 
DundeeChamp: calls $0.02
Catonajack: raises $0.02 to $0.04
zeca_frança: folds 
GazzaSmyth: calls $0.02
DundeeChamp: calls $0.02
*** FLOP *** [Kd 9c 3s]
Catonajack: bets $0.07
GazzaSmyth: folds 
DundeeChamp: calls $0.07
*** TURN *** [Kd 9c 3s] [2d]
Catonajack: checks 
DundeeChamp: bets $0.15
Catonajack: folds 
Uncalled bet ($0.15) returned to DundeeChamp
DundeeChamp collected $0.27 from pot
*** SUMMARY ***
Total pot $0.28 | Rake $0.01 
Board [Kd 9c 3s 2d]
Seat 1: Catonajack (small blind) folded on the Turn
Seat 2: zeca_frança (big blind) folded before Flop
Seat 3: Dorex2007 folded before Flop (didn't bet)
Seat 4: GazzaSmyth folded on the Flop
Seat 5: enixblr folded before Flop (didn't bet)
Seat 6: Girasol 2015 folded before Flop (didn't bet)
Seat 7: Denis VP folded before Flop (didn't bet)
Seat 8: tayde310 folded before Flop (didn't bet)
Seat 9: DundeeChamp (button) collected ($0.27)



PokerStars Hand #237204006262:  Hold'em No Limit ($0.01/$0.02 USD) - 2022/07/06 15:34:30 PT [2022/07/06 18:34:30 ET]
Table 'Blok II' 9-max Seat #1 is the button
Seat 1: Catonajack ($1.52 in chips) 
Seat 2: zeca_frança ($0.80 in chips) 
Seat 3: Dorex2007 ($2.03 in chips) 
Seat 4: GazzaSmyth ($3.71 in chips) 
Seat 5: enixblr ($4.40 in chips) 
Seat 6: Girasol 2015 ($2.13 in chips) 
Seat 7: Denis VP ($2.38 in chips) 
Seat 8: tayde310 ($2 in chips) 
Seat 9: DundeeChamp ($1.60 in chips) 
zeca_frança: posts small blind $0.01
Dorex2007: posts big blind $0.02
*** HOLE CARDS ***
Dealt to Dorex2007 [Jd Ad]
GazzaSmyth: folds 
enixblr: folds 
Girasol 2015: folds 
Denis VP: folds 
tayde310: folds 
DundeeChamp: calls $0.02
Catonajack: folds 
zeca_frança: calls $0.01
Dorex2007: checks 
*** FLOP *** [5d 3d 9s]
zeca_frança: checks 
Dorex2007: bets $0.06
DundeeChamp: folds 
zeca_frança: folds 
Uncalled bet ($0.06) returned to Dorex2007
Dorex2007 collected $0.06 from pot
*** SUMMARY ***
Total pot $0.06 | Rake $0 
Board [5d 3d 9s]
Seat 1: Catonajack (button) folded before Flop (didn't bet)
Seat 2: zeca_frança (small blind) folded on the Flop
Seat 3: Dorex2007 (big blind) collected ($0.06)
Seat 4: GazzaSmyth folded before Flop (didn't bet)
Seat 5: enixblr folded before Flop (didn't bet)
Seat 6: Girasol 2015 folded before Flop (didn't bet)
Seat 7: Denis VP folded before Flop (didn't bet)
Seat 8: tayde310 folded before Flop (didn't bet)
Seat 9: DundeeChamp folded on the Flop



PokerStars Hand #237204020149:  Hold'em No Limit ($0.01/$0.02 USD) - 2022/07/06 15:35:15 PT [2022/07/06 18:35:15 ET]
Table 'Blok II' 9-max Seat #2 is the button
Seat 1: Catonajack ($1.52 in chips) 
Seat 2: zeca_frança ($0.78 in chips) 
Seat 3: Dorex2007 ($2.07 in chips) 
Seat 4: GazzaSmyth ($3.71 in chips) 
Seat 5: enixblr ($4.40 in chips) 
Seat 6: Girasol 2015 ($2.13 in chips) 
Seat 7: Denis VP ($2.38 in chips) 
Seat 8: tayde310 ($2 in chips) 
Seat 9: DundeeChamp ($1.58 in chips) 
Dorex2007: posts small blind $0.01
GazzaSmyth: posts big blind $0.02
*** HOLE CARDS ***
Dealt to Dorex2007 [2h Qh]
enixblr: folds 
Girasol 2015: folds 
Denis VP: folds 
tayde310: folds 
DundeeChamp: folds 
Catonajack: folds 
zeca_frança: folds 
Dorex2007: folds 
Uncalled bet ($0.01) returned to GazzaSmyth
GazzaSmyth collected $0.02 from pot
*** SUMMARY ***
Total pot $0.02 | Rake $0 
Seat 1: Catonajack folded before Flop (didn't bet)
Seat 2: zeca_frança (button) folded before Flop (didn't bet)
Seat 3: Dorex2007 (small blind) folded before Flop
Seat 4: GazzaSmyth (big blind) collected ($0.02)
Seat 5: enixblr folded before Flop (didn't bet)
Seat 6: Girasol 2015 folded before Flop (didn't bet)
Seat 7: Denis VP folded before Flop (didn't bet)
Seat 8: tayde310 folded before Flop (didn't bet)
Seat 9: DundeeChamp folded before Flop (didn't bet)



PokerStars Hand #237204024509:  Hold'em No Limit ($0.01/$0.02 USD) - 2022/07/06 15:35:29 PT [2022/07/06 18:35:29 ET]
Table 'Blok II' 9-max Seat #3 is the button
Seat 1: Catonajack ($1.52 in chips) 
Seat 2: zeca_frança ($0.78 in chips) 
Seat 3: Dorex2007 ($2.06 in chips) 
Seat 4: GazzaSmyth ($3.72 in chips) 
Seat 5: enixblr ($4.40 in chips) 
Seat 6: Girasol 2015 ($2.13 in chips) 
Seat 7: Denis VP ($2.38 in chips) 
Seat 8: tayde310 ($2 in chips) 
Seat 9: DundeeChamp ($1.58 in chips) 
GazzaSmyth: posts small blind $0.01
enixblr: posts big blind $0.02
*** HOLE CARDS ***
Dealt to Dorex2007 [Jc 4s]
Girasol 2015: folds 
Denis VP: folds 
tayde310: folds 
DundeeChamp: folds 
Catonajack: folds 
zeca_frança: folds 
Dorex2007: folds 
GazzaSmyth: folds 
Uncalled bet ($0.01) returned to enixblr
enixblr collected $0.02 from pot
*** SUMMARY ***
Total pot $0.02 | Rake $0 
Seat 1: Catonajack folded before Flop (didn't bet)
Seat 2: zeca_frança folded before Flop (didn't bet)
Seat 3: Dorex2007 (button) folded before Flop (didn't bet)
Seat 4: GazzaSmyth (small blind) folded before Flop
Seat 5: enixblr (big blind) collected ($0.02)
Seat 6: Girasol 2015 folded before Flop (didn't bet)
Seat 7: Denis VP folded before Flop (didn't bet)
Seat 8: tayde310 folded before Flop (didn't bet)
Seat 9: DundeeChamp folded before Flop (didn't bet)



PokerStars Hand #237204029489:  Hold'em No Limit ($0.01/$0.02 USD) - 2022/07/06 15:35:45 PT [2022/07/06 18:35:45 ET]
Table 'Blok II' 9-max Seat #4 is the button
Seat 1: Catonajack ($1.52 in chips) 
Seat 2: zeca_frança ($0.78 in chips) 
Seat 3: Dorex2007 ($2.06 in chips) 
Seat 4: GazzaSmyth ($3.71 in chips) 
Seat 5: enixblr ($4.41 in chips) 
Seat 6: Girasol 2015 ($2.13 in chips) 
Seat 7: Denis VP ($2.38 in chips) 
Seat 8: tayde310 ($2 in chips) 
Seat 9: DundeeChamp ($1.58 in chips) 
enixblr: posts small blind $0.01
Girasol 2015: posts big blind $0.02
*** HOLE CARDS ***
Dealt to Dorex2007 [9s Kc]
Denis VP: folds 
tayde310: folds 
DundeeChamp: folds 
Catonajack: folds 
zeca_frança: folds 
Dorex2007: folds 
GazzaSmyth: calls $0.02
enixblr: raises $0.12 to $0.14
Girasol 2015: folds 
GazzaSmyth: folds 
Uncalled bet ($0.12) returned to enixblr
enixblr collected $0.06 from pot
*** SUMMARY ***
Total pot $0.06 | Rake $0 
Seat 1: Catonajack folded before Flop (didn't bet)
Seat 2: zeca_frança folded before Flop (didn't bet)
Seat 3: Dorex2007 folded before Flop (didn't bet)
Seat 4: GazzaSmyth (button) folded before Flop
Seat 5: enixblr (small blind) collected ($0.06)
Seat 6: Girasol 2015 (big blind) folded before Flop
Seat 7: Denis VP folded before Flop (didn't bet)
Seat 8: tayde310 folded before Flop (didn't bet)
Seat 9: DundeeChamp folded before Flop (didn't bet)



PokerStars Hand #237204034943:  Hold'em No Limit ($0.01/$0.02 USD) - 2022/07/06 15:36:03 PT [2022/07/06 18:36:03 ET]
Table 'Blok II' 9-max Seat #5 is the button
Seat 1: Catonajack ($1.52 in chips) 
Seat 2: zeca_frança ($0.78 in chips) 
Seat 3: Dorex2007 ($2.06 in chips) 
Seat 4: GazzaSmyth ($3.69 in chips) 
Seat 5: enixblr ($4.45 in chips) 
Seat 6: Girasol 2015 ($2.11 in chips) 
Seat 7: Denis VP ($2.38 in chips) 
Seat 8: tayde310 ($2 in chips) 
Seat 9: DundeeChamp ($1.58 in chips) 
Girasol 2015: posts small blind $0.01
Denis VP: posts big blind $0.02
*** HOLE CARDS ***
Dealt to Dorex2007 [2d 9c]
tayde310: folds 
DundeeChamp: folds 
Catonajack: folds 
zeca_frança: folds 
Dorex2007: folds 
GazzaSmyth: raises $0.04 to $0.06
enixblr: folds 
Girasol 2015: folds 
Denis VP: folds 
Uncalled bet ($0.04) returned to GazzaSmyth
GazzaSmyth collected $0.05 from pot
*** SUMMARY ***
Total pot $0.05 | Rake $0 
Seat 1: Catonajack folded before Flop (didn't bet)
Seat 2: zeca_frança folded before Flop (didn't bet)
Seat 3: Dorex2007 folded before Flop (didn't bet)
Seat 4: GazzaSmyth collected ($0.05)
Seat 5: enixblr (button) folded before Flop (didn't bet)
Seat 6: Girasol 2015 (small blind) folded before Flop
Seat 7: Denis VP (big blind) folded before Flop
Seat 8: tayde310 folded before Flop (didn't bet)
Seat 9: DundeeChamp folded before Flop (didn't bet)



PokerStars Hand #237204044892:  Hold'em No Limit ($0.01/$0.02 USD) - 2022/07/06 15:36:35 PT [2022/07/06 18:36:35 ET]
Table 'Blok II' 9-max Seat #6 is the button
Seat 1: Catonajack ($1.52 in chips) 
Seat 2: zeca_frança ($0.78 in chips) 
Seat 3: Dorex2007 ($2.06 in chips) 
Seat 4: GazzaSmyth ($3.72 in chips) 
Seat 5: enixblr ($4.45 in chips) 
Seat 6: Girasol 2015 ($2.10 in chips) 
Seat 7: Denis VP ($2.36 in chips) 
Seat 8: tayde310 ($2 in chips) 
Seat 9: DundeeChamp ($1.58 in chips) 
Denis VP: posts small blind $0.01
tayde310: posts big blind $0.02
*** HOLE CARDS ***
Dealt to Dorex2007 [Jc 4c]
DundeeChamp: folds 
Catonajack: folds 
zeca_frança: folds 
Dorex2007: folds 
GazzaSmyth: folds 
enixblr: folds 
Girasol 2015: raises $0.04 to $0.06
Denis VP: folds 
tayde310: folds 
Uncalled bet ($0.04) returned to Girasol 2015
Girasol 2015 collected $0.05 from pot
*** SUMMARY ***
Total pot $0.05 | Rake $0 
Seat 1: Catonajack folded before Flop (didn't bet)
Seat 2: zeca_frança folded before Flop (didn't bet)
Seat 3: Dorex2007 folded before Flop (didn't bet)
Seat 4: GazzaSmyth folded before Flop (didn't bet)
Seat 5: enixblr folded before Flop (didn't bet)
Seat 6: Girasol 2015 (button) collected ($0.05)
Seat 7: Denis VP (small blind) folded before Flop
Seat 8: tayde310 (big blind) folded before Flop
Seat 9: DundeeChamp folded before Flop (didn't bet)



PokerStars Hand #237204052701:  Hold'em No Limit ($0.01/$0.02 USD) - 2022/07/06 15:37:00 PT [2022/07/06 18:37:00 ET]
Table 'Blok II' 9-max Seat #7 is the button
Seat 1: Catonajack ($1.52 in chips) 
Seat 2: zeca_frança ($0.78 in chips) 
Seat 3: Dorex2007 ($2.06 in chips) 
Seat 4: GazzaSmyth ($3.72 in chips) 
Seat 5: enixblr ($4.45 in chips) 
Seat 6: Girasol 2015 ($2.13 in chips) 
Seat 7: Denis VP ($2.35 in chips) 
Seat 8: tayde310 ($2 in chips) 
Seat 9: DundeeChamp ($1.58 in chips) 
tayde310: posts small blind $0.01
DundeeChamp: posts big blind $0.02
*** HOLE CARDS ***
Dealt to Dorex2007 [Jc 7c]
Catonajack: folds 
zeca_frança: calls $0.02
Dorex2007: folds 
GazzaSmyth: calls $0.02
enixblr: folds 
Girasol 2015: folds 
Denis VP: folds 
tayde310: calls $0.01
DundeeChamp: checks 
*** FLOP *** [Tc As 2d]
tayde310: checks 
DundeeChamp: checks 
zeca_frança: checks 
GazzaSmyth: checks 
*** TURN *** [Tc As 2d] [Ac]
tayde310: checks 
DundeeChamp: checks 
zeca_frança: checks 
GazzaSmyth: checks 
*** RIVER *** [Tc As 2d Ac] [8d]
tayde310: checks 
DundeeChamp: checks 
zeca_frança: checks 
GazzaSmyth: bets $0.12
tayde310: folds 
DundeeChamp: calls $0.12
zeca_frança: folds 
*** SHOW DOWN ***
GazzaSmyth: shows [Ks 4s] (a pair of Aces)
DundeeChamp: shows [3h 8h] (two pair, Aces and Eights)
DundeeChamp collected $0.31 from pot
*** SUMMARY ***
Total pot $0.32 | Rake $0.01 
Board [Tc As 2d Ac 8d]
Seat 1: Catonajack folded before Flop (didn't bet)
Seat 2: zeca_frança folded on the River
Seat 3: Dorex2007 folded before Flop (didn't bet)
Seat 4: GazzaSmyth showed [Ks 4s] and lost with a pair of Aces
Seat 5: enixblr folded before Flop (didn't bet)
Seat 6: Girasol 2015 folded before Flop (didn't bet)
Seat 7: Denis VP (button) folded before Flop (didn't bet)
Seat 8: tayde310 (small blind) folded on the River
Seat 9: DundeeChamp (big blind) showed [3h 8h] and won ($0.31) with two pair, Aces and Eights



PokerStars Hand #237204072772:  Hold'em No Limit ($0.01/$0.02 USD) - 2022/07/06 15:38:06 PT [2022/07/06 18:38:06 ET]
Table 'Blok II' 9-max Seat #8 is the button
Seat 1: Catonajack ($1.52 in chips) 
Seat 2: zeca_frança ($0.76 in chips) 
Seat 3: Dorex2007 ($2.06 in chips) 
Seat 4: GazzaSmyth ($3.58 in chips) 
Seat 5: enixblr ($4.45 in chips) 
Seat 6: Girasol 2015 ($2.13 in chips) 
Seat 7: Denis VP ($2.35 in chips) 
Seat 8: tayde310 ($2 in chips) 
Seat 9: DundeeChamp ($1.75 in chips) 
DundeeChamp: posts small blind $0.01
Catonajack: posts big blind $0.02
*** HOLE CARDS ***
Dealt to Dorex2007 [9s Ac]
zeca_frança: folds 
Dorex2007: folds 
GazzaSmyth: raises $0.04 to $0.06
enixblr: folds 
Girasol 2015: calls $0.06
Denis VP: folds 
tayde310: folds 
DundeeChamp: folds 
Catonajack: folds 
*** FLOP *** [9d 8s 6d]
GazzaSmyth: checks 
Girasol 2015: checks 
*** TURN *** [9d 8s 6d] [4h]
GazzaSmyth: checks 
Girasol 2015: bets $0.06
GazzaSmyth: folds 
Uncalled bet ($0.06) returned to Girasol 2015
Girasol 2015 collected $0.14 from pot
*** SUMMARY ***
Total pot $0.15 | Rake $0.01 
Board [9d 8s 6d 4h]
Seat 1: Catonajack (big blind) folded before Flop
Seat 2: zeca_frança folded before Flop (didn't bet)
Seat 3: Dorex2007 folded before Flop (didn't bet)
Seat 4: GazzaSmyth folded on the Turn
Seat 5: enixblr folded before Flop (didn't bet)
Seat 6: Girasol 2015 collected ($0.14)
Seat 7: Denis VP folded before Flop (didn't bet)
Seat 8: tayde310 (button) folded before Flop (didn't bet)
Seat 9: DundeeChamp (small blind) folded before Flop



PokerStars Hand #237204088805:  Hold'em No Limit ($0.01/$0.02 USD) - 2022/07/06 15:38:58 PT [2022/07/06 18:38:58 ET]
Table 'Blok II' 9-max Seat #9 is the button
Seat 1: Catonajack ($1.50 in chips) 
Seat 2: zeca_frança ($0.76 in chips) 
Seat 3: Dorex2007 ($2.06 in chips) 
Seat 4: GazzaSmyth ($3.52 in chips) 
Seat 5: enixblr ($4.45 in chips) 
Seat 6: Girasol 2015 ($2.21 in chips) 
Seat 7: Denis VP ($2.35 in chips) 
Seat 8: tayde310 ($2 in chips) 
Seat 9: DundeeChamp ($1.74 in chips) 
Catonajack: posts small blind $0.01
zeca_frança: posts big blind $0.02
*** HOLE CARDS ***
Dealt to Dorex2007 [2d Ad]
Dorex2007: folds 
GazzaSmyth: raises $0.04 to $0.06
enixblr: folds 
Girasol 2015: calls $0.06
Denis VP: folds 
tayde310: folds 
DundeeChamp: calls $0.06
Catonajack: folds 
zeca_frança: folds 
*** FLOP *** [Jd 9s 9h]
GazzaSmyth: bets $0.10
Girasol 2015: calls $0.10
DundeeChamp: folds 
*** TURN *** [Jd 9s 9h] [8h]
GazzaSmyth: bets $0.16
Girasol 2015: calls $0.16
*** RIVER *** [Jd 9s 9h 8h] [Ah]
GazzaSmyth: bets $0.36
Girasol 2015: folds 
Uncalled bet ($0.36) returned to GazzaSmyth
GazzaSmyth collected $0.70 from pot
*** SUMMARY ***
Total pot $0.73 | Rake $0.03 
Board [Jd 9s 9h 8h Ah]
Seat 1: Catonajack (small blind) folded before Flop
Seat 2: zeca_frança (big blind) folded before Flop
Seat 3: Dorex2007 folded before Flop (didn't bet)
Seat 4: GazzaSmyth collected ($0.70)
Seat 5: enixblr folded before Flop (didn't bet)
Seat 6: Girasol 2015 folded on the River
Seat 7: Denis VP folded before Flop (didn't bet)
Seat 8: tayde310 folded before Flop (didn't bet)
Seat 9: DundeeChamp (button) folded on the Flop



PokerStars Hand #237204109693:  Hold'em No Limit ($0.01/$0.02 USD) - 2022/07/06 15:40:05 PT [2022/07/06 18:40:05 ET]
Table 'Blok II' 9-max Seat #1 is the button
Seat 1: Catonajack ($1.49 in chips) 
Seat 2: zeca_frança ($0.74 in chips) 
Seat 3: Dorex2007 ($2.06 in chips) 
Seat 4: GazzaSmyth ($3.90 in chips) 
Seat 5: enixblr ($4.45 in chips) 
Seat 6: Girasol 2015 ($1.89 in chips) 
Seat 7: Denis VP ($2.35 in chips) 
Seat 8: tayde310 ($2 in chips) 
Seat 9: DundeeChamp ($1.68 in chips) 
zeca_frança: posts small blind $0.01
Dorex2007: posts big blind $0.02
*** HOLE CARDS ***
Dealt to Dorex2007 [3d Jh]
GazzaSmyth: calls $0.02
enixblr: raises $0.06 to $0.08
Girasol 2015: calls $0.08
Denis VP: folds 
tayde310: folds 
DundeeChamp: folds 
Catonajack: folds 
zeca_frança: folds 
Dorex2007: folds 
GazzaSmyth: calls $0.06
*** FLOP *** [8s 5c 7s]
zeca_frança leaves the table
GazzaSmyth: checks 
enixblr: checks 
Girasol 2015: checks 
*** TURN *** [8s 5c 7s] [7c]
GazzaSmyth: bets $0.10
enixblr: folds 
Girasol 2015: folds 
Uncalled bet ($0.10) returned to GazzaSmyth
GazzaSmyth collected $0.26 from pot
*** SUMMARY ***
Total pot $0.27 | Rake $0.01 
Board [8s 5c 7s 7c]
Seat 1: Catonajack (button) folded before Flop (didn't bet)
Seat 2: zeca_frança (small blind) folded before Flop
Seat 3: Dorex2007 (big blind) folded before Flop
Seat 4: GazzaSmyth collected ($0.26)
Seat 5: enixblr folded on the Turn
Seat 6: Girasol 2015 folded on the Turn
Seat 7: Denis VP folded before Flop (didn't bet)
Seat 8: tayde310 folded before Flop (didn't bet)
Seat 9: DundeeChamp folded before Flop (didn't bet)



PokerStars Hand #237204124386:  Hold'em No Limit ($0.01/$0.02 USD) - 2022/07/06 15:40:53 PT [2022/07/06 18:40:53 ET]
Table 'Blok II' 9-max Seat #3 is the button
Seat 1: Catonajack ($1.49 in chips) 
Seat 3: Dorex2007 ($2.04 in chips) 
Seat 4: GazzaSmyth ($4.08 in chips) 
Seat 5: enixblr ($4.37 in chips) 
Seat 6: Girasol 2015 ($1.81 in chips) 
Seat 7: Denis VP ($2.35 in chips) 
Seat 8: tayde310 ($2 in chips) 
Seat 9: DundeeChamp ($1.68 in chips) 
GazzaSmyth: posts small blind $0.01
enixblr: posts big blind $0.02
*** HOLE CARDS ***
Dealt to Dorex2007 [6h Qs]
lbathayde joins the table at seat #2 
Girasol 2015: raises $0.02 to $0.04
Denis VP: folds 
tayde310: folds 
DundeeChamp: calls $0.04
Catonajack: calls $0.04
Dorex2007: folds 
GazzaSmyth: calls $0.03
enixblr: folds 
*** FLOP *** [3d 2s 5c]
GazzaSmyth: checks 
Girasol 2015: checks 
DundeeChamp: bets $0.04
Catonajack: calls $0.04
GazzaSmyth: folds 
Girasol 2015: calls $0.04
*** TURN *** [3d 2s 5c] [8s]
Girasol 2015: checks 
DundeeChamp: checks 
Catonajack: checks 
*** RIVER *** [3d 2s 5c 8s] [As]
Girasol 2015: checks 
DundeeChamp: bets $0.12
lbathayde leaves the table
kAiba109 joins the table at seat #2 
Catonajack: folds 
Girasol 2015: folds 
Uncalled bet ($0.12) returned to DundeeChamp
DundeeChamp collected $0.29 from pot
*** SUMMARY ***
Total pot $0.30 | Rake $0.01 
Board [3d 2s 5c 8s As]
Seat 1: Catonajack folded on the River
Seat 3: Dorex2007 (button) folded before Flop (didn't bet)
Seat 4: GazzaSmyth (small blind) folded on the Flop
Seat 5: enixblr (big blind) folded before Flop
Seat 6: Girasol 2015 folded on the River
Seat 7: Denis VP folded before Flop (didn't bet)
Seat 8: tayde310 folded before Flop (didn't bet)
Seat 9: DundeeChamp collected ($0.29)



PokerStars Hand #237204147743:  Hold'em No Limit ($0.01/$0.02 USD) - 2022/07/06 15:42:09 PT [2022/07/06 18:42:09 ET]
Table 'Blok II' 9-max Seat #4 is the button
Seat 1: Catonajack ($1.41 in chips) 
Seat 3: Dorex2007 ($2.04 in chips) 
Seat 4: GazzaSmyth ($4.04 in chips) 
Seat 5: enixblr ($4.35 in chips) 
Seat 6: Girasol 2015 ($1.73 in chips) 
Seat 7: Denis VP ($2.35 in chips) 
Seat 8: tayde310 ($2 in chips) 
Seat 9: DundeeChamp ($1.89 in chips) 
enixblr: posts small blind $0.01
Girasol 2015: posts big blind $0.02
kAiba109: sits out 
*** HOLE CARDS ***
Dealt to Dorex2007 [Jd Kh]
Denis VP: folds 
tayde310: folds 
DundeeChamp: folds 
Catonajack: raises $0.02 to $0.04
Dorex2007: calls $0.04
GazzaSmyth: folds 
enixblr: folds 
Girasol 2015: calls $0.02
*** FLOP *** [7d 6c 2h]
Girasol 2015: checks 
Catonajack: checks 
Dorex2007: checks 
*** TURN *** [7d 6c 2h] [As]
Girasol 2015: checks 
Catonajack: checks 
Dorex2007: checks 
*** RIVER *** [7d 6c 2h As] [7s]
Girasol 2015: checks 
Catonajack: checks 
Dorex2007: checks 
*** SHOW DOWN ***
Girasol 2015: shows [Js Kd] (a pair of Sevens)
Catonajack: mucks hand 
Dorex2007: shows [Jd Kh] (a pair of Sevens)
Girasol 2015 collected $0.07 from pot
Dorex2007 collected $0.06 from pot
*** SUMMARY ***
Total pot $0.13 | Rake $0 
Board [7d 6c 2h As 7s]
Seat 1: Catonajack mucked [5h 4h]
Seat 3: Dorex2007 showed [Jd Kh] and won ($0.06) with a pair of Sevens
Seat 4: GazzaSmyth (button) folded before Flop (didn't bet)
Seat 5: enixblr (small blind) folded before Flop
Seat 6: Girasol 2015 (big blind) showed [Js Kd] and won ($0.07) with a pair of Sevens
Seat 7: Denis VP folded before Flop (didn't bet)
Seat 8: tayde310 folded before Flop (didn't bet)
Seat 9: DundeeChamp folded before Flop (didn't bet)



PokerStars Hand #237204167575:  Hold'em No Limit ($0.01/$0.02 USD) - 2022/07/06 15:43:15 PT [2022/07/06 18:43:15 ET]
Table 'Blok II' 9-max Seat #5 is the button
Seat 1: Catonajack ($1.37 in chips) 
Seat 2: kAiba109 ($0.80 in chips) 
Seat 3: Dorex2007 ($2.06 in chips) 
Seat 4: GazzaSmyth ($4.04 in chips) 
Seat 5: enixblr ($4.34 in chips) 
Seat 6: Girasol 2015 ($1.76 in chips) 
Seat 7: Denis VP ($2.35 in chips) 
Seat 8: tayde310 ($2 in chips) 
Seat 9: DundeeChamp ($1.89 in chips) 
Girasol 2015: posts small blind $0.01
Denis VP: posts big blind $0.02
kAiba109: posts big blind $0.02
*** HOLE CARDS ***
Dealt to Dorex2007 [Ks Qs]
tayde310: folds 
DundeeChamp: folds 
Catonajack: folds 
kAiba109: checks 
Dorex2007: raises $0.04 to $0.06
GazzaSmyth: folds 
enixblr: folds 
Girasol 2015: calls $0.05
Denis VP: raises $0.20 to $0.26
kAiba109: folds 
Dorex2007: folds 
Girasol 2015: folds 
Uncalled bet ($0.20) returned to Denis VP
Denis VP collected $0.20 from pot
*** SUMMARY ***
Total pot $0.20 | Rake $0 
Seat 1: Catonajack folded before Flop (didn't bet)
Seat 2: kAiba109 folded before Flop (didn't bet)
Seat 3: Dorex2007 folded before Flop
Seat 4: GazzaSmyth folded before Flop (didn't bet)
Seat 5: enixblr (button) folded before Flop (didn't bet)
Seat 6: Girasol 2015 (small blind) folded before Flop
Seat 7: Denis VP (big blind) collected ($0.20)
Seat 8: tayde310 folded before Flop (didn't bet)
Seat 9: DundeeChamp folded before Flop (didn't bet)



PokerStars Hand #237204177760:  Hold'em No Limit ($0.01/$0.02 USD) - 2022/07/06 15:43:49 PT [2022/07/06 18:43:49 ET]
Table 'Blok II' 9-max Seat #6 is the button
Seat 1: Catonajack ($1.37 in chips) 
Seat 2: kAiba109 ($0.78 in chips) 
Seat 3: Dorex2007 ($2 in chips) 
Seat 4: GazzaSmyth ($4.04 in chips) 
Seat 5: enixblr ($4.34 in chips) 
Seat 6: Girasol 2015 ($1.70 in chips) 
Seat 7: Denis VP ($2.49 in chips) 
Seat 8: tayde310 ($2 in chips) 
Seat 9: DundeeChamp ($1.89 in chips) 
Denis VP: posts small blind $0.01
tayde310: posts big blind $0.02
*** HOLE CARDS ***
Dealt to Dorex2007 [9s 8s]
DundeeChamp: folds 
Catonajack: folds 
kAiba109: calls $0.02
Dorex2007: folds 
GazzaSmyth: folds 
enixblr: folds 
Girasol 2015: folds 
Denis VP: raises $0.06 to $0.08
tayde310: folds 
kAiba109: folds 
Uncalled bet ($0.06) returned to Denis VP
Denis VP collected $0.06 from pot
*** SUMMARY ***
Total pot $0.06 | Rake $0 
Seat 1: Catonajack folded before Flop (didn't bet)
Seat 2: kAiba109 folded before Flop
Seat 3: Dorex2007 folded before Flop (didn't bet)
Seat 4: GazzaSmyth folded before Flop (didn't bet)
Seat 5: enixblr folded before Flop (didn't bet)
Seat 6: Girasol 2015 (button) folded before Flop (didn't bet)
Seat 7: Denis VP (small blind) collected ($0.06)
Seat 8: tayde310 (big blind) folded before Flop
Seat 9: DundeeChamp folded before Flop (didn't bet)



PokerStars Hand #237204184540:  Hold'em No Limit ($0.01/$0.02 USD) - 2022/07/06 15:44:11 PT [2022/07/06 18:44:11 ET]
Table 'Blok II' 9-max Seat #7 is the button
Seat 1: Catonajack ($1.37 in chips) 
Seat 2: kAiba109 ($0.76 in chips) 
Seat 3: Dorex2007 ($2 in chips) 
Seat 4: GazzaSmyth ($4.04 in chips) 
Seat 5: enixblr ($4.34 in chips) 
Seat 6: Girasol 2015 ($1.70 in chips) 
Seat 7: Denis VP ($2.53 in chips) 
Seat 8: tayde310 ($2 in chips) 
Seat 9: DundeeChamp ($1.89 in chips) 
tayde310: posts small blind $0.01
DundeeChamp: posts big blind $0.02
*** HOLE CARDS ***
Dealt to Dorex2007 [6h Tc]
Catonajack: folds 
kAiba109: raises $0.02 to $0.04
Dorex2007: folds 
GazzaSmyth: folds 
enixblr: calls $0.04
Girasol 2015: folds 
Denis VP: folds 
tayde310: folds 
DundeeChamp: calls $0.02
*** FLOP *** [Jc 3d 2c]
DundeeChamp: checks 
kAiba109: bets $0.02
enixblr: calls $0.02
DundeeChamp: calls $0.02
*** TURN *** [Jc 3d 2c] [7c]
DundeeChamp: checks 
kAiba109: bets $0.02
enixblr: folds 
DundeeChamp: folds 
Uncalled bet ($0.02) returned to kAiba109
kAiba109 collected $0.18 from pot
*** SUMMARY ***
Total pot $0.19 | Rake $0.01 
Board [Jc 3d 2c 7c]
Seat 1: Catonajack folded before Flop (didn't bet)
Seat 2: kAiba109 collected ($0.18)
Seat 3: Dorex2007 folded before Flop (didn't bet)
Seat 4: GazzaSmyth folded before Flop (didn't bet)
Seat 5: enixblr folded on the Turn
Seat 6: Girasol 2015 folded before Flop (didn't bet)
Seat 7: Denis VP (button) folded before Flop (didn't bet)
Seat 8: tayde310 (small blind) folded before Flop
Seat 9: DundeeChamp (big blind) folded on the Turn



PokerStars Hand #237204196479:  Hold'em No Limit ($0.01/$0.02 USD) - 2022/07/06 15:44:51 PT [2022/07/06 18:44:51 ET]
Table 'Blok II' 9-max Seat #8 is the button
Seat 1: Catonajack ($1.37 in chips) 
Seat 2: kAiba109 ($0.88 in chips) 
Seat 3: Dorex2007 ($2 in chips) 
Seat 4: GazzaSmyth ($4.04 in chips) 
Seat 5: enixblr ($4.28 in chips) 
Seat 6: Girasol 2015 ($1.70 in chips) 
Seat 7: Denis VP ($2.53 in chips) 
Seat 8: tayde310 ($2 in chips) 
Seat 9: DundeeChamp ($1.83 in chips) 
DundeeChamp: posts small blind $0.01
Catonajack: posts big blind $0.02
*** HOLE CARDS ***
Dealt to Dorex2007 [Qd Jd]
kAiba109: folds 
Dorex2007: calls $0.02
GazzaSmyth: folds 
enixblr: raises $0.06 to $0.08
Girasol 2015: folds 
Denis VP: folds 
tayde310: folds 
DundeeChamp: folds 
Catonajack: folds 
Dorex2007: calls $0.06
*** FLOP *** [Kh 5s Kd]
Dorex2007: checks 
enixblr: bets $0.06
Dorex2007: folds 
Uncalled bet ($0.06) returned to enixblr
enixblr collected $0.18 from pot
*** SUMMARY ***
Total pot $0.19 | Rake $0.01 
Board [Kh 5s Kd]
Seat 1: Catonajack (big blind) folded before Flop
Seat 2: kAiba109 folded before Flop (didn't bet)
Seat 3: Dorex2007 folded on the Flop
Seat 4: GazzaSmyth folded before Flop (didn't bet)
Seat 5: enixblr collected ($0.18)
Seat 6: Girasol 2015 folded before Flop (didn't bet)
Seat 7: Denis VP folded before Flop (didn't bet)
Seat 8: tayde310 (button) folded before Flop (didn't bet)
Seat 9: DundeeChamp (small blind) folded before Flop



PokerStars Hand #237204208965:  Hold'em No Limit ($0.01/$0.02 USD) - 2022/07/06 15:45:32 PT [2022/07/06 18:45:32 ET]
Table 'Blok II' 9-max Seat #9 is the button
Seat 1: Catonajack ($1.35 in chips) 
Seat 2: kAiba109 ($0.88 in chips) 
Seat 3: Dorex2007 ($2 in chips) 
Seat 4: GazzaSmyth ($4.04 in chips) 
Seat 5: enixblr ($4.38 in chips) 
Seat 6: Girasol 2015 ($1.70 in chips) 
Seat 7: Denis VP ($2.53 in chips) 
Seat 8: tayde310 ($2 in chips) 
Seat 9: DundeeChamp ($1.82 in chips) 
Catonajack: posts small blind $0.01
kAiba109: posts big blind $0.02
*** HOLE CARDS ***
Dealt to Dorex2007 [2s 6d]
Dorex2007: folds 
GazzaSmyth: folds 
enixblr: folds 
Girasol 2015: raises $0.04 to $0.06
Denis VP: folds 
tayde310 is disconnected 
tayde310 has timed out while disconnected
tayde310: folds 
DundeeChamp: folds 
Catonajack: folds 
kAiba109: folds 
Uncalled bet ($0.04) returned to Girasol 2015
Girasol 2015 collected $0.05 from pot
*** SUMMARY ***
Total pot $0.05 | Rake $0 
Seat 1: Catonajack (small blind) folded before Flop
Seat 2: kAiba109 (big blind) folded before Flop
Seat 3: Dorex2007 folded before Flop (didn't bet)
Seat 4: GazzaSmyth folded before Flop (didn't bet)
Seat 5: enixblr folded before Flop (didn't bet)
Seat 6: Girasol 2015 collected ($0.05)
Seat 7: Denis VP folded before Flop (didn't bet)
Seat 8: tayde310 folded before Flop (didn't bet)
Seat 9: DundeeChamp (button) folded before Flop (didn't bet)



PokerStars Hand #237204227295:  Hold'em No Limit ($0.01/$0.02 USD) - 2022/07/06 15:46:05 PT [2022/07/06 18:46:05 ET]
Table 'Blok II' 9-max Seat #1 is the button
Seat 1: Catonajack ($1.34 in chips) 
Seat 2: kAiba109 ($0.86 in chips) 
Seat 3: Dorex2007 ($2 in chips) 
Seat 4: GazzaSmyth ($4.04 in chips) 
Seat 5: enixblr ($4.38 in chips) 
Seat 6: Girasol 2015 ($1.73 in chips) 
Seat 7: Denis VP ($2.53 in chips) 
Seat 9: DundeeChamp ($1.82 in chips) 
kAiba109: posts small blind $0.01
Dorex2007: posts big blind $0.02
*** HOLE CARDS ***
Dealt to Dorex2007 [Jh 2h]
GazzaSmyth: folds 
enixblr: folds 
Girasol 2015: raises $0.02 to $0.04
Denis VP: folds 
DundeeChamp: folds 
Catonajack: folds 
kAiba109: folds 
Dorex2007: folds 
Uncalled bet ($0.02) returned to Girasol 2015
Girasol 2015 collected $0.05 from pot
*** SUMMARY ***
Total pot $0.05 | Rake $0 
Seat 1: Catonajack (button) folded before Flop (didn't bet)
Seat 2: kAiba109 (small blind) folded before Flop
Seat 3: Dorex2007 (big blind) folded before Flop
Seat 4: GazzaSmyth folded before Flop (didn't bet)
Seat 5: enixblr folded before Flop (didn't bet)
Seat 6: Girasol 2015 collected ($0.05)
Seat 7: Denis VP folded before Flop (didn't bet)
Seat 9: DundeeChamp folded before Flop (didn't bet)



PokerStars Hand #237204232917:  Hold'em No Limit ($0.01/$0.02 USD) - 2022/07/06 15:46:24 PT [2022/07/06 18:46:24 ET]
Table 'Blok II' 9-max Seat #2 is the button
Seat 1: Catonajack ($1.34 in chips) 
Seat 2: kAiba109 ($0.85 in chips) 
Seat 3: Dorex2007 ($2 in chips) 
Seat 4: GazzaSmyth ($4.04 in chips) 
Seat 5: enixblr ($4.38 in chips) 
Seat 6: Girasol 2015 ($1.76 in chips) 
Seat 7: Denis VP ($2.53 in chips) 
Seat 8: tayde310 ($2 in chips) 
Seat 9: DundeeChamp ($1.82 in chips) 
Dorex2007: posts small blind $0.01
GazzaSmyth: posts big blind $0.02
*** HOLE CARDS ***
Dealt to Dorex2007 [Kh 9h]
enixblr: raises $0.03 to $0.05
Girasol 2015: folds 
Denis VP: folds 
tayde310: folds 
DundeeChamp: calls $0.05
Catonajack: calls $0.05
kAiba109: folds 
Dorex2007: folds 
GazzaSmyth: folds 
*** FLOP *** [5h 3c 3h]
enixblr: bets $0.11
DundeeChamp: folds 
Catonajack: calls $0.11
*** TURN *** [5h 3c 3h] [8c]
enixblr: bets $0.12
Catonajack: calls $0.12
*** RIVER *** [5h 3c 3h 8c] [9d]
enixblr: bets $0.19
Catonajack: raises $0.23 to $0.42
enixblr: calls $0.23
*** SHOW DOWN ***
Catonajack: shows [8h 8d] (a full house, Eights full of Threes)
enixblr: mucks hand 
Catonajack collected $1.43 from pot
*** SUMMARY ***
Total pot $1.48 | Rake $0.05 
Board [5h 3c 3h 8c 9d]
Seat 1: Catonajack showed [8h 8d] and won ($1.43) with a full house, Eights full of Threes
Seat 2: kAiba109 (button) folded before Flop (didn't bet)
Seat 3: Dorex2007 (small blind) folded before Flop
Seat 4: GazzaSmyth (big blind) folded before Flop
Seat 5: enixblr mucked [Js Jh]
Seat 6: Girasol 2015 folded before Flop (didn't bet)
Seat 7: Denis VP folded before Flop (didn't bet)
Seat 8: tayde310 folded before Flop (didn't bet)
Seat 9: DundeeChamp folded on the Flop



PokerStars Hand #237204252471:  Hold'em No Limit ($0.01/$0.02 USD) - 2022/07/06 15:47:29 PT [2022/07/06 18:47:29 ET]
Table 'Blok II' 9-max Seat #3 is the button
Seat 1: Catonajack ($2.07 in chips) 
Seat 2: kAiba109 ($0.85 in chips) 
Seat 3: Dorex2007 ($2 in chips) 
Seat 4: GazzaSmyth ($4.02 in chips) 
Seat 5: enixblr ($3.68 in chips) 
Seat 6: Girasol 2015 ($1.76 in chips) 
Seat 7: Denis VP ($2.53 in chips) 
Seat 8: tayde310 ($2 in chips) 
Seat 9: DundeeChamp ($1.77 in chips) 
GazzaSmyth: posts small blind $0.01
enixblr: posts big blind $0.02
*** HOLE CARDS ***
Dealt to Dorex2007 [Th 6c]
Girasol 2015: folds 
Denis VP: folds 
tayde310: folds 
DundeeChamp: folds 
Catonajack: folds 
kAiba109: folds 
Dorex2007: folds 
GazzaSmyth: folds 
Uncalled bet ($0.01) returned to enixblr
enixblr collected $0.02 from pot
*** SUMMARY ***
Total pot $0.02 | Rake $0 
Seat 1: Catonajack folded before Flop (didn't bet)
Seat 2: kAiba109 folded before Flop (didn't bet)
Seat 3: Dorex2007 (button) folded before Flop (didn't bet)
Seat 4: GazzaSmyth (small blind) folded before Flop
Seat 5: enixblr (big blind) collected ($0.02)
Seat 6: Girasol 2015 folded before Flop (didn't bet)
Seat 7: Denis VP folded before Flop (didn't bet)
Seat 8: tayde310 folded before Flop (didn't bet)
Seat 9: DundeeChamp folded before Flop (didn't bet)



PokerStars Hand #237204259794:  Hold'em No Limit ($0.01/$0.02 USD) - 2022/07/06 15:47:53 PT [2022/07/06 18:47:53 ET]
Table 'Blok II' 9-max Seat #4 is the button
Seat 1: Catonajack ($2.07 in chips) 
Seat 2: kAiba109 ($0.85 in chips) 
Seat 3: Dorex2007 ($2 in chips) 
Seat 4: GazzaSmyth ($4.01 in chips) 
Seat 5: enixblr ($3.69 in chips) 
Seat 6: Girasol 2015 ($1.76 in chips) 
Seat 7: Denis VP ($2.53 in chips) 
Seat 8: tayde310 ($2 in chips) 
Seat 9: DundeeChamp ($1.77 in chips) 
enixblr: posts small blind $0.01
Girasol 2015: posts big blind $0.02
*** HOLE CARDS ***
Dealt to Dorex2007 [2c 3c]
Denis VP: folds 
tayde310: raises $0.03 to $0.05
DundeeChamp: raises $0.07 to $0.12
Catonajack: folds 
kAiba109: folds 
Dorex2007: folds 
GazzaSmyth: folds 
enixblr: folds 
Girasol 2015: folds 
tayde310: calls $0.07
*** FLOP *** [8d 2d 5d]
tayde310: checks 
DundeeChamp: bets $0.07
tayde310: calls $0.07
*** TURN *** [8d 2d 5d] [Qc]
tayde310: checks 
DundeeChamp: checks 
*** RIVER *** [8d 2d 5d Qc] [4h]
tayde310: checks 
DundeeChamp: checks 
*** SHOW DOWN ***
tayde310: shows [Ad Qd] (a flush, Ace high)
DundeeChamp: mucks hand 
tayde310 collected $0.40 from pot
*** SUMMARY ***
Total pot $0.41 | Rake $0.01 
Board [8d 2d 5d Qc 4h]
Seat 1: Catonajack folded before Flop (didn't bet)
Seat 2: kAiba109 folded before Flop (didn't bet)
Seat 3: Dorex2007 folded before Flop (didn't bet)
Seat 4: GazzaSmyth (button) folded before Flop (didn't bet)
Seat 5: enixblr (small blind) folded before Flop
Seat 6: Girasol 2015 (big blind) folded before Flop
Seat 7: Denis VP folded before Flop (didn't bet)
Seat 8: tayde310 showed [Ad Qd] and won ($0.40) with a flush, Ace high
Seat 9: DundeeChamp mucked [Js Jd]



PokerStars Hand #237204277760:  Hold'em No Limit ($0.01/$0.02 USD) - 2022/07/06 15:48:53 PT [2022/07/06 18:48:53 ET]
Table 'Blok II' 9-max Seat #5 is the button
Seat 1: Catonajack ($2.07 in chips) 
Seat 2: kAiba109 ($0.85 in chips) 
Seat 3: Dorex2007 ($2 in chips) 
Seat 4: GazzaSmyth ($4.01 in chips) 
Seat 5: enixblr ($3.68 in chips) 
Seat 6: Girasol 2015 ($1.74 in chips) 
Seat 7: Denis VP ($2.53 in chips) 
Seat 8: tayde310 ($2.21 in chips) 
Seat 9: DundeeChamp ($1.58 in chips) 
Girasol 2015: posts small blind $0.01
Denis VP: posts big blind $0.02
*** HOLE CARDS ***
Dealt to Dorex2007 [Ac 4s]
tayde310 is disconnected 
tayde310 has timed out while disconnected
tayde310: folds 
DundeeChamp: folds 
Catonajack: folds 
kAiba109: folds 
Dorex2007: folds 
GazzaSmyth: folds 
enixblr: folds 
Girasol 2015: raises $0.04 to $0.06
Denis VP: folds 
Uncalled bet ($0.04) returned to Girasol 2015
Girasol 2015 collected $0.04 from pot
*** SUMMARY ***
Total pot $0.04 | Rake $0 
Seat 1: Catonajack folded before Flop (didn't bet)
Seat 2: kAiba109 folded before Flop (didn't bet)
Seat 3: Dorex2007 folded before Flop (didn't bet)
Seat 4: GazzaSmyth folded before Flop (didn't bet)
Seat 5: enixblr (button) folded before Flop (didn't bet)
Seat 6: Girasol 2015 (small blind) collected ($0.04)
Seat 7: Denis VP (big blind) folded before Flop
Seat 8: tayde310 folded before Flop (didn't bet)
Seat 9: DundeeChamp folded before Flop (didn't bet)



PokerStars Hand #237204284679:  Hold'em No Limit ($0.01/$0.02 USD) - 2022/07/06 15:49:16 PT [2022/07/06 18:49:16 ET]
Table 'Blok II' 9-max Seat #6 is the button
Seat 1: Catonajack ($2.07 in chips) 
Seat 2: kAiba109 ($0.85 in chips) 
Seat 3: Dorex2007 ($2 in chips) 
Seat 4: GazzaSmyth ($4.01 in chips) 
Seat 5: enixblr ($3.68 in chips) 
Seat 6: Girasol 2015 ($1.76 in chips) 
Seat 7: Denis VP ($2.51 in chips) 
Seat 9: DundeeChamp ($1.58 in chips) 
Denis VP: posts small blind $0.01
DundeeChamp: posts big blind $0.02
*** HOLE CARDS ***
Dealt to Dorex2007 [Jc 8d]
Catonajack: folds 
kAiba109: folds 
Dorex2007: folds 
GazzaSmyth: folds 
enixblr: folds 
Girasol 2015: folds 
Denis VP: folds 
Uncalled bet ($0.01) returned to DundeeChamp
DundeeChamp collected $0.02 from pot
*** SUMMARY ***
Total pot $0.02 | Rake $0 
Seat 1: Catonajack folded before Flop (didn't bet)
Seat 2: kAiba109 folded before Flop (didn't bet)
Seat 3: Dorex2007 folded before Flop (didn't bet)
Seat 4: GazzaSmyth folded before Flop (didn't bet)
Seat 5: enixblr folded before Flop (didn't bet)
Seat 6: Girasol 2015 (button) folded before Flop (didn't bet)
Seat 7: Denis VP (small blind) folded before Flop
Seat 9: DundeeChamp (big blind) collected ($0.02)



PokerStars Hand #237204289557:  Hold'em No Limit ($0.01/$0.02 USD) - 2022/07/06 15:49:32 PT [2022/07/06 18:49:32 ET]
Table 'Blok II' 9-max Seat #7 is the button
Seat 1: Catonajack ($2.07 in chips) 
Seat 2: kAiba109 ($0.85 in chips) 
Seat 3: Dorex2007 ($2 in chips) 
Seat 4: GazzaSmyth ($4.01 in chips) 
Seat 5: enixblr ($3.68 in chips) 
Seat 6: Girasol 2015 ($1.76 in chips) 
Seat 7: Denis VP ($2.50 in chips) 
Seat 9: DundeeChamp ($1.59 in chips) 
DundeeChamp: posts small blind $0.01
Catonajack: posts big blind $0.02
*** HOLE CARDS ***
Dealt to Dorex2007 [Ah Jh]
kAiba109: folds 
Dorex2007: raises $0.06 to $0.08
GazzaSmyth: folds 
enixblr: folds 
Girasol 2015: folds 
Denis VP: folds 
DundeeChamp: folds 
Catonajack: folds 
Uncalled bet ($0.06) returned to Dorex2007
Dorex2007 collected $0.05 from pot
*** SUMMARY ***
Total pot $0.05 | Rake $0 
Seat 1: Catonajack (big blind) folded before Flop
Seat 2: kAiba109 folded before Flop (didn't bet)
Seat 3: Dorex2007 collected ($0.05)
Seat 4: GazzaSmyth folded before Flop (didn't bet)
Seat 5: enixblr folded before Flop (didn't bet)
Seat 6: Girasol 2015 folded before Flop (didn't bet)
Seat 7: Denis VP (button) folded before Flop (didn't bet)
Seat 9: DundeeChamp (small blind) folded before Flop



PokerStars Hand #237204298166:  Hold'em No Limit ($0.01/$0.02 USD) - 2022/07/06 15:50:01 PT [2022/07/06 18:50:01 ET]
Table 'Blok II' 9-max Seat #9 is the button
Seat 1: Catonajack ($2.05 in chips) 
Seat 2: kAiba109 ($0.85 in chips) 
Seat 3: Dorex2007 ($2.03 in chips) 
Seat 4: GazzaSmyth ($4.01 in chips) 
Seat 5: enixblr ($3.68 in chips) 
Seat 6: Girasol 2015 ($1.76 in chips) 
Seat 7: Denis VP ($2.50 in chips) 
Seat 8: tayde310 ($2.21 in chips) 
Seat 9: DundeeChamp ($1.58 in chips) 
Catonajack: posts small blind $0.01
kAiba109: posts big blind $0.02
tayde310: posts small & big blinds $0.03
*** HOLE CARDS ***
Dealt to Dorex2007 [Qd Ah]
Dorex2007: raises $0.04 to $0.06
GazzaSmyth: calls $0.06
enixblr: folds 
Girasol 2015: folds 
Denis VP: calls $0.06
tayde310: folds 
DundeeChamp: raises $0.14 to $0.20
Catonajack: folds 
kAiba109: folds 
Dorex2007: folds 
GazzaSmyth: calls $0.14
Denis VP: folds 
*** FLOP *** [9s 3d 3h]
GazzaSmyth: bets $0.18
DundeeChamp: calls $0.18
*** TURN *** [9s 3d 3h] [Th]
GazzaSmyth: bets $0.40
DundeeChamp: folds 
Uncalled bet ($0.40) returned to GazzaSmyth
GazzaSmyth collected $0.91 from pot
*** SUMMARY ***
Total pot $0.94 | Rake $0.03 
Board [9s 3d 3h Th]
Seat 1: Catonajack (small blind) folded before Flop
Seat 2: kAiba109 (big blind) folded before Flop
Seat 3: Dorex2007 folded before Flop
Seat 4: GazzaSmyth collected ($0.91)
Seat 5: enixblr folded before Flop (didn't bet)
Seat 6: Girasol 2015 folded before Flop (didn't bet)
Seat 7: Denis VP folded before Flop
Seat 8: tayde310 folded before Flop (didn't bet)
Seat 9: DundeeChamp (button) folded on the Turn



PokerStars Hand #237204319733:  Hold'em No Limit ($0.01/$0.02 USD) - 2022/07/06 15:51:15 PT [2022/07/06 18:51:15 ET]
Table 'Blok II' 9-max Seat #1 is the button
Seat 1: Catonajack ($2.04 in chips) 
Seat 2: kAiba109 ($0.83 in chips) 
Seat 3: Dorex2007 ($2 in chips) 
Seat 4: GazzaSmyth ($4.54 in chips) 
Seat 5: enixblr ($3.68 in chips) 
Seat 6: Girasol 2015 ($1.76 in chips) 
Seat 7: Denis VP ($2.44 in chips) 
Seat 8: tayde310 ($2.18 in chips) 
Seat 9: DundeeChamp ($1.20 in chips) 
kAiba109: posts small blind $0.01
Dorex2007: posts big blind $0.02
*** HOLE CARDS ***
Dealt to Dorex2007 [2d Kd]
GazzaSmyth: folds 
enixblr: raises $0.03 to $0.05
Girasol 2015: folds 
Denis VP: folds 
tayde310: folds 
DundeeChamp: calls $0.05
Catonajack: folds 
kAiba109: folds 
Dorex2007: calls $0.03
*** FLOP *** [Ts 4h 5s]
Dorex2007: checks 
enixblr: checks 
DundeeChamp: checks 
*** TURN *** [Ts 4h 5s] [3h]
Dorex2007: checks 
enixblr: checks 
DundeeChamp: checks 
*** RIVER *** [Ts 4h 5s 3h] [8d]
GazzaSmyth leaves the table
Dorex2007: checks 
tchafer2018 joins the table at seat #4 
enixblr: bets $0.11
DundeeChamp: folds 
Dorex2007: folds 
Uncalled bet ($0.11) returned to enixblr
enixblr collected $0.15 from pot
*** SUMMARY ***
Total pot $0.16 | Rake $0.01 
Board [Ts 4h 5s 3h 8d]
Seat 1: Catonajack (button) folded before Flop (didn't bet)
Seat 2: kAiba109 (small blind) folded before Flop
Seat 3: Dorex2007 (big blind) folded on the River
Seat 4: GazzaSmyth folded before Flop (didn't bet)
Seat 5: enixblr collected ($0.15)
Seat 6: Girasol 2015 folded before Flop (didn't bet)
Seat 7: Denis VP folded before Flop (didn't bet)
Seat 8: tayde310 folded before Flop (didn't bet)
Seat 9: DundeeChamp folded on the River



PokerStars Hand #237204339801:  Hold'em No Limit ($0.01/$0.02 USD) - 2022/07/06 15:52:23 PT [2022/07/06 18:52:23 ET]
Table 'Blok II' 9-max Seat #2 is the button
Seat 1: Catonajack ($2.04 in chips) 
Seat 2: kAiba109 ($0.82 in chips) 
Seat 3: Dorex2007 ($2 in chips) 
Seat 4: tchafer2018 ($1.36 in chips) 
Seat 5: enixblr ($3.78 in chips) 
Seat 6: Girasol 2015 ($1.76 in chips) 
Seat 7: Denis VP ($2.44 in chips) 
Seat 8: tayde310 ($2.18 in chips) 
Seat 9: DundeeChamp ($1.15 in chips) 
Dorex2007: posts small blind $0.01
tchafer2018: posts big blind $0.02
*** HOLE CARDS ***
Dealt to Dorex2007 [8h As]
enixblr: folds 
Girasol 2015: folds 
Denis VP: folds 
tayde310: folds 
DundeeChamp: folds 
Catonajack: folds 
kAiba109: calls $0.02
Dorex2007: folds 
tchafer2018: checks 
*** FLOP *** [Jh Tc 5s]
tchafer2018: checks 
kAiba109: bets $0.02
tchafer2018: calls $0.02
*** TURN *** [Jh Tc 5s] [9h]
tchafer2018: checks 
kAiba109: bets $0.04
tchafer2018: calls $0.04
*** RIVER *** [Jh Tc 5s 9h] [Jc]
tchafer2018: checks 
kAiba109: bets $0.06
tchafer2018: folds 
Uncalled bet ($0.06) returned to kAiba109
kAiba109 collected $0.16 from pot
*** SUMMARY ***
Total pot $0.17 | Rake $0.01 
Board [Jh Tc 5s 9h Jc]
Seat 1: Catonajack folded before Flop (didn't bet)
Seat 2: kAiba109 (button) collected ($0.16)
Seat 3: Dorex2007 (small blind) folded before Flop
Seat 4: tchafer2018 (big blind) folded on the River
Seat 5: enixblr folded before Flop (didn't bet)
Seat 6: Girasol 2015 folded before Flop (didn't bet)
Seat 7: Denis VP folded before Flop (didn't bet)
Seat 8: tayde310 folded before Flop (didn't bet)
Seat 9: DundeeChamp folded before Flop (didn't bet)



PokerStars Hand #237204355177:  Hold'em No Limit ($0.01/$0.02 USD) - 2022/07/06 15:53:15 PT [2022/07/06 18:53:15 ET]
Table 'Blok II' 9-max Seat #3 is the button
Seat 1: Catonajack ($2.04 in chips) 
Seat 2: kAiba109 ($0.90 in chips) 
Seat 3: Dorex2007 ($2 in chips) 
Seat 4: tchafer2018 ($1.28 in chips) 
Seat 5: enixblr ($3.78 in chips) 
Seat 6: Girasol 2015 ($1.76 in chips) 
Seat 7: Denis VP ($2.44 in chips) 
Seat 8: tayde310 ($2.18 in chips) 
Seat 9: DundeeChamp ($1.15 in chips) 
tchafer2018: posts small blind $0.01
enixblr: posts big blind $0.02
*** HOLE CARDS ***
Dealt to Dorex2007 [3h Kd]
Girasol 2015: raises $0.04 to $0.06
Denis VP: folds 
tayde310: folds 
DundeeChamp: folds 
Catonajack: folds 
kAiba109: folds 
Dorex2007: folds 
tchafer2018: raises $0.14 to $0.20
enixblr: folds 
Girasol 2015: calls $0.14
*** FLOP *** [Qc Qs 6c]
tchafer2018: bets $1.08 and is all-in
Girasol 2015: folds 
Uncalled bet ($1.08) returned to tchafer2018
tchafer2018 collected $0.41 from pot
*** SUMMARY ***
Total pot $0.42 | Rake $0.01 
Board [Qc Qs 6c]
Seat 1: Catonajack folded before Flop (didn't bet)
Seat 2: kAiba109 folded before Flop (didn't bet)
Seat 3: Dorex2007 (button) folded before Flop (didn't bet)
Seat 4: tchafer2018 (small blind) collected ($0.41)
Seat 5: enixblr (big blind) folded before Flop
Seat 6: Girasol 2015 folded on the Flop
Seat 7: Denis VP folded before Flop (didn't bet)
Seat 8: tayde310 folded before Flop (didn't bet)
Seat 9: DundeeChamp folded before Flop (didn't bet)



PokerStars Hand #237204362695:  Hold'em No Limit ($0.01/$0.02 USD) - 2022/07/06 15:53:41 PT [2022/07/06 18:53:41 ET]
Table 'Blok II' 9-max Seat #4 is the button
Seat 1: Catonajack ($2.04 in chips) 
Seat 2: kAiba109 ($0.90 in chips) 
Seat 3: Dorex2007 ($2 in chips) 
Seat 4: tchafer2018 ($1.49 in chips) 
Seat 5: enixblr ($3.76 in chips) 
Seat 6: Girasol 2015 ($1.56 in chips) 
Seat 7: Denis VP ($2.44 in chips) 
Seat 8: tayde310 ($2.18 in chips) 
Seat 9: DundeeChamp ($1.15 in chips) 
enixblr: posts small blind $0.01
Girasol 2015: posts big blind $0.02
*** HOLE CARDS ***
Dealt to Dorex2007 [9d 9c]
Denis VP: raises $0.04 to $0.06
tayde310: folds 
DundeeChamp: calls $0.06
Catonajack: folds 
kAiba109: folds 
Dorex2007: calls $0.06
tchafer2018: folds 
tchafer2018 leaves the table
enixblr: folds 
Girasol 2015: folds 
*** FLOP *** [Qd As 5s]
Denis VP: bets $0.08
CPS2017 joins the table at seat #4 
DundeeChamp: calls $0.08
Dorex2007: folds 
*** TURN *** [Qd As 5s] [Jc]
Denis VP: checks 
DundeeChamp: bets $0.10
Denis VP: calls $0.10
*** RIVER *** [Qd As 5s Jc] [Tc]
Denis VP: bets $0.55
DundeeChamp: calls $0.55
*** SHOW DOWN ***
Denis VP: shows [Qh Kh] (a straight, Ten to Ace)
DundeeChamp: mucks hand 
Denis VP collected $1.61 from pot
*** SUMMARY ***
Total pot $1.67 | Rake $0.06 
Board [Qd As 5s Jc Tc]
Seat 1: Catonajack folded before Flop (didn't bet)
Seat 2: kAiba109 folded before Flop (didn't bet)
Seat 3: Dorex2007 folded on the Flop
Seat 4: tchafer2018 (button) folded before Flop (didn't bet)
Seat 5: enixblr (small blind) folded before Flop
Seat 6: Girasol 2015 (big blind) folded before Flop
Seat 7: Denis VP showed [Qh Kh] and won ($1.61) with a straight, Ten to Ace
Seat 8: tayde310 folded before Flop (didn't bet)
Seat 9: DundeeChamp mucked [5c Ac]



PokerStars Hand #237204383174:  Hold'em No Limit ($0.01/$0.02 USD) - 2022/07/06 15:54:52 PT [2022/07/06 18:54:52 ET]
Table 'Blok II' 9-max Seat #5 is the button
Seat 1: Catonajack ($2.04 in chips) 
Seat 2: kAiba109 ($0.90 in chips) 
Seat 3: Dorex2007 ($2 in chips) 
Seat 4: CPS2017 ($1 in chips) 
Seat 5: enixblr ($3.75 in chips) 
Seat 6: Girasol 2015 ($1.54 in chips) 
Seat 7: Denis VP ($3.26 in chips) 
Seat 8: tayde310 ($2.18 in chips) 
Seat 9: DundeeChamp ($0.36 in chips) 
Girasol 2015: posts small blind $0.01
Denis VP: posts big blind $0.02
CPS2017: posts big blind $0.02
*** HOLE CARDS ***
Dealt to Dorex2007 [6d 4c]
tayde310: folds 
DundeeChamp: folds 
DundeeChamp leaves the table
Catonajack: folds 
kAiba109: calls $0.02
Dorex2007: folds 
CPS2017: checks 
enixblr: folds 
Girasol 2015: calls $0.01
Denis VP: checks 
*** FLOP *** [Kh 5c 7h]
Girasol 2015: checks 
pedz6 joins the table at seat #9 
Denis VP: checks 
kAiba109: bets $0.02
CPS2017: folds 
Girasol 2015: calls $0.02
Denis VP: folds 
*** TURN *** [Kh 5c 7h] [3s]
Girasol 2015: bets $0.10
kAiba109: calls $0.10
*** RIVER *** [Kh 5c 7h 3s] [9c]
Girasol 2015: bets $0.31
kAiba109: raises $0.45 to $0.76 and is all-in
Girasol 2015: calls $0.45
*** SHOW DOWN ***
kAiba109: shows [7s 7d] (three of a kind, Sevens)
Girasol 2015: shows [Ks 3h] (two pair, Kings and Threes)
kAiba109 collected $1.78 from pot
*** SUMMARY ***
Total pot $1.84 | Rake $0.06 
Board [Kh 5c 7h 3s 9c]
Seat 1: Catonajack folded before Flop (didn't bet)
Seat 2: kAiba109 showed [7s 7d] and won ($1.78) with three of a kind, Sevens
Seat 3: Dorex2007 folded before Flop (didn't bet)
Seat 4: CPS2017 folded on the Flop (didn't bet)
Seat 5: enixblr (button) folded before Flop (didn't bet)
Seat 6: Girasol 2015 (small blind) showed [Ks 3h] and lost with two pair, Kings and Threes
Seat 7: Denis VP (big blind) folded on the Flop
Seat 8: tayde310 folded before Flop (didn't bet)
Seat 9: DundeeChamp folded before Flop (didn't bet)



PokerStars Hand #237204403899:  Hold'em No Limit ($0.01/$0.02 USD) - 2022/07/06 15:56:15 PT [2022/07/06 18:56:15 ET]
Table 'Blok II' 9-max Seat #6 is the button
Seat 1: Catonajack ($2.04 in chips) 
Seat 2: kAiba109 ($1.78 in chips) 
Seat 3: Dorex2007 ($2 in chips) 
Seat 4: CPS2017 ($0.98 in chips) 
Seat 5: enixblr ($3.75 in chips) 
Seat 6: Girasol 2015 ($0.64 in chips) 
Seat 7: Denis VP ($3.24 in chips) 
Seat 8: tayde310 ($2.18 in chips) 
Seat 9: pedz6 ($1.60 in chips) 
Denis VP: posts small blind $0.01
tayde310: posts big blind $0.02
pedz6: posts big blind $0.02
*** HOLE CARDS ***
Dealt to Dorex2007 [6d 2c]
pedz6: checks 
Catonajack: folds 
kAiba109: folds 
Dorex2007: folds 
CPS2017: folds 
enixblr: folds 
Girasol 2015: folds 
Denis VP: folds 
tayde310: checks 
*** FLOP *** [Ks 5s 4c]
tayde310: checks 
pedz6: checks 
*** TURN *** [Ks 5s 4c] [Jh]
tayde310: checks 
pedz6: checks 
*** RIVER *** [Ks 5s 4c Jh] [6s]
tayde310: bets $0.03
pedz6: folds 
Uncalled bet ($0.03) returned to tayde310
tayde310 collected $0.05 from pot
*** SUMMARY ***
Total pot $0.05 | Rake $0 
Board [Ks 5s 4c Jh 6s]
Seat 1: Catonajack folded before Flop (didn't bet)
Seat 2: kAiba109 folded before Flop (didn't bet)
Seat 3: Dorex2007 folded before Flop (didn't bet)
Seat 4: CPS2017 folded before Flop (didn't bet)
Seat 5: enixblr folded before Flop (didn't bet)
Seat 6: Girasol 2015 (button) folded before Flop (didn't bet)
Seat 7: Denis VP (small blind) folded before Flop
Seat 8: tayde310 (big blind) collected ($0.05)
Seat 9: pedz6 folded on the River (didn't bet)



PokerStars Hand #237204418903:  Hold'em No Limit ($0.01/$0.02 USD) - 2022/07/06 15:57:19 PT [2022/07/06 18:57:19 ET]
Table 'Blok II' 9-max Seat #7 is the button
Seat 1: Catonajack ($2.04 in chips) 
Seat 2: kAiba109 ($1.78 in chips) 
Seat 3: Dorex2007 ($2 in chips) 
Seat 4: CPS2017 ($0.98 in chips) 
Seat 5: enixblr ($3.75 in chips) 
Seat 6: Girasol 2015 ($0.64 in chips) 
Seat 7: Denis VP ($3.23 in chips) 
Seat 8: tayde310 ($2.21 in chips) 
Seat 9: pedz6 ($1.58 in chips) 
tayde310: posts small blind $0.01
pedz6: posts big blind $0.02
*** HOLE CARDS ***
Dealt to Dorex2007 [2c 9h]
Catonajack: folds 
kAiba109: folds 
Dorex2007: folds 
CPS2017: folds 
enixblr: folds 
kAiba109 leaves the table
Girasol 2015: raises $0.04 to $0.06
Denis VP: raises $0.15 to $0.21
tayde310: folds 
pedz6: folds 
Girasol 2015: calls $0.15
*** FLOP *** [9d 8s 9c]
javierabeja joins the table at seat #2 
Girasol 2015: bets $0.43 and is all-in
Denis VP: folds 
Uncalled bet ($0.43) returned to Girasol 2015
Girasol 2015 collected $0.43 from pot
*** SUMMARY ***
Total pot $0.45 | Rake $0.02 
Board [9d 8s 9c]
Seat 1: Catonajack folded before Flop (didn't bet)
Seat 2: kAiba109 folded before Flop (didn't bet)
Seat 3: Dorex2007 folded before Flop (didn't bet)
Seat 4: CPS2017 folded before Flop (didn't bet)
Seat 5: enixblr folded before Flop (didn't bet)
Seat 6: Girasol 2015 collected ($0.43)
Seat 7: Denis VP (button) folded on the Flop
Seat 8: tayde310 (small blind) folded before Flop
Seat 9: pedz6 (big blind) folded before Flop



PokerStars Hand #237204431561:  Hold'em No Limit ($0.01/$0.02 USD) - 2022/07/06 15:58:12 PT [2022/07/06 18:58:12 ET]
Table 'Blok II' 9-max Seat #8 is the button
Seat 1: Catonajack ($2.04 in chips) 
Seat 2: javierabeja ($2 in chips) 
Seat 3: Dorex2007 ($2 in chips) 
Seat 4: CPS2017 ($0.98 in chips) 
Seat 5: enixblr ($3.75 in chips) 
Seat 6: Girasol 2015 ($0.86 in chips) 
Seat 7: Denis VP ($3.02 in chips) 
Seat 8: tayde310 ($2.20 in chips) 
Seat 9: pedz6 ($1.56 in chips) 
pedz6: posts small blind $0.01
Catonajack: posts big blind $0.02
javierabeja: posts big blind $0.02
*** HOLE CARDS ***
Dealt to Dorex2007 [2c Qh]
javierabeja: checks 
Dorex2007: folds 
CPS2017: folds 
enixblr: folds 
Girasol 2015: folds 
Denis VP: folds 
tayde310: folds 
pedz6: calls $0.01
Catonajack: checks 
*** FLOP *** [Qd 9h 2s]
pedz6: checks 
Catonajack: checks 
javierabeja: checks 
*** TURN *** [Qd 9h 2s] [6s]
pedz6: checks 
Catonajack: bets $0.03
javierabeja: calls $0.03
pedz6: folds 
*** RIVER *** [Qd 9h 2s 6s] [8h]
Catonajack: checks 
javierabeja: checks 
*** SHOW DOWN ***
Catonajack: shows [9d 5c] (a pair of Nines)
javierabeja: mucks hand 
Catonajack collected $0.12 from pot
*** SUMMARY ***
Total pot $0.12 | Rake $0 
Board [Qd 9h 2s 6s 8h]
Seat 1: Catonajack (big blind) showed [9d 5c] and won ($0.12) with a pair of Nines
Seat 2: javierabeja mucked [6c 3d]
Seat 3: Dorex2007 folded before Flop (didn't bet)
Seat 4: CPS2017 folded before Flop (didn't bet)
Seat 5: enixblr folded before Flop (didn't bet)
Seat 6: Girasol 2015 folded before Flop (didn't bet)
Seat 7: Denis VP folded before Flop (didn't bet)
Seat 8: tayde310 (button) folded before Flop (didn't bet)
Seat 9: pedz6 (small blind) folded on the Turn



PokerStars Hand #237204442424:  Hold'em No Limit ($0.01/$0.02 USD) - 2022/07/06 15:58:59 PT [2022/07/06 18:58:59 ET]
Table 'Blok II' 9-max Seat #9 is the button
Seat 1: Catonajack ($2.11 in chips) 
Seat 2: javierabeja ($1.95 in chips) 
Seat 3: Dorex2007 ($2 in chips) 
Seat 4: CPS2017 ($0.98 in chips) 
Seat 5: enixblr ($3.75 in chips) 
Seat 6: Girasol 2015 ($0.86 in chips) 
Seat 7: Denis VP ($3.02 in chips) 
Seat 8: tayde310 ($2.20 in chips) 
Seat 9: pedz6 ($1.54 in chips) 
Catonajack: posts small blind $0.01
javierabeja: posts big blind $0.02
*** HOLE CARDS ***
Dealt to Dorex2007 [3d 2h]
Dorex2007: folds 
CPS2017 has timed out
CPS2017: folds 
enixblr: folds 
Girasol 2015: raises $0.02 to $0.04
Denis VP: folds 
tayde310: folds 
pedz6: folds 
Catonajack: folds 
javierabeja: calls $0.02
*** FLOP *** [6h 6d 5d]
javierabeja: checks 
Girasol 2015: bets $0.04
javierabeja: folds 
Uncalled bet ($0.04) returned to Girasol 2015
Girasol 2015 collected $0.09 from pot
*** SUMMARY ***
Total pot $0.09 | Rake $0 
Board [6h 6d 5d]
Seat 1: Catonajack (small blind) folded before Flop
Seat 2: javierabeja (big blind) folded on the Flop
Seat 3: Dorex2007 folded before Flop (didn't bet)
Seat 4: CPS2017 folded before Flop (didn't bet)
Seat 5: enixblr folded before Flop (didn't bet)
Seat 6: Girasol 2015 collected ($0.09)
Seat 7: Denis VP folded before Flop (didn't bet)
Seat 8: tayde310 folded before Flop (didn't bet)
Seat 9: pedz6 (button) folded before Flop (didn't bet)



PokerStars Hand #237204454043:  Hold'em No Limit ($0.01/$0.02 USD) - 2022/07/06 15:59:49 PT [2022/07/06 18:59:49 ET]
Table 'Blok II' 9-max Seat #1 is the button
Seat 1: Catonajack ($2.10 in chips) 
Seat 2: javierabeja ($1.91 in chips) 
Seat 3: Dorex2007 ($2 in chips) 
Seat 5: enixblr ($3.75 in chips) 
Seat 6: Girasol 2015 ($0.91 in chips) 
Seat 7: Denis VP ($3.02 in chips) 
Seat 8: tayde310 ($2.20 in chips) 
Seat 9: pedz6 ($1.54 in chips) 
javierabeja: posts small blind $0.01
Dorex2007: posts big blind $0.02
*** HOLE CARDS ***
Dealt to Dorex2007 [8s Qd]
enixblr: folds 
Girasol 2015: folds 
Denis VP: raises $0.04 to $0.06
tayde310: folds 
pedz6: folds 
Catonajack: folds 
javierabeja: folds 
Dorex2007: folds 
Uncalled bet ($0.04) returned to Denis VP
Denis VP collected $0.05 from pot
*** SUMMARY ***
Total pot $0.05 | Rake $0 
Seat 1: Catonajack (button) folded before Flop (didn't bet)
Seat 2: javierabeja (small blind) folded before Flop
Seat 3: Dorex2007 (big blind) folded before Flop
Seat 5: enixblr folded before Flop (didn't bet)
Seat 6: Girasol 2015 folded before Flop (didn't bet)
Seat 7: Denis VP collected ($0.05)
Seat 8: tayde310 folded before Flop (didn't bet)
Seat 9: pedz6 folded before Flop (didn't bet)



PokerStars Hand #237204459846:  Hold'em No Limit ($0.01/$0.02 USD) - 2022/07/06 16:00:13 PT [2022/07/06 19:00:13 ET]
Table 'Blok II' 9-max Seat #2 is the button
Seat 1: Catonajack ($2.10 in chips) 
Seat 2: javierabeja ($1.90 in chips) 
Seat 3: Dorex2007 ($2 in chips) 
Seat 5: enixblr ($3.75 in chips) 
Seat 6: Girasol 2015 ($0.91 in chips) 
Seat 7: Denis VP ($3.05 in chips) 
Seat 8: tayde310 ($2.20 in chips) 
Seat 9: pedz6 ($1.54 in chips) 
Dorex2007: posts small blind $0.01
enixblr: posts big blind $0.02
*** HOLE CARDS ***
Dealt to Dorex2007 [4h 5d]
Girasol 2015: folds 
Denis VP: raises $0.05 to $0.07
tayde310: folds 
pedz6: folds 
Catonajack: folds 
javierabeja: calls $0.07
Dorex2007: folds 
enixblr: calls $0.05
*** FLOP *** [8h 9d Qh]
enixblr: checks 
Denis VP: bets $0.21
javierabeja: folds 
enixblr: folds 
Uncalled bet ($0.21) returned to Denis VP
Denis VP collected $0.21 from pot
*** SUMMARY ***
Total pot $0.22 | Rake $0.01 
Board [8h 9d Qh]
Seat 1: Catonajack folded before Flop (didn't bet)
Seat 2: javierabeja (button) folded on the Flop
Seat 3: Dorex2007 (small blind) folded before Flop
Seat 5: enixblr (big blind) folded on the Flop
Seat 6: Girasol 2015 folded before Flop (didn't bet)
Seat 7: Denis VP collected ($0.21)
Seat 8: tayde310 folded before Flop (didn't bet)
Seat 9: pedz6 folded before Flop (didn't bet)



PokerStars Hand #237204470196:  Hold'em No Limit ($0.01/$0.02 USD) - 2022/07/06 16:00:55 PT [2022/07/06 19:00:55 ET]
Table 'Blok II' 9-max Seat #3 is the button
Seat 1: Catonajack ($2.10 in chips) 
Seat 2: javierabeja ($1.83 in chips) 
Seat 3: Dorex2007 ($2 in chips) 
Seat 5: enixblr ($3.68 in chips) 
Seat 6: Girasol 2015 ($0.91 in chips) 
Seat 7: Denis VP ($3.19 in chips) 
Seat 8: tayde310 ($2.20 in chips) 
Seat 9: pedz6 ($1.54 in chips) 
enixblr: posts small blind $0.01
Girasol 2015: posts big blind $0.02
*** HOLE CARDS ***
Dealt to Dorex2007 [Qh 7c]
Denis VP: folds 
tayde310: folds 
pedz6: folds 
Catonajack: folds 
javierabeja: calls $0.02
Dorex2007: folds 
enixblr: folds 
Girasol 2015: checks 
*** FLOP *** [Ad Kd Qs]
Girasol 2015: checks 
javierabeja: checks 
*** TURN *** [Ad Kd Qs] [6h]
Girasol 2015: checks 
javierabeja: checks 
*** RIVER *** [Ad Kd Qs 6h] [Ah]
Girasol 2015: checks 
javierabeja: checks 
*** SHOW DOWN ***
Girasol 2015: shows [6s 5s] (two pair, Aces and Sixes)
javierabeja: mucks hand 
Girasol 2015 collected $0.05 from pot
*** SUMMARY ***
Total pot $0.05 | Rake $0 
Board [Ad Kd Qs 6h Ah]
Seat 1: Catonajack folded before Flop (didn't bet)
Seat 2: javierabeja mucked [2c 4c]
Seat 3: Dorex2007 (button) folded before Flop (didn't bet)
Seat 5: enixblr (small blind) folded before Flop
Seat 6: Girasol 2015 (big blind) showed [6s 5s] and won ($0.05) with two pair, Aces and Sixes
Seat 7: Denis VP folded before Flop (didn't bet)
Seat 8: tayde310 folded before Flop (didn't bet)
Seat 9: pedz6 folded before Flop (didn't bet)



PokerStars Hand #237204483682:  Hold'em No Limit ($0.01/$0.02 USD) - 2022/07/06 16:01:45 PT [2022/07/06 19:01:45 ET]
Table 'Blok II' 9-max Seat #5 is the button
Seat 1: Catonajack ($2.10 in chips) 
Seat 2: javierabeja ($1.81 in chips) 
Seat 3: Dorex2007 ($2 in chips) 
Seat 4: CPS2017 ($0.98 in chips) 
Seat 5: enixblr ($3.67 in chips) 
Seat 6: Girasol 2015 ($0.94 in chips) 
Seat 7: Denis VP ($3.19 in chips) 
Seat 8: tayde310 ($2.20 in chips) 
Seat 9: pedz6 ($1.54 in chips) 
Girasol 2015: posts small blind $0.01
Denis VP: posts big blind $0.02
CPS2017: posts small & big blinds $0.03
*** HOLE CARDS ***
Dealt to Dorex2007 [6h 8c]
tayde310: folds 
pedz6: folds 
Catonajack: raises $0.02 to $0.04
javierabeja: folds 
Dorex2007: folds 
CPS2017: calls $0.02
enixblr: folds 
Girasol 2015: calls $0.03
Denis VP: folds 
*** FLOP *** [6s 6c 3c]
Girasol 2015: checks 
Catonajack: checks 
CPS2017: checks 
*** TURN *** [6s 6c 3c] [Jh]
Girasol 2015: bets $0.07
Catonajack: calls $0.07
CPS2017: calls $0.07
*** RIVER *** [6s 6c 3c Jh] [Ts]
Girasol 2015: checks 
Catonajack: checks 
CPS2017: checks 
*** SHOW DOWN ***
Girasol 2015: shows [Kc Tc] (two pair, Tens and Sixes)
Catonajack: shows [9s Jc] (two pair, Jacks and Sixes)
CPS2017: mucks hand 
Catonajack collected $0.35 from pot
*** SUMMARY ***
Total pot $0.36 | Rake $0.01 
Board [6s 6c 3c Jh Ts]
Seat 1: Catonajack showed [9s Jc] and won ($0.35) with two pair, Jacks and Sixes
Seat 2: javierabeja folded before Flop (didn't bet)
Seat 3: Dorex2007 folded before Flop (didn't bet)
Seat 4: CPS2017 mucked [As 3s]
Seat 5: enixblr (button) folded before Flop (didn't bet)
Seat 6: Girasol 2015 (small blind) showed [Kc Tc] and lost with two pair, Tens and Sixes
Seat 7: Denis VP (big blind) folded before Flop
Seat 8: tayde310 folded before Flop (didn't bet)
Seat 9: pedz6 folded before Flop (didn't bet)



PokerStars Hand #237204503917:  Hold'em No Limit ($0.01/$0.02 USD) - 2022/07/06 16:02:59 PT [2022/07/06 19:02:59 ET]
Table 'Blok II' 9-max Seat #6 is the button
Seat 1: Catonajack ($2.34 in chips) 
Seat 2: javierabeja ($1.81 in chips) 
Seat 3: Dorex2007 ($2 in chips) 
Seat 4: CPS2017 ($0.86 in chips) 
Seat 5: enixblr ($3.67 in chips) 
Seat 6: Girasol 2015 ($0.83 in chips) 
Seat 7: Denis VP ($3.17 in chips) 
Seat 8: tayde310 ($2.20 in chips) 
Seat 9: pedz6 ($1.54 in chips) 
Denis VP: posts small blind $0.01
tayde310: posts big blind $0.02
*** HOLE CARDS ***
Dealt to Dorex2007 [3h Ah]
pedz6: folds 
Catonajack: folds 
javierabeja: calls $0.02
Dorex2007: calls $0.02
CPS2017: folds 
enixblr: folds 
Girasol 2015: raises $0.10 to $0.12
Denis VP: folds 
tayde310: folds 
javierabeja: folds 
Dorex2007: folds 
Uncalled bet ($0.10) returned to Girasol 2015
Girasol 2015 collected $0.09 from pot
*** SUMMARY ***
Total pot $0.09 | Rake $0 
Seat 1: Catonajack folded before Flop (didn't bet)
Seat 2: javierabeja folded before Flop
Seat 3: Dorex2007 folded before Flop
Seat 4: CPS2017 folded before Flop (didn't bet)
Seat 5: enixblr folded before Flop (didn't bet)
Seat 6: Girasol 2015 (button) collected ($0.09)
Seat 7: Denis VP (small blind) folded before Flop
Seat 8: tayde310 (big blind) folded before Flop
Seat 9: pedz6 folded before Flop (didn't bet)



PokerStars Hand #237204515859:  Hold'em No Limit ($0.01/$0.02 USD) - 2022/07/06 16:03:41 PT [2022/07/06 19:03:41 ET]
Table 'Blok II' 9-max Seat #7 is the button
Seat 1: Catonajack ($2.34 in chips) 
Seat 2: javierabeja ($1.79 in chips) 
Seat 3: Dorex2007 ($2 in chips) 
Seat 4: CPS2017 ($0.86 in chips) 
Seat 5: enixblr ($3.67 in chips) 
Seat 6: Girasol 2015 ($0.90 in chips) 
Seat 7: Denis VP ($3.16 in chips) 
Seat 8: tayde310 ($2.18 in chips) 
Seat 9: pedz6 ($1.54 in chips) 
tayde310: posts small blind $0.01
pedz6: posts big blind $0.02
*** HOLE CARDS ***
Dealt to Dorex2007 [Ah Qd]
Catonajack: folds 
javierabeja: folds 
Dorex2007: raises $0.04 to $0.06
CPS2017: calls $0.06
enixblr: folds 
Girasol 2015: calls $0.06
Denis VP: folds 
tayde310: folds 
pedz6: folds 
*** FLOP *** [Ac 3s 7c]
Dorex2007: bets $0.10
CPS2017: folds 
Girasol 2015: calls $0.10
*** TURN *** [Ac 3s 7c] [6s]
Dorex2007: bets $0.20
Girasol 2015: raises $0.54 to $0.74 and is all-in
Dorex2007: calls $0.54
*** RIVER *** [Ac 3s 7c 6s] [Jd]
*** SHOW DOWN ***
Dorex2007: shows [Ah Qd] (a pair of Aces)
Girasol 2015: shows [7d 6d] (two pair, Sevens and Sixes)
Girasol 2015 collected $1.82 from pot
*** SUMMARY ***
Total pot $1.89 | Rake $0.07 
Board [Ac 3s 7c 6s Jd]
Seat 1: Catonajack folded before Flop (didn't bet)
Seat 2: javierabeja folded before Flop (didn't bet)
Seat 3: Dorex2007 showed [Ah Qd] and lost with a pair of Aces
Seat 4: CPS2017 folded on the Flop
Seat 5: enixblr folded before Flop (didn't bet)
Seat 6: Girasol 2015 showed [7d 6d] and won ($1.82) with two pair, Sevens and Sixes
Seat 7: Denis VP (button) folded before Flop (didn't bet)
Seat 8: tayde310 (small blind) folded before Flop
Seat 9: pedz6 (big blind) folded before Flop



PokerStars Hand #237204538676:  Hold'em No Limit ($0.01/$0.02 USD) - 2022/07/06 16:05:03 PT [2022/07/06 19:05:03 ET]
Table 'Blok II' 9-max Seat #8 is the button
Seat 1: Catonajack ($2.34 in chips) 
Seat 2: javierabeja ($1.79 in chips) 
Seat 3: Dorex2007 ($2 in chips) 
Seat 4: CPS2017 ($0.80 in chips) 
Seat 5: enixblr ($3.67 in chips) 
Seat 6: Girasol 2015 ($1.82 in chips) 
Seat 7: Denis VP ($3.16 in chips) 
Seat 8: tayde310 ($2.17 in chips) 
Seat 9: pedz6 ($1.52 in chips) 
pedz6: posts small blind $0.01
Catonajack: posts big blind $0.02
*** HOLE CARDS ***
Dealt to Dorex2007 [5c Kd]
javierabeja: calls $0.02
Dorex2007: folds 
CPS2017: calls $0.02
enixblr: folds 
Girasol 2015: folds 
Denis VP: folds 
tayde310: raises $0.07 to $0.09
pedz6: folds 
Catonajack: folds 
javierabeja: calls $0.07
CPS2017: folds 
*** FLOP *** [8h Ad 7d]
javierabeja: checks 
tayde310: bets $0.10
javierabeja: folds 
Uncalled bet ($0.10) returned to tayde310
tayde310 collected $0.22 from pot
*** SUMMARY ***
Total pot $0.23 | Rake $0.01 
Board [8h Ad 7d]
Seat 1: Catonajack (big blind) folded before Flop
Seat 2: javierabeja folded on the Flop
Seat 3: Dorex2007 folded before Flop (didn't bet)
Seat 4: CPS2017 folded before Flop
Seat 5: enixblr folded before Flop (didn't bet)
Seat 6: Girasol 2015 folded before Flop (didn't bet)
Seat 7: Denis VP folded before Flop (didn't bet)
Seat 8: tayde310 (button) collected ($0.22)
Seat 9: pedz6 (small blind) folded before Flop



PokerStars Hand #237204566564:  Hold'em No Limit ($0.01/$0.02 USD) - 2022/07/06 16:06:23 PT [2022/07/06 19:06:23 ET]
Table 'Blok II' 9-max Seat #9 is the button
Seat 1: Catonajack ($2.32 in chips) 
Seat 2: javierabeja ($1.70 in chips) 
Seat 3: Dorex2007 ($2 in chips) 
Seat 4: CPS2017 ($0.78 in chips) 
Seat 5: enixblr ($3.67 in chips) 
Seat 6: Girasol 2015 ($1.82 in chips) 
Seat 7: Denis VP ($3.16 in chips) 
Seat 8: tayde310 ($2.30 in chips) 
Seat 9: pedz6 ($1.51 in chips) 
Catonajack: posts small blind $0.01
javierabeja: posts big blind $0.02
*** HOLE CARDS ***
Dealt to Dorex2007 [9c 9s]
Dorex2007: raises $0.04 to $0.06
CPS2017: folds 
enixblr: folds 
Girasol 2015: folds 
Denis VP: calls $0.06
tayde310: folds 
pedz6: folds 
Catonajack: folds 
javierabeja: folds 
*** FLOP *** [8h As Qh]
Dorex2007: checks 
Denis VP: checks 
*** TURN *** [8h As Qh] [5c]
Dorex2007: checks 
Denis VP: checks 
*** RIVER *** [8h As Qh 5c] [3d]
Dorex2007: bets $0.07
Denis VP: calls $0.07
*** SHOW DOWN ***
Dorex2007: shows [9c 9s] (a pair of Nines)
Denis VP: shows [Jh Jc] (a pair of Jacks)
Denis VP collected $0.28 from pot
*** SUMMARY ***
Total pot $0.29 | Rake $0.01 
Board [8h As Qh 5c 3d]
Seat 1: Catonajack (small blind) folded before Flop
Seat 2: javierabeja (big blind) folded before Flop
Seat 3: Dorex2007 showed [9c 9s] and lost with a pair of Nines
Seat 4: CPS2017 folded before Flop (didn't bet)
Seat 5: enixblr folded before Flop (didn't bet)
Seat 6: Girasol 2015 folded before Flop (didn't bet)
Seat 7: Denis VP showed [Jh Jc] and won ($0.28) with a pair of Jacks
Seat 8: tayde310 folded before Flop (didn't bet)
Seat 9: pedz6 (button) folded before Flop (didn't bet)



PokerStars Hand #237204577700:  Hold'em No Limit ($0.01/$0.02 USD) - 2022/07/06 16:07:03 PT [2022/07/06 19:07:03 ET]
Table 'Blok II' 9-max Seat #1 is the button
Seat 1: Catonajack ($2.31 in chips) 
Seat 2: javierabeja ($1.68 in chips) 
Seat 3: Dorex2007 ($2 in chips) 
Seat 4: CPS2017 ($0.78 in chips) 
Seat 5: enixblr ($3.67 in chips) 
Seat 6: Girasol 2015 ($1.82 in chips) 
Seat 7: Denis VP ($3.31 in chips) 
Seat 8: tayde310 ($2.30 in chips) 
Seat 9: pedz6 ($1.51 in chips) 
javierabeja: posts small blind $0.01
Dorex2007: posts big blind $0.02
*** HOLE CARDS ***
Dealt to Dorex2007 [Kh 3c]
CPS2017: folds 
enixblr: folds 
Girasol 2015: folds 
Denis VP: folds 
tayde310: folds 
pedz6: calls $0.02
Catonajack: folds 
javierabeja: calls $0.01
Dorex2007: checks 
*** FLOP *** [7s Jc 6c]
javierabeja: bets $0.04
Dorex2007: folds 
pedz6: calls $0.04
*** TURN *** [7s Jc 6c] [Ac]
javierabeja: checks 
pedz6: bets $0.04
javierabeja: calls $0.04
*** RIVER *** [7s Jc 6c Ac] [9d]
javierabeja: bets $0.21
pedz6: folds 
Uncalled bet ($0.21) returned to javierabeja
javierabeja collected $0.21 from pot
*** SUMMARY ***
Total pot $0.22 | Rake $0.01 
Board [7s Jc 6c Ac 9d]
Seat 1: Catonajack (button) folded before Flop (didn't bet)
Seat 2: javierabeja (small blind) collected ($0.21)
Seat 3: Dorex2007 (big blind) folded on the Flop
Seat 4: CPS2017 folded before Flop (didn't bet)
Seat 5: enixblr folded before Flop (didn't bet)
Seat 6: Girasol 2015 folded before Flop (didn't bet)
Seat 7: Denis VP folded before Flop (didn't bet)
Seat 8: tayde310 folded before Flop (didn't bet)
Seat 9: pedz6 folded on the River



PokerStars Hand #237204591776:  Hold'em No Limit ($0.01/$0.02 USD) - 2022/07/06 16:07:54 PT [2022/07/06 19:07:54 ET]
Table 'Blok II' 9-max Seat #2 is the button
Seat 1: Catonajack ($2.31 in chips) 
Seat 2: javierabeja ($1.79 in chips) 
Seat 3: Dorex2007 ($2 in chips) 
Seat 4: CPS2017 ($0.78 in chips) 
Seat 5: enixblr ($3.67 in chips) 
Seat 6: Girasol 2015 ($1.82 in chips) 
Seat 7: Denis VP ($3.31 in chips) 
Seat 8: tayde310 ($2.30 in chips) 
Seat 9: pedz6 ($1.41 in chips) 
Dorex2007: posts small blind $0.01
CPS2017: posts big blind $0.02
*** HOLE CARDS ***
Dealt to Dorex2007 [Tc 5c]
enixblr: folds 
Girasol 2015: folds 
Denis VP: folds 
tayde310: folds 
pedz6 has timed out
pedz6: folds 
Catonajack: folds 
javierabeja: raises $0.02 to $0.04
Dorex2007: folds 
CPS2017: calls $0.02
*** FLOP *** [Jc Kd Qd]
CPS2017: checks 
javierabeja: checks 
*** TURN *** [Jc Kd Qd] [Ts]
CPS2017: bets $0.10
javierabeja: raises $0.29 to $0.39
CPS2017: raises $0.35 to $0.74 and is all-in
javierabeja: calls $0.35
*** RIVER *** [Jc Kd Qd Ts] [Js]
*** SHOW DOWN ***
CPS2017: shows [2c Ac] (a straight, Ten to Ace)
javierabeja: shows [As 7c] (a straight, Ten to Ace)
CPS2017 collected $0.76 from pot
javierabeja collected $0.76 from pot
*** SUMMARY ***
Total pot $1.57 | Rake $0.05 
Board [Jc Kd Qd Ts Js]
Seat 1: Catonajack folded before Flop (didn't bet)
Seat 2: javierabeja (button) showed [As 7c] and won ($0.76) with a straight, Ten to Ace
Seat 3: Dorex2007 (small blind) folded before Flop
Seat 4: CPS2017 (big blind) showed [2c Ac] and won ($0.76) with a straight, Ten to Ace
Seat 5: enixblr folded before Flop (didn't bet)
Seat 6: Girasol 2015 folded before Flop (didn't bet)
Seat 7: Denis VP folded before Flop (didn't bet)
Seat 8: tayde310 folded before Flop (didn't bet)
Seat 9: pedz6 folded before Flop (didn't bet)



PokerStars Hand #237204612335:  Hold'em No Limit ($0.01/$0.02 USD) - 2022/07/06 16:09:09 PT [2022/07/06 19:09:09 ET]
Table 'Blok II' 9-max Seat #3 is the button
Seat 1: Catonajack ($2.31 in chips) 
Seat 2: javierabeja ($1.77 in chips) 
Seat 3: Dorex2007 ($2 in chips) 
Seat 4: CPS2017 ($0.76 in chips) 
Seat 5: enixblr ($3.67 in chips) 
Seat 6: Girasol 2015 ($1.82 in chips) 
Seat 7: Denis VP ($3.31 in chips) 
Seat 8: tayde310 ($2.30 in chips) 
Seat 9: pedz6 ($1.41 in chips) 
CPS2017: posts small blind $0.01
enixblr: posts big blind $0.02
*** HOLE CARDS ***
Dealt to Dorex2007 [9d 8c]
Girasol 2015: folds 
Denis VP: folds 
tayde310: folds 
pedz6: folds 
Catonajack: folds 
javierabeja: folds 
Dorex2007: raises $0.02 to $0.04
CPS2017: folds 
enixblr: raises $0.22 to $0.26
Dorex2007: folds 
Uncalled bet ($0.22) returned to enixblr
enixblr collected $0.09 from pot
*** SUMMARY ***
Total pot $0.09 | Rake $0 
Seat 1: Catonajack folded before Flop (didn't bet)
Seat 2: javierabeja folded before Flop (didn't bet)
Seat 3: Dorex2007 (button) folded before Flop
Seat 4: CPS2017 (small blind) folded before Flop
Seat 5: enixblr (big blind) collected ($0.09)
Seat 6: Girasol 2015 folded before Flop (didn't bet)
Seat 7: Denis VP folded before Flop (didn't bet)
Seat 8: tayde310 folded before Flop (didn't bet)
Seat 9: pedz6 folded before Flop (didn't bet)



PokerStars Hand #237204625023:  Hold'em No Limit ($0.01/$0.02 USD) - 2022/07/06 16:09:55 PT [2022/07/06 19:09:55 ET]
Table 'Blok II' 9-max Seat #4 is the button
Seat 1: Catonajack ($2.31 in chips) 
Seat 2: javierabeja ($1.77 in chips) 
Seat 3: Dorex2007 ($2 in chips) 
Seat 4: CPS2017 ($0.75 in chips) 
Seat 5: enixblr ($3.72 in chips) 
Seat 6: Girasol 2015 ($1.82 in chips) 
Seat 7: Denis VP ($3.31 in chips) 
Seat 8: tayde310 ($2.30 in chips) 
Seat 9: pedz6 ($1.41 in chips) 
enixblr: posts small blind $0.01
Girasol 2015: posts big blind $0.02
*** HOLE CARDS ***
Dealt to Dorex2007 [7c 6h]
Denis VP: folds 
tayde310: folds 
pedz6: calls $0.02
Catonajack: folds 
javierabeja: calls $0.02
Dorex2007: folds 
CPS2017: folds 
enixblr: calls $0.01
Girasol 2015: checks 
*** FLOP *** [Tc 3s Th]
enixblr: checks 
Girasol 2015: checks 
Catonajack leaves the table
pedz6: checks 
javierabeja: bets $0.04
enixblr: folds 
Girasol 2015: folds 
pedz6: folds 
Uncalled bet ($0.04) returned to javierabeja
javierabeja collected $0.08 from pot
*** SUMMARY ***
Total pot $0.08 | Rake $0 
Board [Tc 3s Th]
Seat 1: Catonajack folded before Flop (didn't bet)
Seat 2: javierabeja collected ($0.08)
Seat 3: Dorex2007 folded before Flop (didn't bet)
Seat 4: CPS2017 (button) folded before Flop (didn't bet)
Seat 5: enixblr (small blind) folded on the Flop
Seat 6: Girasol 2015 (big blind) folded on the Flop
Seat 7: Denis VP folded before Flop (didn't bet)
Seat 8: tayde310 folded before Flop (didn't bet)
Seat 9: pedz6 folded on the Flop



PokerStars Hand #237204635980:  Hold'em No Limit ($0.01/$0.02 USD) - 2022/07/06 16:10:35 PT [2022/07/06 19:10:35 ET]
Table 'Blok II' 9-max Seat #5 is the button
Seat 2: javierabeja ($1.83 in chips) 
Seat 3: Dorex2007 ($2 in chips) 
Seat 4: CPS2017 ($0.75 in chips) 
Seat 5: enixblr ($3.70 in chips) 
Seat 6: Girasol 2015 ($1.80 in chips) 
Seat 7: Denis VP ($3.31 in chips) 
Seat 8: tayde310 ($2.30 in chips) 
Seat 9: pedz6 ($1.39 in chips) 
Girasol 2015: posts small blind $0.01
Denis VP: posts big blind $0.02
*** HOLE CARDS ***
Dealt to Dorex2007 [7d 2c]
tayde310: raises $0.03 to $0.05
pedz6: folds 
javierabeja: folds 
Dorex2007: folds 
CPS2017: folds 
enixblr: folds 
Girasol 2015: raises $0.07 to $0.12
Denis VP: folds 
tayde310: calls $0.07
*** FLOP *** [8d 6h 7c]
Girasol 2015: bets $0.08
josejuniorsc joins the table at seat #1 
tayde310: calls $0.08
*** TURN *** [8d 6h 7c] [Ks]
Girasol 2015: bets $0.18
tayde310: calls $0.18
*** RIVER *** [8d 6h 7c Ks] [3s]
Girasol 2015: checks 
tayde310: bets $0.32
Girasol 2015: calls $0.32
*** SHOW DOWN ***
tayde310: shows [Qd Qc] (a pair of Queens)
Girasol 2015: shows [Ah Kc] (a pair of Kings)
Girasol 2015 collected $1.37 from pot
*** SUMMARY ***
Total pot $1.42 | Rake $0.05 
Board [8d 6h 7c Ks 3s]
Seat 2: javierabeja folded before Flop (didn't bet)
Seat 3: Dorex2007 folded before Flop (didn't bet)
Seat 4: CPS2017 folded before Flop (didn't bet)
Seat 5: enixblr (button) folded before Flop (didn't bet)
Seat 6: Girasol 2015 (small blind) showed [Ah Kc] and won ($1.37) with a pair of Kings
Seat 7: Denis VP (big blind) folded before Flop
Seat 8: tayde310 showed [Qd Qc] and lost with a pair of Queens
Seat 9: pedz6 folded before Flop (didn't bet)



PokerStars Hand #237204662281:  Hold'em No Limit ($0.01/$0.02 USD) - 2022/07/06 16:12:04 PT [2022/07/06 19:12:04 ET]
Table 'Blok II' 9-max Seat #6 is the button
Seat 2: javierabeja ($1.83 in chips) 
Seat 3: Dorex2007 ($2 in chips) 
Seat 4: CPS2017 ($0.75 in chips) 
Seat 5: enixblr ($3.70 in chips) 
Seat 6: Girasol 2015 ($2.47 in chips) 
Seat 7: Denis VP ($3.29 in chips) 
Seat 8: tayde310 ($2 in chips) 
Seat 9: pedz6 ($1.39 in chips) 
Denis VP: posts small blind $0.01
tayde310: posts big blind $0.02
josejuniorsc: sits out 
*** HOLE CARDS ***
Dealt to Dorex2007 [2h 6h]
pedz6: folds 
javierabeja: folds 
Dorex2007: folds 
CPS2017: calls $0.02
enixblr: folds 
Girasol 2015: folds 
Denis VP: folds 
tayde310: checks 
*** FLOP *** [Qh Ah 9d]
tayde310: checks 
CPS2017: bets $0.04
tayde310: folds 
Uncalled bet ($0.04) returned to CPS2017
CPS2017 collected $0.05 from pot
*** SUMMARY ***
Total pot $0.05 | Rake $0 
Board [Qh Ah 9d]
Seat 2: javierabeja folded before Flop (didn't bet)
Seat 3: Dorex2007 folded before Flop (didn't bet)
Seat 4: CPS2017 collected ($0.05)
Seat 5: enixblr folded before Flop (didn't bet)
Seat 6: Girasol 2015 (button) folded before Flop (didn't bet)
Seat 7: Denis VP (small blind) folded before Flop
Seat 8: tayde310 (big blind) folded on the Flop
Seat 9: pedz6 folded before Flop (didn't bet)



PokerStars Hand #237204675696:  Hold'em No Limit ($0.01/$0.02 USD) - 2022/07/06 16:12:54 PT [2022/07/06 19:12:54 ET]
Table 'Blok II' 9-max Seat #7 is the button
Seat 2: javierabeja ($1.83 in chips) 
Seat 3: Dorex2007 ($2 in chips) 
Seat 4: CPS2017 ($0.78 in chips) 
Seat 5: enixblr ($3.70 in chips) 
Seat 6: Girasol 2015 ($2.47 in chips) 
Seat 7: Denis VP ($3.28 in chips) 
Seat 8: tayde310 ($2 in chips) 
Seat 9: pedz6 ($1.39 in chips) 
tayde310: posts small blind $0.01
pedz6: posts big blind $0.02
josejuniorsc: sits out 
*** HOLE CARDS ***
Dealt to Dorex2007 [Qc Kh]
javierabeja: folds 
Dorex2007: raises $0.06 to $0.08
CPS2017: folds 
enixblr: folds 
Girasol 2015: calls $0.08
Denis VP: folds 
tayde310: folds 
pedz6: folds 
*** FLOP *** [Ac 3c 8c]
Dorex2007: bets $0.18
Girasol 2015: calls $0.18
*** TURN *** [Ac 3c 8c] [Th]
Dorex2007: bets $0.26
Girasol 2015: calls $0.26
*** RIVER *** [Ac 3c 8c Th] [5h]
Dorex2007: bets $0.69
Girasol 2015: calls $0.69
*** SHOW DOWN ***
Dorex2007: shows [Qc Kh] (high card Ace)
Girasol 2015: shows [5c 6c] (a flush, Ace high)
Girasol 2015 collected $2.36 from pot
*** SUMMARY ***
Total pot $2.45 | Rake $0.09 
Board [Ac 3c 8c Th 5h]
Seat 2: javierabeja folded before Flop (didn't bet)
Seat 3: Dorex2007 showed [Qc Kh] and lost with high card Ace
Seat 4: CPS2017 folded before Flop (didn't bet)
Seat 5: enixblr folded before Flop (didn't bet)
Seat 6: Girasol 2015 showed [5c 6c] and won ($2.36) with a flush, Ace high
Seat 7: Denis VP (button) folded before Flop (didn't bet)
Seat 8: tayde310 (small blind) folded before Flop
Seat 9: pedz6 (big blind) folded before Flop



PokerStars Hand #237204693773:  Hold'em No Limit ($0.01/$0.02 USD) - 2022/07/06 16:14:00 PT [2022/07/06 19:14:00 ET]
Table 'Blok II' 9-max Seat #8 is the button
Seat 1: josejuniorsc ($2 in chips) 
Seat 2: javierabeja ($1.83 in chips) 
Seat 3: Dorex2007 ($2 in chips) 
Seat 4: CPS2017 ($0.78 in chips) 
Seat 5: enixblr ($3.70 in chips) 
Seat 6: Girasol 2015 ($3.62 in chips) 
Seat 7: Denis VP ($3.28 in chips) 
Seat 8: tayde310 ($2 in chips) 
Seat 9: pedz6 ($1.37 in chips) 
pedz6: posts small blind $0.01
josejuniorsc: posts big blind $0.02
*** HOLE CARDS ***
Dealt to Dorex2007 [Ts 2h]
javierabeja: folds 
Dorex2007: folds 
CPS2017: folds 
enixblr: folds 
Girasol 2015: folds 
Denis VP: raises $0.04 to $0.06
tayde310: folds 
pedz6: folds 
josejuniorsc: folds 
Uncalled bet ($0.04) returned to Denis VP
Denis VP collected $0.05 from pot
*** SUMMARY ***
Total pot $0.05 | Rake $0 
Seat 1: josejuniorsc (big blind) folded before Flop
Seat 2: javierabeja folded before Flop (didn't bet)
Seat 3: Dorex2007 folded before Flop (didn't bet)
Seat 4: CPS2017 folded before Flop (didn't bet)
Seat 5: enixblr folded before Flop (didn't bet)
Seat 6: Girasol 2015 folded before Flop (didn't bet)
Seat 7: Denis VP collected ($0.05)
Seat 8: tayde310 (button) folded before Flop (didn't bet)
Seat 9: pedz6 (small blind) folded before Flop



PokerStars Hand #237204700670:  Hold'em No Limit ($0.01/$0.02 USD) - 2022/07/06 16:14:26 PT [2022/07/06 19:14:26 ET]
Table 'Blok II' 9-max Seat #9 is the button
Seat 1: josejuniorsc ($1.98 in chips) 
Seat 2: javierabeja ($1.83 in chips) 
Seat 3: Dorex2007 ($2 in chips) 
Seat 4: CPS2017 ($0.78 in chips) 
Seat 5: enixblr ($3.70 in chips) 
Seat 6: Girasol 2015 ($3.62 in chips) 
Seat 7: Denis VP ($3.31 in chips) 
Seat 8: tayde310 ($2 in chips) 
Seat 9: pedz6 ($1.36 in chips) 
josejuniorsc: posts small blind $0.01
javierabeja: posts big blind $0.02
*** HOLE CARDS ***
Dealt to Dorex2007 [4c Qd]
Dorex2007: folds 
CPS2017: folds 
enixblr: folds 
Girasol 2015: folds 
Denis VP: folds 
tayde310: raises $0.03 to $0.05
pedz6: calls $0.05
josejuniorsc: folds 
javierabeja: folds 
*** FLOP *** [5s 9h As]
tayde310: bets $0.04
pedz6: calls $0.04
*** TURN *** [5s 9h As] [7h]
tayde310: bets $0.14
pedz6: calls $0.14
*** RIVER *** [5s 9h As 7h] [Ac]
tayde310: checks 
pedz6: checks 
*** SHOW DOWN ***
tayde310: shows [9d 9s] (a full house, Nines full of Aces)
pedz6: mucks hand 
tayde310 collected $0.47 from pot
*** SUMMARY ***
Total pot $0.49 | Rake $0.02 
Board [5s 9h As 7h Ac]
Seat 1: josejuniorsc (small blind) folded before Flop
Seat 2: javierabeja (big blind) folded before Flop
Seat 3: Dorex2007 folded before Flop (didn't bet)
Seat 4: CPS2017 folded before Flop (didn't bet)
Seat 5: enixblr folded before Flop (didn't bet)
Seat 6: Girasol 2015 folded before Flop (didn't bet)
Seat 7: Denis VP folded before Flop (didn't bet)
Seat 8: tayde310 showed [9d 9s] and won ($0.47) with a full house, Nines full of Aces
Seat 9: pedz6 (button) mucked [Kd Kh]



PokerStars Hand #237204722365:  Hold'em No Limit ($0.01/$0.02 USD) - 2022/07/06 16:15:46 PT [2022/07/06 19:15:46 ET]
Table 'Blok II' 9-max Seat #1 is the button
Seat 1: josejuniorsc ($1.97 in chips) 
Seat 2: javierabeja ($1.81 in chips) 
Seat 3: Dorex2007 ($2 in chips) 
Seat 4: CPS2017 ($0.78 in chips) 
Seat 5: enixblr ($3.70 in chips) 
Seat 6: Girasol 2015 ($3.62 in chips) 
Seat 7: Denis VP ($3.31 in chips) 
Seat 8: tayde310 ($2.24 in chips) 
Seat 9: pedz6 ($1.13 in chips) 
javierabeja: posts small blind $0.01
Dorex2007: posts big blind $0.02
*** HOLE CARDS ***
Dealt to Dorex2007 [2c 3c]
CPS2017 has timed out
CPS2017: folds 
enixblr: raises $0.03 to $0.05
Girasol 2015: folds 
Denis VP: folds 
tayde310: folds 
pedz6: folds 
pedz6 leaves the table
josejuniorsc: folds 
javierabeja: folds 
Dorex2007: folds 
Uncalled bet ($0.03) returned to enixblr
enixblr collected $0.05 from pot
*** SUMMARY ***
Total pot $0.05 | Rake $0 
Seat 1: josejuniorsc (button) folded before Flop (didn't bet)
Seat 2: javierabeja (small blind) folded before Flop
Seat 3: Dorex2007 (big blind) folded before Flop
Seat 4: CPS2017 folded before Flop (didn't bet)
Seat 5: enixblr collected ($0.05)
Seat 6: Girasol 2015 folded before Flop (didn't bet)
Seat 7: Denis VP folded before Flop (didn't bet)
Seat 8: tayde310 folded before Flop (didn't bet)
Seat 9: pedz6 folded before Flop (didn't bet)



PokerStars Hand #237204728255:  Hold'em No Limit ($0.01/$0.02 USD) - 2022/07/06 16:16:08 PT [2022/07/06 19:16:08 ET]
Table 'Blok II' 9-max Seat #2 is the button
Seat 1: josejuniorsc ($1.97 in chips) 
Seat 2: javierabeja ($1.80 in chips) 
Seat 3: Dorex2007 ($2 in chips) 
Seat 5: enixblr ($3.73 in chips) 
Seat 6: Girasol 2015 ($3.62 in chips) 
Seat 7: Denis VP ($3.31 in chips) 
Seat 8: tayde310 ($2.24 in chips) 
Dorex2007: posts small blind $0.01
enixblr: posts big blind $0.02
*** HOLE CARDS ***
Dealt to Dorex2007 [4d 3c]
Girasol 2015: raises $0.04 to $0.06
Denis VP: folds 
tayde310: folds 
josejuniorsc: folds 
javierabeja: folds 
Dorex2007: folds 
enixblr: folds 
Uncalled bet ($0.04) returned to Girasol 2015
Girasol 2015 collected $0.05 from pot
*** SUMMARY ***
Total pot $0.05 | Rake $0 
Seat 1: josejuniorsc folded before Flop (didn't bet)
Seat 2: javierabeja (button) folded before Flop (didn't bet)
Seat 3: Dorex2007 (small blind) folded before Flop
Seat 5: enixblr (big blind) folded before Flop
Seat 6: Girasol 2015 collected ($0.05)
Seat 7: Denis VP folded before Flop (didn't bet)
Seat 8: tayde310 folded before Flop (didn't bet)



PokerStars Hand #237204732848:  Hold'em No Limit ($0.01/$0.02 USD) - 2022/07/06 16:16:25 PT [2022/07/06 19:16:25 ET]
Table 'Blok II' 9-max Seat #3 is the button
Seat 1: josejuniorsc ($1.97 in chips) 
Seat 2: javierabeja ($1.80 in chips) 
Seat 3: Dorex2007 ($2 in chips) 
Seat 5: enixblr ($3.71 in chips) 
Seat 6: Girasol 2015 ($3.65 in chips) 
Seat 7: Denis VP ($3.31 in chips) 
Seat 8: tayde310 ($2.24 in chips) 
enixblr: posts small blind $0.01
Girasol 2015: posts big blind $0.02
*** HOLE CARDS ***
Dealt to Dorex2007 [3s 6c]
Denis VP: folds 
tayde310: folds 
Denis VP leaves the table
josejuniorsc: folds 
javierabeja: folds 
Dorex2007: folds 
enixblr: raises $0.04 to $0.06
Girasol 2015: calls $0.04
*** FLOP *** [6s Js 3h]
enixblr: checks 
Girasol 2015: checks 
*** TURN *** [6s Js 3h] [Qd]
enixblr: checks 
Girasol 2015: checks 
*** RIVER *** [6s Js 3h Qd] [Th]
enixblr: checks 
Girasol 2015: bets $0.06
enixblr: folds 
Uncalled bet ($0.06) returned to Girasol 2015
Girasol 2015 collected $0.12 from pot
*** SUMMARY ***
Total pot $0.12 | Rake $0 
Board [6s Js 3h Qd Th]
Seat 1: josejuniorsc folded before Flop (didn't bet)
Seat 2: javierabeja folded before Flop (didn't bet)
Seat 3: Dorex2007 (button) folded before Flop (didn't bet)
Seat 5: enixblr (small blind) folded on the River
Seat 6: Girasol 2015 (big blind) collected ($0.12)
Seat 7: Denis VP folded before Flop (didn't bet)
Seat 8: tayde310 folded before Flop (didn't bet)



PokerStars Hand #237204751959:  Hold'em No Limit ($0.01/$0.02 USD) - 2022/07/06 16:17:15 PT [2022/07/06 19:17:15 ET]
Table 'Blok II' 9-max Seat #5 is the button
Seat 1: josejuniorsc ($1.97 in chips) 
Seat 2: javierabeja ($1.80 in chips) 
Seat 3: Dorex2007 ($2 in chips) 
Seat 4: CPS2017 ($0.78 in chips) 
Seat 5: enixblr ($3.65 in chips) 
Seat 6: Girasol 2015 ($3.71 in chips) 
Seat 8: tayde310 ($2.24 in chips) 
Girasol 2015: posts small blind $0.01
tayde310: posts big blind $0.02
CPS2017: posts small & big blinds $0.03
*** HOLE CARDS ***
Dealt to Dorex2007 [6c 6d]
josejuniorsc: folds 
javierabeja: calls $0.02
Dorex2007: calls $0.02
CPS2017: checks 
enixblr: raises $0.16 to $0.18
Girasol 2015: calls $0.17
tayde310: folds 
javierabeja: calls $0.16
Dorex2007: folds 
Josymar3005 joins the table at seat #7 
CPS2017: folds 
*** FLOP *** [Th Qd 8s]
Girasol 2015: checks 
javierabeja: checks 
enixblr: checks 
*** TURN *** [Th Qd 8s] [5c]
Girasol 2015: checks 
javierabeja: checks 
enixblr: checks 
*** RIVER *** [Th Qd 8s 5c] [3d]
CPS2017 is disconnected 
Girasol 2015: checks 
javierabeja: checks 
enixblr: bets $0.40
Girasol 2015: folds 
javierabeja: folds 
Uncalled bet ($0.40) returned to enixblr
enixblr collected $0.59 from pot
*** SUMMARY ***
Total pot $0.61 | Rake $0.02 
Board [Th Qd 8s 5c 3d]
Seat 1: josejuniorsc folded before Flop (didn't bet)
Seat 2: javierabeja folded on the River
Seat 3: Dorex2007 folded before Flop
Seat 4: CPS2017 folded before Flop (didn't bet)
Seat 5: enixblr (button) collected ($0.59)
Seat 6: Girasol 2015 (small blind) folded on the River
Seat 8: tayde310 (big blind) folded before Flop



PokerStars Hand #237204787791:  Hold'em No Limit ($0.01/$0.02 USD) - 2022/07/06 16:19:12 PT [2022/07/06 19:19:12 ET]
Table 'Blok II' 9-max Seat #6 is the button
Seat 1: josejuniorsc ($1.97 in chips) 
Seat 2: javierabeja ($1.62 in chips) 
Seat 3: Dorex2007 ($2 in chips) 
Seat 4: CPS2017 ($0.75 in chips) 
Seat 5: enixblr ($4.06 in chips) 
Seat 6: Girasol 2015 ($3.53 in chips) 
Seat 8: tayde310 ($2.22 in chips) 
tayde310: posts small blind $0.01
josejuniorsc: posts big blind $0.02
*** HOLE CARDS ***
Dealt to Dorex2007 [3d Ac]
javierabeja: folds 
Dorex2007: folds 
CPS2017: folds 
enixblr: folds 
Girasol 2015: folds 
Minimi005 joins the table at seat #9 
tayde310: raises $0.04 to $0.06
josejuniorsc: folds 
Uncalled bet ($0.04) returned to tayde310
tayde310 collected $0.04 from pot
*** SUMMARY ***
Total pot $0.04 | Rake $0 
Seat 1: josejuniorsc (big blind) folded before Flop
Seat 2: javierabeja folded before Flop (didn't bet)
Seat 3: Dorex2007 folded before Flop (didn't bet)
Seat 4: CPS2017 folded before Flop (didn't bet)
Seat 5: enixblr folded before Flop (didn't bet)
Seat 6: Girasol 2015 (button) folded before Flop (didn't bet)
Seat 8: tayde310 (small blind) collected ($0.04)



PokerStars Hand #237204794103:  Hold'em No Limit ($0.01/$0.02 USD) - 2022/07/06 16:19:36 PT [2022/07/06 19:19:36 ET]
Table 'Blok II' 9-max Seat #8 is the button
Seat 2: javierabeja ($1.62 in chips) 
Seat 3: Dorex2007 ($2 in chips) 
Seat 4: CPS2017 ($0.75 in chips) 
Seat 5: enixblr ($4.06 in chips) 
Seat 6: Girasol 2015 ($3.53 in chips) 
Seat 7: Josymar3005 ($0.80 in chips) 
Seat 8: tayde310 ($2.24 in chips) 
javierabeja: posts small blind $0.01
Dorex2007: posts big blind $0.02
Josymar3005: posts big blind $0.02
*** HOLE CARDS ***
Dealt to Dorex2007 [4s Ah]
josejuniorsc leaves the table
Pichó joins the table at seat #1 
CPS2017 has timed out
CPS2017: folds 
enixblr: folds 
Girasol 2015: folds 
Josymar3005: checks 
tayde310: folds 
CPS2017 is disconnected 
javierabeja: raises $0.06 to $0.08
Dorex2007: folds 
Josymar3005: folds 
Uncalled bet ($0.06) returned to javierabeja
javierabeja collected $0.06 from pot
*** SUMMARY ***
Total pot $0.06 | Rake $0 
Seat 2: javierabeja (small blind) collected ($0.06)
Seat 3: Dorex2007 (big blind) folded before Flop
Seat 4: CPS2017 folded before Flop (didn't bet)
Seat 5: enixblr folded before Flop (didn't bet)
Seat 6: Girasol 2015 folded before Flop (didn't bet)
Seat 7: Josymar3005 folded before Flop (didn't bet)
Seat 8: tayde310 (button) folded before Flop (didn't bet)



PokerStars Hand #237204808131:  Hold'em No Limit ($0.01/$0.02 USD) - 2022/07/06 16:20:29 PT [2022/07/06 19:20:29 ET]
Table 'Blok II' 9-max Seat #3 is the button
Seat 3: Dorex2007 ($2 in chips) 
Seat 5: enixblr ($4.06 in chips) 
Seat 6: Girasol 2015 ($3.53 in chips) 
Seat 7: Josymar3005 ($0.78 in chips) 
Seat 8: tayde310 ($2.24 in chips) 
Seat 9: Minimi005 ($1.35 in chips) 
enixblr: posts small blind $0.01
Girasol 2015: posts big blind $0.02
Minimi005: posts big blind $0.02
Pichó: sits out 
*** HOLE CARDS ***
Dealt to Dorex2007 [3h 4h]
javierabeja leaves the table
Josymar3005 has timed out
Josymar3005: folds 
Alex366296 joins the table at seat #2 
tayde310: folds 
Minimi005: checks 
Dorex2007: folds 
enixblr: folds 
Girasol 2015: checks 
*** FLOP *** [Kd As Jc]
Girasol 2015: checks 
Minimi005: bets $0.05
Girasol 2015: calls $0.05
*** TURN *** [Kd As Jc] [6c]
Girasol 2015: checks 
Minimi005: checks 
*** RIVER *** [Kd As Jc 6c] [5d]
Girasol 2015: checks 
Minimi005: checks 
*** SHOW DOWN ***
Girasol 2015: shows [9c Js] (a pair of Jacks)
Minimi005: mucks hand 
Girasol 2015 collected $0.14 from pot
*** SUMMARY ***
Total pot $0.15 | Rake $0.01 
Board [Kd As Jc 6c 5d]
Seat 3: Dorex2007 (button) folded before Flop (didn't bet)
Seat 5: enixblr (small blind) folded before Flop
Seat 6: Girasol 2015 (big blind) showed [9c Js] and won ($0.14) with a pair of Jacks
Seat 7: Josymar3005 folded before Flop (didn't bet)
Seat 8: tayde310 folded before Flop (didn't bet)
Seat 9: Minimi005 mucked [4s Qs]



PokerStars Hand #237204825907:  Hold'em No Limit ($0.01/$0.02 USD) - 2022/07/06 16:21:36 PT [2022/07/06 19:21:36 ET]
Table 'Blok II' 9-max Seat #5 is the button
Seat 3: Dorex2007 ($2 in chips) 
Seat 4: CPS2017 ($0.75 in chips) 
Seat 5: enixblr ($4.05 in chips) 
Seat 6: Girasol 2015 ($3.60 in chips) 
Seat 7: Josymar3005 ($0.78 in chips) 
Seat 8: tayde310 ($2.24 in chips) 
Seat 9: Minimi005 ($1.28 in chips) 
Girasol 2015: posts small blind $0.01
Josymar3005: posts big blind $0.02
Pichó: sits out 
Alex366296: sits out 
CPS2017: posts small blind $0.01
*** HOLE CARDS ***
Dealt to Dorex2007 [3d 6d]
tayde310: folds 
Minimi005: raises $0.06 to $0.08
Dorex2007: folds 
CPS2017: folds 
enixblr: folds 
Girasol 2015: calls $0.07
Josymar3005: folds 
*** FLOP *** [4h Jc Qd]
Girasol 2015: checks 
Minimi005: bets $0.18
Girasol 2015: calls $0.18
*** TURN *** [4h Jc Qd] [3h]
Girasol 2015: checks 
Minimi005: bets $0.26
Girasol 2015: folds 
Uncalled bet ($0.26) returned to Minimi005
Minimi005 collected $0.53 from pot
*** SUMMARY ***
Total pot $0.55 | Rake $0.02 
Board [4h Jc Qd 3h]
Seat 3: Dorex2007 folded before Flop (didn't bet)
Seat 4: CPS2017 folded before Flop (didn't bet)
Seat 5: enixblr (button) folded before Flop (didn't bet)
Seat 6: Girasol 2015 (small blind) folded on the Turn
Seat 7: Josymar3005 (big blind) folded before Flop
Seat 8: tayde310 folded before Flop (didn't bet)
Seat 9: Minimi005 collected ($0.53)



PokerStars Hand #237204840545:  Hold'em No Limit ($0.01/$0.02 USD) - 2022/07/06 16:22:31 PT [2022/07/06 19:22:31 ET]
Table 'Blok II' 9-max Seat #6 is the button
Seat 3: Dorex2007 ($2 in chips) 
Seat 4: CPS2017 ($0.74 in chips) 
Seat 5: enixblr ($4.05 in chips) 
Seat 6: Girasol 2015 ($3.34 in chips) 
Seat 7: Josymar3005 ($0.76 in chips) 
Seat 8: tayde310 ($2.24 in chips) 
Seat 9: Minimi005 ($1.55 in chips) 
Josymar3005: posts small blind $0.01
tayde310: posts big blind $0.02
Pichó: sits out 
Alex366296: sits out 
*** HOLE CARDS ***
Dealt to Dorex2007 [8d Ad]
Minimi005: folds 
Dorex2007: raises $0.04 to $0.06
CPS2017: calls $0.06
enixblr: folds 
Girasol 2015: calls $0.06
Josymar3005: folds 
tayde310: folds 
*** FLOP *** [7s 5s 6c]
Dorex2007: checks 
CPS2017: bets $0.20
Girasol 2015: folds 
Dorex2007: folds 
Uncalled bet ($0.20) returned to CPS2017
CPS2017 collected $0.20 from pot
*** SUMMARY ***
Total pot $0.21 | Rake $0.01 
Board [7s 5s 6c]
Seat 3: Dorex2007 folded on the Flop
Seat 4: CPS2017 collected ($0.20)
Seat 5: enixblr folded before Flop (didn't bet)
Seat 6: Girasol 2015 (button) folded on the Flop
Seat 7: Josymar3005 (small blind) folded before Flop
Seat 8: tayde310 (big blind) folded before Flop
Seat 9: Minimi005 folded before Flop (didn't bet)



PokerStars Hand #237204851447:  Hold'em No Limit ($0.01/$0.02 USD) - 2022/07/06 16:23:12 PT [2022/07/06 19:23:12 ET]
Table 'Blok II' 9-max Seat #7 is the button
Seat 3: Dorex2007 ($2 in chips) 
Seat 4: CPS2017 ($0.88 in chips) 
Seat 5: enixblr ($4.05 in chips) 
Seat 6: Girasol 2015 ($3.28 in chips) 
Seat 7: Josymar3005 ($0.75 in chips) 
Seat 8: tayde310 ($2.22 in chips) 
Seat 9: Minimi005 ($1.55 in chips) 
tayde310: posts small blind $0.01
Minimi005: posts big blind $0.02
Pichó: sits out 
Alex366296: sits out 
*** HOLE CARDS ***
Dealt to Dorex2007 [Ad Ts]
Dorex2007: folds 
CPS2017: raises $0.06 to $0.08
enixblr: folds 
Girasol 2015: folds 
Josymar3005: folds 
tayde310: folds 
Minimi005: folds 
Uncalled bet ($0.06) returned to CPS2017
CPS2017 collected $0.05 from pot
*** SUMMARY ***
Total pot $0.05 | Rake $0 
Seat 3: Dorex2007 folded before Flop (didn't bet)
Seat 4: CPS2017 collected ($0.05)
Seat 5: enixblr folded before Flop (didn't bet)
Seat 6: Girasol 2015 folded before Flop (didn't bet)
Seat 7: Josymar3005 (button) folded before Flop (didn't bet)
Seat 8: tayde310 (small blind) folded before Flop
Seat 9: Minimi005 (big blind) folded before Flop



PokerStars Hand #237204855535:  Hold'em No Limit ($0.01/$0.02 USD) - 2022/07/06 16:23:28 PT [2022/07/06 19:23:28 ET]
Table 'Blok II' 9-max Seat #8 is the button
Seat 1: Pichó ($1.60 in chips) 
Seat 3: Dorex2007 ($2 in chips) 
Seat 4: CPS2017 ($0.91 in chips) 
Seat 6: Girasol 2015 ($3.28 in chips) 
Seat 7: Josymar3005 ($0.75 in chips) 
Seat 8: tayde310 ($2.21 in chips) 
Seat 9: Minimi005 ($1.53 in chips) 
Minimi005: posts small blind $0.01
Pichó: posts big blind $0.02
Alex366296: sits out 
*** HOLE CARDS ***
Dealt to Dorex2007 [3s 2c]
Dorex2007: folds 
CPS2017: folds 
Girasol 2015: raises $0.04 to $0.06
Josymar3005: folds 
tayde310: folds 
Minimi005: calls $0.05
Pichó: calls $0.04
*** FLOP *** [Td 9h 2h]
Minimi005: checks 
Pichó: checks 
Girasol 2015: checks 
*** TURN *** [Td 9h 2h] [5c]
Minimi005: checks 
Pichó: checks 
Girasol 2015: bets $0.08
Minimi005: calls $0.08
Pichó: calls $0.08
*** RIVER *** [Td 9h 2h 5c] [6h]
Minimi005: checks 
Pichó: checks 
Girasol 2015: checks 
*** SHOW DOWN ***
Minimi005: shows [6s 6c] (three of a kind, Sixes)
Pichó: mucks hand 
Girasol 2015: mucks hand 
Minimi005 collected $0.41 from pot
*** SUMMARY ***
Total pot $0.42 | Rake $0.01 
Board [Td 9h 2h 5c 6h]
Seat 1: Pichó (big blind) mucked [Kc As]
Seat 3: Dorex2007 folded before Flop (didn't bet)
Seat 4: CPS2017 folded before Flop (didn't bet)
Seat 6: Girasol 2015 mucked [Jh Kd]
Seat 7: Josymar3005 folded before Flop (didn't bet)
Seat 8: tayde310 (button) folded before Flop (didn't bet)
Seat 9: Minimi005 (small blind) showed [6s 6c] and won ($0.41) with three of a kind, Sixes



PokerStars Hand #237204868266:  Hold'em No Limit ($0.01/$0.02 USD) - 2022/07/06 16:24:16 PT [2022/07/06 19:24:16 ET]
Table 'Blok II' 9-max Seat #9 is the button
Seat 1: Pichó ($1.46 in chips) 
Seat 2: Alex366296 ($2 in chips) 
Seat 3: Dorex2007 ($2 in chips) 
Seat 4: CPS2017 ($0.91 in chips) 
Seat 6: Girasol 2015 ($3.14 in chips) 
Seat 7: Josymar3005 ($0.75 in chips) 
Seat 8: tayde310 ($2.21 in chips) 
Seat 9: Minimi005 ($1.80 in chips) 
Pichó: posts small blind $0.01
Alex366296: posts big blind $0.02
*** HOLE CARDS ***
Dealt to Dorex2007 [3h Ts]
Dorex2007: folds 
CPS2017: folds 
Girasol 2015: folds 
Josymar3005: raises $0.02 to $0.04
tayde310: folds 
Minimi005: raises $0.11 to $0.15
Pichó: calls $0.14
Alex366296: folds 
Josymar3005: folds 
*** FLOP *** [6c 5h Qs]
Pichó: bets $0.17
Minimi005: raises $0.69 to $0.86
Pichó: calls $0.69
*** TURN *** [6c 5h Qs] [4h]
Pichó: checks 
Minimi005: bets $0.79 and is all-in
Pichó: calls $0.45 and is all-in
Uncalled bet ($0.34) returned to Minimi005
*** RIVER *** [6c 5h Qs 4h] [8d]
*** SHOW DOWN ***
Pichó: shows [As Qc] (a pair of Queens)
Minimi005: shows [Kh Qh] (a pair of Queens - lower kicker)
Pichó collected $2.88 from pot
*** SUMMARY ***
Total pot $2.98 | Rake $0.10 
Board [6c 5h Qs 4h 8d]
Seat 1: Pichó (small blind) showed [As Qc] and won ($2.88) with a pair of Queens
Seat 2: Alex366296 (big blind) folded before Flop
Seat 3: Dorex2007 folded before Flop (didn't bet)
Seat 4: CPS2017 folded before Flop (didn't bet)
Seat 6: Girasol 2015 folded before Flop (didn't bet)
Seat 7: Josymar3005 folded before Flop
Seat 8: tayde310 folded before Flop (didn't bet)
Seat 9: Minimi005 (button) showed [Kh Qh] and lost with a pair of Queens



PokerStars Hand #237204881097:  Hold'em No Limit ($0.01/$0.02 USD) - 2022/07/06 16:25:05 PT [2022/07/06 19:25:05 ET]
Table 'Blok II' 9-max Seat #1 is the button
Seat 1: Pichó ($2.88 in chips) 
Seat 2: Alex366296 ($2 in chips) 
Seat 3: Dorex2007 ($2 in chips) 
Seat 4: CPS2017 ($0.91 in chips) 
Seat 6: Girasol 2015 ($3.14 in chips) 
Seat 7: Josymar3005 ($0.71 in chips) 
Seat 8: tayde310 ($2.21 in chips) 
Seat 9: Minimi005 ($0.34 in chips) 
Alex366296: posts small blind $0.01
Dorex2007: posts big blind $0.02
*** HOLE CARDS ***
Dealt to Dorex2007 [7h 9d]
CPS2017: folds 
Girasol 2015: folds 
Josymar3005: raises $0.02 to $0.04
tayde310: folds 
Minimi005: folds 
Pichó: folds 
Alex366296: folds 
Dorex2007: folds 
Uncalled bet ($0.02) returned to Josymar3005
Josymar3005 collected $0.05 from pot
*** SUMMARY ***
Total pot $0.05 | Rake $0 
Seat 1: Pichó (button) folded before Flop (didn't bet)
Seat 2: Alex366296 (small blind) folded before Flop
Seat 3: Dorex2007 (big blind) folded before Flop
Seat 4: CPS2017 folded before Flop (didn't bet)
Seat 6: Girasol 2015 folded before Flop (didn't bet)
Seat 7: Josymar3005 collected ($0.05)
Seat 8: tayde310 folded before Flop (didn't bet)
Seat 9: Minimi005 folded before Flop (didn't bet)



PokerStars Hand #237204885080:  Hold'em No Limit ($0.01/$0.02 USD) - 2022/07/06 16:25:20 PT [2022/07/06 19:25:20 ET]
Table 'Blok II' 9-max Seat #2 is the button
Seat 2: Alex366296 ($2 in chips) 
Seat 3: Dorex2007 ($2 in chips) 
Seat 4: CPS2017 ($0.91 in chips) 
Seat 6: Girasol 2015 ($3.14 in chips) 
Seat 7: Josymar3005 ($0.74 in chips) 
Seat 8: tayde310 ($2.21 in chips) 
Seat 9: Minimi005 ($0.34 in chips) 
Dorex2007: posts small blind $0.01
CPS2017: posts big blind $0.02
*** HOLE CARDS ***
Dealt to Dorex2007 [As Jh]
Girasol 2015: raises $0.02 to $0.04
Josymar3005: folds 
tayde310: folds 
Minimi005: raises $0.30 to $0.34 and is all-in
Alex366296: folds 
Dorex2007: folds 
CPS2017: folds 
Girasol 2015: calls $0.30
*** FLOP *** [8s 7d 6c]
*** TURN *** [8s 7d 6c] [8c]
*** RIVER *** [8s 7d 6c 8c] [9s]
*** SHOW DOWN ***
Girasol 2015: shows [Qh 7h] (two pair, Eights and Sevens)
Minimi005: shows [Ac Qs] (a pair of Eights)
Girasol 2015 collected $0.69 from pot
*** SUMMARY ***
Total pot $0.71 | Rake $0.02 
Board [8s 7d 6c 8c 9s]
Seat 2: Alex366296 (button) folded before Flop (didn't bet)
Seat 3: Dorex2007 (small blind) folded before Flop
Seat 4: CPS2017 (big blind) folded before Flop
Seat 6: Girasol 2015 showed [Qh 7h] and won ($0.69) with two pair, Eights and Sevens
Seat 7: Josymar3005 folded before Flop (didn't bet)
Seat 8: tayde310 folded before Flop (didn't bet)
Seat 9: Minimi005 showed [Ac Qs] and lost with a pair of Eights



PokerStars Hand #237204895654:  Hold'em No Limit ($0.01/$0.02 USD) - 2022/07/06 16:26:01 PT [2022/07/06 19:26:01 ET]
Table 'Blok II' 9-max Seat #3 is the button
Seat 1: Pichó ($2.88 in chips) 
Seat 2: Alex366296 ($2 in chips) 
Seat 3: Dorex2007 ($2 in chips) 
Seat 4: CPS2017 ($0.89 in chips) 
Seat 6: Girasol 2015 ($3.49 in chips) 
Seat 7: Josymar3005 ($0.74 in chips) 
Seat 8: tayde310 ($2.21 in chips) 
CPS2017: posts small blind $0.01
Girasol 2015: posts big blind $0.02
*** HOLE CARDS ***
Dealt to Dorex2007 [Qd Qc]
Minimi005 leaves the table
Josymar3005: raises $0.02 to $0.04
tayde310: folds 
Pichó: folds 
Alex366296: folds 
zuccini blossom joins the table at seat #9 
Dorex2007: raises $0.08 to $0.12
CPS2017: folds 
Girasol 2015: folds 
Josymar3005: calls $0.08
*** FLOP *** [5c Tc 2h]
Josymar3005: checks 
Dorex2007: bets $0.26
Josymar3005: folds 
Uncalled bet ($0.26) returned to Dorex2007
Dorex2007 collected $0.26 from pot
*** SUMMARY ***
Total pot $0.27 | Rake $0.01 
Board [5c Tc 2h]
Seat 1: Pichó folded before Flop (didn't bet)
Seat 2: Alex366296 folded before Flop (didn't bet)
Seat 3: Dorex2007 (button) collected ($0.26)
Seat 4: CPS2017 (small blind) folded before Flop
Seat 6: Girasol 2015 (big blind) folded before Flop
Seat 7: Josymar3005 folded on the Flop
Seat 8: tayde310 folded before Flop (didn't bet)



PokerStars Hand #237204905878:  Hold'em No Limit ($0.01/$0.02 USD) - 2022/07/06 16:26:40 PT [2022/07/06 19:26:40 ET]
Table 'Blok II' 9-max Seat #4 is the button
Seat 1: Pichó ($2.88 in chips) 
Seat 2: Alex366296 ($2 in chips) 
Seat 3: Dorex2007 ($2.14 in chips) 
Seat 4: CPS2017 ($0.88 in chips) 
Seat 7: Josymar3005 ($0.62 in chips) 
Seat 8: tayde310 ($2.21 in chips) 
Seat 9: zuccini blossom ($1.20 in chips) 
Girasol 2015 is disconnected 
Girasol 2015 has timed out while disconnected
Girasol 2015: is sitting out 
Josymar3005: posts small blind $0.01
tayde310: posts big blind $0.02
zuccini blossom: posts big blind $0.02
*** HOLE CARDS ***
Dealt to Dorex2007 [Jh 8c]
zuccini blossom: checks 
Pichó: calls $0.02
Alex366296: folds 
Dorex2007: folds 
CPS2017: calls $0.02
Josymar3005: folds 
tayde310: checks 
*** FLOP *** [7s 4c Qh]
tayde310: checks 
zuccini blossom: checks 
Pichó: checks 
CPS2017: checks 
*** TURN *** [7s 4c Qh] [2s]
tayde310: checks 
zuccini blossom: checks 
Pichó: checks 
CPS2017: checks 
*** RIVER *** [7s 4c Qh 2s] [Kc]
tayde310: checks 
zuccini blossom: checks 
Pichó: checks 
CPS2017: checks 
*** SHOW DOWN ***
tayde310: shows [8h Ts] (high card King)
zuccini blossom: shows [Ah 9d] (high card Ace)
Pichó: mucks hand 
CPS2017: mucks hand 
zuccini blossom collected $0.09 from pot
*** SUMMARY ***
Total pot $0.09 | Rake $0 
Board [7s 4c Qh 2s Kc]
Seat 1: Pichó mucked [3d Ac]
Seat 2: Alex366296 folded before Flop (didn't bet)
Seat 3: Dorex2007 folded before Flop (didn't bet)
Seat 4: CPS2017 (button) mucked [Td 5d]
Seat 7: Josymar3005 (small blind) folded before Flop
Seat 8: tayde310 (big blind) showed [8h Ts] and lost with high card King
Seat 9: zuccini blossom showed [Ah 9d] and won ($0.09) with high card Ace



PokerStars Hand #237204920045:  Hold'em No Limit ($0.01/$0.02 USD) - 2022/07/06 16:27:34 PT [2022/07/06 19:27:34 ET]
Table 'Blok II' 9-max Seat #7 is the button
Seat 1: Pichó ($2.86 in chips) 
Seat 2: Alex366296 ($2 in chips) 
Seat 3: Dorex2007 ($2.14 in chips) 
Seat 4: CPS2017 ($0.86 in chips) 
Seat 6: Girasol 2015 ($3.47 in chips) 
Seat 7: Josymar3005 ($0.61 in chips) 
Seat 8: tayde310 ($2.19 in chips) 
Seat 9: zuccini blossom ($1.27 in chips) 
tayde310: posts small blind $0.01
zuccini blossom: posts big blind $0.02
Girasol 2015: posts small blind $0.01
*** HOLE CARDS ***
Dealt to Dorex2007 [Kh 6s]
Pichó: folds 
Alex366296: raises $0.05 to $0.07
Dorex2007: folds 
CPS2017: folds 
Girasol 2015: folds 
Josymar3005: calls $0.07
tayde310: folds 
zuccini blossom: folds 
*** FLOP *** [6h 8s Kd]
Alex366296: bets $0.16
Josymar3005: calls $0.16
*** TURN *** [6h 8s Kd] [Jc]
Alex366296: bets $0.45
Josymar3005: folds 
Uncalled bet ($0.45) returned to Alex366296
Alex366296 collected $0.48 from pot
*** SUMMARY ***
Total pot $0.50 | Rake $0.02 
Board [6h 8s Kd Jc]
Seat 1: Pichó folded before Flop (didn't bet)
Seat 2: Alex366296 collected ($0.48)
Seat 3: Dorex2007 folded before Flop (didn't bet)
Seat 4: CPS2017 folded before Flop (didn't bet)
Seat 6: Girasol 2015 folded before Flop (didn't bet)
Seat 7: Josymar3005 (button) folded on the Turn
Seat 8: tayde310 (small blind) folded before Flop
Seat 9: zuccini blossom (big blind) folded before Flop



PokerStars Hand #237204934134:  Hold'em No Limit ($0.01/$0.02 USD) - 2022/07/06 16:28:29 PT [2022/07/06 19:28:29 ET]
Table 'Blok II' 9-max Seat #8 is the button
Seat 1: Pichó ($2.86 in chips) 
Seat 2: Alex366296 ($2.25 in chips) 
Seat 3: Dorex2007 ($2.14 in chips) 
Seat 4: CPS2017 ($0.86 in chips) 
Seat 6: Girasol 2015 ($3.46 in chips) 
Seat 7: Josymar3005 ($0.38 in chips) 
Seat 8: tayde310 ($2.18 in chips) 
Seat 9: zuccini blossom ($1.25 in chips) 
zuccini blossom: posts small blind $0.01
Pichó: posts big blind $0.02
*** HOLE CARDS ***
Dealt to Dorex2007 [4s Qh]
Alex366296: raises $0.04 to $0.06
Dorex2007: folds 
CPS2017 is disconnected 
CPS2017 has timed out while disconnected
CPS2017: folds 
Girasol 2015: calls $0.06
Josymar3005: folds 
tayde310: folds 
zuccini blossom: folds 
Pichó: calls $0.04
*** FLOP *** [9h 2h 8c]
Pichó: checks 
Alex366296: bets $0.17
Girasol 2015: folds 
Pichó: folds 
Uncalled bet ($0.17) returned to Alex366296
Alex366296 collected $0.18 from pot
*** SUMMARY ***
Total pot $0.19 | Rake $0.01 
Board [9h 2h 8c]
Seat 1: Pichó (big blind) folded on the Flop
Seat 2: Alex366296 collected ($0.18)
Seat 3: Dorex2007 folded before Flop (didn't bet)
Seat 4: CPS2017 folded before Flop (didn't bet)
Seat 6: Girasol 2015 folded on the Flop
Seat 7: Josymar3005 folded before Flop (didn't bet)
Seat 8: tayde310 (button) folded before Flop (didn't bet)
Seat 9: zuccini blossom (small blind) folded before Flop



PokerStars Hand #237204945988:  Hold'em No Limit ($0.01/$0.02 USD) - 2022/07/06 16:29:15 PT [2022/07/06 19:29:15 ET]
Table 'Blok II' 9-max Seat #9 is the button
Seat 1: Pichó ($2.80 in chips) 
Seat 2: Alex366296 ($2.37 in chips) 
Seat 3: Dorex2007 ($2.14 in chips) 
Seat 4: CPS2017 ($0.86 in chips) 
Seat 6: Girasol 2015 ($3.40 in chips) 
Seat 7: Josymar3005 ($0.38 in chips) 
Seat 8: tayde310 ($2.18 in chips) 
Seat 9: zuccini blossom ($1.24 in chips) 
Pichó: posts small blind $0.01
Alex366296: posts big blind $0.02
*** HOLE CARDS ***
Dealt to Dorex2007 [5c 9d]
Dorex2007: folds 
CPS2017: folds 
Girasol 2015: folds 
Josymar3005: raises $0.08 to $0.10
tayde310: folds 
zuccini blossom: folds 
Pichó: folds 
Alex366296: folds 
Uncalled bet ($0.08) returned to Josymar3005
Josymar3005 collected $0.05 from pot
*** SUMMARY ***
Total pot $0.05 | Rake $0 
Seat 1: Pichó (small blind) folded before Flop
Seat 2: Alex366296 (big blind) folded before Flop
Seat 3: Dorex2007 folded before Flop (didn't bet)
Seat 4: CPS2017 folded before Flop (didn't bet)
Seat 6: Girasol 2015 folded before Flop (didn't bet)
Seat 7: Josymar3005 collected ($0.05)
Seat 8: tayde310 folded before Flop (didn't bet)
Seat 9: zuccini blossom (button) folded before Flop (didn't bet)



PokerStars Hand #237204951321:  Hold'em No Limit ($0.01/$0.02 USD) - 2022/07/06 16:29:36 PT [2022/07/06 19:29:36 ET]
Table 'Blok II' 9-max Seat #2 is the button
Seat 2: Alex366296 ($2.35 in chips) 
Seat 3: Dorex2007 ($2.14 in chips) 
Seat 4: CPS2017 ($0.86 in chips) 
Seat 6: Girasol 2015 ($3.40 in chips) 
Seat 7: Josymar3005 ($0.41 in chips) 
Seat 8: tayde310 ($2.18 in chips) 
Seat 9: zuccini blossom ($1.24 in chips) 
Dorex2007: posts small blind $0.01
CPS2017: posts big blind $0.02
*** HOLE CARDS ***
Dealt to Dorex2007 [Qh Kh]
Girasol 2015: folds 
Josymar3005: raises $0.08 to $0.10
tayde310: folds 
zuccini blossom: folds 
Alex366296: folds 
Dorex2007: calls $0.09
CPS2017: folds 
*** FLOP *** [5h Tc Ac]
Dorex2007: bets $0.10
Josymar3005: raises $0.21 to $0.31 and is all-in
Dorex2007: calls $0.21
*** TURN *** [5h Tc Ac] [6s]
*** RIVER *** [5h Tc Ac 6s] [2d]
*** SHOW DOWN ***
Dorex2007: shows [Qh Kh] (high card Ace)
Josymar3005: shows [Ad Kd] (a pair of Aces)
Josymar3005 cashed out the hand for $0.63 | Cash Out Fee $0.01
*** SUMMARY ***
Total pot $0.84 | Rake $0.03 
Board [5h Tc Ac 6s 2d]
Seat 2: Alex366296 (button) folded before Flop (didn't bet)
Seat 3: Dorex2007 (small blind) showed [Qh Kh] and lost with high card Ace
Seat 4: CPS2017 (big blind) folded before Flop
Seat 6: Girasol 2015 folded before Flop (didn't bet)
Seat 7: Josymar3005 showed [Ad Kd] and won ($0.81) with a pair of Aces (pot not awarded as player cashed out)
Seat 8: tayde310 folded before Flop (didn't bet)
Seat 9: zuccini blossom folded before Flop (didn't bet)



PokerStars Hand #237204965137:  Hold'em No Limit ($0.01/$0.02 USD) - 2022/07/06 16:30:29 PT [2022/07/06 19:30:29 ET]
Table 'Blok II' 9-max Seat #3 is the button
Seat 1: Pichó ($2.79 in chips) 
Seat 2: Alex366296 ($2.35 in chips) 
Seat 3: Dorex2007 ($2 in chips) 
Seat 4: CPS2017 ($0.84 in chips) 
Seat 6: Girasol 2015 ($3.40 in chips) 
Seat 7: Josymar3005 ($0.63 in chips) 
Seat 8: tayde310 ($2.18 in chips) 
Seat 9: zuccini blossom ($1.24 in chips) 
CPS2017: posts small blind $0.01
Girasol 2015: posts big blind $0.02
*** HOLE CARDS ***
Dealt to Dorex2007 [Js 5d]
Josymar3005: calls $0.02
tayde310: folds 
zuccini blossom: folds 
Pichó: folds 
Alex366296: folds 
Dorex2007: folds 
CPS2017: calls $0.01
Girasol 2015: checks 
*** FLOP *** [Jc 2d 5s]
CPS2017: checks 
Girasol 2015: checks 
Josymar3005: bets $0.08
CPS2017: folds 
Girasol 2015: calls $0.08
*** TURN *** [Jc 2d 5s] [Ks]
Girasol 2015: checks 
Josymar3005: checks 
*** RIVER *** [Jc 2d 5s Ks] [6h]
Girasol 2015: checks 
Josymar3005: bets $0.08
Girasol 2015: calls $0.08
*** SHOW DOWN ***
Josymar3005: shows [Jh Kh] (two pair, Kings and Jacks)
Girasol 2015: mucks hand 
Josymar3005 collected $0.37 from pot
*** SUMMARY ***
Total pot $0.38 | Rake $0.01 
Board [Jc 2d 5s Ks 6h]
Seat 1: Pichó folded before Flop (didn't bet)
Seat 2: Alex366296 folded before Flop (didn't bet)
Seat 3: Dorex2007 (button) folded before Flop (didn't bet)
Seat 4: CPS2017 (small blind) folded on the Flop
Seat 6: Girasol 2015 (big blind) mucked [9c 2c]
Seat 7: Josymar3005 showed [Jh Kh] and won ($0.37) with two pair, Kings and Jacks
Seat 8: tayde310 folded before Flop (didn't bet)
Seat 9: zuccini blossom folded before Flop (didn't bet)



PokerStars Hand #237204980970:  Hold'em No Limit ($0.01/$0.02 USD) - 2022/07/06 16:31:32 PT [2022/07/06 19:31:32 ET]
Table 'Blok II' 9-max Seat #4 is the button
Seat 1: Pichó ($2.79 in chips) 
Seat 2: Alex366296 ($2.35 in chips) 
Seat 3: Dorex2007 ($2 in chips) 
Seat 4: CPS2017 ($0.82 in chips) 
Seat 6: Girasol 2015 ($3.22 in chips) 
Seat 7: Josymar3005 ($0.82 in chips) 
Seat 8: tayde310 ($2.18 in chips) 
Seat 9: zuccini blossom ($1.24 in chips) 
Girasol 2015: posts small blind $0.01
Josymar3005: posts big blind $0.02
*** HOLE CARDS ***
Dealt to Dorex2007 [5d Kd]
tayde310: folds 
zuccini blossom: folds 
Pichó: calls $0.02
Alex366296: calls $0.02
Dorex2007: folds 
CPS2017: folds 
Girasol 2015: calls $0.01
Josymar3005: checks 
*** FLOP *** [2d 4s As]
Girasol 2015: checks 
Josymar3005: bets $0.08
Pichó: folds 
Alex366296: folds 
Girasol 2015: raises $0.14 to $0.22
Josymar3005: calls $0.14
*** TURN *** [2d 4s As] [3c]
Girasol 2015: bets $0.50
Josymar3005: raises $0.08 to $0.58 and is all-in
Girasol 2015: calls $0.08
*** RIVER *** [2d 4s As 3c] [Kh]
*** SHOW DOWN ***
Girasol 2015: shows [4d Ad] (two pair, Aces and Fours)
Josymar3005: shows [2s 5s] (a straight, Ace to Five)
Josymar3005 cashed out the hand for $1.40 | Cash Out Fee $0.01
*** SUMMARY ***
Total pot $1.68 | Rake $0.06 
Board [2d 4s As 3c Kh]
Seat 1: Pichó folded on the Flop
Seat 2: Alex366296 folded on the Flop
Seat 3: Dorex2007 folded before Flop (didn't bet)
Seat 4: CPS2017 (button) folded before Flop (didn't bet)
Seat 6: Girasol 2015 (small blind) showed [4d Ad] and lost with two pair, Aces and Fours
Seat 7: Josymar3005 (big blind) showed [2s 5s] and won ($1.62) with a straight, Ace to Five (pot not awarded as player cashed out)
Seat 8: tayde310 folded before Flop (didn't bet)
Seat 9: zuccini blossom folded before Flop (didn't bet)



PokerStars Hand #237205001318:  Hold'em No Limit ($0.01/$0.02 USD) - 2022/07/06 16:32:49 PT [2022/07/06 19:32:49 ET]
Table 'Blok II' 9-max Seat #6 is the button
Seat 1: Pichó ($2.77 in chips) 
Seat 2: Alex366296 ($2.33 in chips) 
Seat 3: Dorex2007 ($2 in chips) 
Seat 4: CPS2017 ($0.82 in chips) 
Seat 6: Girasol 2015 ($2.40 in chips) 
Seat 7: Josymar3005 ($1.40 in chips) 
Seat 8: tayde310 ($2.18 in chips) 
Seat 9: zuccini blossom ($1.24 in chips) 
Josymar3005: posts small blind $0.01
tayde310: posts big blind $0.02
*** HOLE CARDS ***
Dealt to Dorex2007 [Ad 8d]
zuccini blossom: calls $0.02
Pichó: folds 
Alex366296: folds 
Dorex2007: calls $0.02
CPS2017: folds 
Girasol 2015: raises $0.10 to $0.12
Josymar3005: folds 
tayde310: folds 
zuccini blossom: calls $0.10
Dorex2007: folds 
*** FLOP *** [Tc 9d 6c]
Josymar3005 leaves the table
zuccini blossom: checks 
Girasol 2015: checks 
*** TURN *** [Tc 9d 6c] [Th]
zuccini blossom: checks 
Girasol 2015: checks 
*** RIVER *** [Tc 9d 6c Th] [4h]
hurls279 joins the table at seat #7 
zuccini blossom: bets $0.14
Girasol 2015: calls $0.14
*** SHOW DOWN ***
zuccini blossom: shows [Qc As] (a pair of Tens)
Girasol 2015: shows [Kd Ah] (a pair of Tens - Ace+King kicker)
Girasol 2015 collected $0.55 from pot
*** SUMMARY ***
Total pot $0.57 | Rake $0.02 
Board [Tc 9d 6c Th 4h]
Seat 1: Pichó folded before Flop (didn't bet)
Seat 2: Alex366296 folded before Flop (didn't bet)
Seat 3: Dorex2007 folded before Flop
Seat 4: CPS2017 folded before Flop (didn't bet)
Seat 6: Girasol 2015 (button) showed [Kd Ah] and won ($0.55) with a pair of Tens
Seat 7: Josymar3005 (small blind) folded before Flop
Seat 8: tayde310 (big blind) folded before Flop
Seat 9: zuccini blossom showed [Qc As] and lost with a pair of Tens



PokerStars Hand #237205015429:  Hold'em No Limit ($0.01/$0.02 USD) - 2022/07/06 16:33:45 PT [2022/07/06 19:33:45 ET]
Table 'Blok II' 9-max Seat #8 is the button
Seat 1: Pichó ($2.77 in chips) 
Seat 2: Alex366296 ($2.33 in chips) 
Seat 3: Dorex2007 ($2 in chips) 
Seat 4: CPS2017 ($0.82 in chips) 
Seat 6: Girasol 2015 ($2.69 in chips) 
Seat 8: tayde310 ($2.16 in chips) 
Seat 9: zuccini blossom ($0.98 in chips) 
zuccini blossom: posts small blind $0.01
Pichó: posts big blind $0.02
hurls279: sits out 
*** HOLE CARDS ***
Dealt to Dorex2007 [4s 2d]
Alex366296: folds 
Dorex2007: folds 
CPS2017: folds 
Girasol 2015: raises $0.02 to $0.04
tayde310: folds 
zuccini blossom: folds 
Pichó: calls $0.02
*** FLOP *** [7c Ac 7h]
Pichó: bets $0.04
Girasol 2015: folds 
Uncalled bet ($0.04) returned to Pichó
Pichó collected $0.09 from pot
*** SUMMARY ***
Total pot $0.09 | Rake $0 
Board [7c Ac 7h]
Seat 1: Pichó (big blind) collected ($0.09)
Seat 2: Alex366296 folded before Flop (didn't bet)
Seat 3: Dorex2007 folded before Flop (didn't bet)
Seat 4: CPS2017 folded before Flop (didn't bet)
Seat 6: Girasol 2015 folded on the Flop
Seat 8: tayde310 (button) folded before Flop (didn't bet)
Seat 9: zuccini blossom (small blind) folded before Flop



PokerStars Hand #237205023684:  Hold'em No Limit ($0.01/$0.02 USD) - 2022/07/06 16:34:17 PT [2022/07/06 19:34:17 ET]
Table 'Blok II' 9-max Seat #9 is the button
Seat 1: Pichó ($2.82 in chips) 
Seat 2: Alex366296 ($2.33 in chips) 
Seat 3: Dorex2007 ($2 in chips) 
Seat 4: CPS2017 ($0.82 in chips) 
Seat 6: Girasol 2015 ($2.65 in chips) 
Seat 8: tayde310 ($2.16 in chips) 
Seat 9: zuccini blossom ($0.97 in chips) 
Pichó: posts small blind $0.01
Alex366296: posts big blind $0.02
hurls279: sits out 
*** HOLE CARDS ***
Dealt to Dorex2007 [3h 6d]
Dorex2007: folds 
CPS2017: calls $0.02
Girasol 2015: calls $0.02
tayde310: folds 
zuccini blossom: raises $0.04 to $0.06
Pichó: calls $0.05
Alex366296: calls $0.04
CPS2017: calls $0.04
Girasol 2015: calls $0.04
*** FLOP *** [Qh 7h 8s]
Pichó: checks 
Alex366296: checks 
CPS2017: checks 
Girasol 2015: checks 
zuccini blossom: checks 
*** TURN *** [Qh 7h 8s] [3d]
Pichó: checks 
Alex366296: checks 
CPS2017: checks 
Girasol 2015: bets $0.14
zuccini blossom: folds 
Pichó: folds 
Alex366296: folds 
CPS2017: folds 
Uncalled bet ($0.14) returned to Girasol 2015
Girasol 2015 collected $0.29 from pot
*** SUMMARY ***
Total pot $0.30 | Rake $0.01 
Board [Qh 7h 8s 3d]
Seat 1: Pichó (small blind) folded on the Turn
Seat 2: Alex366296 (big blind) folded on the Turn
Seat 3: Dorex2007 folded before Flop (didn't bet)
Seat 4: CPS2017 folded on the Turn
Seat 6: Girasol 2015 collected ($0.29)
Seat 8: tayde310 folded before Flop (didn't bet)
Seat 9: zuccini blossom (button) folded on the Turn



PokerStars Hand #237205061040:  Hold'em No Limit ($0.01/$0.02 USD) - 2022/07/06 16:36:07 PT [2022/07/06 19:36:07 ET]
Table 'Blok II' 9-max Seat #1 is the button
Seat 1: Pichó ($2.76 in chips) 
Seat 2: Alex366296 ($2.27 in chips) 
Seat 3: Dorex2007 ($2 in chips) 
Seat 4: CPS2017 ($0.76 in chips) 
Seat 6: Girasol 2015 ($2.88 in chips) 
Seat 8: tayde310 ($2.16 in chips) 
Seat 9: zuccini blossom ($0.91 in chips) 
Alex366296: posts small blind $0.01
Dorex2007: posts big blind $0.02
enixblr: sits out 
hurls279: sits out 
*** HOLE CARDS ***
Dealt to Dorex2007 [7d 4h]
CPS2017 has timed out
CPS2017: folds 
Girasol 2015: folds 
tayde310: folds 
zuccini blossom: calls $0.02
Pichó: folds 
Alex366296: calls $0.01
Dorex2007: checks 
*** FLOP *** [5d Jc Qs]
Alex366296: checks 
Dorex2007: checks 
zuccini blossom: bets $0.03
Alex366296: folds 
Dorex2007: folds 
Uncalled bet ($0.03) returned to zuccini blossom
zuccini blossom collected $0.06 from pot
*** SUMMARY ***
Total pot $0.06 | Rake $0 
Board [5d Jc Qs]
Seat 1: Pichó (button) folded before Flop (didn't bet)
Seat 2: Alex366296 (small blind) folded on the Flop
Seat 3: Dorex2007 (big blind) folded on the Flop
Seat 4: CPS2017 folded before Flop (didn't bet)
Seat 6: Girasol 2015 folded before Flop (didn't bet)
Seat 8: tayde310 folded before Flop (didn't bet)
Seat 9: zuccini blossom collected ($0.06)



PokerStars Hand #237205071661:  Hold'em No Limit ($0.01/$0.02 USD) - 2022/07/06 16:36:49 PT [2022/07/06 19:36:49 ET]
Table 'Blok II' 9-max Seat #2 is the button
Seat 1: Pichó ($2.76 in chips) 
Seat 2: Alex366296 ($2.25 in chips) 
Seat 3: Dorex2007 ($2 in chips) 
Seat 4: CPS2017 ($0.76 in chips) 
Seat 6: Girasol 2015 ($2.88 in chips) 
Seat 8: tayde310 ($2.16 in chips) 
Seat 9: zuccini blossom ($0.95 in chips) 
Dorex2007: posts small blind $0.01
CPS2017: posts big blind $0.02
enixblr: sits out 
hurls279: sits out 
*** HOLE CARDS ***
Dealt to Dorex2007 [Kc 5s]
Girasol 2015 is disconnected 
Girasol 2015 is connected 
Girasol 2015: folds 
tayde310: folds 
zuccini blossom: calls $0.02
Pichó: folds 
Alex366296: folds 
hurls279 leaves the table
Luis Fern430 joins the table at seat #7 
Dorex2007: calls $0.01
CPS2017: raises $0.04 to $0.06
zuccini blossom: calls $0.04
Dorex2007: folds 
*** FLOP *** [9d 8h Kh]
CPS2017: bets $0.08
zuccini blossom: folds 
Uncalled bet ($0.08) returned to CPS2017
CPS2017 collected $0.14 from pot
*** SUMMARY ***
Total pot $0.14 | Rake $0 
Board [9d 8h Kh]
Seat 1: Pichó folded before Flop (didn't bet)
Seat 2: Alex366296 (button) folded before Flop (didn't bet)
Seat 3: Dorex2007 (small blind) folded before Flop
Seat 4: CPS2017 (big blind) collected ($0.14)
Seat 6: Girasol 2015 folded before Flop (didn't bet)
Seat 8: tayde310 folded before Flop (didn't bet)
Seat 9: zuccini blossom folded on the Flop



PokerStars Hand #237205089154:  Hold'em No Limit ($0.01/$0.02 USD) - 2022/07/06 16:37:35 PT [2022/07/06 19:37:35 ET]
Table 'Blok II' 9-max Seat #3 is the button
Seat 1: Pichó ($2.76 in chips) 
Seat 2: Alex366296 ($2.25 in chips) 
Seat 3: Dorex2007 ($2 in chips) 
Seat 4: CPS2017 ($0.84 in chips) 
Seat 5: enixblr ($4.05 in chips) 
Seat 6: Girasol 2015 ($2.88 in chips) 
Seat 8: tayde310 ($2.16 in chips) 
Seat 9: zuccini blossom ($0.89 in chips) 
CPS2017: posts small blind $0.01
enixblr: posts big blind $0.02
Luis Fern430: sits out 
*** HOLE CARDS ***
Dealt to Dorex2007 [5h 3s]
Girasol 2015: folds 
Girasol 2015 leaves the table
tayde310: folds 
zuccini blossom: raises $0.04 to $0.06
Pichó: folds 
Alex366296: calls $0.06
Dorex2007: folds 
CPS2017: folds 
Virtual GL7 joins the table at seat #6 
enixblr: folds 
*** FLOP *** [Th 2d 8c]
zuccini blossom: bets $0.10
Alex366296: calls $0.10
*** TURN *** [Th 2d 8c] [7c]
zuccini blossom: bets $0.14
Alex366296: raises $0.21 to $0.35
zuccini blossom: folds 
Uncalled bet ($0.21) returned to Alex366296
Alex366296 collected $0.61 from pot
*** SUMMARY ***
Total pot $0.63 | Rake $0.02 
Board [Th 2d 8c 7c]
Seat 1: Pichó folded before Flop (didn't bet)
Seat 2: Alex366296 collected ($0.61)
Seat 3: Dorex2007 (button) folded before Flop (didn't bet)
Seat 4: CPS2017 (small blind) folded before Flop
Seat 5: enixblr (big blind) folded before Flop
Seat 6: Girasol 2015 folded before Flop (didn't bet)
Seat 8: tayde310 folded before Flop (didn't bet)
Seat 9: zuccini blossom folded on the Turn



PokerStars Hand #237205104787:  Hold'em No Limit ($0.01/$0.02 USD) - 2022/07/06 16:38:37 PT [2022/07/06 19:38:37 ET]
Table 'Blok II' 9-max Seat #4 is the button
Seat 1: Pichó ($2.76 in chips) 
Seat 2: Alex366296 ($2.56 in chips) 
Seat 3: Dorex2007 ($2 in chips) 
Seat 4: CPS2017 ($0.83 in chips) 
Seat 5: enixblr ($4.03 in chips) 
Seat 6: Virtual GL7 ($0.80 in chips) 
Seat 7: Luis Fern430 ($2 in chips) 
Seat 8: tayde310 ($2.16 in chips) 
Seat 9: zuccini blossom ($0.59 in chips) 
enixblr: posts small blind $0.01
Virtual GL7: posts big blind $0.02
Luis Fern430: posts big blind $0.02
*** HOLE CARDS ***
Dealt to Dorex2007 [9c Ks]
Luis Fern430: checks 
tayde310: folds 
zuccini blossom: raises $0.04 to $0.06
Pichó: folds 
Alex366296: folds 
Dorex2007: folds 
CPS2017: folds 
enixblr: raises $0.14 to $0.20
Virtual GL7: calls $0.18
Luis Fern430: folds 
zuccini blossom: calls $0.14
*** FLOP *** [3h 3c 8d]
enixblr: bets $0.19
Virtual GL7: folds 
zuccini blossom: calls $0.19
*** TURN *** [3h 3c 8d] [9h]
enixblr: checks 
zuccini blossom: bets $0.20 and is all-in
enixblr: calls $0.20
*** RIVER *** [3h 3c 8d 9h] [Th]
*** SHOW DOWN ***
enixblr: shows [Ad Qd] (a pair of Threes)
zuccini blossom: shows [Ah Qc] (a pair of Threes)
enixblr collected $0.68 from pot
zuccini blossom collected $0.67 from pot
*** SUMMARY ***
Total pot $1.40 | Rake $0.05 
Board [3h 3c 8d 9h Th]
Seat 1: Pichó folded before Flop (didn't bet)
Seat 2: Alex366296 folded before Flop (didn't bet)
Seat 3: Dorex2007 folded before Flop (didn't bet)
Seat 4: CPS2017 (button) folded before Flop (didn't bet)
Seat 5: enixblr (small blind) showed [Ad Qd] and won ($0.68) with a pair of Threes
Seat 6: Virtual GL7 (big blind) folded on the Flop
Seat 7: Luis Fern430 folded before Flop (didn't bet)
Seat 8: tayde310 folded before Flop (didn't bet)
Seat 9: zuccini blossom showed [Ah Qc] and won ($0.67) with a pair of Threes



PokerStars Hand #237205120400:  Hold'em No Limit ($0.01/$0.02 USD) - 2022/07/06 16:39:39 PT [2022/07/06 19:39:39 ET]
Table 'Blok II' 9-max Seat #5 is the button
Seat 1: Pichó ($2.76 in chips) 
Seat 2: Alex366296 ($2.56 in chips) 
Seat 3: Dorex2007 ($2 in chips) 
Seat 4: CPS2017 ($0.83 in chips) 
Seat 5: enixblr ($4.12 in chips) 
Seat 6: Virtual GL7 ($0.60 in chips) 
Seat 7: Luis Fern430 ($1.98 in chips) 
Seat 8: tayde310 ($2.16 in chips) 
Seat 9: zuccini blossom ($0.67 in chips) 
Virtual GL7: posts small blind $0.01
Luis Fern430: posts big blind $0.02
*** HOLE CARDS ***
Dealt to Dorex2007 [9d 4s]
tayde310: folds 
zuccini blossom: calls $0.02
Pichó: calls $0.02
Alex366296: folds 
Dorex2007: folds 
CPS2017: folds 
enixblr: folds 
Virtual GL7: folds 
Luis Fern430: checks 
*** FLOP *** [Qs 2h 5h]
Luis Fern430: checks 
zuccini blossom: checks 
Pichó: checks 
*** TURN *** [Qs 2h 5h] [Ah]
Luis Fern430: checks 
zuccini blossom: bets $0.03
Pichó: raises $0.03 to $0.06
Luis Fern430: folds 
zuccini blossom: calls $0.03
*** RIVER *** [Qs 2h 5h Ah] [Qd]
zuccini blossom: checks 
Pichó: bets $0.26
zuccini blossom: folds 
Uncalled bet ($0.26) returned to Pichó
Pichó collected $0.18 from pot
*** SUMMARY ***
Total pot $0.19 | Rake $0.01 
Board [Qs 2h 5h Ah Qd]
Seat 1: Pichó collected ($0.18)
Seat 2: Alex366296 folded before Flop (didn't bet)
Seat 3: Dorex2007 folded before Flop (didn't bet)
Seat 4: CPS2017 folded before Flop (didn't bet)
Seat 5: enixblr (button) folded before Flop (didn't bet)
Seat 6: Virtual GL7 (small blind) folded before Flop
Seat 7: Luis Fern430 (big blind) folded on the Turn
Seat 8: tayde310 folded before Flop (didn't bet)
Seat 9: zuccini blossom folded on the River



PokerStars Hand #237205148744:  Hold'em No Limit ($0.01/$0.02 USD) - 2022/07/06 16:41:33 PT [2022/07/06 19:41:33 ET]
Table 'Blok II' 9-max Seat #6 is the button
Seat 1: Pichó ($2.86 in chips) 
Seat 2: Alex366296 ($2.56 in chips) 
Seat 3: Dorex2007 ($2 in chips) 
Seat 4: CPS2017 ($0.83 in chips) 
Seat 5: enixblr ($4.12 in chips) 
Seat 6: Virtual GL7 ($0.59 in chips) 
Seat 7: Luis Fern430 ($1.96 in chips) 
Seat 8: tayde310 ($2.16 in chips) 
Seat 9: zuccini blossom ($0.59 in chips) 
Luis Fern430: posts small blind $0.01
tayde310: posts big blind $0.02
*** HOLE CARDS ***
Dealt to Dorex2007 [4h 7s]
zuccini blossom: folds 
Pichó: folds 
Alex366296: folds 
Dorex2007: folds 
CPS2017: folds 
enixblr: folds 
Virtual GL7: calls $0.02
Luis Fern430: calls $0.01
tayde310: checks 
*** FLOP *** [9s Qc Qs]
Luis Fern430: checks 
tayde310: checks 
Virtual GL7: bets $0.06
Luis Fern430: folds 
tayde310: folds 
Uncalled bet ($0.06) returned to Virtual GL7
Virtual GL7 collected $0.06 from pot
*** SUMMARY ***
Total pot $0.06 | Rake $0 
Board [9s Qc Qs]
Seat 1: Pichó folded before Flop (didn't bet)
Seat 2: Alex366296 folded before Flop (didn't bet)
Seat 3: Dorex2007 folded before Flop (didn't bet)
Seat 4: CPS2017 folded before Flop (didn't bet)
Seat 5: enixblr folded before Flop (didn't bet)
Seat 6: Virtual GL7 (button) collected ($0.06)
Seat 7: Luis Fern430 (small blind) folded on the Flop
Seat 8: tayde310 (big blind) folded on the Flop
Seat 9: zuccini blossom folded before Flop (didn't bet)



PokerStars Hand #237205167064:  Hold'em No Limit ($0.01/$0.02 USD) - 2022/07/06 16:42:47 PT [2022/07/06 19:42:47 ET]
Table 'Blok II' 9-max Seat #7 is the button
Seat 1: Pichó ($2.86 in chips) 
Seat 2: Alex366296 ($2.56 in chips) 
Seat 3: Dorex2007 ($2 in chips) 
Seat 4: CPS2017 ($0.83 in chips) 
Seat 5: enixblr ($4.12 in chips) 
Seat 6: Virtual GL7 ($0.63 in chips) 
Seat 7: Luis Fern430 ($1.94 in chips) 
Seat 8: tayde310 ($2.14 in chips) 
Seat 9: zuccini blossom ($0.59 in chips) 
tayde310: posts small blind $0.01
zuccini blossom: posts big blind $0.02
*** HOLE CARDS ***
Dealt to Dorex2007 [9s 6d]
Pichó: calls $0.02
Alex366296: folds 
Dorex2007: folds 
CPS2017: folds 
enixblr: folds 
Virtual GL7: folds 
Luis Fern430: calls $0.02
tayde310: folds 
zuccini blossom: raises $0.04 to $0.06
Pichó: calls $0.04
Luis Fern430: calls $0.04
*** FLOP *** [Ac Qd 3h]
zuccini blossom: bets $0.02
Pichó: calls $0.02
Luis Fern430: calls $0.02
*** TURN *** [Ac Qd 3h] [Qh]
zuccini blossom: bets $0.02
Pichó: calls $0.02
Luis Fern430: raises $0.02 to $0.04
zuccini blossom: calls $0.02
Pichó: calls $0.02
*** RIVER *** [Ac Qd 3h Qh] [5s]
zuccini blossom: checks 
Pichó: bets $0.18
Luis Fern430: raises $0.18 to $0.36
zuccini blossom: folds 
Pichó: calls $0.18
*** SHOW DOWN ***
Luis Fern430: shows [Qs Jc] (three of a kind, Queens)
Pichó: mucks hand 
Luis Fern430 collected $1.05 from pot
*** SUMMARY ***
Total pot $1.09 | Rake $0.04 
Board [Ac Qd 3h Qh 5s]
Seat 1: Pichó mucked [Ks 3c]
Seat 2: Alex366296 folded before Flop (didn't bet)
Seat 3: Dorex2007 folded before Flop (didn't bet)
Seat 4: CPS2017 folded before Flop (didn't bet)
Seat 5: enixblr folded before Flop (didn't bet)
Seat 6: Virtual GL7 folded before Flop (didn't bet)
Seat 7: Luis Fern430 (button) showed [Qs Jc] and won ($1.05) with three of a kind, Queens
Seat 8: tayde310 (small blind) folded before Flop
Seat 9: zuccini blossom (big blind) folded on the River



PokerStars Hand #237205197314:  Hold'em No Limit ($0.01/$0.02 USD) - 2022/07/06 16:44:50 PT [2022/07/06 19:44:50 ET]
Table 'Blok II' 9-max Seat #8 is the button
Seat 1: Pichó ($2.38 in chips) 
Seat 2: Alex366296 ($2.56 in chips) 
Seat 3: Dorex2007 ($2 in chips) 
Seat 4: CPS2017 ($0.83 in chips) 
Seat 5: enixblr ($4.12 in chips) 
Seat 6: Virtual GL7 ($0.63 in chips) 
Seat 7: Luis Fern430 ($2.51 in chips) 
Seat 8: tayde310 ($2.13 in chips) 
Seat 9: zuccini blossom ($0.47 in chips) 
zuccini blossom: posts small blind $0.01
Pichó: posts big blind $0.02
*** HOLE CARDS ***
Dealt to Dorex2007 [5h 3d]
Alex366296: folds 
Dorex2007: folds 
CPS2017: folds 
enixblr: folds 
Virtual GL7: folds 
Luis Fern430: calls $0.02
tayde310: folds 
zuccini blossom: calls $0.01
Pichó: checks 
*** FLOP *** [4s 3c 9s]
zuccini blossom: bets $0.02
Pichó: raises $0.02 to $0.04
Luis Fern430: folds 
zuccini blossom: calls $0.02
*** TURN *** [4s 3c 9s] [Jh]
zuccini blossom: checks 
Pichó: checks 
*** RIVER *** [4s 3c 9s Jh] [3s]
zuccini blossom: checks 
Pichó: bets $0.14
zuccini blossom: folds 
Uncalled bet ($0.14) returned to Pichó
Pichó collected $0.14 from pot
*** SUMMARY ***
Total pot $0.14 | Rake $0 
Board [4s 3c 9s Jh 3s]
Seat 1: Pichó (big blind) collected ($0.14)
Seat 2: Alex366296 folded before Flop (didn't bet)
Seat 3: Dorex2007 folded before Flop (didn't bet)
Seat 4: CPS2017 folded before Flop (didn't bet)
Seat 5: enixblr folded before Flop (didn't bet)
Seat 6: Virtual GL7 folded before Flop (didn't bet)
Seat 7: Luis Fern430 folded on the Flop
Seat 8: tayde310 (button) folded before Flop (didn't bet)
Seat 9: zuccini blossom (small blind) folded on the River



PokerStars Hand #237205212937:  Hold'em No Limit ($0.01/$0.02 USD) - 2022/07/06 16:45:54 PT [2022/07/06 19:45:54 ET]
Table 'Blok II' 9-max Seat #9 is the button
Seat 1: Pichó ($2.46 in chips) 
Seat 2: Alex366296 ($2.56 in chips) 
Seat 3: Dorex2007 ($2 in chips) 
Seat 4: CPS2017 ($0.83 in chips) 
Seat 5: enixblr ($4.12 in chips) 
Seat 6: Virtual GL7 ($0.63 in chips) 
Seat 7: Luis Fern430 ($2.49 in chips) 
Seat 8: tayde310 ($2.13 in chips) 
Seat 9: zuccini blossom ($0.41 in chips) 
Pichó: posts small blind $0.01
Alex366296: posts big blind $0.02
*** HOLE CARDS ***
Dealt to Dorex2007 [9h 5h]
Dorex2007: folds 
CPS2017: folds 
enixblr: folds 
Virtual GL7: calls $0.02
Luis Fern430: calls $0.02
tayde310: folds 
zuccini blossom: calls $0.02
Pichó: calls $0.01
Alex366296: checks 
*** FLOP *** [2c Td Js]
Pichó: checks 
Alex366296: checks 
Virtual GL7: bets $0.06
Luis Fern430: raises $0.06 to $0.12
zuccini blossom: folds 
Pichó: folds 
Alex366296: folds 
Virtual GL7: calls $0.06
*** TURN *** [2c Td Js] [8c]
Virtual GL7: checks 
Luis Fern430: bets $0.50
Virtual GL7: folds 
Uncalled bet ($0.50) returned to Luis Fern430
Luis Fern430 collected $0.33 from pot
*** SUMMARY ***
Total pot $0.34 | Rake $0.01 
Board [2c Td Js 8c]
Seat 1: Pichó (small blind) folded on the Flop
Seat 2: Alex366296 (big blind) folded on the Flop
Seat 3: Dorex2007 folded before Flop (didn't bet)
Seat 4: CPS2017 folded before Flop (didn't bet)
Seat 5: enixblr folded before Flop (didn't bet)
Seat 6: Virtual GL7 folded on the Turn
Seat 7: Luis Fern430 collected ($0.33)
Seat 8: tayde310 folded before Flop (didn't bet)
Seat 9: zuccini blossom (button) folded on the Flop



PokerStars Hand #237205235735:  Hold'em No Limit ($0.01/$0.02 USD) - 2022/07/06 16:47:27 PT [2022/07/06 19:47:27 ET]
Table 'Blok II' 9-max Seat #1 is the button
Seat 1: Pichó ($2.44 in chips) 
Seat 2: Alex366296 ($2.54 in chips) 
Seat 3: Dorex2007 ($2 in chips) 
Seat 4: CPS2017 ($0.83 in chips) 
Seat 5: enixblr ($4.12 in chips) 
Seat 6: Virtual GL7 ($0.49 in chips) 
Seat 7: Luis Fern430 ($2.68 in chips) 
Seat 8: tayde310 ($2.13 in chips) 
Seat 9: zuccini blossom ($0.39 in chips) 
Alex366296: posts small blind $0.01
Dorex2007: posts big blind $0.02
*** HOLE CARDS ***
Dealt to Dorex2007 [Kh 2s]
CPS2017: folds 
enixblr: raises $0.03 to $0.05
Virtual GL7: calls $0.05
Luis Fern430: folds 
tayde310: folds 
zuccini blossom: folds 
Pichó: folds 
Alex366296: folds 
Dorex2007: folds 
*** FLOP *** [8s 3d 2c]
enixblr: checks 
Virtual GL7: checks 
*** TURN *** [8s 3d 2c] [Th]
enixblr: checks 
Virtual GL7: checks 
*** RIVER *** [8s 3d 2c Th] [Jh]
enixblr: checks 
Virtual GL7: bets $0.08
enixblr: folds 
Uncalled bet ($0.08) returned to Virtual GL7
Virtual GL7 collected $0.13 from pot
*** SUMMARY ***
Total pot $0.13 | Rake $0 
Board [8s 3d 2c Th Jh]
Seat 1: Pichó (button) folded before Flop (didn't bet)
Seat 2: Alex366296 (small blind) folded before Flop
Seat 3: Dorex2007 (big blind) folded before Flop
Seat 4: CPS2017 folded before Flop (didn't bet)
Seat 5: enixblr folded on the River
Seat 6: Virtual GL7 collected ($0.13)
Seat 7: Luis Fern430 folded before Flop (didn't bet)
Seat 8: tayde310 folded before Flop (didn't bet)
Seat 9: zuccini blossom folded before Flop (didn't bet)



PokerStars Hand #237205261663:  Hold'em No Limit ($0.01/$0.02 USD) - 2022/07/06 16:48:34 PT [2022/07/06 19:48:34 ET]
Table 'Blok II' 9-max Seat #2 is the button
Seat 1: Pichó ($2.44 in chips) 
Seat 2: Alex366296 ($2.53 in chips) 
Seat 3: Dorex2007 ($2 in chips) 
Seat 4: CPS2017 ($0.83 in chips) 
Seat 5: enixblr ($4.07 in chips) 
Seat 6: Virtual GL7 ($0.57 in chips) 
Seat 7: Luis Fern430 ($2.68 in chips) 
Seat 8: tayde310 ($2.13 in chips) 
Seat 9: zuccini blossom ($0.39 in chips) 
Dorex2007: posts small blind $0.01
CPS2017: posts big blind $0.02
*** HOLE CARDS ***
Dealt to Dorex2007 [3s Qs]
enixblr: folds 
Virtual GL7: calls $0.02
Luis Fern430: folds 
tayde310: folds 
zuccini blossom: calls $0.02
Pichó: calls $0.02
Alex366296: folds 
Dorex2007: folds 
CPS2017: checks 
*** FLOP *** [Ah 3c 6s]
CPS2017: checks 
Virtual GL7: checks 
zuccini blossom: checks 
Pichó: checks 
*** TURN *** [Ah 3c 6s] [Qh]
CPS2017: checks 
Virtual GL7: checks 
zuccini blossom: bets $0.04
Pichó: calls $0.04
CPS2017: folds 
Virtual GL7: folds 
*** RIVER *** [Ah 3c 6s Qh] [9c]
zuccini blossom: bets $0.06
Pichó: folds 
Uncalled bet ($0.06) returned to zuccini blossom
zuccini blossom collected $0.16 from pot
*** SUMMARY ***
Total pot $0.17 | Rake $0.01 
Board [Ah 3c 6s Qh 9c]
Seat 1: Pichó folded on the River
Seat 2: Alex366296 (button) folded before Flop (didn't bet)
Seat 3: Dorex2007 (small blind) folded before Flop
Seat 4: CPS2017 (big blind) folded on the Turn
Seat 5: enixblr folded before Flop (didn't bet)
Seat 6: Virtual GL7 folded on the Turn
Seat 7: Luis Fern430 folded before Flop (didn't bet)
Seat 8: tayde310 folded before Flop (didn't bet)
Seat 9: zuccini blossom collected ($0.16)



PokerStars Hand #237205280409:  Hold'em No Limit ($0.01/$0.02 USD) - 2022/07/06 16:49:51 PT [2022/07/06 19:49:51 ET]
Table 'Blok II' 9-max Seat #3 is the button
Seat 1: Pichó ($2.38 in chips) 
Seat 2: Alex366296 ($2.53 in chips) 
Seat 3: Dorex2007 ($2 in chips) 
Seat 4: CPS2017 ($0.81 in chips) 
Seat 5: enixblr ($4.07 in chips) 
Seat 6: Virtual GL7 ($0.55 in chips) 
Seat 7: Luis Fern430 ($2.68 in chips) 
Seat 8: tayde310 ($2.13 in chips) 
Seat 9: zuccini blossom ($0.49 in chips) 
CPS2017: posts small blind $0.01
enixblr: posts big blind $0.02
*** HOLE CARDS ***
Dealt to Dorex2007 [Ac Ts]
Virtual GL7: calls $0.02
Luis Fern430: folds 
tayde310: folds 
zuccini blossom: folds 
Pichó: folds 
Alex366296: raises $0.04 to $0.06
Dorex2007: folds 
CPS2017: folds 
enixblr: folds 
Virtual GL7: calls $0.04
*** FLOP *** [6d 9d 5s]
Virtual GL7: bets $0.08
Alex366296: raises $0.09 to $0.17
Virtual GL7: calls $0.09
*** TURN *** [6d 9d 5s] [Jc]
Virtual GL7: bets $0.32 and is all-in
Alex366296: calls $0.32
*** RIVER *** [6d 9d 5s Jc] [Jd]
*** SHOW DOWN ***
Virtual GL7: shows [9c Ks] (two pair, Jacks and Nines)
Alex366296: shows [9s As] (two pair, Jacks and Nines - Ace kicker)
Alex366296 collected $1.09 from pot
*** SUMMARY ***
Total pot $1.13 | Rake $0.04 
Board [6d 9d 5s Jc Jd]
Seat 1: Pichó folded before Flop (didn't bet)
Seat 2: Alex366296 showed [9s As] and won ($1.09) with two pair, Jacks and Nines
Seat 3: Dorex2007 (button) folded before Flop (didn't bet)
Seat 4: CPS2017 (small blind) folded before Flop
Seat 5: enixblr (big blind) folded before Flop
Seat 6: Virtual GL7 showed [9c Ks] and lost with two pair, Jacks and Nines
Seat 7: Luis Fern430 folded before Flop (didn't bet)
Seat 8: tayde310 folded before Flop (didn't bet)
Seat 9: zuccini blossom folded before Flop (didn't bet)



PokerStars Hand #237205304800:  Hold'em No Limit ($0.01/$0.02 USD) - 2022/07/06 16:51:32 PT [2022/07/06 19:51:32 ET]
Table 'Blok II' 9-max Seat #4 is the button
Seat 1: Pichó ($2.38 in chips) 
Seat 2: Alex366296 ($3.07 in chips) 
Seat 3: Dorex2007 ($2 in chips) 
Seat 4: CPS2017 ($0.80 in chips) 
Seat 5: enixblr ($4.05 in chips) 
Seat 7: Luis Fern430 ($2.68 in chips) 
Seat 8: tayde310 ($2.13 in chips) 
Seat 9: zuccini blossom ($0.49 in chips) 
enixblr: posts small blind $0.01
Luis Fern430: posts big blind $0.02
*** HOLE CARDS ***
Dealt to Dorex2007 [4h 9c]
tayde310: folds 
zuccini blossom: folds 
Pichó: calls $0.02
Alex366296: folds 
Virtual GL7 leaves the table
Dorex2007: folds 
CPS2017: calls $0.02
enixblr: folds 
Luis Fern430: checks 
*** FLOP *** [Jh Qd 7d]
kgiorgos8 joins the table at seat #6 
Luis Fern430: checks 
kgiorgos8 leaves the table
Pichó: checks 
CPS2017: checks 
*** TURN *** [Jh Qd 7d] [Tc]
Pepono101 joins the table at seat #6 
Luis Fern430: checks 
Pichó: checks 
CPS2017: checks 
*** RIVER *** [Jh Qd 7d Tc] [Ts]
Luis Fern430: checks 
Pichó: checks 
CPS2017: checks 
*** SHOW DOWN ***
Luis Fern430: shows [3d 2s] (a pair of Tens)
Pichó: shows [Ah 2c] (a pair of Tens - Ace kicker)
CPS2017: shows [8c 7h] (two pair, Tens and Sevens)
CPS2017 collected $0.07 from pot
*** SUMMARY ***
Total pot $0.07 | Rake $0 
Board [Jh Qd 7d Tc Ts]
Seat 1: Pichó showed [Ah 2c] and lost with a pair of Tens
Seat 2: Alex366296 folded before Flop (didn't bet)
Seat 3: Dorex2007 folded before Flop (didn't bet)
Seat 4: CPS2017 (button) showed [8c 7h] and won ($0.07) with two pair, Tens and Sevens
Seat 5: enixblr (small blind) folded before Flop
Seat 7: Luis Fern430 (big blind) showed [3d 2s] and lost with a pair of Tens
Seat 8: tayde310 folded before Flop (didn't bet)
Seat 9: zuccini blossom folded before Flop (didn't bet)



PokerStars Hand #237205323365:  Hold'em No Limit ($0.01/$0.02 USD) - 2022/07/06 16:52:50 PT [2022/07/06 19:52:50 ET]
Table 'Blok II' 9-max Seat #5 is the button
Seat 1: Pichó ($2.36 in chips) 
Seat 2: Alex366296 ($3.07 in chips) 
Seat 3: Dorex2007 ($2 in chips) 
Seat 4: CPS2017 ($0.85 in chips) 
Seat 5: enixblr ($4.04 in chips) 
Seat 7: Luis Fern430 ($2.66 in chips) 
Seat 8: tayde310 ($2.13 in chips) 
Seat 9: zuccini blossom ($0.49 in chips) 
Luis Fern430: posts small blind $0.01
tayde310: posts big blind $0.02
*** HOLE CARDS ***
Dealt to Dorex2007 [Ks 8s]
zuccini blossom: calls $0.02
Pichó: folds 
Alex366296: raises $0.04 to $0.06
Dorex2007: folds 
CPS2017: folds 
enixblr: folds 
Luis Fern430: folds 
tayde310: folds 
zuccini blossom: calls $0.04
*** FLOP *** [4s 6h Jc]
zuccini blossom: checks 
Alex366296: bets $0.13
zuccini blossom: raises $0.30 to $0.43 and is all-in
Alex366296: folds 
Uncalled bet ($0.30) returned to zuccini blossom
zuccini blossom collected $0.40 from pot
*** SUMMARY ***
Total pot $0.41 | Rake $0.01 
Board [4s 6h Jc]
Seat 1: Pichó folded before Flop (didn't bet)
Seat 2: Alex366296 folded on the Flop
Seat 3: Dorex2007 folded before Flop (didn't bet)
Seat 4: CPS2017 folded before Flop (didn't bet)
Seat 5: enixblr (button) folded before Flop (didn't bet)
Seat 7: Luis Fern430 (small blind) folded before Flop
Seat 8: tayde310 (big blind) folded before Flop
Seat 9: zuccini blossom collected ($0.40)



PokerStars Hand #237205342004:  Hold'em No Limit ($0.01/$0.02 USD) - 2022/07/06 16:54:08 PT [2022/07/06 19:54:08 ET]
Table 'Blok II' 9-max Seat #7 is the button
Seat 2: Alex366296 ($2.88 in chips) 
Seat 3: Dorex2007 ($2 in chips) 
Seat 4: CPS2017 ($0.85 in chips) 
Seat 5: enixblr ($4.04 in chips) 
Seat 7: Luis Fern430 ($2.65 in chips) 
Seat 8: tayde310 ($2.11 in chips) 
Seat 9: zuccini blossom ($0.70 in chips) 
tayde310: posts small blind $0.01
zuccini blossom: posts big blind $0.02
Pepono101: sits out 
*** HOLE CARDS ***
Dealt to Dorex2007 [3c Tc]
Alex366296: folds 
Dorex2007: folds 
CPS2017: folds 
enixblr: folds 
Luis Fern430: calls $0.02
tayde310: folds 
zuccini blossom: checks 
*** FLOP *** [7d 7h Jd]
zuccini blossom: bets $0.02
Luis Fern430: calls $0.02
*** TURN *** [7d 7h Jd] [Ts]
zuccini blossom: bets $0.02
Luis Fern430: raises $0.02 to $0.04
zuccini blossom: calls $0.02
*** RIVER *** [7d 7h Jd Ts] [6d]
zuccini blossom: checks 
Luis Fern430: bets $0.20
zuccini blossom: calls $0.20
*** SHOW DOWN ***
Luis Fern430: shows [Td Js] (two pair, Jacks and Tens)
zuccini blossom: mucks hand 
Luis Fern430 collected $0.55 from pot
*** SUMMARY ***
Total pot $0.57 | Rake $0.02 
Board [7d 7h Jd Ts 6d]
Seat 2: Alex366296 folded before Flop (didn't bet)
Seat 3: Dorex2007 folded before Flop (didn't bet)
Seat 4: CPS2017 folded before Flop (didn't bet)
Seat 5: enixblr folded before Flop (didn't bet)
Seat 7: Luis Fern430 (button) showed [Td Js] and won ($0.55) with two pair, Jacks and Tens
Seat 8: tayde310 (small blind) folded before Flop
Seat 9: zuccini blossom (big blind) mucked [8d Jc]



PokerStars Hand #237205361909:  Hold'em No Limit ($0.01/$0.02 USD) - 2022/07/06 16:55:37 PT [2022/07/06 19:55:37 ET]
Table 'Blok II' 9-max Seat #9 is the button
Seat 1: Pichó ($2.36 in chips) 
Seat 2: Alex366296 ($2.88 in chips) 
Seat 3: Dorex2007 ($2 in chips) 
Seat 4: CPS2017 ($0.85 in chips) 
Seat 5: enixblr ($4.04 in chips) 
Seat 6: Pepono101 ($2 in chips) 
Seat 7: Luis Fern430 ($2.92 in chips) 
Seat 9: zuccini blossom ($0.42 in chips) 
Pichó: posts small blind $0.01
Alex366296: posts big blind $0.02
Pepono101: posts big blind $0.02
*** HOLE CARDS ***
Dealt to Dorex2007 [5s Th]
Dorex2007: folds 
CPS2017: folds 
enixblr: folds 
Pepono101: checks 
Luis Fern430: folds 
zuccini blossom: raises $0.04 to $0.06
Pichó: folds 
Alex366296: folds 
Pepono101: folds 
Uncalled bet ($0.04) returned to zuccini blossom
zuccini blossom collected $0.07 from pot
*** SUMMARY ***
Total pot $0.07 | Rake $0 
Seat 1: Pichó (small blind) folded before Flop
Seat 2: Alex366296 (big blind) folded before Flop
Seat 3: Dorex2007 folded before Flop (didn't bet)
Seat 4: CPS2017 folded before Flop (didn't bet)
Seat 5: enixblr folded before Flop (didn't bet)
Seat 6: Pepono101 folded before Flop (didn't bet)
Seat 7: Luis Fern430 folded before Flop (didn't bet)
Seat 9: zuccini blossom (button) collected ($0.07)



PokerStars Hand #237205368470:  Hold'em No Limit ($0.01/$0.02 USD) - 2022/07/06 16:56:10 PT [2022/07/06 19:56:10 ET]
Table 'Blok II' 9-max Seat #1 is the button
Seat 1: Pichó ($2.35 in chips) 
Seat 2: Alex366296 ($2.86 in chips) 
Seat 3: Dorex2007 ($2 in chips) 
Seat 4: CPS2017 ($0.85 in chips) 
Seat 5: enixblr ($4.04 in chips) 
Seat 6: Pepono101 ($1.98 in chips) 
Seat 7: Luis Fern430 ($2.92 in chips) 
Seat 9: zuccini blossom ($0.47 in chips) 
Alex366296: posts small blind $0.01
Dorex2007: posts big blind $0.02
*** HOLE CARDS ***
Dealt to Dorex2007 [Ad Ac]
CPS2017 has timed out
CPS2017: folds 
enixblr: folds 
Pepono101: folds 
Luis Fern430 has timed out
Luis Fern430: folds 
zuccini blossom: calls $0.02
Pichó: folds 
Alex366296: folds 
Dorex2007: raises $0.08 to $0.10
zuccini blossom: folds 
Uncalled bet ($0.08) returned to Dorex2007
Dorex2007 collected $0.05 from pot
*** SUMMARY ***
Total pot $0.05 | Rake $0 
Seat 1: Pichó (button) folded before Flop (didn't bet)
Seat 2: Alex366296 (small blind) folded before Flop
Seat 3: Dorex2007 (big blind) collected ($0.05)
Seat 4: CPS2017 folded before Flop (didn't bet)
Seat 5: enixblr folded before Flop (didn't bet)
Seat 6: Pepono101 folded before Flop (didn't bet)
Seat 7: Luis Fern430 folded before Flop (didn't bet)
Seat 9: zuccini blossom folded before Flop



PokerStars Hand #237205376299:  Hold'em No Limit ($0.01/$0.02 USD) - 2022/07/06 16:56:50 PT [2022/07/06 19:56:50 ET]
Table 'Blok II' 9-max Seat #2 is the button
Seat 1: Pichó ($2.35 in chips) 
Seat 2: Alex366296 ($2.85 in chips) 
Seat 3: Dorex2007 ($2.03 in chips) 
Seat 4: CPS2017 ($0.85 in chips) 
Seat 5: enixblr ($4.04 in chips) 
Seat 6: Pepono101 ($1.98 in chips) 
Seat 7: Luis Fern430 ($2.92 in chips) 
Seat 9: zuccini blossom ($0.45 in chips) 
Dorex2007: posts small blind $0.01
CPS2017: posts big blind $0.02
*** HOLE CARDS ***
Dealt to Dorex2007 [9s Qs]
enixblr: folds 
Pepono101: folds 
Luis Fern430: folds 
zuccini blossom: folds 
zuccini blossom leaves the table
Pichó: folds 
Alex366296: folds 
Dorex2007: folds 
Uncalled bet ($0.01) returned to CPS2017
CPS2017 collected $0.02 from pot
*** SUMMARY ***
Total pot $0.02 | Rake $0 
Seat 1: Pichó folded before Flop (didn't bet)
Seat 2: Alex366296 (button) folded before Flop (didn't bet)
Seat 3: Dorex2007 (small blind) folded before Flop
Seat 4: CPS2017 (big blind) collected ($0.02)
Seat 5: enixblr folded before Flop (didn't bet)
Seat 6: Pepono101 folded before Flop (didn't bet)
Seat 7: Luis Fern430 folded before Flop (didn't bet)
Seat 9: zuccini blossom folded before Flop (didn't bet)



PokerStars Hand #237205380398:  Hold'em No Limit ($0.01/$0.02 USD) - 2022/07/06 16:57:10 PT [2022/07/06 19:57:10 ET]
Table 'Blok II' 9-max Seat #3 is the button
Seat 1: Pichó ($2.35 in chips) 
Seat 2: Alex366296 ($2.85 in chips) 
Seat 3: Dorex2007 ($2.02 in chips) 
Seat 4: CPS2017 ($0.86 in chips) 
Seat 5: enixblr ($4.04 in chips) 
Seat 6: Pepono101 ($1.98 in chips) 
Seat 7: Luis Fern430 ($2.92 in chips) 
CPS2017: posts small blind $0.01
enixblr: posts big blind $0.02
VascoSerg: sits out 
*** HOLE CARDS ***
Dealt to Dorex2007 [Jd Th]
Pepono101: folds 
Luis Fern430: folds 
Pichó: calls $0.02
Alex366296: calls $0.02
Dorex2007: calls $0.02
CPS2017: calls $0.01
enixblr: checks 
*** FLOP *** [Kd 5s 2h]
CPS2017: checks 
enixblr: checks 
Pichó: checks 
Alex366296: checks 
Dorex2007: checks 
*** TURN *** [Kd 5s 2h] [3c]
CPS2017: bets $0.06
enixblr: folds 
Pichó: folds 
Alex366296: folds 
Dorex2007: folds 
Uncalled bet ($0.06) returned to CPS2017
CPS2017 collected $0.10 from pot
*** SUMMARY ***
Total pot $0.10 | Rake $0 
Board [Kd 5s 2h 3c]
Seat 1: Pichó folded on the Turn
Seat 2: Alex366296 folded on the Turn
Seat 3: Dorex2007 (button) folded on the Turn
Seat 4: CPS2017 (small blind) collected ($0.10)
Seat 5: enixblr (big blind) folded on the Turn
Seat 6: Pepono101 folded before Flop (didn't bet)
Seat 7: Luis Fern430 folded before Flop (didn't bet)



PokerStars Hand #237205395124:  Hold'em No Limit ($0.01/$0.02 USD) - 2022/07/06 16:58:23 PT [2022/07/06 19:58:23 ET]
Table 'Blok II' 9-max Seat #4 is the button
Seat 1: Pichó ($2.33 in chips) 
Seat 2: Alex366296 ($2.83 in chips) 
Seat 3: Dorex2007 ($2 in chips) 
Seat 4: CPS2017 ($0.94 in chips) 
Seat 5: enixblr ($4.02 in chips) 
Seat 6: Pepono101 ($1.98 in chips) 
Seat 7: Luis Fern430 ($2.92 in chips) 
enixblr: posts small blind $0.01
Pepono101: posts big blind $0.02
VascoSerg: sits out 
*** HOLE CARDS ***
Dealt to Dorex2007 [Ks 2h]
Luis Fern430 has timed out
Luis Fern430: folds 
Pichó: folds 
Alex366296: raises $0.04 to $0.06
Dorex2007: folds 
Pichó leaves the table
CPS2017: folds 
enixblr: folds 
Pepono101: folds 
Uncalled bet ($0.04) returned to Alex366296
Alex366296 collected $0.05 from pot
*** SUMMARY ***
Total pot $0.05 | Rake $0 
Seat 1: Pichó folded before Flop (didn't bet)
Seat 2: Alex366296 collected ($0.05)
Seat 3: Dorex2007 folded before Flop (didn't bet)
Seat 4: CPS2017 (button) folded before Flop (didn't bet)
Seat 5: enixblr (small blind) folded before Flop
Seat 6: Pepono101 (big blind) folded before Flop
Seat 7: Luis Fern430 folded before Flop (didn't bet)



PokerStars Hand #237205401283:  Hold'em No Limit ($0.01/$0.02 USD) - 2022/07/06 16:58:54 PT [2022/07/06 19:58:54 ET]
Table 'Blok II' 9-max Seat #5 is the button
Seat 2: Alex366296 ($2.86 in chips) 
Seat 3: Dorex2007 ($2 in chips) 
Seat 4: CPS2017 ($0.94 in chips) 
Seat 5: enixblr ($4.01 in chips) 
Seat 6: Pepono101 ($1.96 in chips) 
Seat 7: Luis Fern430 ($2.92 in chips) 
Pepono101: posts small blind $0.01
Luis Fern430: posts big blind $0.02
VascoSerg: sits out 
*** HOLE CARDS ***
Dealt to Dorex2007 [Js 6h]
Alex366296: folds 
Dorex2007: folds 
CPS2017: folds 
enixblr: raises $0.03 to $0.05
Pepono101: folds 
Luis Fern430: folds 
Uncalled bet ($0.03) returned to enixblr
enixblr collected $0.05 from pot
*** SUMMARY ***
Total pot $0.05 | Rake $0 
Seat 2: Alex366296 folded before Flop (didn't bet)
Seat 3: Dorex2007 folded before Flop (didn't bet)
Seat 4: CPS2017 folded before Flop (didn't bet)
Seat 5: enixblr (button) collected ($0.05)
Seat 6: Pepono101 (small blind) folded before Flop
Seat 7: Luis Fern430 (big blind) folded before Flop



PokerStars Hand #237205405771:  Hold'em No Limit ($0.01/$0.02 USD) - 2022/07/06 16:59:16 PT [2022/07/06 19:59:16 ET]
Table 'Blok II' 9-max Seat #6 is the button
Seat 2: Alex366296 ($2.86 in chips) 
Seat 3: Dorex2007 ($2 in chips) 
Seat 4: CPS2017 ($0.94 in chips) 
Seat 5: enixblr ($4.04 in chips) 
Seat 6: Pepono101 ($1.95 in chips) 
Seat 7: Luis Fern430 ($2.90 in chips) 
Seat 9: VascoSerg ($2 in chips) 
Luis Fern430: posts small blind $0.01
VascoSerg: posts big blind $0.02
Buditi is connected 
Buditi: sits out 
*** HOLE CARDS ***
Dealt to Dorex2007 [9d Ts]
Alex366296: folds 
Dorex2007: folds 
CPS2017: folds 
enixblr: raises $0.03 to $0.05
Pepono101: calls $0.05
Luis Fern430: folds 
VascoSerg: folds 
*** FLOP *** [Qd 5h Js]
enixblr: checks 
Pepono101: checks 
*** TURN *** [Qd 5h Js] [Ad]
enixblr: bets $0.02
Pepono101: calls $0.02
*** RIVER *** [Qd 5h Js Ad] [3s]
enixblr: checks 
Pepono101: bets $0.16
enixblr: folds 
Uncalled bet ($0.16) returned to Pepono101
Pepono101 collected $0.16 from pot
*** SUMMARY ***
Total pot $0.17 | Rake $0.01 
Board [Qd 5h Js Ad 3s]
Seat 2: Alex366296 folded before Flop (didn't bet)
Seat 3: Dorex2007 folded before Flop (didn't bet)
Seat 4: CPS2017 folded before Flop (didn't bet)
Seat 5: enixblr folded on the River
Seat 6: Pepono101 (button) collected ($0.16)
Seat 7: Luis Fern430 (small blind) folded before Flop
Seat 9: VascoSerg (big blind) folded before Flop



PokerStars Hand #237205416460:  Hold'em No Limit ($0.01/$0.02 USD) - 2022/07/06 17:00:09 PT [2022/07/06 20:00:09 ET]
Table 'Blok II' 9-max Seat #7 is the button
Seat 1: Buditi ($0.80 in chips) 
Seat 2: Alex366296 ($2.86 in chips) 
Seat 3: Dorex2007 ($2 in chips) 
Seat 4: CPS2017 ($0.94 in chips) 
Seat 5: enixblr ($3.97 in chips) 
Seat 6: Pepono101 ($2.04 in chips) 
Seat 7: Luis Fern430 ($2.89 in chips) 
Seat 9: VascoSerg ($2 in chips) 
VascoSerg: posts small blind $0.01
Buditi: posts big blind $0.02
*** HOLE CARDS ***
Dealt to Dorex2007 [Jh 4s]
Alex366296: folds 
Dorex2007: folds 
CPS2017: calls $0.02
enixblr: folds 
Pepono101: calls $0.02
Luis Fern430: folds 
VascoSerg: folds 
Buditi: checks 
*** FLOP *** [9d 9h 9c]
Buditi: checks 
CPS2017: bets $0.10
Pepono101: folds 
Buditi: folds 
Uncalled bet ($0.10) returned to CPS2017
CPS2017 collected $0.07 from pot
*** SUMMARY ***
Total pot $0.07 | Rake $0 
Board [9d 9h 9c]
Seat 1: Buditi (big blind) folded on the Flop
Seat 2: Alex366296 folded before Flop (didn't bet)
Seat 3: Dorex2007 folded before Flop (didn't bet)
Seat 4: CPS2017 collected ($0.07)
Seat 5: enixblr folded before Flop (didn't bet)
Seat 6: Pepono101 folded on the Flop
Seat 7: Luis Fern430 (button) folded before Flop (didn't bet)
Seat 9: VascoSerg (small blind) folded before Flop



PokerStars Hand #237205426490:  Hold'em No Limit ($0.01/$0.02 USD) - 2022/07/06 17:00:46 PT [2022/07/06 20:00:46 ET]
Table 'Blok II' 9-max Seat #9 is the button
Seat 1: Buditi ($0.78 in chips) 
Seat 2: Alex366296 ($2.86 in chips) 
Seat 3: Dorex2007 ($2 in chips) 
Seat 4: CPS2017 ($0.99 in chips) 
Seat 5: enixblr ($3.97 in chips) 
Seat 6: Pepono101 ($2.02 in chips) 
Seat 7: Luis Fern430 ($2.89 in chips) 
Seat 9: VascoSerg ($2 in chips) 
Buditi: posts small blind $0.01
Alex366296: posts big blind $0.02
*** HOLE CARDS ***
Dealt to Dorex2007 [8h 3h]
Dorex2007: folds 
CPS2017: folds 
enixblr: folds 
Pepono101: folds 
Luis Fern430: calls $0.02
VascoSerg: raises $0.06 to $0.08
Buditi: calls $0.07
Alex366296: calls $0.06
Luis Fern430: folds 
*** FLOP *** [Ad Ts Th]
Buditi: checks 
Alex366296: bets $0.23
VascoSerg: folds 
Buditi: folds 
Uncalled bet ($0.23) returned to Alex366296
Alex366296 collected $0.25 from pot
*** SUMMARY ***
Total pot $0.26 | Rake $0.01 
Board [Ad Ts Th]
Seat 1: Buditi (small blind) folded on the Flop
Seat 2: Alex366296 (big blind) collected ($0.25)
Seat 3: Dorex2007 folded before Flop (didn't bet)
Seat 4: CPS2017 folded before Flop (didn't bet)
Seat 5: enixblr folded before Flop (didn't bet)
Seat 6: Pepono101 folded before Flop (didn't bet)
Seat 7: Luis Fern430 folded before Flop
Seat 9: VascoSerg (button) folded on the Flop



PokerStars Hand #237205444157:  Hold'em No Limit ($0.01/$0.02 USD) - 2022/07/06 17:02:04 PT [2022/07/06 20:02:04 ET]
Table 'Blok II' 9-max Seat #1 is the button
Seat 1: Buditi ($0.70 in chips) 
Seat 2: Alex366296 ($3.03 in chips) 
Seat 3: Dorex2007 ($2 in chips) 
Seat 4: CPS2017 ($0.99 in chips) 
Seat 5: enixblr ($3.97 in chips) 
Seat 6: Pepono101 ($2.02 in chips) 
Seat 7: Luis Fern430 ($2.87 in chips) 
Seat 9: VascoSerg ($2 in chips) 
Alex366296: posts small blind $0.01
Dorex2007: posts big blind $0.02
*** HOLE CARDS ***
Dealt to Dorex2007 [Ah 5h]
CPS2017: folds 
enixblr: folds 
Pepono101: raises $0.05 to $0.07
Luis Fern430: folds 
VascoSerg: folds 
Buditi: folds 
Alex366296: folds 
Dorex2007: calls $0.05
*** FLOP *** [Qs 4s Td]
Dorex2007: checks 
Pepono101: checks 
*** TURN *** [Qs 4s Td] [2c]
Dorex2007: checks 
Pepono101: bets $0.14
Dorex2007: folds 
Uncalled bet ($0.14) returned to Pepono101
Pepono101 collected $0.14 from pot
*** SUMMARY ***
Total pot $0.15 | Rake $0.01 
Board [Qs 4s Td 2c]
Seat 1: Buditi (button) folded before Flop (didn't bet)
Seat 2: Alex366296 (small blind) folded before Flop
Seat 3: Dorex2007 (big blind) folded on the Turn
Seat 4: CPS2017 folded before Flop (didn't bet)
Seat 5: enixblr folded before Flop (didn't bet)
Seat 6: Pepono101 collected ($0.14)
Seat 7: Luis Fern430 folded before Flop (didn't bet)
Seat 9: VascoSerg folded before Flop (didn't bet)



PokerStars Hand #237205456449:  Hold'em No Limit ($0.01/$0.02 USD) - 2022/07/06 17:02:57 PT [2022/07/06 20:02:57 ET]
Table 'Blok II' 9-max Seat #2 is the button
Seat 1: Buditi ($0.70 in chips) 
Seat 2: Alex366296 ($3.02 in chips) 
Seat 3: Dorex2007 ($2 in chips) 
Seat 4: CPS2017 ($0.99 in chips) 
Seat 5: enixblr ($3.97 in chips) 
Seat 6: Pepono101 ($2.09 in chips) 
Seat 7: Luis Fern430 ($2.87 in chips) 
Seat 9: VascoSerg ($2 in chips) 
Dorex2007: posts small blind $0.01
CPS2017: posts big blind $0.02
*** HOLE CARDS ***
Dealt to Dorex2007 [Qs 5s]
enixblr: folds 
Pepono101: folds 
Luis Fern430: calls $0.02
VascoSerg: raises $0.06 to $0.08
Buditi: folds 
Alex366296: folds 
Dorex2007: folds 
CPS2017: folds 
Luis Fern430: calls $0.06
*** FLOP *** [3c 7h 8c]
Luis Fern430: checks 
VascoSerg: checks 
*** TURN *** [3c 7h 8c] [2c]
Luis Fern430: checks 
VascoSerg: checks 
*** RIVER *** [3c 7h 8c 2c] [6h]
Luis Fern430: checks 
VascoSerg: checks 
*** SHOW DOWN ***
Luis Fern430: shows [Ac Ks] (high card Ace)
VascoSerg: mucks hand 
Luis Fern430 collected $0.18 from pot
*** SUMMARY ***
Total pot $0.19 | Rake $0.01 
Board [3c 7h 8c 2c 6h]
Seat 1: Buditi folded before Flop (didn't bet)
Seat 2: Alex366296 (button) folded before Flop (didn't bet)
Seat 3: Dorex2007 (small blind) folded before Flop
Seat 4: CPS2017 (big blind) folded before Flop
Seat 5: enixblr folded before Flop (didn't bet)
Seat 6: Pepono101 folded before Flop (didn't bet)
Seat 7: Luis Fern430 showed [Ac Ks] and won ($0.18) with high card Ace
Seat 9: VascoSerg mucked [Qh Kh]



PokerStars Hand #237205477429:  Hold'em No Limit ($0.01/$0.02 USD) - 2022/07/06 17:04:27 PT [2022/07/06 20:04:27 ET]
Table 'Blok II' 9-max Seat #3 is the button
Seat 1: Buditi ($0.70 in chips) 
Seat 2: Alex366296 ($3.02 in chips) 
Seat 3: Dorex2007 ($2 in chips) 
Seat 4: CPS2017 ($0.97 in chips) 
Seat 5: enixblr ($3.97 in chips) 
Seat 6: Pepono101 ($2.09 in chips) 
Seat 7: Luis Fern430 ($2.97 in chips) 
Seat 9: VascoSerg ($2 in chips) 
CPS2017: posts small blind $0.01
enixblr: posts big blind $0.02
*** HOLE CARDS ***
Dealt to Dorex2007 [9d 7d]
Pepono101: folds 
Luis Fern430: folds 
VascoSerg: folds 
Buditi: calls $0.02
Alex366296: folds 
Dorex2007: folds 
CPS2017: calls $0.01
enixblr: raises $0.08 to $0.10
Buditi: folds 
CPS2017: folds 
Uncalled bet ($0.08) returned to enixblr
enixblr collected $0.06 from pot
*** SUMMARY ***
Total pot $0.06 | Rake $0 
Seat 1: Buditi folded before Flop
Seat 2: Alex366296 folded before Flop (didn't bet)
Seat 3: Dorex2007 (button) folded before Flop (didn't bet)
Seat 4: CPS2017 (small blind) folded before Flop
Seat 5: enixblr (big blind) collected ($0.06)
Seat 6: Pepono101 folded before Flop (didn't bet)
Seat 7: Luis Fern430 folded before Flop (didn't bet)
Seat 9: VascoSerg folded before Flop (didn't bet)



PokerStars Hand #237205488333:  Hold'em No Limit ($0.01/$0.02 USD) - 2022/07/06 17:05:03 PT [2022/07/06 20:05:03 ET]
Table 'Blok II' 9-max Seat #4 is the button
Seat 1: Buditi ($0.68 in chips) 
Seat 2: Alex366296 ($3.02 in chips) 
Seat 3: Dorex2007 ($2 in chips) 
Seat 4: CPS2017 ($0.95 in chips) 
Seat 5: enixblr ($4.01 in chips) 
Seat 6: Pepono101 ($2.09 in chips) 
Seat 7: Luis Fern430 ($2.97 in chips) 
Seat 9: VascoSerg ($2 in chips) 
enixblr: posts small blind $0.01
Pepono101: posts big blind $0.02
*** HOLE CARDS ***
Dealt to Dorex2007 [Tc 9h]
Luis Fern430: folds 
VascoSerg: folds 
Buditi: raises $0.06 to $0.08
Alex366296: folds 
Dorex2007: folds 
CPS2017: calls $0.08
enixblr: folds 
Pepono101: folds 
*** FLOP *** [Qs 3d 9d]
Buditi: checks 
CPS2017: bets $0.10
Buditi: calls $0.10
*** TURN *** [Qs 3d 9d] [6h]
Buditi: checks 
CPS2017: bets $0.77 and is all-in
Buditi: folds 
Uncalled bet ($0.77) returned to CPS2017
CPS2017 collected $0.38 from pot
*** SUMMARY ***
Total pot $0.39 | Rake $0.01 
Board [Qs 3d 9d 6h]
Seat 1: Buditi folded on the Turn
Seat 2: Alex366296 folded before Flop (didn't bet)
Seat 3: Dorex2007 folded before Flop (didn't bet)
Seat 4: CPS2017 (button) collected ($0.38)
Seat 5: enixblr (small blind) folded before Flop
Seat 6: Pepono101 (big blind) folded before Flop
Seat 7: Luis Fern430 folded before Flop (didn't bet)
Seat 9: VascoSerg folded before Flop (didn't bet)



PokerStars Hand #237205512812:  Hold'em No Limit ($0.01/$0.02 USD) - 2022/07/06 17:06:08 PT [2022/07/06 20:06:08 ET]
Table 'Blok II' 9-max Seat #5 is the button
Seat 1: Buditi ($0.50 in chips) 
Seat 2: Alex366296 ($3.02 in chips) 
Seat 3: Dorex2007 ($2 in chips) 
Seat 4: CPS2017 ($1.15 in chips) 
Seat 5: enixblr ($4 in chips) 
Seat 6: Pepono101 ($2.07 in chips) 
Seat 7: Luis Fern430 ($2.97 in chips) 
Seat 9: VascoSerg ($2 in chips) 
Pepono101: posts small blind $0.01
Luis Fern430: posts big blind $0.02
*** HOLE CARDS ***
Dealt to Dorex2007 [As Ac]
VascoSerg: folds 
Buditi: folds 
Alex366296: folds 
Dorex2007: raises $0.04 to $0.06
CPS2017: folds 
CPS2017 leaves the table
enixblr: folds 
Pepono101: folds 
Luis Fern430: folds 
Uncalled bet ($0.04) returned to Dorex2007
Dorex2007 collected $0.05 from pot
*** SUMMARY ***
Total pot $0.05 | Rake $0 
Seat 1: Buditi folded before Flop (didn't bet)
Seat 2: Alex366296 folded before Flop (didn't bet)
Seat 3: Dorex2007 collected ($0.05)
Seat 4: CPS2017 folded before Flop (didn't bet)
Seat 5: enixblr (button) folded before Flop (didn't bet)
Seat 6: Pepono101 (small blind) folded before Flop
Seat 7: Luis Fern430 (big blind) folded before Flop
Seat 9: VascoSerg folded before Flop (didn't bet)



PokerStars Hand #237205519929:  Hold'em No Limit ($0.01/$0.02 USD) - 2022/07/06 17:06:38 PT [2022/07/06 20:06:38 ET]
Table 'Blok II' 9-max Seat #6 is the button
Seat 1: Buditi ($0.50 in chips) 
Seat 2: Alex366296 ($3.02 in chips) 
Seat 3: Dorex2007 ($2.03 in chips) 
Seat 5: enixblr ($4 in chips) 
Seat 6: Pepono101 ($2.06 in chips) 
Seat 7: Luis Fern430 ($2.95 in chips) 
Seat 9: VascoSerg ($2 in chips) 
Luis Fern430: posts small blind $0.01
VascoSerg: posts big blind $0.02
*** HOLE CARDS ***
Dealt to Dorex2007 [7h 7d]
Buditi: calls $0.02
Alex366296: calls $0.02
Dorex2007: calls $0.02
enixblr: folds 
Pepono101: folds 
LBDC x Poker joins the table at seat #4 
Luis Fern430: folds 
VascoSerg: checks 
*** FLOP *** [7s 9d Jh]
VascoSerg: checks 
Buditi: checks 
Alex366296: checks 
Dorex2007: bets $0.04
VascoSerg: folds 
Buditi: folds 
Alex366296: calls $0.04
*** TURN *** [7s 9d Jh] [Ah]
Alex366296: checks 
Dorex2007: bets $0.16
Alex366296: folds 
Uncalled bet ($0.16) returned to Dorex2007
Dorex2007 collected $0.16 from pot
*** SUMMARY ***
Total pot $0.17 | Rake $0.01 
Board [7s 9d Jh Ah]
Seat 1: Buditi folded on the Flop
Seat 2: Alex366296 folded on the Turn
Seat 3: Dorex2007 collected ($0.16)
Seat 5: enixblr folded before Flop (didn't bet)
Seat 6: Pepono101 (button) folded before Flop (didn't bet)
Seat 7: Luis Fern430 (small blind) folded before Flop
Seat 9: VascoSerg (big blind) folded on the Flop



PokerStars Hand #237205547058:  Hold'em No Limit ($0.01/$0.02 USD) - 2022/07/06 17:08:36 PT [2022/07/06 20:08:36 ET]
Table 'Blok II' 9-max Seat #7 is the button
Seat 1: Buditi ($0.48 in chips) 
Seat 2: Alex366296 ($2.96 in chips) 
Seat 3: Dorex2007 ($2.13 in chips) 
Seat 5: enixblr ($4 in chips) 
Seat 6: Pepono101 ($2.06 in chips) 
Seat 7: Luis Fern430 ($2.94 in chips) 
Seat 9: VascoSerg ($2 in chips) 
VascoSerg: posts small blind $0.01
Buditi: posts big blind $0.02
LBDC x Poker: sits out 
*** HOLE CARDS ***
Dealt to Dorex2007 [4s Qc]
Alex366296: folds 
Dorex2007: folds 
enixblr: folds 
Pepono101: folds 
Luis Fern430: folds 
VascoSerg: raises $0.04 to $0.06
Buditi: folds 
Uncalled bet ($0.04) returned to VascoSerg
VascoSerg collected $0.04 from pot
*** SUMMARY ***
Total pot $0.04 | Rake $0 
Seat 1: Buditi (big blind) folded before Flop
Seat 2: Alex366296 folded before Flop (didn't bet)
Seat 3: Dorex2007 folded before Flop (didn't bet)
Seat 5: enixblr folded before Flop (didn't bet)
Seat 6: Pepono101 folded before Flop (didn't bet)
Seat 7: Luis Fern430 (button) folded before Flop (didn't bet)
Seat 9: VascoSerg (small blind) collected ($0.04)



PokerStars Hand #237205554149:  Hold'em No Limit ($0.01/$0.02 USD) - 2022/07/06 17:09:06 PT [2022/07/06 20:09:06 ET]
Table 'Blok II' 9-max Seat #9 is the button
Seat 1: Buditi ($0.46 in chips) 
Seat 2: Alex366296 ($2.96 in chips) 
Seat 3: Dorex2007 ($2.13 in chips) 
Seat 5: enixblr ($4 in chips) 
Seat 6: Pepono101 ($2.06 in chips) 
Seat 7: Luis Fern430 ($2.94 in chips) 
Seat 9: VascoSerg ($2.02 in chips) 
Buditi: posts small blind $0.01
Alex366296: posts big blind $0.02
LBDC x Poker: sits out 
*** HOLE CARDS ***
Dealt to Dorex2007 [Qh As]
Dorex2007: raises $0.04 to $0.06
enixblr: folds 
Pepono101: folds 
Luis Fern430: folds 
VascoSerg: folds 
Buditi: calls $0.05
Alex366296: folds 
*** FLOP *** [2d 6d Tc]
Buditi: checks 
Dorex2007: bets $0.07
Buditi: calls $0.07
*** TURN *** [2d 6d Tc] [7h]
Buditi: checks 
Dorex2007: checks 
*** RIVER *** [2d 6d Tc 7h] [Th]
Buditi: checks 
Dorex2007: bets $0.13
Buditi: folds 
Uncalled bet ($0.13) returned to Dorex2007
Dorex2007 collected $0.27 from pot
*** SUMMARY ***
Total pot $0.28 | Rake $0.01 
Board [2d 6d Tc 7h Th]
Seat 1: Buditi (small blind) folded on the River
Seat 2: Alex366296 (big blind) folded before Flop
Seat 3: Dorex2007 collected ($0.27)
Seat 5: enixblr folded before Flop (didn't bet)
Seat 6: Pepono101 folded before Flop (didn't bet)
Seat 7: Luis Fern430 folded before Flop (didn't bet)
Seat 9: VascoSerg (button) folded before Flop (didn't bet)



PokerStars Hand #237205565884:  Hold'em No Limit ($0.01/$0.02 USD) - 2022/07/06 17:09:58 PT [2022/07/06 20:09:58 ET]
Table 'Blok II' 9-max Seat #1 is the button
Seat 1: Buditi ($0.33 in chips) 
Seat 2: Alex366296 ($2.94 in chips) 
Seat 3: Dorex2007 ($2.27 in chips) 
Seat 5: enixblr ($4 in chips) 
Seat 6: Pepono101 ($2.06 in chips) 
Seat 7: Luis Fern430 ($2.94 in chips) 
Seat 9: VascoSerg ($2.02 in chips) 
Alex366296: posts small blind $0.01
Dorex2007: posts big blind $0.02
LBDC x Poker: sits out 
*** HOLE CARDS ***
Dealt to Dorex2007 [2s 8c]
enixblr: folds 
Pepono101: folds 
Luis Fern430: folds 
VascoSerg: folds 
Buditi: calls $0.02
Alex366296: folds 
Dorex2007: checks 
*** FLOP *** [Kh 3d Qc]
Dorex2007: checks 
Buditi: checks 
*** TURN *** [Kh 3d Qc] [6s]
Dorex2007: checks 
Buditi: checks 
*** RIVER *** [Kh 3d Qc 6s] [Ac]
Dorex2007: checks 
Buditi: checks 
*** SHOW DOWN ***
Dorex2007: shows [2s 8c] (high card Ace)
Buditi: shows [Jd 9d] (high card Ace - King+Queen+Jack kicker)
Buditi collected $0.05 from pot
*** SUMMARY ***
Total pot $0.05 | Rake $0 
Board [Kh 3d Qc 6s Ac]
Seat 1: Buditi (button) showed [Jd 9d] and won ($0.05) with high card Ace
Seat 2: Alex366296 (small blind) folded before Flop
Seat 3: Dorex2007 (big blind) showed [2s 8c] and lost with high card Ace
Seat 5: enixblr folded before Flop (didn't bet)
Seat 6: Pepono101 folded before Flop (didn't bet)
Seat 7: Luis Fern430 folded before Flop (didn't bet)
Seat 9: VascoSerg folded before Flop (didn't bet)



PokerStars Hand #237205577854:  Hold'em No Limit ($0.01/$0.02 USD) - 2022/07/06 17:10:50 PT [2022/07/06 20:10:50 ET]
Table 'Blok II' 9-max Seat #2 is the button
Seat 1: Buditi ($0.36 in chips) 
Seat 2: Alex366296 ($2.93 in chips) 
Seat 3: Dorex2007 ($2.25 in chips) 
Seat 4: LBDC x Poker ($2 in chips) 
Seat 5: enixblr ($4 in chips) 
Seat 6: Pepono101 ($2.06 in chips) 
Seat 7: Luis Fern430 ($2.94 in chips) 
Seat 9: VascoSerg ($2.02 in chips) 
Dorex2007: posts small blind $0.01
LBDC x Poker: posts big blind $0.02
*** HOLE CARDS ***
Dealt to Dorex2007 [Kh 3s]
enixblr: folds 
Pepono101: folds 
Luis Fern430: folds 
VascoSerg: folds 
Buditi: calls $0.02
Alex366296: folds 
Dorex2007: folds 
LBDC x Poker: checks 
*** FLOP *** [Js 7c 8c]
LBDC x Poker: checks 
Buditi: checks 
*** TURN *** [Js 7c 8c] [8d]
LBDC x Poker: checks 
Buditi: checks 
*** RIVER *** [Js 7c 8c 8d] [Ac]
LBDC x Poker: bets $0.09
Buditi: folds 
Uncalled bet ($0.09) returned to LBDC x Poker
LBDC x Poker collected $0.05 from pot
*** SUMMARY ***
Total pot $0.05 | Rake $0 
Board [Js 7c 8c 8d Ac]
Seat 1: Buditi folded on the River
Seat 2: Alex366296 (button) folded before Flop (didn't bet)
Seat 3: Dorex2007 (small blind) folded before Flop
Seat 4: LBDC x Poker (big blind) collected ($0.05)
Seat 5: enixblr folded before Flop (didn't bet)
Seat 6: Pepono101 folded before Flop (didn't bet)
Seat 7: Luis Fern430 folded before Flop (didn't bet)
Seat 9: VascoSerg folded before Flop (didn't bet)



PokerStars Hand #237205588050:  Hold'em No Limit ($0.01/$0.02 USD) - 2022/07/06 17:11:34 PT [2022/07/06 20:11:34 ET]
Table 'Blok II' 9-max Seat #3 is the button
Seat 1: Buditi ($0.34 in chips) 
Seat 2: Alex366296 ($2.93 in chips) 
Seat 3: Dorex2007 ($2.24 in chips) 
Seat 4: LBDC x Poker ($2.03 in chips) 
Seat 5: enixblr ($4 in chips) 
Seat 6: Pepono101 ($2.06 in chips) 
Seat 7: Luis Fern430 ($2.94 in chips) 
Seat 9: VascoSerg ($2.02 in chips) 
LBDC x Poker: posts small blind $0.01
enixblr: posts big blind $0.02
*** HOLE CARDS ***
Dealt to Dorex2007 [3c 7s]
Pepono101: raises $0.05 to $0.07
Luis Fern430: calls $0.07
VascoSerg: folds 
Buditi: raises $0.27 to $0.34 and is all-in
Alex366296: folds 
Dorex2007: folds 
LBDC x Poker: calls $0.33
enixblr: folds 
Pepono101: calls $0.27
Luis Fern430: calls $0.27
*** FLOP *** [4c 5d 2c]
LBDC x Poker: bets $0.66
Pepono101: calls $0.66
Luis Fern430: folds 
*** TURN *** [4c 5d 2c] [2d]
LBDC x Poker: bets $1.03 and is all-in
Pepono101: calls $1.03
*** RIVER *** [4c 5d 2c 2d] [5h]
*** SHOW DOWN ***
LBDC x Poker: shows [Kh Kd] (two pair, Kings and Fives)
Pepono101: shows [Td Ts] (two pair, Tens and Fives)
LBDC x Poker collected $3.26 from side pot
Buditi: shows [Ac 5s] (a full house, Fives full of Deuces)
Buditi collected $1.33 from main pot
*** SUMMARY ***
Total pot $4.76 Main pot $1.33. Side pot $3.26. | Rake $0.17 
Board [4c 5d 2c 2d 5h]
Seat 1: Buditi showed [Ac 5s] and won ($1.33) with a full house, Fives full of Deuces
Seat 2: Alex366296 folded before Flop (didn't bet)
Seat 3: Dorex2007 (button) folded before Flop (didn't bet)
Seat 4: LBDC x Poker (small blind) showed [Kh Kd] and won ($3.26) with two pair, Kings and Fives
Seat 5: enixblr (big blind) folded before Flop
Seat 6: Pepono101 showed [Td Ts] and lost with two pair, Tens and Fives
Seat 7: Luis Fern430 folded on the Flop
Seat 9: VascoSerg folded before Flop (didn't bet)



PokerStars Hand #237205606570:  Hold'em No Limit ($0.01/$0.02 USD) - 2022/07/06 17:12:55 PT [2022/07/06 20:12:55 ET]
Table 'Blok II' 9-max Seat #4 is the button
Seat 1: Buditi ($1.33 in chips) 
Seat 2: Alex366296 ($2.93 in chips) 
Seat 3: Dorex2007 ($2.24 in chips) 
Seat 4: LBDC x Poker ($3.26 in chips) 
Seat 5: enixblr ($3.98 in chips) 
Seat 6: Pepono101 ($0.03 in chips) 
Seat 7: Luis Fern430 ($2.60 in chips) 
Seat 9: VascoSerg ($2.02 in chips) 
enixblr: posts small blind $0.01
Pepono101: posts big blind $0.02
*** HOLE CARDS ***
Dealt to Dorex2007 [3s 4d]
Luis Fern430: folds 
VascoSerg: folds 
Buditi: calls $0.02
Alex366296: folds 
Dorex2007: folds 
LBDC x Poker: folds 
enixblr: folds 
Pepono101: raises $0.01 to $0.03 and is all-in
Buditi: calls $0.01
*** FLOP *** [Jh 6d 9s]
*** TURN *** [Jh 6d 9s] [5d]
*** RIVER *** [Jh 6d 9s 5d] [9d]
*** SHOW DOWN ***
Pepono101: shows [5h 3d] (two pair, Nines and Fives)
Buditi: shows [4h 4c] (two pair, Nines and Fours)
Pepono101 collected $0.07 from pot
*** SUMMARY ***
Total pot $0.07 | Rake $0 
Board [Jh 6d 9s 5d 9d]
Seat 1: Buditi showed [4h 4c] and lost with two pair, Nines and Fours
Seat 2: Alex366296 folded before Flop (didn't bet)
Seat 3: Dorex2007 folded before Flop (didn't bet)
Seat 4: LBDC x Poker (button) folded before Flop (didn't bet)
Seat 5: enixblr (small blind) folded before Flop
Seat 6: Pepono101 (big blind) showed [5h 3d] and won ($0.07) with two pair, Nines and Fives
Seat 7: Luis Fern430 folded before Flop (didn't bet)
Seat 9: VascoSerg folded before Flop (didn't bet)



PokerStars Hand #237205614337:  Hold'em No Limit ($0.01/$0.02 USD) - 2022/07/06 17:13:29 PT [2022/07/06 20:13:29 ET]
Table 'Blok II' 9-max Seat #5 is the button
Seat 1: Buditi ($1.30 in chips) 
Seat 2: Alex366296 ($2.93 in chips) 
Seat 3: Dorex2007 ($2.24 in chips) 
Seat 4: LBDC x Poker ($3.26 in chips) 
Seat 5: enixblr ($3.97 in chips) 
Seat 6: Pepono101 ($0.07 in chips) 
Seat 7: Luis Fern430 ($2.60 in chips) 
Seat 9: VascoSerg ($2.02 in chips) 
Pepono101: posts small blind $0.01
Luis Fern430: posts big blind $0.02
*** HOLE CARDS ***
Dealt to Dorex2007 [Jc Tc]
VascoSerg: folds 
Buditi: calls $0.02
Alex366296: calls $0.02
Dorex2007: calls $0.02
LBDC x Poker: folds 
enixblr: folds 
VascoSerg is disconnected 
Pepono101: calls $0.01
Luis Fern430: checks 
*** FLOP *** [3h 9h Kc]
Pepono101: checks 
Luis Fern430: checks 
Buditi: checks 
Alex366296: bets $0.04
Dorex2007: calls $0.04
Pepono101: calls $0.04
Luis Fern430: folds 
Buditi: folds 
*** TURN *** [3h 9h Kc] [7h]
Pepono101: checks 
Alex366296: checks 
Dorex2007: bets $0.10
Pepono101: calls $0.01 and is all-in
Alex366296: raises $0.29 to $0.39
Dorex2007: folds 
Uncalled bet ($0.29) returned to Alex366296
*** RIVER *** [3h 9h Kc 7h] [Qd]
*** SHOW DOWN ***
Alex366296: shows [Ah 8h] (a flush, Ace high)
Alex366296 collected $0.17 from side pot
Pepono101: shows [Js Jd] (a pair of Jacks)
Alex366296 collected $0.24 from main pot
*** SUMMARY ***
Total pot $0.43 Main pot $0.24. Side pot $0.17. | Rake $0.02 
Board [3h 9h Kc 7h Qd]
Seat 1: Buditi folded on the Flop
Seat 2: Alex366296 showed [Ah 8h] and won ($0.41) with a flush, Ace high
Seat 3: Dorex2007 folded on the Turn
Seat 4: LBDC x Poker folded before Flop (didn't bet)
Seat 5: enixblr (button) folded before Flop (didn't bet)
Seat 6: Pepono101 (small blind) showed [Js Jd] and lost with a pair of Jacks
Seat 7: Luis Fern430 (big blind) folded on the Flop
Seat 9: VascoSerg folded before Flop (didn't bet)



PokerStars Hand #237205648676:  Hold'em No Limit ($0.01/$0.02 USD) - 2022/07/06 17:15:43 PT [2022/07/06 20:15:43 ET]
Table 'Blok II' 9-max Seat #7 is the button
Seat 1: Buditi ($1.28 in chips) 
Seat 2: Alex366296 ($3.18 in chips) 
Seat 3: Dorex2007 ($2.08 in chips) 
Seat 4: LBDC x Poker ($3.26 in chips) 
Seat 5: enixblr ($3.97 in chips) 
Seat 7: Luis Fern430 ($2.58 in chips) 
VascoSerg has timed out while disconnected
VascoSerg: is sitting out 
Buditi: posts small blind $0.01
Alex366296: posts big blind $0.02
*** HOLE CARDS ***
Dealt to Dorex2007 [8d Qh]
Dorex2007: folds 
LBDC x Poker: folds 
enixblr has timed out
enixblr: folds 
Luis Fern430: folds 
Pepono101 leaves the table
Buditi: calls $0.01
Alex366296: checks 
*** FLOP *** [3s 8h Jh]
Buditi: checks 
Alex366296: checks 
*** TURN *** [3s 8h Jh] [Qs]
Buditi: checks 
Alex366296: checks 
*** RIVER *** [3s 8h Jh Qs] [6s]
Buditi: checks 
Alex366296: checks 
*** SHOW DOWN ***
Buditi: shows [9d 4d] (high card Queen)
Alex366296: shows [Tc 7s] (high card Queen - Jack+Ten kicker)
Alex366296 collected $0.04 from pot
*** SUMMARY ***
Total pot $0.04 | Rake $0 
Board [3s 8h Jh Qs 6s]
Seat 1: Buditi (small blind) showed [9d 4d] and lost with high card Queen
Seat 2: Alex366296 (big blind) showed [Tc 7s] and won ($0.04) with high card Queen
Seat 3: Dorex2007 folded before Flop (didn't bet)
Seat 4: LBDC x Poker folded before Flop (didn't bet)
Seat 5: enixblr folded before Flop (didn't bet)
Seat 7: Luis Fern430 (button) folded before Flop (didn't bet)



PokerStars Hand #237205666347:  Hold'em No Limit ($0.01/$0.02 USD) - 2022/07/06 17:17:01 PT [2022/07/06 20:17:01 ET]
Table 'Blok II' 9-max Seat #1 is the button
Seat 1: Buditi ($1.26 in chips) 
Seat 2: Alex366296 ($3.20 in chips) 
Seat 3: Dorex2007 ($2.08 in chips) 
Seat 4: LBDC x Poker ($3.26 in chips) 
Seat 5: enixblr ($3.97 in chips) 
Seat 7: Luis Fern430 ($2.58 in chips) 
Alex366296: posts small blind $0.01
Dorex2007: posts big blind $0.02
*** HOLE CARDS ***
Dealt to Dorex2007 [Kc Tc]
LBDC x Poker: folds 
enixblr: folds 
Luis Fern430: folds 
Buditi: calls $0.02
Alex366296: folds 
Dorex2007: raises $0.08 to $0.10
Buditi: calls $0.08
*** FLOP *** [8d 5s Ah]
Dorex2007: bets $0.10
Buditi: folds 
Uncalled bet ($0.10) returned to Dorex2007
Dorex2007 collected $0.20 from pot
*** SUMMARY ***
Total pot $0.21 | Rake $0.01 
Board [8d 5s Ah]
Seat 1: Buditi (button) folded on the Flop
Seat 2: Alex366296 (small blind) folded before Flop
Seat 3: Dorex2007 (big blind) collected ($0.20)
Seat 4: LBDC x Poker folded before Flop (didn't bet)
Seat 5: enixblr folded before Flop (didn't bet)
Seat 7: Luis Fern430 folded before Flop (didn't bet)



PokerStars Hand #237205677022:  Hold'em No Limit ($0.01/$0.02 USD) - 2022/07/06 17:17:49 PT [2022/07/06 20:17:49 ET]
Table 'Blok II' 9-max Seat #2 is the button
Seat 1: Buditi ($1.16 in chips) 
Seat 2: Alex366296 ($3.19 in chips) 
Seat 3: Dorex2007 ($2.18 in chips) 
Seat 4: LBDC x Poker ($3.26 in chips) 
Seat 5: enixblr ($3.97 in chips) 
Seat 7: Luis Fern430 ($2.58 in chips) 
Dorex2007: posts small blind $0.01
LBDC x Poker: posts big blind $0.02
*** HOLE CARDS ***
Dealt to Dorex2007 [As 6h]
enixblr: folds 
Luis Fern430 has timed out
Luis Fern430: folds 
Buditi: calls $0.02
Alex366296: folds 
Blackpoker65 joins the table at seat #6 
Dorex2007: folds 
LBDC x Poker: folds 
LBDC x Poker leaves the table
Buditi collected $0.05 from pot
*** SUMMARY ***
Total pot $0.05 | Rake $0 
Seat 1: Buditi collected ($0.05)
Seat 2: Alex366296 (button) folded before Flop (didn't bet)
Seat 3: Dorex2007 (small blind) folded before Flop
Seat 4: LBDC x Poker (big blind) folded before Flop
Seat 5: enixblr folded before Flop (didn't bet)
Seat 7: Luis Fern430 folded before Flop (didn't bet)



PokerStars Hand #237205683825:  Hold'em No Limit ($0.01/$0.02 USD) - 2022/07/06 17:18:20 PT [2022/07/06 20:18:20 ET]
Table 'Blok II' 9-max Seat #3 is the button
Seat 1: Buditi ($1.19 in chips) 
Seat 2: Alex366296 ($3.19 in chips) 
Seat 3: Dorex2007 ($2.17 in chips) 
Seat 5: enixblr ($3.97 in chips) 
Seat 6: Blackpoker65 ($0.80 in chips) 
Seat 7: Luis Fern430 ($2.58 in chips) 
enixblr: posts small blind $0.01
Blackpoker65: posts big blind $0.02
*** HOLE CARDS ***
Dealt to Dorex2007 [5h Kc]
Luis Fern430: folds 
Buditi: calls $0.02
Alex366296: folds 
Dorex2007: folds 
enixblr: folds 
Blackpoker65: checks 
*** FLOP *** [5c 5s Jd]
Blackpoker65: bets $0.02
Buditi: calls $0.02
*** TURN *** [5c 5s Jd] [7c]
Blackpoker65: checks 
Buditi: bets $0.06
iLexa777 joins the table at seat #4 
Blackpoker65: folds 
Uncalled bet ($0.06) returned to Buditi
Buditi collected $0.09 from pot
*** SUMMARY ***
Total pot $0.09 | Rake $0 
Board [5c 5s Jd 7c]
Seat 1: Buditi collected ($0.09)
Seat 2: Alex366296 folded before Flop (didn't bet)
Seat 3: Dorex2007 (button) folded before Flop (didn't bet)
Seat 5: enixblr (small blind) folded before Flop
Seat 6: Blackpoker65 (big blind) folded on the Turn
Seat 7: Luis Fern430 folded before Flop (didn't bet)



PokerStars Hand #237205692472:  Hold'em No Limit ($0.01/$0.02 USD) - 2022/07/06 17:18:58 PT [2022/07/06 20:18:58 ET]
Table 'Blok II' 9-max Seat #5 is the button
Seat 1: Buditi ($1.24 in chips) 
Seat 2: Alex366296 ($3.19 in chips) 
Seat 3: Dorex2007 ($2.17 in chips) 
Seat 5: enixblr ($3.96 in chips) 
Seat 6: Blackpoker65 ($0.76 in chips) 
Blackpoker65: posts small blind $0.01
Buditi: posts big blind $0.02
iLexa777: sits out 
*** HOLE CARDS ***
Dealt to Dorex2007 [2d 6c]
Alex366296: folds 
Dorex2007: folds 
enixblr: raises $0.02 to $0.04
Blackpoker65: calls $0.03
Buditi: calls $0.02
*** FLOP *** [Kc 9h Qs]
Blackpoker65: bets $0.12
Buditi: calls $0.12
enixblr: raises $0.32 to $0.44
Blackpoker65: folds 
Buditi: folds 
Uncalled bet ($0.32) returned to enixblr
enixblr collected $0.46 from pot
tayde310 leaves the table
*** SUMMARY ***
Total pot $0.48 | Rake $0.02 
Board [Kc 9h Qs]
Seat 1: Buditi (big blind) folded on the Flop
Seat 2: Alex366296 folded before Flop (didn't bet)
Seat 3: Dorex2007 folded before Flop (didn't bet)
Seat 5: enixblr (button) collected ($0.46)
Seat 6: Blackpoker65 (small blind) folded on the Flop



PokerStars Hand #237205701087:  Hold'em No Limit ($0.01/$0.02 USD) - 2022/07/06 17:19:36 PT [2022/07/06 20:19:36 ET]
Table 'Blok II' 9-max Seat #6 is the button
Seat 1: Buditi ($1.08 in chips) 
Seat 3: Dorex2007 ($2.17 in chips) 
Seat 5: enixblr ($4.26 in chips) 
Seat 6: Blackpoker65 ($0.60 in chips) 
Buditi: posts small blind $0.01
Alex366296: is sitting out 
Dorex2007: posts big blind $0.02
Alex366296 leaves the table
iLexa777: sits out 
*** HOLE CARDS ***
Dealt to Dorex2007 [5h 9d]
enixblr: raises $0.03 to $0.05
Blackpoker65: calls $0.05
Buditi: calls $0.04
Dorex2007: folds 
*** FLOP *** [2h 7c 3c]
Buditi: checks 
enixblr: bets $0.16
Blackpoker65: calls $0.16
Buditi: folds 
*** TURN *** [2h 7c 3c] [Ks]
enixblr: bets $0.47
Blackpoker65: calls $0.39 and is all-in
Uncalled bet ($0.08) returned to enixblr
*** RIVER *** [2h 7c 3c Ks] [4d]
*** SHOW DOWN ***
enixblr: shows [As Ac] (a pair of Aces)
Blackpoker65: shows [Th Td] (a pair of Tens)
enixblr cashed out the hand for $1.17 | Cash Out Fee $0.01
*** SUMMARY ***
Total pot $1.27 | Rake $0.04 
Board [2h 7c 3c Ks 4d]
Seat 1: Buditi (small blind) folded on the Flop
Seat 3: Dorex2007 (big blind) folded before Flop
Seat 5: enixblr showed [As Ac] and won ($1.23) with a pair of Aces (pot not awarded as player cashed out)
Seat 6: Blackpoker65 (button) showed [Th Td] and lost with a pair of Tens



PokerStars Hand #237205709305:  Hold'em No Limit ($0.01/$0.02 USD) - 2022/07/06 17:20:12 PT [2022/07/06 20:20:12 ET]
Table 'Blok II' 9-max Seat #1 is the button
Seat 1: Buditi ($1.03 in chips) 
Seat 3: Dorex2007 ($2.15 in chips) 
Seat 4: iLexa777 ($1.60 in chips) 
Seat 5: enixblr ($4.83 in chips) 
Dorex2007: posts small blind $0.01
iLexa777: posts big blind $0.02
*** HOLE CARDS ***
Dealt to Dorex2007 [Qs Td]
enixblr: folds 
Blackpoker65 leaves the table
Buditi: calls $0.02
Dorex2007: calls $0.01
iLexa777: checks 
*** FLOP *** [8c Kc Qc]
Dorex2007: checks 
iLexa777: bets $0.02
Buditi: calls $0.02
Dorex2007: raises $0.02 to $0.04
iLexa777: raises $0.02 to $0.06
Buditi: calls $0.04
Dorex2007: folds 
*** TURN *** [8c Kc Qc] [2h]
iLexa777: bets $0.12
Buditi: calls $0.12
*** RIVER *** [8c Kc Qc 2h] [Jd]
iLexa777: bets $0.10
Buditi: folds 
Uncalled bet ($0.10) returned to iLexa777
iLexa777 collected $0.44 from pot
*** SUMMARY ***
Total pot $0.46 | Rake $0.02 
Board [8c Kc Qc 2h Jd]
Seat 1: Buditi (button) folded on the River
Seat 3: Dorex2007 (small blind) folded on the Flop
Seat 4: iLexa777 (big blind) collected ($0.44)
Seat 5: enixblr folded before Flop (didn't bet)



PokerStars Hand #237205720038:  Hold'em No Limit ($0.01/$0.02 USD) - 2022/07/06 17:20:59 PT [2022/07/06 20:20:59 ET]
Table 'Blok II' 9-max Seat #3 is the button
Seat 1: Buditi ($0.83 in chips) 
Seat 3: Dorex2007 ($2.09 in chips) 
Seat 4: iLexa777 ($1.84 in chips) 
Seat 5: enixblr ($4.83 in chips) 
Seat 7: Luis Fern430 ($2.58 in chips) 
iLexa777: posts small blind $0.01
enixblr: posts big blind $0.02
Luis Fern430: posts small & big blinds $0.03
*** HOLE CARDS ***
Dealt to Dorex2007 [Th 5h]
Luis Fern430 has timed out
Luis Fern430: checks 
Buditi: folds 
Dorex2007: calls $0.02
iLexa777: calls $0.01
enixblr: raises $0.24 to $0.26
Luis Fern430 has timed out
Luis Fern430: folds 
Dorex2007: folds 
iLexa777: folds 
Uncalled bet ($0.24) returned to enixblr
enixblr collected $0.09 from pot
*** SUMMARY ***
Total pot $0.09 | Rake $0 
Seat 1: Buditi folded before Flop (didn't bet)
Seat 3: Dorex2007 (button) folded before Flop
Seat 4: iLexa777 (small blind) folded before Flop
Seat 5: enixblr (big blind) collected ($0.09)
Seat 7: Luis Fern430 folded before Flop (didn't bet)



PokerStars Hand #237205735819:  Hold'em No Limit ($0.01/$0.02 USD) - 2022/07/06 17:22:09 PT [2022/07/06 20:22:09 ET]
Table 'Blok II' 9-max Seat #4 is the button
Seat 1: Buditi ($0.83 in chips) 
Seat 3: Dorex2007 ($2.07 in chips) 
Seat 4: iLexa777 ($1.82 in chips) 
Seat 5: enixblr ($4.90 in chips) 
Seat 7: Luis Fern430 ($2.55 in chips) 
enixblr: posts small blind $0.01
Luis Fern430: posts big blind $0.02
*** HOLE CARDS ***
Dealt to Dorex2007 [Td 4c]
Buditi: calls $0.02
Dorex2007: folds 
iLexa777: folds 
enixblr: raises $0.06 to $0.08
Luis Fern430: folds 
Buditi: calls $0.06
*** FLOP *** [3c Ad 7d]
enixblr: bets $0.17
Buditi: folds 
Uncalled bet ($0.17) returned to enixblr
enixblr collected $0.17 from pot
*** SUMMARY ***
Total pot $0.18 | Rake $0.01 
Board [3c Ad 7d]
Seat 1: Buditi folded on the Flop
Seat 3: Dorex2007 folded before Flop (didn't bet)
Seat 4: iLexa777 (button) folded before Flop (didn't bet)
Seat 5: enixblr (small blind) collected ($0.17)
Seat 7: Luis Fern430 (big blind) folded before Flop



PokerStars Hand #237205742787:  Hold'em No Limit ($0.01/$0.02 USD) - 2022/07/06 17:22:40 PT [2022/07/06 20:22:40 ET]
Table 'Blok II' 9-max Seat #5 is the button
Seat 1: Buditi ($0.75 in chips) 
Seat 3: Dorex2007 ($2.07 in chips) 
Seat 4: iLexa777 ($1.82 in chips) 
Seat 5: enixblr ($4.99 in chips) 
Seat 7: Luis Fern430 ($2.53 in chips) 
Luis Fern430: posts small blind $0.01
Buditi: posts big blind $0.02
*** HOLE CARDS ***
Dealt to Dorex2007 [6h Ad]
Dorex2007: folds 
iLexa777: folds 
enixblr: folds 
Luis Fern430: calls $0.01
Buditi: checks 
*** FLOP *** [4d 5h Kh]
Luis Fern430: checks 
Buditi: checks 
*** TURN *** [4d 5h Kh] [2s]
Luis Fern430: bets $0.10
Buditi: calls $0.10
*** RIVER *** [4d 5h Kh 2s] [Th]
Luis Fern430: bets $0.20
Buditi: folds 
Uncalled bet ($0.20) returned to Luis Fern430
Luis Fern430 collected $0.23 from pot
VascoSerg leaves the table
*** SUMMARY ***
Total pot $0.24 | Rake $0.01 
Board [4d 5h Kh 2s Th]
Seat 1: Buditi (big blind) folded on the River
Seat 3: Dorex2007 folded before Flop (didn't bet)
Seat 4: iLexa777 folded before Flop (didn't bet)
Seat 5: enixblr (button) folded before Flop (didn't bet)
Seat 7: Luis Fern430 (small blind) collected ($0.23)



PokerStars Hand #237205754015:  Hold'em No Limit ($0.01/$0.02 USD) - 2022/07/06 17:23:30 PT [2022/07/06 20:23:30 ET]
Table 'Blok II' 9-max Seat #7 is the button
Seat 1: Buditi ($0.63 in chips) 
Seat 3: Dorex2007 ($2.07 in chips) 
Seat 4: iLexa777 ($1.82 in chips) 
Seat 5: enixblr ($4.99 in chips) 
Seat 7: Luis Fern430 ($2.64 in chips) 
Buditi: posts small blind $0.01
Dorex2007: posts big blind $0.02
*** HOLE CARDS ***
Dealt to Dorex2007 [6c 7d]
iLexa777: calls $0.02
enixblr: folds 
Luis Fern430: folds 
Buditi: calls $0.01
Dorex2007: checks 
*** FLOP *** [4h 7h Ks]
Buditi: checks 
Dorex2007: bets $0.04
iLexa777: folds 
Buditi: calls $0.04
*** TURN *** [4h 7h Ks] [Jc]
Buditi: bets $0.02
Dorex2007: folds 
Uncalled bet ($0.02) returned to Buditi
Buditi collected $0.14 from pot
*** SUMMARY ***
Total pot $0.14 | Rake $0 
Board [4h 7h Ks Jc]
Seat 1: Buditi (small blind) collected ($0.14)
Seat 3: Dorex2007 (big blind) folded on the Turn
Seat 4: iLexa777 folded on the Flop
Seat 5: enixblr folded before Flop (didn't bet)
Seat 7: Luis Fern430 (button) folded before Flop (didn't bet)



