PokerStars Hand #228320027515:  Hold'em No Limit ($0.01/$0.02 USD) - 2021/07/15 16:39:07 PT [2021/07/15 19:39:07 ET]
Table 'Marlu' 9-max Seat #9 is the button
Seat 1: forgetmenot123 ($1.72 in chips) 
Seat 2: icoelh ($2.65 in chips) 
Seat 4: themarfs ($2.46 in chips) 
Seat 5: heartbumper ($1.08 in chips) 
Seat 6: Millers1234 ($6.55 in chips) 
Seat 8: Dorex2007 ($2 in chips) 
Seat 9: palmrobert60 ($1.42 in chips) 
forgetmenot123: posts small blind $0.01
icoelh: posts big blind $0.02
Dorex2007: posts big blind $0.02
*** HOLE CARDS ***
Dealt to Dorex2007 [6s 8h]
themarfs: folds 
heartbumper: folds 
Millers1234: calls $0.02
Dorex2007: checks 
palmrobert60: calls $0.02
forgetmenot123: calls $0.01
icoelh: checks 
*** FLOP *** [3d 9d Qd]
forgetmenot123: checks 
icoelh: checks 
abalucia leaves the table
Millers1234: checks 
Dorex2007: checks 
palmrobert60: checks 
*** TURN *** [3d 9d Qd] [2h]
forgetmenot123: checks 
Tautietis852 joins the table at seat #3 
icoelh: checks 
Spidermate joins the table at seat #7 
Millers1234: checks 
Dorex2007: checks 
palmrobert60: checks 
*** RIVER *** [3d 9d Qd 2h] [6d]
forgetmenot123: bets $0.05
icoelh: folds 
Millers1234: folds 
Millers1234 leaves the table
Dorex2007: folds 
palmrobert60: folds 
Uncalled bet ($0.05) returned to forgetmenot123
forgetmenot123 collected $0.10 from pot
forgetmenot123: doesn't show hand 
*** SUMMARY ***
Total pot $0.10 | Rake $0 
Board [3d 9d Qd 2h 6d]
Seat 1: forgetmenot123 (small blind) collected ($0.10)
Seat 2: icoelh (big blind) folded on the River
Seat 4: themarfs folded before Flop (didn't bet)
Seat 5: heartbumper folded before Flop (didn't bet)
Seat 6: Millers1234 folded on the River
Seat 8: Dorex2007 folded on the River (didn't bet)
Seat 9: palmrobert60 (button) folded on the River



PokerStars Hand #228320075721:  Hold'em No Limit ($0.01/$0.02 USD) - 2021/07/15 16:41:50 PT [2021/07/15 19:41:50 ET]
Table 'Marlu' 9-max Seat #3 is the button
Seat 1: forgetmenot123 ($1.50 in chips) 
Seat 2: icoelh ($2.60 in chips) 
Seat 3: Tautietis852 ($2.12 in chips) 
Seat 5: heartbumper ($1 in chips) 
Seat 6: baiano000 ($2 in chips) 
Seat 8: Dorex2007 ($1.98 in chips) 
Seat 9: palmrobert60 ($1.67 in chips) 
heartbumper: posts small blind $0.01
baiano000: posts big blind $0.02
Spidermate: sits out 
*** HOLE CARDS ***
Dealt to Dorex2007 [Jh Ks]
Dorex2007: folds 
palmrobert60: raises $0.05 to $0.07
forgetmenot123: folds 
icoelh: folds 
Tautietis852: folds 
heartbumper: folds 
baiano000: calls $0.05
*** FLOP *** [As 7h 4s]
icoelh leaves the table
OLKOG joins the table at seat #4 
baiano000: bets $0.14
palmrobert60: folds 
Uncalled bet ($0.14) returned to baiano000
baiano000 collected $0.14 from pot
*** SUMMARY ***
Total pot $0.15 | Rake $0.01 
Board [As 7h 4s]
Seat 1: forgetmenot123 folded before Flop (didn't bet)
Seat 2: icoelh folded before Flop (didn't bet)
Seat 3: Tautietis852 (button) folded before Flop (didn't bet)
Seat 5: heartbumper (small blind) folded before Flop
Seat 6: baiano000 (big blind) collected ($0.14)
Seat 8: Dorex2007 folded before Flop (didn't bet)
Seat 9: palmrobert60 folded on the Flop



PokerStars Hand #228320083385:  Hold'em No Limit ($0.01/$0.02 USD) - 2021/07/15 16:42:16 PT [2021/07/15 19:42:16 ET]
Table 'Marlu' 9-max Seat #5 is the button
Seat 1: forgetmenot123 ($1.50 in chips) 
Seat 3: Tautietis852 ($2.12 in chips) 
Seat 5: heartbumper ($0.99 in chips) 
Seat 6: baiano000 ($2.07 in chips) 
Seat 7: Spidermate ($2 in chips) 
Seat 8: Dorex2007 ($1.98 in chips) 
Seat 9: palmrobert60 ($1.60 in chips) 
baiano000: posts small blind $0.01
Spidermate: posts big blind $0.02
OLKOG: sits out 
*** HOLE CARDS ***
Dealt to Dorex2007 [Kd 9d]
Dorex2007: folds 
palmrobert60: folds 
forgetmenot123: folds 
Tautietis852: raises $0.03 to $0.05
heartbumper: folds 
baiano000: raises $0.03 to $0.08
Spidermate: calls $0.06
Tautietis852: calls $0.03
*** FLOP *** [7s 7d Ah]
alemao511 joins the table at seat #2 
baiano000: bets $0.23
Spidermate: raises $0.69 to $0.92
Tautietis852: folds 
baiano000: calls $0.69
*** TURN *** [7s 7d Ah] [Qc]
baiano000: bets $1.07 and is all-in
Spidermate: calls $1 and is all-in
Uncalled bet ($0.07) returned to baiano000
*** RIVER *** [7s 7d Ah Qc] [6s]
*** SHOW DOWN ***
baiano000: shows [3d 3h] (two pair, Sevens and Threes)
Spidermate: shows [8h 7h] (three of a kind, Sevens)
Spidermate collected $3.94 from pot
*** SUMMARY ***
Total pot $4.08 | Rake $0.14 
Board [7s 7d Ah Qc 6s]
Seat 1: forgetmenot123 folded before Flop (didn't bet)
Seat 3: Tautietis852 folded on the Flop
Seat 5: heartbumper (button) folded before Flop (didn't bet)
Seat 6: baiano000 (small blind) showed [3d 3h] and lost with two pair, Sevens and Threes
Seat 7: Spidermate (big blind) showed [8h 7h] and won ($3.94) with three of a kind, Sevens
Seat 8: Dorex2007 folded before Flop (didn't bet)
Seat 9: palmrobert60 folded before Flop (didn't bet)



PokerStars Hand #228320100694:  Hold'em No Limit ($0.01/$0.02 USD) - 2021/07/15 16:43:14 PT [2021/07/15 19:43:14 ET]
Table 'Marlu' 9-max Seat #6 is the button
Seat 1: forgetmenot123 ($1.50 in chips) 
Seat 2: alemao511 ($1.50 in chips) 
Seat 3: Tautietis852 ($2.04 in chips) 
Seat 4: OLKOG ($1.60 in chips) 
Seat 5: heartbumper ($0.99 in chips) 
Seat 6: baiano000 ($0.07 in chips) 
Seat 7: Spidermate ($3.94 in chips) 
Seat 8: Dorex2007 ($1.98 in chips) 
Seat 9: palmrobert60 ($1.60 in chips) 
Spidermate: posts small blind $0.01
Dorex2007: posts big blind $0.02
alemao511: posts big blind $0.02
OLKOG: posts big blind $0.02
*** HOLE CARDS ***
Dealt to Dorex2007 [Tc Ad]
palmrobert60: folds 
forgetmenot123: raises $0.02 to $0.04
alemao511: folds 
Tautietis852: folds 
OLKOG: folds 
heartbumper: raises $0.10 to $0.14
baiano000: folds 
baiano000 leaves the table
baiano000 joins the table at seat #6 
Spidermate: folds 
Dorex2007: folds 
forgetmenot123: calls $0.10
*** FLOP *** [Qd 7d Ks]
forgetmenot123: checks 
heartbumper: bets $0.17
forgetmenot123: calls $0.17
*** TURN *** [Qd 7d Ks] [4c]
forgetmenot123: checks 
heartbumper: checks 
*** RIVER *** [Qd 7d Ks 4c] [9d]
forgetmenot123: bets $0.34
heartbumper: folds 
Uncalled bet ($0.34) returned to forgetmenot123
forgetmenot123 collected $0.67 from pot
forgetmenot123: doesn't show hand 
*** SUMMARY ***
Total pot $0.69 | Rake $0.02 
Board [Qd 7d Ks 4c 9d]
Seat 1: forgetmenot123 collected ($0.67)
Seat 2: alemao511 folded before Flop (didn't bet)
Seat 3: Tautietis852 folded before Flop (didn't bet)
Seat 4: OLKOG folded before Flop (didn't bet)
Seat 5: heartbumper folded on the River
Seat 6: baiano000 (button) folded before Flop (didn't bet)
Seat 7: Spidermate (small blind) folded before Flop
Seat 8: Dorex2007 (big blind) folded before Flop
Seat 9: palmrobert60 folded before Flop (didn't bet)



PokerStars Hand #228320120583:  Hold'em No Limit ($0.01/$0.02 USD) - 2021/07/15 16:44:22 PT [2021/07/15 19:44:22 ET]
Table 'Marlu' 9-max Seat #7 is the button
Seat 1: forgetmenot123 ($1.86 in chips) 
Seat 2: alemao511 ($1.48 in chips) 
Seat 3: Tautietis852 ($2.04 in chips) 
Seat 4: OLKOG ($1.58 in chips) 
Seat 5: heartbumper ($0.68 in chips) 
Seat 6: baiano000 ($2 in chips) 
Seat 7: Spidermate ($3.93 in chips) 
Seat 8: Dorex2007 ($2 in chips) 
Seat 9: palmrobert60 ($1.60 in chips) 
Dorex2007: posts small blind $0.01
palmrobert60: posts big blind $0.02
baiano000: posts big blind $0.02
*** HOLE CARDS ***
Dealt to Dorex2007 [7d 9d]
forgetmenot123: folds 
alemao511: folds 
Tautietis852: folds 
OLKOG: folds 
OLKOG leaves the table
heartbumper: folds 
baiano000: checks 
Spidermate: folds 
Dorex2007: folds 
palmrobert60: checks 
*** FLOP *** [8d Td Js]
RobertM666 joins the table at seat #4 
palmrobert60: checks 
baiano000: bets $0.03
palmrobert60: calls $0.03
*** TURN *** [8d Td Js] [Ks]
palmrobert60: checks 
baiano000: bets $0.11
palmrobert60: folds 
Uncalled bet ($0.11) returned to baiano000
baiano000 collected $0.11 from pot
*** SUMMARY ***
Total pot $0.11 | Rake $0 
Board [8d Td Js Ks]
Seat 1: forgetmenot123 folded before Flop (didn't bet)
Seat 2: alemao511 folded before Flop (didn't bet)
Seat 3: Tautietis852 folded before Flop (didn't bet)
Seat 4: OLKOG folded before Flop (didn't bet)
Seat 5: heartbumper folded before Flop (didn't bet)
Seat 6: baiano000 collected ($0.11)
Seat 7: Spidermate (button) folded before Flop (didn't bet)
Seat 8: Dorex2007 (small blind) folded before Flop
Seat 9: palmrobert60 (big blind) folded on the Turn



PokerStars Hand #228320136602:  Hold'em No Limit ($0.01/$0.02 USD) - 2021/07/15 16:45:17 PT [2021/07/15 19:45:17 ET]
Table 'Marlu' 9-max Seat #8 is the button
Seat 1: forgetmenot123 ($1.86 in chips) 
Seat 2: alemao511 ($1.48 in chips) 
Seat 3: Tautietis852 ($2.04 in chips) 
Seat 5: heartbumper ($0.68 in chips) 
Seat 6: baiano000 ($2.06 in chips) 
Seat 7: Spidermate ($3.93 in chips) 
Seat 8: Dorex2007 ($1.99 in chips) 
Seat 9: palmrobert60 ($1.55 in chips) 
palmrobert60: posts small blind $0.01
forgetmenot123: posts big blind $0.02
RobertM666: sits out 
*** HOLE CARDS ***
Dealt to Dorex2007 [6h Qc]
alemao511: raises $0.02 to $0.04
Tautietis852: folds 
heartbumper: folds 
baiano000: calls $0.04
Spidermate: calls $0.04
Dorex2007: folds 
palmrobert60: calls $0.03
forgetmenot123: calls $0.02
*** FLOP *** [9c 8s Js]
palmrobert60: checks 
forgetmenot123: checks 
alemao511: bets $0.04
baiano000: raises $0.14 to $0.18
Spidermate: folds 
palmrobert60: folds 
forgetmenot123: folds 
alemao511: calls $0.14
*** TURN *** [9c 8s Js] [2h]
alemao511: checks 
baiano000: bets $0.27
alemao511: calls $0.27
*** RIVER *** [9c 8s Js 2h] [Kd]
alemao511: bets $0.99 and is all-in
baiano000: folds 
Uncalled bet ($0.99) returned to alemao511
alemao511 collected $1.06 from pot
*** SUMMARY ***
Total pot $1.10 | Rake $0.04 
Board [9c 8s Js 2h Kd]
Seat 1: forgetmenot123 (big blind) folded on the Flop
Seat 2: alemao511 collected ($1.06)
Seat 3: Tautietis852 folded before Flop (didn't bet)
Seat 5: heartbumper folded before Flop (didn't bet)
Seat 6: baiano000 folded on the River
Seat 7: Spidermate folded on the Flop
Seat 8: Dorex2007 (button) folded before Flop (didn't bet)
Seat 9: palmrobert60 (small blind) folded on the Flop



PokerStars Hand #228320160499:  Hold'em No Limit ($0.01/$0.02 USD) - 2021/07/15 16:46:39 PT [2021/07/15 19:46:39 ET]
Table 'Marlu' 9-max Seat #9 is the button
Seat 1: forgetmenot123 ($1.82 in chips) 
Seat 2: alemao511 ($2.05 in chips) 
Seat 3: Tautietis852 ($2.04 in chips) 
Seat 4: RobertM666 ($1.08 in chips) 
Seat 5: heartbumper ($0.68 in chips) 
Seat 6: baiano000 ($1.57 in chips) 
Seat 7: Spidermate ($3.89 in chips) 
Seat 8: Dorex2007 ($1.99 in chips) 
Seat 9: palmrobert60 ($1.51 in chips) 
forgetmenot123: posts small blind $0.01
alemao511: posts big blind $0.02
RobertM666: posts big blind $0.02
*** HOLE CARDS ***
Dealt to Dorex2007 [6h 5d]
Tautietis852: folds 
RobertM666: raises $0.02 to $0.04
heartbumper: folds 
baiano000: calls $0.04
Spidermate: folds 
Dorex2007: folds 
palmrobert60: folds 
forgetmenot123: calls $0.03
alemao511: folds 
*** FLOP *** [6s 3h 2d]
forgetmenot123: checks 
RobertM666: bets $0.02
baiano000: calls $0.02
forgetmenot123: calls $0.02
*** TURN *** [6s 3h 2d] [6d]
forgetmenot123: checks 
RobertM666: checks 
baiano000: bets $0.19
forgetmenot123: folds 
RobertM666: calls $0.19
*** RIVER *** [6s 3h 2d 6d] [Kh]
RobertM666: checks 
baiano000: bets $0.56
RobertM666: calls $0.56
*** SHOW DOWN ***
baiano000: shows [Qs 2c] (two pair, Sixes and Deuces)
RobertM666: shows [Kc 2h] (two pair, Kings and Sixes)
RobertM666 collected $1.64 from pot
*** SUMMARY ***
Total pot $1.70 | Rake $0.06 
Board [6s 3h 2d 6d Kh]
Seat 1: forgetmenot123 (small blind) folded on the Turn
Seat 2: alemao511 (big blind) folded before Flop
Seat 3: Tautietis852 folded before Flop (didn't bet)
Seat 4: RobertM666 showed [Kc 2h] and won ($1.64) with two pair, Kings and Sixes
Seat 5: heartbumper folded before Flop (didn't bet)
Seat 6: baiano000 showed [Qs 2c] and lost with two pair, Sixes and Deuces
Seat 7: Spidermate folded before Flop (didn't bet)
Seat 8: Dorex2007 folded before Flop (didn't bet)
Seat 9: palmrobert60 (button) folded before Flop (didn't bet)



PokerStars Hand #228320184499:  Hold'em No Limit ($0.01/$0.02 USD) - 2021/07/15 16:47:37 PT [2021/07/15 19:47:37 ET]
Table 'Marlu' 9-max Seat #1 is the button
Seat 1: forgetmenot123 ($1.76 in chips) 
Seat 2: alemao511 ($2.03 in chips) 
Seat 3: Tautietis852 ($2.04 in chips) 
Seat 4: RobertM666 ($1.91 in chips) 
Seat 5: heartbumper ($0.68 in chips) 
Seat 6: baiano000 ($0.76 in chips) 
Seat 7: Spidermate ($3.89 in chips) 
Seat 8: Dorex2007 ($1.99 in chips) 
Seat 9: palmrobert60 ($1.51 in chips) 
alemao511: posts small blind $0.01
Tautietis852: posts big blind $0.02
*** HOLE CARDS ***
Dealt to Dorex2007 [As 5c]
RobertM666: folds 
heartbumper: folds 
baiano000: raises $0.05 to $0.07
Spidermate: folds 
Dorex2007: folds 
palmrobert60: folds 
forgetmenot123: folds 
alemao511: folds 
Tautietis852: folds 
Uncalled bet ($0.05) returned to baiano000
baiano000 collected $0.05 from pot
*** SUMMARY ***
Total pot $0.05 | Rake $0 
Seat 1: forgetmenot123 (button) folded before Flop (didn't bet)
Seat 2: alemao511 (small blind) folded before Flop
Seat 3: Tautietis852 (big blind) folded before Flop
Seat 4: RobertM666 folded before Flop (didn't bet)
Seat 5: heartbumper folded before Flop (didn't bet)
Seat 6: baiano000 collected ($0.05)
Seat 7: Spidermate folded before Flop (didn't bet)
Seat 8: Dorex2007 folded before Flop (didn't bet)
Seat 9: palmrobert60 folded before Flop (didn't bet)



PokerStars Hand #228320189600:  Hold'em No Limit ($0.01/$0.02 USD) - 2021/07/15 16:47:55 PT [2021/07/15 19:47:55 ET]
Table 'Marlu' 9-max Seat #2 is the button
Seat 1: forgetmenot123 ($1.76 in chips) 
Seat 2: alemao511 ($2.02 in chips) 
Seat 3: Tautietis852 ($2.02 in chips) 
Seat 4: RobertM666 ($1.91 in chips) 
Seat 5: heartbumper ($0.68 in chips) 
Seat 6: baiano000 ($0.79 in chips) 
Seat 7: Spidermate ($3.89 in chips) 
Seat 8: Dorex2007 ($1.99 in chips) 
Seat 9: palmrobert60 ($1.51 in chips) 
Tautietis852: posts small blind $0.01
RobertM666: posts big blind $0.02
*** HOLE CARDS ***
Dealt to Dorex2007 [4d 7c]
heartbumper: folds 
baiano000: raises $0.05 to $0.07
Spidermate: folds 
Dorex2007: folds 
palmrobert60: folds 
forgetmenot123: raises $0.17 to $0.24
alemao511: folds 
Tautietis852: raises $0.32 to $0.56
RobertM666: folds 
baiano000: raises $0.23 to $0.79 and is all-in
forgetmenot123: folds 
Tautietis852: calls $0.23
*** FLOP *** [3h 2d Kc]
*** TURN *** [3h 2d Kc] [5c]
*** RIVER *** [3h 2d Kc 5c] [8d]
*** SHOW DOWN ***
Tautietis852: shows [Qc Qd] (a pair of Queens)
baiano000: shows [Ks Ts] (a pair of Kings)
baiano000 collected $1.78 from pot
*** SUMMARY ***
Total pot $1.84 | Rake $0.06 
Board [3h 2d Kc 5c 8d]
Seat 1: forgetmenot123 folded before Flop
Seat 2: alemao511 (button) folded before Flop (didn't bet)
Seat 3: Tautietis852 (small blind) showed [Qc Qd] and lost with a pair of Queens
Seat 4: RobertM666 (big blind) folded before Flop
Seat 5: heartbumper folded before Flop (didn't bet)
Seat 6: baiano000 showed [Ks Ts] and won ($1.78) with a pair of Kings
Seat 7: Spidermate folded before Flop (didn't bet)
Seat 8: Dorex2007 folded before Flop (didn't bet)
Seat 9: palmrobert60 folded before Flop (didn't bet)



PokerStars Hand #228320206136:  Hold'em No Limit ($0.01/$0.02 USD) - 2021/07/15 16:48:53 PT [2021/07/15 19:48:53 ET]
Table 'Marlu' 9-max Seat #3 is the button
Seat 1: forgetmenot123 ($1.52 in chips) 
Seat 2: alemao511 ($2.02 in chips) 
Seat 3: Tautietis852 ($2 in chips) 
Seat 4: RobertM666 ($1.89 in chips) 
Seat 5: heartbumper ($0.68 in chips) 
Seat 6: baiano000 ($1.78 in chips) 
Seat 7: Spidermate ($3.89 in chips) 
Seat 8: Dorex2007 ($1.99 in chips) 
Seat 9: palmrobert60 ($1.51 in chips) 
RobertM666: posts small blind $0.01
heartbumper: posts big blind $0.02
*** HOLE CARDS ***
Dealt to Dorex2007 [Qd 3h]
baiano000: calls $0.02
Spidermate: folds 
Dorex2007: folds 
palmrobert60: folds 
forgetmenot123: folds 
alemao511: calls $0.02
Tautietis852: folds 
RobertM666: calls $0.01
heartbumper: checks 
*** FLOP *** [8d 5h 9c]
RobertM666: checks 
heartbumper: checks 
baiano000: checks 
alemao511: bets $0.08
RobertM666: calls $0.08
heartbumper: folds 
baiano000: folds 
*** TURN *** [8d 5h 9c] [Ac]
RobertM666: checks 
alemao511: bets $0.12
RobertM666: calls $0.12
*** RIVER *** [8d 5h 9c Ac] [Td]
RobertM666: checks 
alemao511: bets $0.46
RobertM666: calls $0.46
*** SHOW DOWN ***
alemao511: shows [Ad 9h] (two pair, Aces and Nines)
RobertM666: mucks hand 
alemao511 collected $1.35 from pot
*** SUMMARY ***
Total pot $1.40 | Rake $0.05 
Board [8d 5h 9c Ac Td]
Seat 1: forgetmenot123 folded before Flop (didn't bet)
Seat 2: alemao511 showed [Ad 9h] and won ($1.35) with two pair, Aces and Nines
Seat 3: Tautietis852 (button) folded before Flop (didn't bet)
Seat 4: RobertM666 (small blind) mucked [Ts 7s]
Seat 5: heartbumper (big blind) folded on the Flop
Seat 6: baiano000 folded on the Flop
Seat 7: Spidermate folded before Flop (didn't bet)
Seat 8: Dorex2007 folded before Flop (didn't bet)
Seat 9: palmrobert60 folded before Flop (didn't bet)



PokerStars Hand #228320220484:  Hold'em No Limit ($0.01/$0.02 USD) - 2021/07/15 16:49:44 PT [2021/07/15 19:49:44 ET]
Table 'Marlu' 9-max Seat #4 is the button
Seat 1: forgetmenot123 ($1.52 in chips) 
Seat 2: alemao511 ($2.69 in chips) 
Seat 3: Tautietis852 ($2 in chips) 
Seat 4: RobertM666 ($1.21 in chips) 
Seat 5: heartbumper ($0.66 in chips) 
Seat 6: baiano000 ($1.76 in chips) 
Seat 7: Spidermate ($3.89 in chips) 
Seat 8: Dorex2007 ($1.99 in chips) 
Seat 9: palmrobert60 ($1.51 in chips) 
heartbumper: posts small blind $0.01
baiano000: posts big blind $0.02
*** HOLE CARDS ***
Dealt to Dorex2007 [Td 7h]
Spidermate: folds 
Dorex2007: folds 
palmrobert60: folds 
forgetmenot123: folds 
alemao511: folds 
Tautietis852: folds 
RobertM666: folds 
heartbumper: raises $0.04 to $0.06
baiano000: folds 
Uncalled bet ($0.04) returned to heartbumper
heartbumper collected $0.04 from pot
*** SUMMARY ***
Total pot $0.04 | Rake $0 
Seat 1: forgetmenot123 folded before Flop (didn't bet)
Seat 2: alemao511 folded before Flop (didn't bet)
Seat 3: Tautietis852 folded before Flop (didn't bet)
Seat 4: RobertM666 (button) folded before Flop (didn't bet)
Seat 5: heartbumper (small blind) collected ($0.04)
Seat 6: baiano000 (big blind) folded before Flop
Seat 7: Spidermate folded before Flop (didn't bet)
Seat 8: Dorex2007 folded before Flop (didn't bet)
Seat 9: palmrobert60 folded before Flop (didn't bet)



PokerStars Hand #228320225677:  Hold'em No Limit ($0.01/$0.02 USD) - 2021/07/15 16:50:03 PT [2021/07/15 19:50:03 ET]
Table 'Marlu' 9-max Seat #5 is the button
Seat 1: forgetmenot123 ($2 in chips) 
Seat 2: alemao511 ($2.69 in chips) 
Seat 3: Tautietis852 ($2 in chips) 
Seat 4: RobertM666 ($1.21 in chips) 
Seat 5: heartbumper ($0.68 in chips) 
Seat 6: baiano000 ($1.74 in chips) 
Seat 7: Spidermate ($3.89 in chips) 
Seat 8: Dorex2007 ($1.99 in chips) 
Seat 9: palmrobert60 ($1.51 in chips) 
baiano000: posts small blind $0.01
Spidermate: posts big blind $0.02
*** HOLE CARDS ***
Dealt to Dorex2007 [6c 5c]
Dorex2007: folds 
palmrobert60: folds 
forgetmenot123: folds 
alemao511: folds 
Tautietis852: folds 
RobertM666: raises $0.08 to $0.10
heartbumper: folds 
baiano000: calls $0.09
Spidermate: folds 
*** FLOP *** [Ad 4s Kd]
baiano000: bets $0.02
RobertM666: raises $0.25 to $0.27
baiano000: calls $0.25
*** TURN *** [Ad 4s Kd] [9s]
baiano000: bets $0.02
RobertM666: raises $0.77 to $0.79
baiano000: raises $0.58 to $1.37 and is all-in
RobertM666: calls $0.05 and is all-in
Uncalled bet ($0.53) returned to baiano000
*** RIVER *** [Ad 4s Kd 9s] [5s]
*** SHOW DOWN ***
baiano000: shows [Tc Js] (high card Ace)
RobertM666: shows [Qh Ah] (a pair of Aces)
RobertM666 collected $2.35 from pot
*** SUMMARY ***
Total pot $2.44 | Rake $0.09 
Board [Ad 4s Kd 9s 5s]
Seat 1: forgetmenot123 folded before Flop (didn't bet)
Seat 2: alemao511 folded before Flop (didn't bet)
Seat 3: Tautietis852 folded before Flop (didn't bet)
Seat 4: RobertM666 showed [Qh Ah] and won ($2.35) with a pair of Aces
Seat 5: heartbumper (button) folded before Flop (didn't bet)
Seat 6: baiano000 (small blind) showed [Tc Js] and lost with high card Ace
Seat 7: Spidermate (big blind) folded before Flop
Seat 8: Dorex2007 folded before Flop (didn't bet)
Seat 9: palmrobert60 folded before Flop (didn't bet)



PokerStars Hand #228320240752:  Hold'em No Limit ($0.01/$0.02 USD) - 2021/07/15 16:50:57 PT [2021/07/15 19:50:57 ET]
Table 'Marlu' 9-max Seat #6 is the button
Seat 1: forgetmenot123 ($2 in chips) 
Seat 2: alemao511 ($2.69 in chips) 
Seat 3: Tautietis852 ($2 in chips) 
Seat 4: RobertM666 ($2.35 in chips) 
Seat 5: heartbumper ($0.68 in chips) 
Seat 6: baiano000 ($0.53 in chips) 
Seat 7: Spidermate ($3.87 in chips) 
Seat 8: Dorex2007 ($1.99 in chips) 
Seat 9: palmrobert60 ($1.51 in chips) 
Spidermate: posts small blind $0.01
Dorex2007: posts big blind $0.02
*** HOLE CARDS ***
Dealt to Dorex2007 [Kc Jc]
palmrobert60 has timed out
palmrobert60: folds 
forgetmenot123: folds 
alemao511: folds 
Tautietis852: folds 
RobertM666: folds 
heartbumper: folds 
baiano000: calls $0.02
alemao511 leaves the table
Spidermate: calls $0.01
Dorex2007: checks 
*** FLOP *** [Td 6s 8h]
Spidermate: checks 
Dorex2007: checks 
baiano000: checks 
*** TURN *** [Td 6s 8h] [6d]
Spidermate: checks 
Dorex2007: checks 
baiano000: bets $0.06
Spidermate: folds 
Dorex2007: folds 
Uncalled bet ($0.06) returned to baiano000
baiano000 collected $0.06 from pot
*** SUMMARY ***
Total pot $0.06 | Rake $0 
Board [Td 6s 8h 6d]
Seat 1: forgetmenot123 folded before Flop (didn't bet)
Seat 2: alemao511 folded before Flop (didn't bet)
Seat 3: Tautietis852 folded before Flop (didn't bet)
Seat 4: RobertM666 folded before Flop (didn't bet)
Seat 5: heartbumper folded before Flop (didn't bet)
Seat 6: baiano000 (button) collected ($0.06)
Seat 7: Spidermate (small blind) folded on the Turn
Seat 8: Dorex2007 (big blind) folded on the Turn
Seat 9: palmrobert60 folded before Flop (didn't bet)



PokerStars Hand #228320255669:  Hold'em No Limit ($0.01/$0.02 USD) - 2021/07/15 16:51:50 PT [2021/07/15 19:51:50 ET]
Table 'Marlu' 9-max Seat #7 is the button
Seat 1: forgetmenot123 ($2 in chips) 
Seat 3: Tautietis852 ($2 in chips) 
Seat 4: RobertM666 ($2.35 in chips) 
Seat 5: heartbumper ($0.68 in chips) 
Seat 6: baiano000 ($0.57 in chips) 
Seat 7: Spidermate ($3.85 in chips) 
Seat 8: Dorex2007 ($1.97 in chips) 
Seat 9: palmrobert60 ($1.51 in chips) 
Dorex2007: posts small blind $0.01
palmrobert60: posts big blind $0.02
*** HOLE CARDS ***
Dealt to Dorex2007 [Ad 7h]
forgetmenot123: calls $0.02
Tautietis852: folds 
RobertM666: folds 
heartbumper: folds 
baiano000: folds 
Spidermate: folds 
Plen997 joins the table at seat #2 
Dorex2007: raises $0.04 to $0.06
palmrobert60: folds 
forgetmenot123: calls $0.04
*** FLOP *** [Ks 9c 6h]
Dorex2007: bets $0.07
forgetmenot123: folds 
Uncalled bet ($0.07) returned to Dorex2007
Dorex2007 collected $0.14 from pot
Dorex2007: doesn't show hand 
*** SUMMARY ***
Total pot $0.14 | Rake $0 
Board [Ks 9c 6h]
Seat 1: forgetmenot123 folded on the Flop
Seat 3: Tautietis852 folded before Flop (didn't bet)
Seat 4: RobertM666 folded before Flop (didn't bet)
Seat 5: heartbumper folded before Flop (didn't bet)
Seat 6: baiano000 folded before Flop (didn't bet)
Seat 7: Spidermate (button) folded before Flop (didn't bet)
Seat 8: Dorex2007 (small blind) collected ($0.14)
Seat 9: palmrobert60 (big blind) folded before Flop



PokerStars Hand #228320265927:  Hold'em No Limit ($0.01/$0.02 USD) - 2021/07/15 16:52:28 PT [2021/07/15 19:52:28 ET]
Table 'Marlu' 9-max Seat #8 is the button
Seat 1: forgetmenot123 ($1.94 in chips) 
Seat 3: Tautietis852 ($2 in chips) 
Seat 4: RobertM666 ($2.35 in chips) 
Seat 5: heartbumper ($0.68 in chips) 
Seat 6: baiano000 ($0.57 in chips) 
Seat 7: Spidermate ($3.85 in chips) 
Seat 8: Dorex2007 ($2.05 in chips) 
Seat 9: palmrobert60 ($1.49 in chips) 
palmrobert60: posts small blind $0.01
forgetmenot123: posts big blind $0.02
Plen997: sits out 
*** HOLE CARDS ***
Dealt to Dorex2007 [7d 4d]
Tautietis852: folds 
RobertM666: folds 
heartbumper: folds 
baiano000: calls $0.02
Spidermate: folds 
Dorex2007: folds 
palmrobert60: folds 
forgetmenot123: checks 
*** FLOP *** [9c 7c 3s]
forgetmenot123: checks 
baiano000: bets $0.03
forgetmenot123: calls $0.03
*** TURN *** [9c 7c 3s] [3d]
forgetmenot123: checks 
baiano000: bets $0.11
forgetmenot123: folds 
Uncalled bet ($0.11) returned to baiano000
baiano000 collected $0.11 from pot
*** SUMMARY ***
Total pot $0.11 | Rake $0 
Board [9c 7c 3s 3d]
Seat 1: forgetmenot123 (big blind) folded on the Turn
Seat 3: Tautietis852 folded before Flop (didn't bet)
Seat 4: RobertM666 folded before Flop (didn't bet)
Seat 5: heartbumper folded before Flop (didn't bet)
Seat 6: baiano000 collected ($0.11)
Seat 7: Spidermate folded before Flop (didn't bet)
Seat 8: Dorex2007 (button) folded before Flop (didn't bet)
Seat 9: palmrobert60 (small blind) folded before Flop



PokerStars Hand #228320283484:  Hold'em No Limit ($0.01/$0.02 USD) - 2021/07/15 16:53:31 PT [2021/07/15 19:53:31 ET]
Table 'Marlu' 9-max Seat #9 is the button
Seat 1: forgetmenot123 ($1.89 in chips) 
Seat 2: Plen997 ($0.80 in chips) 
Seat 3: Tautietis852 ($2 in chips) 
Seat 4: RobertM666 ($2.35 in chips) 
Seat 5: heartbumper ($0.68 in chips) 
Seat 6: baiano000 ($0.63 in chips) 
Seat 7: Spidermate ($3.85 in chips) 
Seat 8: Dorex2007 ($2.05 in chips) 
Seat 9: palmrobert60 ($1.48 in chips) 
forgetmenot123: posts small blind $0.01
Plen997: posts big blind $0.02
*** HOLE CARDS ***
Dealt to Dorex2007 [Js 4d]
Tautietis852: folds 
RobertM666: folds 
heartbumper: raises $0.04 to $0.06
baiano000: calls $0.06
Spidermate: folds 
Dorex2007: folds 
palmrobert60: folds 
forgetmenot123: raises $0.20 to $0.26
Plen997: folds 
heartbumper: folds 
baiano000: calls $0.20
*** FLOP *** [9s Qc 5c]
forgetmenot123: bets $0.29
baiano000: raises $0.08 to $0.37 and is all-in
forgetmenot123: calls $0.08
*** TURN *** [9s Qc 5c] [Kd]
*** RIVER *** [9s Qc 5c Kd] [5h]
*** SHOW DOWN ***
forgetmenot123: shows [Ah As] (two pair, Aces and Fives)
baiano000: shows [Tc 6s] (a pair of Fives)
forgetmenot123 collected $1.29 from pot
*** SUMMARY ***
Total pot $1.34 | Rake $0.05 
Board [9s Qc 5c Kd 5h]
Seat 1: forgetmenot123 (small blind) showed [Ah As] and won ($1.29) with two pair, Aces and Fives
Seat 2: Plen997 (big blind) folded before Flop
Seat 3: Tautietis852 folded before Flop (didn't bet)
Seat 4: RobertM666 folded before Flop (didn't bet)
Seat 5: heartbumper folded before Flop
Seat 6: baiano000 showed [Tc 6s] and lost with a pair of Fives
Seat 7: Spidermate folded before Flop (didn't bet)
Seat 8: Dorex2007 folded before Flop (didn't bet)
Seat 9: palmrobert60 (button) folded before Flop (didn't bet)



PokerStars Hand #228320307173:  Hold'em No Limit ($0.01/$0.02 USD) - 2021/07/15 16:54:32 PT [2021/07/15 19:54:32 ET]
Table 'Marlu' 9-max Seat #1 is the button
Seat 1: forgetmenot123 ($2.55 in chips) 
Seat 2: Plen997 ($0.80 in chips) 
Seat 3: Tautietis852 ($2 in chips) 
Seat 4: RobertM666 ($2.35 in chips) 
Seat 5: heartbumper ($0.62 in chips) 
Seat 7: Spidermate ($3.85 in chips) 
Seat 8: Dorex2007 ($2.05 in chips) 
Seat 9: palmrobert60 ($1.48 in chips) 
Plen997: posts small blind $0.01
Tautietis852: posts big blind $0.02
*** HOLE CARDS ***
Dealt to Dorex2007 [Td 2d]
baiano000 leaves the table
RobertM666: calls $0.02
heartbumper: folds 
Set Out joins the table at seat #6 
Spidermate: folds 
Dorex2007: folds 
palmrobert60: calls $0.02
forgetmenot123: folds 
Plen997: folds 
Tautietis852: checks 
*** FLOP *** [Ks Qh 3c]
Tautietis852: checks 
RobertM666: bets $0.02
palmrobert60: calls $0.02
Tautietis852: folds 
*** TURN *** [Ks Qh 3c] [Qc]
RobertM666: bets $0.02
palmrobert60: folds 
Uncalled bet ($0.02) returned to RobertM666
RobertM666 collected $0.11 from pot
RobertM666: doesn't show hand 
*** SUMMARY ***
Total pot $0.11 | Rake $0 
Board [Ks Qh 3c Qc]
Seat 1: forgetmenot123 (button) folded before Flop (didn't bet)
Seat 2: Plen997 (small blind) folded before Flop
Seat 3: Tautietis852 (big blind) folded on the Flop
Seat 4: RobertM666 collected ($0.11)
Seat 5: heartbumper folded before Flop (didn't bet)
Seat 7: Spidermate folded before Flop (didn't bet)
Seat 8: Dorex2007 folded before Flop (didn't bet)
Seat 9: palmrobert60 folded on the Turn



PokerStars Hand #228320319108:  Hold'em No Limit ($0.01/$0.02 USD) - 2021/07/15 16:55:18 PT [2021/07/15 19:55:18 ET]
Table 'Marlu' 9-max Seat #2 is the button
Seat 1: forgetmenot123 ($2.55 in chips) 
Seat 2: Plen997 ($0.80 in chips) 
Seat 3: Tautietis852 ($2 in chips) 
Seat 4: RobertM666 ($2.42 in chips) 
Seat 5: heartbumper ($0.62 in chips) 
Seat 7: Spidermate ($3.85 in chips) 
Seat 8: Dorex2007 ($2.05 in chips) 
Seat 9: palmrobert60 ($1.44 in chips) 
Tautietis852: posts small blind $0.01
RobertM666: posts big blind $0.02
Set Out: sits out 
*** HOLE CARDS ***
Dealt to Dorex2007 [4c Jc]
heartbumper: raises $0.04 to $0.06
Spidermate has timed out
Spidermate: folds 
Dorex2007: folds 
palmrobert60: calls $0.06
forgetmenot123: folds 
Plen997: calls $0.06
Tautietis852: folds 
RobertM666: folds 
*** FLOP *** [8s 7h Kc]
heartbumper: checks 
palmrobert60: checks 
Plen997: checks 
*** TURN *** [8s 7h Kc] [7s]
heartbumper: checks 
palmrobert60: bets $0.20
Plen997: folds 
heartbumper: folds 
Uncalled bet ($0.20) returned to palmrobert60
palmrobert60 collected $0.20 from pot
palmrobert60: doesn't show hand 
*** SUMMARY ***
Total pot $0.21 | Rake $0.01 
Board [8s 7h Kc 7s]
Seat 1: forgetmenot123 folded before Flop (didn't bet)
Seat 2: Plen997 (button) folded on the Turn
Seat 3: Tautietis852 (small blind) folded before Flop
Seat 4: RobertM666 (big blind) folded before Flop
Seat 5: heartbumper folded on the Turn
Seat 7: Spidermate folded before Flop (didn't bet)
Seat 8: Dorex2007 folded before Flop (didn't bet)
Seat 9: palmrobert60 collected ($0.20)



PokerStars Hand #228320339222:  Hold'em No Limit ($0.01/$0.02 USD) - 2021/07/15 16:56:47 PT [2021/07/15 19:56:47 ET]
Table 'Marlu' 9-max Seat #3 is the button
Seat 1: forgetmenot123 ($2.55 in chips) 
Seat 2: Plen997 ($0.80 in chips) 
Seat 3: Tautietis852 ($2 in chips) 
Seat 4: RobertM666 ($2.40 in chips) 
Seat 5: heartbumper ($1 in chips) 
Seat 8: Dorex2007 ($2.05 in chips) 
Seat 9: palmrobert60 ($1.58 in chips) 
RobertM666: posts small blind $0.01
heartbumper: posts big blind $0.02
Set Out: sits out 
*** HOLE CARDS ***
Dealt to Dorex2007 [4s 7s]
Dorex2007: folds 
palmrobert60: folds 
forgetmenot123: folds 
Spidermate leaves the table
Plen997: raises $0.04 to $0.06
Tautietis852: folds 
RobertM666: raises $0.04 to $0.10
heartbumper: folds 
Plen997: calls $0.04
*** FLOP *** [4h 4d Ks]
Nikolai9103 joins the table at seat #7 
RobertM666: bets $2.30 and is all-in
Plen997: calls $0.70 and is all-in
Uncalled bet ($1.60) returned to RobertM666
*** TURN *** [4h 4d Ks] [2h]
*** RIVER *** [4h 4d Ks 2h] [Ah]
*** SHOW DOWN ***
RobertM666: shows [9d 9c] (two pair, Nines and Fours)
Plen997: shows [9h Kh] (a flush, Ace high)
Plen997 collected $1.56 from pot
*** SUMMARY ***
Total pot $1.62 | Rake $0.06 
Board [4h 4d Ks 2h Ah]
Seat 1: forgetmenot123 folded before Flop (didn't bet)
Seat 2: Plen997 showed [9h Kh] and won ($1.56) with a flush, Ace high
Seat 3: Tautietis852 (button) folded before Flop (didn't bet)
Seat 4: RobertM666 (small blind) showed [9d 9c] and lost with two pair, Nines and Fours
Seat 5: heartbumper (big blind) folded before Flop
Seat 8: Dorex2007 folded before Flop (didn't bet)
Seat 9: palmrobert60 folded before Flop (didn't bet)



PokerStars Hand #228320349195:  Hold'em No Limit ($0.01/$0.02 USD) - 2021/07/15 16:57:31 PT [2021/07/15 19:57:31 ET]
Table 'Marlu' 9-max Seat #4 is the button
Seat 1: forgetmenot123 ($2.55 in chips) 
Seat 2: Plen997 ($1.56 in chips) 
Seat 3: Tautietis852 ($2 in chips) 
Seat 4: RobertM666 ($1.60 in chips) 
Seat 5: heartbumper ($0.98 in chips) 
Seat 6: Set Out ($2 in chips) 
Seat 8: Dorex2007 ($2.05 in chips) 
Seat 9: palmrobert60 ($1.58 in chips) 
heartbumper: posts small blind $0.01
Set Out: posts big blind $0.02
Nikolai9103: sits out 
*** HOLE CARDS ***
Dealt to Dorex2007 [Ah 9s]
Dorex2007: folds 
palmrobert60: folds 
forgetmenot123: calls $0.02
Plen997: raises $0.07 to $0.09
Tautietis852: folds 
RobertM666: raises $1.51 to $1.60 and is all-in
heartbumper: folds 
Set Out: folds 
forgetmenot123: folds 
Plen997: folds 
Uncalled bet ($1.51) returned to RobertM666
RobertM666 collected $0.23 from pot
RobertM666: doesn't show hand 
*** SUMMARY ***
Total pot $0.23 | Rake $0 
Seat 1: forgetmenot123 folded before Flop
Seat 2: Plen997 folded before Flop
Seat 3: Tautietis852 folded before Flop (didn't bet)
Seat 4: RobertM666 (button) collected ($0.23)
Seat 5: heartbumper (small blind) folded before Flop
Seat 6: Set Out (big blind) folded before Flop
Seat 8: Dorex2007 folded before Flop (didn't bet)
Seat 9: palmrobert60 folded before Flop (didn't bet)



PokerStars Hand #228320355819:  Hold'em No Limit ($0.01/$0.02 USD) - 2021/07/15 16:58:00 PT [2021/07/15 19:58:00 ET]
Table 'Marlu' 9-max Seat #5 is the button
Seat 1: forgetmenot123 ($2.53 in chips) 
Seat 2: Plen997 ($1.47 in chips) 
Seat 3: Tautietis852 ($2 in chips) 
Seat 4: RobertM666 ($1.74 in chips) 
Seat 5: heartbumper ($0.97 in chips) 
Seat 6: Set Out ($2 in chips) 
Seat 7: Nikolai9103 ($2 in chips) 
Seat 8: Dorex2007 ($2.05 in chips) 
Seat 9: palmrobert60 ($1.58 in chips) 
Set Out: posts small blind $0.01
Nikolai9103: posts big blind $0.02
*** HOLE CARDS ***
Dealt to Dorex2007 [Jh 3s]
Dorex2007: folds 
palmrobert60: folds 
forgetmenot123: folds 
Plen997: raises $0.04 to $0.06
Tautietis852: folds 
RobertM666: folds 
heartbumper: folds 
Set Out: folds 
Nikolai9103: raises $0.10 to $0.16
Plen997: calls $0.10
*** FLOP *** [8d Ts 6c]
Nikolai9103: bets $0.38
Plen997: folds 
Uncalled bet ($0.38) returned to Nikolai9103
Nikolai9103 collected $0.32 from pot
Nikolai9103: doesn't show hand 
*** SUMMARY ***
Total pot $0.33 | Rake $0.01 
Board [8d Ts 6c]
Seat 1: forgetmenot123 folded before Flop (didn't bet)
Seat 2: Plen997 folded on the Flop
Seat 3: Tautietis852 folded before Flop (didn't bet)
Seat 4: RobertM666 folded before Flop (didn't bet)
Seat 5: heartbumper (button) folded before Flop (didn't bet)
Seat 6: Set Out (small blind) folded before Flop
Seat 7: Nikolai9103 (big blind) collected ($0.32)
Seat 8: Dorex2007 folded before Flop (didn't bet)
Seat 9: palmrobert60 folded before Flop (didn't bet)



PokerStars Hand #228320365284:  Hold'em No Limit ($0.01/$0.02 USD) - 2021/07/15 16:58:43 PT [2021/07/15 19:58:43 ET]
Table 'Marlu' 9-max Seat #6 is the button
Seat 1: forgetmenot123 ($2.53 in chips) 
Seat 2: Plen997 ($1.31 in chips) 
Seat 3: Tautietis852 ($2 in chips) 
Seat 4: RobertM666 ($1.74 in chips) 
Seat 5: heartbumper ($0.97 in chips) 
Seat 6: Set Out ($2 in chips) 
Seat 7: Nikolai9103 ($2.16 in chips) 
Seat 8: Dorex2007 ($2.05 in chips) 
Seat 9: palmrobert60 ($1.58 in chips) 
Nikolai9103: posts small blind $0.01
Dorex2007: posts big blind $0.02
*** HOLE CARDS ***
Dealt to Dorex2007 [7c Jd]
palmrobert60: calls $0.02
forgetmenot123: folds 
Plen997: folds 
Tautietis852: raises $0.03 to $0.05
RobertM666: folds 
heartbumper: folds 
Set Out: folds 
Nikolai9103: folds 
Dorex2007: folds 
palmrobert60: calls $0.03
*** FLOP *** [Qh Kd 3s]
palmrobert60: checks 
Tautietis852: bets $0.04
palmrobert60: calls $0.04
*** TURN *** [Qh Kd 3s] [8c]
palmrobert60: checks 
Tautietis852: checks 
*** RIVER *** [Qh Kd 3s 8c] [Kc]
palmrobert60: checks 
Tautietis852: checks 
*** SHOW DOWN ***
palmrobert60: shows [Tc 9c] (a pair of Kings)
Tautietis852: shows [Ac Ts] (a pair of Kings - Ace kicker)
Tautietis852 collected $0.20 from pot
*** SUMMARY ***
Total pot $0.21 | Rake $0.01 
Board [Qh Kd 3s 8c Kc]
Seat 1: forgetmenot123 folded before Flop (didn't bet)
Seat 2: Plen997 folded before Flop (didn't bet)
Seat 3: Tautietis852 showed [Ac Ts] and won ($0.20) with a pair of Kings
Seat 4: RobertM666 folded before Flop (didn't bet)
Seat 5: heartbumper folded before Flop (didn't bet)
Seat 6: Set Out (button) folded before Flop (didn't bet)
Seat 7: Nikolai9103 (small blind) folded before Flop
Seat 8: Dorex2007 (big blind) folded before Flop
Seat 9: palmrobert60 showed [Tc 9c] and lost with a pair of Kings



PokerStars Hand #228320377656:  Hold'em No Limit ($0.01/$0.02 USD) - 2021/07/15 16:59:37 PT [2021/07/15 19:59:37 ET]
Table 'Marlu' 9-max Seat #7 is the button
Seat 1: forgetmenot123 ($2.53 in chips) 
Seat 2: Plen997 ($1.31 in chips) 
Seat 3: Tautietis852 ($2.11 in chips) 
Seat 4: RobertM666 ($1.74 in chips) 
Seat 5: heartbumper ($0.97 in chips) 
Seat 6: Set Out ($2 in chips) 
Seat 7: Nikolai9103 ($2.15 in chips) 
Seat 8: Dorex2007 ($2.03 in chips) 
Seat 9: palmrobert60 ($1.49 in chips) 
Dorex2007: posts small blind $0.01
palmrobert60: posts big blind $0.02
*** HOLE CARDS ***
Dealt to Dorex2007 [Qs 3c]
forgetmenot123: folds 
Plen997: folds 
Tautietis852: folds 
RobertM666: calls $0.02
heartbumper: folds 
Set Out: raises $0.07 to $0.09
Nikolai9103: folds 
Dorex2007: folds 
palmrobert60: folds 
RobertM666: folds 
Uncalled bet ($0.07) returned to Set Out
Set Out collected $0.07 from pot
Set Out: doesn't show hand 
*** SUMMARY ***
Total pot $0.07 | Rake $0 
Seat 1: forgetmenot123 folded before Flop (didn't bet)
Seat 2: Plen997 folded before Flop (didn't bet)
Seat 3: Tautietis852 folded before Flop (didn't bet)
Seat 4: RobertM666 folded before Flop
Seat 5: heartbumper folded before Flop (didn't bet)
Seat 6: Set Out collected ($0.07)
Seat 7: Nikolai9103 (button) folded before Flop (didn't bet)
Seat 8: Dorex2007 (small blind) folded before Flop
Seat 9: palmrobert60 (big blind) folded before Flop



PokerStars Hand #228320388354:  Hold'em No Limit ($0.01/$0.02 USD) - 2021/07/15 17:00:22 PT [2021/07/15 20:00:22 ET]
Table 'Marlu' 9-max Seat #8 is the button
Seat 1: forgetmenot123 ($2.53 in chips) 
Seat 2: Plen997 ($1.31 in chips) 
Seat 3: Tautietis852 ($2.11 in chips) 
Seat 4: RobertM666 ($1.72 in chips) 
Seat 5: heartbumper ($0.97 in chips) 
Seat 6: Set Out ($2.05 in chips) 
Seat 7: Nikolai9103 ($2.15 in chips) 
Seat 8: Dorex2007 ($2.02 in chips) 
Seat 9: palmrobert60 ($1.47 in chips) 
palmrobert60: posts small blind $0.01
forgetmenot123: posts big blind $0.02
*** HOLE CARDS ***
Dealt to Dorex2007 [Ad Jh]
Plen997: folds 
Tautietis852: raises $0.03 to $0.05
RobertM666: raises $0.13 to $0.18
heartbumper: folds 
Set Out: folds 
Nikolai9103: folds 
Dorex2007: folds 
palmrobert60: folds 
forgetmenot123: folds 
Tautietis852: calls $0.13
*** FLOP *** [7c Th Qs]
Tautietis852: checks 
RobertM666: checks 
*** TURN *** [7c Th Qs] [Ts]
Tautietis852: bets $0.13
RobertM666: calls $0.13
*** RIVER *** [7c Th Qs Ts] [7d]
Tautietis852: bets $0.20
RobertM666: calls $0.20
*** SHOW DOWN ***
Tautietis852: shows [Qh As] (two pair, Queens and Tens)
RobertM666: mucks hand 
Tautietis852 collected $1.01 from pot
*** SUMMARY ***
Total pot $1.05 | Rake $0.04 
Board [7c Th Qs Ts 7d]
Seat 1: forgetmenot123 (big blind) folded before Flop
Seat 2: Plen997 folded before Flop (didn't bet)
Seat 3: Tautietis852 showed [Qh As] and won ($1.01) with two pair, Queens and Tens
Seat 4: RobertM666 mucked [9d 9h]
Seat 5: heartbumper folded before Flop (didn't bet)
Seat 6: Set Out folded before Flop (didn't bet)
Seat 7: Nikolai9103 folded before Flop (didn't bet)
Seat 8: Dorex2007 (button) folded before Flop (didn't bet)
Seat 9: palmrobert60 (small blind) folded before Flop



PokerStars Hand #228320401130:  Hold'em No Limit ($0.01/$0.02 USD) - 2021/07/15 17:01:12 PT [2021/07/15 20:01:12 ET]
Table 'Marlu' 9-max Seat #9 is the button
Seat 1: forgetmenot123 ($2.51 in chips) 
Seat 2: Plen997 ($1.31 in chips) 
Seat 3: Tautietis852 ($2.61 in chips) 
Seat 4: RobertM666 ($1.21 in chips) 
Seat 5: heartbumper ($0.97 in chips) 
Seat 6: Set Out ($2.05 in chips) 
Seat 7: Nikolai9103 ($2.15 in chips) 
Seat 8: Dorex2007 ($2.02 in chips) 
Seat 9: palmrobert60 ($1.46 in chips) 
forgetmenot123: posts small blind $0.01
Plen997: posts big blind $0.02
*** HOLE CARDS ***
Dealt to Dorex2007 [7s Td]
Tautietis852: folds 
RobertM666: folds 
heartbumper: folds 
Set Out: folds 
Nikolai9103 has timed out
Nikolai9103: folds 
Dorex2007: folds 
palmrobert60: folds 
forgetmenot123: calls $0.01
Plen997: checks 
*** FLOP *** [6c 3d 9c]
forgetmenot123: bets $0.02
Plen997: folds 
Uncalled bet ($0.02) returned to forgetmenot123
forgetmenot123 collected $0.04 from pot
forgetmenot123: doesn't show hand 
*** SUMMARY ***
Total pot $0.04 | Rake $0 
Board [6c 3d 9c]
Seat 1: forgetmenot123 (small blind) collected ($0.04)
Seat 2: Plen997 (big blind) folded on the Flop
Seat 3: Tautietis852 folded before Flop (didn't bet)
Seat 4: RobertM666 folded before Flop (didn't bet)
Seat 5: heartbumper folded before Flop (didn't bet)
Seat 6: Set Out folded before Flop (didn't bet)
Seat 7: Nikolai9103 folded before Flop (didn't bet)
Seat 8: Dorex2007 folded before Flop (didn't bet)
Seat 9: palmrobert60 (button) folded before Flop (didn't bet)



PokerStars Hand #228320411003:  Hold'em No Limit ($0.01/$0.02 USD) - 2021/07/15 17:01:48 PT [2021/07/15 20:01:48 ET]
Table 'Marlu' 9-max Seat #1 is the button
Seat 1: forgetmenot123 ($2.53 in chips) 
Seat 2: Plen997 ($1.29 in chips) 
Seat 3: Tautietis852 ($2.61 in chips) 
Seat 4: RobertM666 ($1.21 in chips) 
Seat 5: heartbumper ($0.97 in chips) 
Seat 6: Set Out ($2.05 in chips) 
Seat 7: Nikolai9103 ($2.15 in chips) 
Seat 8: Dorex2007 ($2.02 in chips) 
Seat 9: palmrobert60 ($1.46 in chips) 
Plen997: posts small blind $0.01
Tautietis852: posts big blind $0.02
*** HOLE CARDS ***
Dealt to Dorex2007 [Js Ad]
RobertM666: folds 
heartbumper: folds 
Set Out: folds 
Nikolai9103: folds 
Dorex2007: raises $0.02 to $0.04
palmrobert60: calls $0.04
forgetmenot123: folds 
Plen997: calls $0.03
Tautietis852: calls $0.02
*** FLOP *** [2c 8s 6c]
Plen997: checks 
Tautietis852: checks 
Dorex2007: checks 
palmrobert60: checks 
*** TURN *** [2c 8s 6c] [2s]
Plen997: bets $0.08
Tautietis852: folds 
Dorex2007: folds 
palmrobert60: calls $0.08
*** RIVER *** [2c 8s 6c 2s] [Ac]
Plen997: bets $0.30
palmrobert60: calls $0.30
*** SHOW DOWN ***
Plen997: shows [Td 9c] (a pair of Deuces)
palmrobert60: shows [Kd 2d] (three of a kind, Deuces)
palmrobert60 collected $0.89 from pot
*** SUMMARY ***
Total pot $0.92 | Rake $0.03 
Board [2c 8s 6c 2s Ac]
Seat 1: forgetmenot123 (button) folded before Flop (didn't bet)
Seat 2: Plen997 (small blind) showed [Td 9c] and lost with a pair of Deuces
Seat 3: Tautietis852 (big blind) folded on the Turn
Seat 4: RobertM666 folded before Flop (didn't bet)
Seat 5: heartbumper folded before Flop (didn't bet)
Seat 6: Set Out folded before Flop (didn't bet)
Seat 7: Nikolai9103 folded before Flop (didn't bet)
Seat 8: Dorex2007 folded on the Turn
Seat 9: palmrobert60 showed [Kd 2d] and won ($0.89) with three of a kind, Deuces



PokerStars Hand #228320425158:  Hold'em No Limit ($0.01/$0.02 USD) - 2021/07/15 17:02:40 PT [2021/07/15 20:02:40 ET]
Table 'Marlu' 9-max Seat #2 is the button
Seat 1: forgetmenot123 ($2.53 in chips) 
Seat 2: Plen997 ($0.87 in chips) 
Seat 3: Tautietis852 ($2.57 in chips) 
Seat 4: RobertM666 ($1.21 in chips) 
Seat 5: heartbumper ($0.97 in chips) 
Seat 6: Set Out ($2.05 in chips) 
Seat 7: Nikolai9103 ($2.15 in chips) 
Seat 8: Dorex2007 ($1.98 in chips) 
Seat 9: palmrobert60 ($1.93 in chips) 
Tautietis852: posts small blind $0.01
RobertM666: posts big blind $0.02
*** HOLE CARDS ***
Dealt to Dorex2007 [7s 5d]
heartbumper: folds 
Set Out: folds 
Nikolai9103: folds 
Dorex2007: folds 
palmrobert60: calls $0.02
forgetmenot123: folds 
Plen997: folds 
Plen997 leaves the table
Tautietis852: folds 
RobertM666: checks 
*** FLOP *** [8s Ks 3h]
RobertM666: bets $0.02
kris.berd joins the table at seat #2 
palmrobert60: folds 
Uncalled bet ($0.02) returned to RobertM666
RobertM666 collected $0.05 from pot
RobertM666: doesn't show hand 
*** SUMMARY ***
Total pot $0.05 | Rake $0 
Board [8s Ks 3h]
Seat 1: forgetmenot123 folded before Flop (didn't bet)
Seat 2: Plen997 (button) folded before Flop (didn't bet)
Seat 3: Tautietis852 (small blind) folded before Flop
Seat 4: RobertM666 (big blind) collected ($0.05)
Seat 5: heartbumper folded before Flop (didn't bet)
Seat 6: Set Out folded before Flop (didn't bet)
Seat 7: Nikolai9103 folded before Flop (didn't bet)
Seat 8: Dorex2007 folded before Flop (didn't bet)
Seat 9: palmrobert60 folded on the Flop



PokerStars Hand #228320431690:  Hold'em No Limit ($0.01/$0.02 USD) - 2021/07/15 17:03:03 PT [2021/07/15 20:03:03 ET]
Table 'Marlu' 9-max Seat #3 is the button
Seat 1: forgetmenot123 ($2.53 in chips) 
Seat 3: Tautietis852 ($2.56 in chips) 
Seat 4: RobertM666 ($1.24 in chips) 
Seat 5: heartbumper ($0.97 in chips) 
Seat 6: Set Out ($2.05 in chips) 
Seat 7: Nikolai9103 ($2.15 in chips) 
Seat 8: Dorex2007 ($1.98 in chips) 
Seat 9: palmrobert60 ($1.91 in chips) 
RobertM666: posts small blind $0.01
heartbumper: posts big blind $0.02
kris.berd: sits out 
*** HOLE CARDS ***
Dealt to Dorex2007 [Js 3s]
Set Out: folds 
Nikolai9103: raises $0.04 to $0.06
Dorex2007: folds 
palmrobert60: folds 
forgetmenot123: folds 
Tautietis852: folds 
RobertM666: folds 
heartbumper: folds 
Uncalled bet ($0.04) returned to Nikolai9103
kris.berd leaves the table
Nikolai9103 collected $0.05 from pot
Nikolai9103: doesn't show hand 
*** SUMMARY ***
Total pot $0.05 | Rake $0 
Seat 1: forgetmenot123 folded before Flop (didn't bet)
Seat 3: Tautietis852 (button) folded before Flop (didn't bet)
Seat 4: RobertM666 (small blind) folded before Flop
Seat 5: heartbumper (big blind) folded before Flop
Seat 6: Set Out folded before Flop (didn't bet)
Seat 7: Nikolai9103 collected ($0.05)
Seat 8: Dorex2007 folded before Flop (didn't bet)
Seat 9: palmrobert60 folded before Flop (didn't bet)



PokerStars Hand #228320436861:  Hold'em No Limit ($0.01/$0.02 USD) - 2021/07/15 17:03:22 PT [2021/07/15 20:03:22 ET]
Table 'Marlu' 9-max Seat #4 is the button
Seat 1: forgetmenot123 ($2.53 in chips) 
Seat 3: Tautietis852 ($2.56 in chips) 
Seat 4: RobertM666 ($1.23 in chips) 
Seat 5: heartbumper ($0.95 in chips) 
Seat 6: Set Out ($2.05 in chips) 
Seat 7: Nikolai9103 ($2.18 in chips) 
Seat 8: Dorex2007 ($1.98 in chips) 
Seat 9: palmrobert60 ($1.91 in chips) 
heartbumper: posts small blind $0.01
Set Out: posts big blind $0.02
*** HOLE CARDS ***
Dealt to Dorex2007 [Kd 7s]
Nikolai9103: folds 
Dorex2007: folds 
palmrobert60: folds 
forgetmenot123: raises $0.05 to $0.07
Tautietis852: folds 
RobertM666: folds 
heartbumper: folds 
Set Out: folds 
Uncalled bet ($0.05) returned to forgetmenot123
forgetmenot123 collected $0.05 from pot
forgetmenot123: doesn't show hand 
*** SUMMARY ***
Total pot $0.05 | Rake $0 
Seat 1: forgetmenot123 collected ($0.05)
Seat 3: Tautietis852 folded before Flop (didn't bet)
Seat 4: RobertM666 (button) folded before Flop (didn't bet)
Seat 5: heartbumper (small blind) folded before Flop
Seat 6: Set Out (big blind) folded before Flop
Seat 7: Nikolai9103 folded before Flop (didn't bet)
Seat 8: Dorex2007 folded before Flop (didn't bet)
Seat 9: palmrobert60 folded before Flop (didn't bet)



PokerStars Hand #228320442349:  Hold'em No Limit ($0.01/$0.02 USD) - 2021/07/15 17:03:42 PT [2021/07/15 20:03:42 ET]
Table 'Marlu' 9-max Seat #5 is the button
Seat 1: forgetmenot123 ($2.56 in chips) 
Seat 3: Tautietis852 ($2.56 in chips) 
Seat 4: RobertM666 ($1.23 in chips) 
Seat 5: heartbumper ($0.94 in chips) 
Seat 6: Set Out ($2.03 in chips) 
Seat 7: Nikolai9103 ($2.18 in chips) 
Seat 8: Dorex2007 ($1.98 in chips) 
Seat 9: palmrobert60 ($1.91 in chips) 
Set Out: posts small blind $0.01
Nikolai9103: posts big blind $0.02
*** HOLE CARDS ***
Dealt to Dorex2007 [Td 6h]
Dorex2007: folds 
palmrobert60: calls $0.02
forgetmenot123: folds 
Tautietis852: folds 
RobertM666: folds 
heartbumper: calls $0.02
Set Out: folds 
Nikolai9103: checks 
*** FLOP *** [Ah Jc 7d]
Nikolai9103: checks 
palmrobert60: checks 
heartbumper: bets $0.04
Nikolai9103: folds 
palmrobert60: calls $0.04
*** TURN *** [Ah Jc 7d] [Jd]
palmrobert60: checks 
heartbumper: checks 
*** RIVER *** [Ah Jc 7d Jd] [7c]
palmrobert60: checks 
heartbumper: bets $0.06
palmrobert60: folds 
Uncalled bet ($0.06) returned to heartbumper
heartbumper collected $0.14 from pot
*** SUMMARY ***
Total pot $0.15 | Rake $0.01 
Board [Ah Jc 7d Jd 7c]
Seat 1: forgetmenot123 folded before Flop (didn't bet)
Seat 3: Tautietis852 folded before Flop (didn't bet)
Seat 4: RobertM666 folded before Flop (didn't bet)
Seat 5: heartbumper (button) collected ($0.14)
Seat 6: Set Out (small blind) folded before Flop
Seat 7: Nikolai9103 (big blind) folded on the Flop
Seat 8: Dorex2007 folded before Flop (didn't bet)
Seat 9: palmrobert60 folded on the River



PokerStars Hand #228320461058:  Hold'em No Limit ($0.01/$0.02 USD) - 2021/07/15 17:04:49 PT [2021/07/15 20:04:49 ET]
Table 'Marlu' 9-max Seat #6 is the button
Seat 1: forgetmenot123 ($2.56 in chips) 
Seat 3: Tautietis852 ($2.56 in chips) 
Seat 4: RobertM666 ($1.23 in chips) 
Seat 5: heartbumper ($1.02 in chips) 
Seat 6: Set Out ($2.02 in chips) 
Seat 7: Nikolai9103 ($2.16 in chips) 
Seat 8: Dorex2007 ($1.98 in chips) 
Seat 9: palmrobert60 ($1.85 in chips) 
Nikolai9103: posts small blind $0.01
Dorex2007: posts big blind $0.02
*** HOLE CARDS ***
Dealt to Dorex2007 [Qc 7c]
palmrobert60: calls $0.02
forgetmenot123: folds 
Tautietis852: folds 
RobertM666: folds 
heartbumper: folds 
Set Out: folds 
Nikolai9103: folds 
Dorex2007: checks 
*** FLOP *** [2s Kh Ad]
Dorex2007: checks 
palmrobert60: bets $0.05
Dorex2007: folds 
Uncalled bet ($0.05) returned to palmrobert60
palmrobert60 collected $0.05 from pot
palmrobert60: doesn't show hand 
*** SUMMARY ***
Total pot $0.05 | Rake $0 
Board [2s Kh Ad]
Seat 1: forgetmenot123 folded before Flop (didn't bet)
Seat 3: Tautietis852 folded before Flop (didn't bet)
Seat 4: RobertM666 folded before Flop (didn't bet)
Seat 5: heartbumper folded before Flop (didn't bet)
Seat 6: Set Out (button) folded before Flop (didn't bet)
Seat 7: Nikolai9103 (small blind) folded before Flop
Seat 8: Dorex2007 (big blind) folded on the Flop
Seat 9: palmrobert60 collected ($0.05)



PokerStars Hand #228320470004:  Hold'em No Limit ($0.01/$0.02 USD) - 2021/07/15 17:05:20 PT [2021/07/15 20:05:20 ET]
Table 'Marlu' 9-max Seat #7 is the button
Seat 1: forgetmenot123 ($2.56 in chips) 
Seat 3: Tautietis852 ($2.56 in chips) 
Seat 4: RobertM666 ($1.23 in chips) 
Seat 5: heartbumper ($1.02 in chips) 
Seat 6: Set Out ($2.02 in chips) 
Seat 7: Nikolai9103 ($2.15 in chips) 
Seat 8: Dorex2007 ($1.96 in chips) 
Seat 9: palmrobert60 ($1.88 in chips) 
Dorex2007: posts small blind $0.01
palmrobert60: posts big blind $0.02
*** HOLE CARDS ***
Dealt to Dorex2007 [Qd Jc]
Jorsil joins the table at seat #2 
forgetmenot123: folds 
Tautietis852: raises $0.04 to $0.06
RobertM666: folds 
heartbumper: folds 
Set Out: folds 
Nikolai9103: folds 
Dorex2007: folds 
palmrobert60: folds 
Uncalled bet ($0.04) returned to Tautietis852
Tautietis852 collected $0.05 from pot
Tautietis852: doesn't show hand 
*** SUMMARY ***
Total pot $0.05 | Rake $0 
Seat 1: forgetmenot123 folded before Flop (didn't bet)
Seat 3: Tautietis852 collected ($0.05)
Seat 4: RobertM666 folded before Flop (didn't bet)
Seat 5: heartbumper folded before Flop (didn't bet)
Seat 6: Set Out folded before Flop (didn't bet)
Seat 7: Nikolai9103 (button) folded before Flop (didn't bet)
Seat 8: Dorex2007 (small blind) folded before Flop
Seat 9: palmrobert60 (big blind) folded before Flop



PokerStars Hand #228320480409:  Hold'em No Limit ($0.01/$0.02 USD) - 2021/07/15 17:05:36 PT [2021/07/15 20:05:36 ET]
Table 'Marlu' 9-max Seat #8 is the button
Seat 1: forgetmenot123 ($2.56 in chips) 
Seat 3: Tautietis852 ($2.59 in chips) 
Seat 4: RobertM666 ($1.23 in chips) 
Seat 5: heartbumper ($1.02 in chips) 
Seat 6: Set Out ($2.02 in chips) 
Seat 7: Nikolai9103 ($2.15 in chips) 
Seat 8: Dorex2007 ($1.95 in chips) 
Seat 9: palmrobert60 ($1.86 in chips) 
palmrobert60: posts small blind $0.01
forgetmenot123: posts big blind $0.02
Jorsil: sits out 
*** HOLE CARDS ***
Dealt to Dorex2007 [9h 8c]
Tautietis852: folds 
RobertM666: calls $0.02
heartbumper: folds 
Set Out: folds 
Nikolai9103: folds 
Dorex2007: folds 
palmrobert60: calls $0.01
forgetmenot123: checks 
*** FLOP *** [Ad 4s 9s]
palmrobert60: checks 
forgetmenot123: checks 
RobertM666: checks 
*** TURN *** [Ad 4s 9s] [Kc]
palmrobert60: checks 
forgetmenot123: checks 
RobertM666: checks 
*** RIVER *** [Ad 4s 9s Kc] [Ah]
palmrobert60: checks 
forgetmenot123: checks 
RobertM666: checks 
*** SHOW DOWN ***
palmrobert60: shows [5h 4c] (two pair, Aces and Fours)
forgetmenot123: mucks hand 
RobertM666: mucks hand 
palmrobert60 collected $0.06 from pot
*** SUMMARY ***
Total pot $0.06 | Rake $0 
Board [Ad 4s 9s Kc Ah]
Seat 1: forgetmenot123 (big blind) mucked [Jd 6h]
Seat 3: Tautietis852 folded before Flop (didn't bet)
Seat 4: RobertM666 mucked [8s 7h]
Seat 5: heartbumper folded before Flop (didn't bet)
Seat 6: Set Out folded before Flop (didn't bet)
Seat 7: Nikolai9103 folded before Flop (didn't bet)
Seat 8: Dorex2007 (button) folded before Flop (didn't bet)
Seat 9: palmrobert60 (small blind) showed [5h 4c] and won ($0.06) with two pair, Aces and Fours



PokerStars Hand #228320497685:  Hold'em No Limit ($0.01/$0.02 USD) - 2021/07/15 17:06:38 PT [2021/07/15 20:06:38 ET]
Table 'Marlu' 9-max Seat #9 is the button
Seat 1: forgetmenot123 ($2.54 in chips) 
Seat 2: Jorsil ($2 in chips) 
Seat 3: Tautietis852 ($2.59 in chips) 
Seat 4: RobertM666 ($1.21 in chips) 
Seat 5: heartbumper ($1.02 in chips) 
Seat 6: Set Out ($2.02 in chips) 
Seat 7: Nikolai9103 ($2.15 in chips) 
Seat 8: Dorex2007 ($1.95 in chips) 
Seat 9: palmrobert60 ($1.90 in chips) 
forgetmenot123: posts small blind $0.01
Jorsil: posts big blind $0.02
*** HOLE CARDS ***
Dealt to Dorex2007 [Qh Ac]
Tautietis852: folds 
RobertM666: folds 
heartbumper: raises $0.04 to $0.06
Tautietis852 leaves the table
Set Out: folds 
Nikolai9103: folds 
Dorex2007: calls $0.06
palmrobert60: folds 
forgetmenot123: folds 
Jorsil: calls $0.04
*** FLOP *** [2c 6c 9d]
Jorsil: checks 
heartbumper: checks 
Dorex2007: checks 
*** TURN *** [2c 6c 9d] [Qc]
Jorsil: checks 
heartbumper: checks 
Dorex2007: bets $0.18
Jorsil: folds 
heartbumper: calls $0.18
*** RIVER *** [2c 6c 9d Qc] [6d]
heartbumper: checks 
w/annabi536 joins the table at seat #3 
Dorex2007: bets $0.53
heartbumper: folds 
Uncalled bet ($0.53) returned to Dorex2007
Dorex2007 collected $0.53 from pot
Dorex2007: doesn't show hand 
*** SUMMARY ***
Total pot $0.55 | Rake $0.02 
Board [2c 6c 9d Qc 6d]
Seat 1: forgetmenot123 (small blind) folded before Flop
Seat 2: Jorsil (big blind) folded on the Turn
Seat 3: Tautietis852 folded before Flop (didn't bet)
Seat 4: RobertM666 folded before Flop (didn't bet)
Seat 5: heartbumper folded on the River
Seat 6: Set Out folded before Flop (didn't bet)
Seat 7: Nikolai9103 folded before Flop (didn't bet)
Seat 8: Dorex2007 collected ($0.53)
Seat 9: palmrobert60 (button) folded before Flop (didn't bet)



PokerStars Hand #228320512690:  Hold'em No Limit ($0.01/$0.02 USD) - 2021/07/15 17:07:33 PT [2021/07/15 20:07:33 ET]
Table 'Marlu' 9-max Seat #1 is the button
Seat 1: forgetmenot123 ($2.53 in chips) 
Seat 2: Jorsil ($1.94 in chips) 
Seat 3: w/annabi536 ($0.80 in chips) 
Seat 4: RobertM666 ($1.21 in chips) 
Seat 5: heartbumper ($0.78 in chips) 
Seat 6: Set Out ($2.02 in chips) 
Seat 7: Nikolai9103 ($2.15 in chips) 
Seat 8: Dorex2007 ($2.24 in chips) 
Seat 9: palmrobert60 ($1.90 in chips) 
Jorsil: posts small blind $0.01
w/annabi536: posts big blind $0.02
*** HOLE CARDS ***
Dealt to Dorex2007 [9d Qh]
RobertM666: raises $0.04 to $0.06
heartbumper: folds 
Set Out: calls $0.06
Nikolai9103: raises $0.10 to $0.16
Dorex2007: folds 
palmrobert60: calls $0.16
forgetmenot123: folds 
Jorsil: folds 
w/annabi536: folds 
RobertM666: raises $1.05 to $1.21 and is all-in
Set Out: folds 
Nikolai9103: folds 
palmrobert60: folds 
Uncalled bet ($1.05) returned to RobertM666
RobertM666 collected $0.57 from pot
RobertM666: doesn't show hand 
*** SUMMARY ***
Total pot $0.57 | Rake $0 
Seat 1: forgetmenot123 (button) folded before Flop (didn't bet)
Seat 2: Jorsil (small blind) folded before Flop
Seat 3: w/annabi536 (big blind) folded before Flop
Seat 4: RobertM666 collected ($0.57)
Seat 5: heartbumper folded before Flop (didn't bet)
Seat 6: Set Out folded before Flop
Seat 7: Nikolai9103 folded before Flop
Seat 8: Dorex2007 folded before Flop (didn't bet)
Seat 9: palmrobert60 folded before Flop



PokerStars Hand #228320529914:  Hold'em No Limit ($0.01/$0.02 USD) - 2021/07/15 17:08:36 PT [2021/07/15 20:08:36 ET]
Table 'Marlu' 9-max Seat #2 is the button
Seat 1: forgetmenot123 ($2.53 in chips) 
Seat 2: Jorsil ($1.93 in chips) 
Seat 3: w/annabi536 ($0.78 in chips) 
Seat 4: RobertM666 ($1.62 in chips) 
Seat 5: heartbumper ($0.78 in chips) 
Seat 6: Set Out ($2 in chips) 
Seat 7: Nikolai9103 ($2 in chips) 
Seat 8: Dorex2007 ($2.24 in chips) 
Seat 9: palmrobert60 ($1.74 in chips) 
w/annabi536: posts small blind $0.01
RobertM666: posts big blind $0.02
*** HOLE CARDS ***
Dealt to Dorex2007 [4s 9h]
heartbumper: folds 
Set Out: folds 
Nikolai9103: calls $0.02
Dorex2007: folds 
palmrobert60: folds 
forgetmenot123: folds 
Jorsil: folds 
w/annabi536: calls $0.01
RobertM666: checks 
*** FLOP *** [3h 5h 6h]
w/annabi536: checks 
RobertM666: bets $0.02
Nikolai9103: folds 
w/annabi536: calls $0.02
*** TURN *** [3h 5h 6h] [4h]
w/annabi536: checks 
RobertM666: bets $0.10
w/annabi536: calls $0.10
*** RIVER *** [3h 5h 6h 4h] [6s]
w/annabi536: checks 
RobertM666: bets $0.29
w/annabi536: calls $0.29
*** SHOW DOWN ***
RobertM666: shows [Kh 8d] (a flush, King high)
w/annabi536: mucks hand 
RobertM666 collected $0.85 from pot
*** SUMMARY ***
Total pot $0.88 | Rake $0.03 
Board [3h 5h 6h 4h 6s]
Seat 1: forgetmenot123 folded before Flop (didn't bet)
Seat 2: Jorsil (button) folded before Flop (didn't bet)
Seat 3: w/annabi536 (small blind) mucked [Qs 8h]
Seat 4: RobertM666 (big blind) showed [Kh 8d] and won ($0.85) with a flush, King high
Seat 5: heartbumper folded before Flop (didn't bet)
Seat 6: Set Out folded before Flop (didn't bet)
Seat 7: Nikolai9103 folded on the Flop
Seat 8: Dorex2007 folded before Flop (didn't bet)
Seat 9: palmrobert60 folded before Flop (didn't bet)



PokerStars Hand #228320540695:  Hold'em No Limit ($0.01/$0.02 USD) - 2021/07/15 17:09:15 PT [2021/07/15 20:09:15 ET]
Table 'Marlu' 9-max Seat #3 is the button
Seat 1: forgetmenot123 ($2.53 in chips) 
Seat 2: Jorsil ($1.93 in chips) 
Seat 3: w/annabi536 ($0.35 in chips) 
Seat 4: RobertM666 ($2.04 in chips) 
Seat 5: heartbumper ($0.78 in chips) 
Seat 6: Set Out ($2 in chips) 
Seat 7: Nikolai9103 ($2 in chips) 
Seat 8: Dorex2007 ($2.24 in chips) 
Seat 9: palmrobert60 ($1.74 in chips) 
RobertM666: posts small blind $0.01
heartbumper: posts big blind $0.02
*** HOLE CARDS ***
Dealt to Dorex2007 [5c 9c]
Set Out: folds 
Nikolai9103: folds 
Dorex2007: folds 
palmrobert60: calls $0.02
forgetmenot123: raises $0.04 to $0.06
Jorsil: folds 
w/annabi536: folds 
RobertM666: folds 
heartbumper: calls $0.04
palmrobert60: calls $0.04
*** FLOP *** [3s 6c 2c]
heartbumper: checks 
palmrobert60: checks 
forgetmenot123: bets $0.12
heartbumper: folds 
palmrobert60: folds 
Uncalled bet ($0.12) returned to forgetmenot123
forgetmenot123 collected $0.18 from pot
forgetmenot123: doesn't show hand 
*** SUMMARY ***
Total pot $0.19 | Rake $0.01 
Board [3s 6c 2c]
Seat 1: forgetmenot123 collected ($0.18)
Seat 2: Jorsil folded before Flop (didn't bet)
Seat 3: w/annabi536 (button) folded before Flop (didn't bet)
Seat 4: RobertM666 (small blind) folded before Flop
Seat 5: heartbumper (big blind) folded on the Flop
Seat 6: Set Out folded before Flop (didn't bet)
Seat 7: Nikolai9103 folded before Flop (didn't bet)
Seat 8: Dorex2007 folded before Flop (didn't bet)
Seat 9: palmrobert60 folded on the Flop



PokerStars Hand #228320558665:  Hold'em No Limit ($0.01/$0.02 USD) - 2021/07/15 17:10:21 PT [2021/07/15 20:10:21 ET]
Table 'Marlu' 9-max Seat #4 is the button
Seat 1: forgetmenot123 ($2.65 in chips) 
Seat 2: Jorsil ($1.93 in chips) 
Seat 3: w/annabi536 ($0.35 in chips) 
Seat 4: RobertM666 ($2.03 in chips) 
Seat 5: heartbumper ($0.72 in chips) 
Seat 7: Nikolai9103 ($2 in chips) 
Seat 8: Dorex2007 ($2.24 in chips) 
Seat 9: palmrobert60 ($1.68 in chips) 
heartbumper: posts small blind $0.01
Set Out: is sitting out 
Nikolai9103: posts big blind $0.02
*** HOLE CARDS ***
Dealt to Dorex2007 [Qc Ks]
Set Out leaves the table
Dorex2007: calls $0.02
palmrobert60: calls $0.02
forgetmenot123: folds 
Jorsil: folds 
w/annabi536: raises $0.33 to $0.35 and is all-in
Dorenko1959 joins the table at seat #6 
RobertM666: folds 
heartbumper: folds 
Nikolai9103: folds 
Dorex2007: folds 
palmrobert60: calls $0.33
*** FLOP *** [2h 3s As]
*** TURN *** [2h 3s As] [4d]
*** RIVER *** [2h 3s As 4d] [7c]
*** SHOW DOWN ***
palmrobert60: shows [Kh Jc] (high card Ace)
w/annabi536: shows [Ts Td] (a pair of Tens)
w/annabi536 collected $0.72 from pot
*** SUMMARY ***
Total pot $0.75 | Rake $0.03 
Board [2h 3s As 4d 7c]
Seat 1: forgetmenot123 folded before Flop (didn't bet)
Seat 2: Jorsil folded before Flop (didn't bet)
Seat 3: w/annabi536 showed [Ts Td] and won ($0.72) with a pair of Tens
Seat 4: RobertM666 (button) folded before Flop (didn't bet)
Seat 5: heartbumper (small blind) folded before Flop
Seat 7: Nikolai9103 (big blind) folded before Flop
Seat 8: Dorex2007 folded before Flop
Seat 9: palmrobert60 showed [Kh Jc] and lost with high card Ace



PokerStars Hand #228320568119:  Hold'em No Limit ($0.01/$0.02 USD) - 2021/07/15 17:10:56 PT [2021/07/15 20:10:56 ET]
Table 'Marlu' 9-max Seat #5 is the button
Seat 1: forgetmenot123 ($2.65 in chips) 
Seat 2: Jorsil ($1.93 in chips) 
Seat 3: w/annabi536 ($0.72 in chips) 
Seat 4: RobertM666 ($2.03 in chips) 
Seat 5: heartbumper ($0.71 in chips) 
Seat 7: Nikolai9103 ($2 in chips) 
Seat 8: Dorex2007 ($2.22 in chips) 
Seat 9: palmrobert60 ($1.33 in chips) 
Nikolai9103: posts small blind $0.01
Dorex2007: posts big blind $0.02
*** HOLE CARDS ***
Dealt to Dorex2007 [Qd Kc]
palmrobert60: folds 
forgetmenot123: folds 
Jorsil: folds 
w/annabi536: folds 
RobertM666: calls $0.02
heartbumper: raises $0.04 to $0.06
Nikolai9103: folds 
Dorex2007: calls $0.04
RobertM666: calls $0.04
*** FLOP *** [3d Jc Qh]
Dorex2007: bets $0.20
RobertM666: folds 
heartbumper: folds 
Uncalled bet ($0.20) returned to Dorex2007
Dorex2007 collected $0.18 from pot
Dorex2007: doesn't show hand 
*** SUMMARY ***
Total pot $0.19 | Rake $0.01 
Board [3d Jc Qh]
Seat 1: forgetmenot123 folded before Flop (didn't bet)
Seat 2: Jorsil folded before Flop (didn't bet)
Seat 3: w/annabi536 folded before Flop (didn't bet)
Seat 4: RobertM666 folded on the Flop
Seat 5: heartbumper (button) folded on the Flop
Seat 7: Nikolai9103 (small blind) folded before Flop
Seat 8: Dorex2007 (big blind) collected ($0.18)
Seat 9: palmrobert60 folded before Flop (didn't bet)



PokerStars Hand #228320576288:  Hold'em No Limit ($0.01/$0.02 USD) - 2021/07/15 17:11:26 PT [2021/07/15 20:11:26 ET]
Table 'Marlu' 9-max Seat #7 is the button
Seat 1: forgetmenot123 ($2.65 in chips) 
Seat 2: Jorsil ($1.93 in chips) 
Seat 3: w/annabi536 ($0.72 in chips) 
Seat 4: RobertM666 ($1.97 in chips) 
Seat 5: heartbumper ($0.65 in chips) 
Seat 6: Dorenko1959 ($1.60 in chips) 
Seat 7: Nikolai9103 ($2 in chips) 
Seat 8: Dorex2007 ($2.34 in chips) 
Seat 9: palmrobert60 ($1.33 in chips) 
Dorex2007: posts small blind $0.01
palmrobert60: posts big blind $0.02
Dorenko1959: posts big blind $0.02
*** HOLE CARDS ***
Dealt to Dorex2007 [2d 8s]
forgetmenot123: folds 
Jorsil: folds 
w/annabi536: folds 
RobertM666: folds 
heartbumper: folds 
Dorenko1959: raises $0.04 to $0.06
Nikolai9103: folds 
Dorex2007: folds 
palmrobert60: folds 
Uncalled bet ($0.04) returned to Dorenko1959
Dorenko1959 collected $0.05 from pot
*** SUMMARY ***
Total pot $0.05 | Rake $0 
Seat 1: forgetmenot123 folded before Flop (didn't bet)
Seat 2: Jorsil folded before Flop (didn't bet)
Seat 3: w/annabi536 folded before Flop (didn't bet)
Seat 4: RobertM666 folded before Flop (didn't bet)
Seat 5: heartbumper folded before Flop (didn't bet)
Seat 6: Dorenko1959 collected ($0.05)
Seat 7: Nikolai9103 (button) folded before Flop (didn't bet)
Seat 8: Dorex2007 (small blind) folded before Flop
Seat 9: palmrobert60 (big blind) folded before Flop



PokerStars Hand #228320582881:  Hold'em No Limit ($0.01/$0.02 USD) - 2021/07/15 17:11:50 PT [2021/07/15 20:11:50 ET]
Table 'Marlu' 9-max Seat #8 is the button
Seat 1: forgetmenot123 ($2.65 in chips) 
Seat 2: Jorsil ($1.93 in chips) 
Seat 3: w/annabi536 ($0.72 in chips) 
Seat 4: RobertM666 ($1.97 in chips) 
Seat 5: heartbumper ($0.65 in chips) 
Seat 6: Dorenko1959 ($1.63 in chips) 
Seat 7: Nikolai9103 ($2 in chips) 
Seat 8: Dorex2007 ($2.33 in chips) 
Seat 9: palmrobert60 ($1.31 in chips) 
palmrobert60: posts small blind $0.01
forgetmenot123: posts big blind $0.02
*** HOLE CARDS ***
Dealt to Dorex2007 [Th 6h]
Jorsil: folds 
w/annabi536: folds 
RobertM666: folds 
heartbumper: folds 
Dorenko1959: folds 
Nikolai9103: folds 
Dorex2007: raises $0.04 to $0.06
palmrobert60: folds 
forgetmenot123: calls $0.04
*** FLOP *** [Kd Tc 6s]
forgetmenot123: checks 
Dorex2007: bets $0.13
forgetmenot123: folds 
Uncalled bet ($0.13) returned to Dorex2007
Dorex2007 collected $0.13 from pot
Dorex2007: doesn't show hand 
*** SUMMARY ***
Total pot $0.13 | Rake $0 
Board [Kd Tc 6s]
Seat 1: forgetmenot123 (big blind) folded on the Flop
Seat 2: Jorsil folded before Flop (didn't bet)
Seat 3: w/annabi536 folded before Flop (didn't bet)
Seat 4: RobertM666 folded before Flop (didn't bet)
Seat 5: heartbumper folded before Flop (didn't bet)
Seat 6: Dorenko1959 folded before Flop (didn't bet)
Seat 7: Nikolai9103 folded before Flop (didn't bet)
Seat 8: Dorex2007 (button) collected ($0.13)
Seat 9: palmrobert60 (small blind) folded before Flop



PokerStars Hand #228320592958:  Hold'em No Limit ($0.01/$0.02 USD) - 2021/07/15 17:12:26 PT [2021/07/15 20:12:26 ET]
Table 'Marlu' 9-max Seat #9 is the button
Seat 1: forgetmenot123 ($2.59 in chips) 
Seat 2: Jorsil ($1.93 in chips) 
Seat 3: w/annabi536 ($0.72 in chips) 
Seat 4: RobertM666 ($1.97 in chips) 
Seat 5: heartbumper ($0.65 in chips) 
Seat 6: Dorenko1959 ($1.63 in chips) 
Seat 7: Nikolai9103 ($2 in chips) 
Seat 8: Dorex2007 ($2.40 in chips) 
Seat 9: palmrobert60 ($1.30 in chips) 
forgetmenot123: posts small blind $0.01
Jorsil: posts big blind $0.02
*** HOLE CARDS ***
Dealt to Dorex2007 [3c 8c]
w/annabi536: calls $0.02
RobertM666: calls $0.02
heartbumper: folds 
Dorenko1959: folds 
Nikolai9103: folds 
Dorex2007: folds 
palmrobert60: calls $0.02
forgetmenot123: calls $0.01
Jorsil: checks 
*** FLOP *** [9d 5d 2h]
forgetmenot123: checks 
Jorsil: checks 
w/annabi536: bets $0.06
RobertM666: calls $0.06
palmrobert60: calls $0.06
forgetmenot123: calls $0.06
Jorsil: folds 
*** TURN *** [9d 5d 2h] [2c]
forgetmenot123: checks 
w/annabi536: bets $0.64 and is all-in
RobertM666: folds 
palmrobert60: folds 
forgetmenot123: folds 
Uncalled bet ($0.64) returned to w/annabi536
w/annabi536 collected $0.33 from pot
w/annabi536: doesn't show hand 
*** SUMMARY ***
Total pot $0.34 | Rake $0.01 
Board [9d 5d 2h 2c]
Seat 1: forgetmenot123 (small blind) folded on the Turn
Seat 2: Jorsil (big blind) folded on the Flop
Seat 3: w/annabi536 collected ($0.33)
Seat 4: RobertM666 folded on the Turn
Seat 5: heartbumper folded before Flop (didn't bet)
Seat 6: Dorenko1959 folded before Flop (didn't bet)
Seat 7: Nikolai9103 folded before Flop (didn't bet)
Seat 8: Dorex2007 folded before Flop (didn't bet)
Seat 9: palmrobert60 (button) folded on the Turn



PokerStars Hand #228320613787:  Hold'em No Limit ($0.01/$0.02 USD) - 2021/07/15 17:13:43 PT [2021/07/15 20:13:43 ET]
Table 'Marlu' 9-max Seat #1 is the button
Seat 1: forgetmenot123 ($2.51 in chips) 
Seat 2: Jorsil ($1.91 in chips) 
Seat 3: w/annabi536 ($0.97 in chips) 
Seat 4: RobertM666 ($1.89 in chips) 
Seat 5: heartbumper ($0.65 in chips) 
Seat 6: Dorenko1959 ($1.63 in chips) 
Seat 7: Nikolai9103 ($2 in chips) 
Seat 8: Dorex2007 ($2.40 in chips) 
Seat 9: palmrobert60 ($1.22 in chips) 
Jorsil: posts small blind $0.01
w/annabi536: posts big blind $0.02
*** HOLE CARDS ***
Dealt to Dorex2007 [Ks 3c]
RobertM666: folds 
heartbumper: folds 
Dorenko1959: raises $0.04 to $0.06
Nikolai9103: folds 
Dorex2007: folds 
palmrobert60: folds 
forgetmenot123: folds 
Jorsil: folds 
w/annabi536: calls $0.04
*** FLOP *** [9h 6h 6s]
w/annabi536: checks 
Dorenko1959: bets $0.28
w/annabi536: raises $0.63 to $0.91 and is all-in
Dorenko1959: folds 
Uncalled bet ($0.63) returned to w/annabi536
w/annabi536 collected $0.67 from pot
w/annabi536: doesn't show hand 
*** SUMMARY ***
Total pot $0.69 | Rake $0.02 
Board [9h 6h 6s]
Seat 1: forgetmenot123 (button) folded before Flop (didn't bet)
Seat 2: Jorsil (small blind) folded before Flop
Seat 3: w/annabi536 (big blind) collected ($0.67)
Seat 4: RobertM666 folded before Flop (didn't bet)
Seat 5: heartbumper folded before Flop (didn't bet)
Seat 6: Dorenko1959 folded on the Flop
Seat 7: Nikolai9103 folded before Flop (didn't bet)
Seat 8: Dorex2007 folded before Flop (didn't bet)
Seat 9: palmrobert60 folded before Flop (didn't bet)



PokerStars Hand #228320625428:  Hold'em No Limit ($0.01/$0.02 USD) - 2021/07/15 17:14:26 PT [2021/07/15 20:14:26 ET]
Table 'Marlu' 9-max Seat #2 is the button
Seat 1: forgetmenot123 ($2.51 in chips) 
Seat 2: Jorsil ($1.90 in chips) 
Seat 3: w/annabi536 ($1.30 in chips) 
Seat 4: RobertM666 ($1.89 in chips) 
Seat 5: heartbumper ($0.65 in chips) 
Seat 6: Dorenko1959 ($1.29 in chips) 
Seat 7: Nikolai9103 ($2 in chips) 
Seat 8: Dorex2007 ($2.40 in chips) 
Seat 9: palmrobert60 ($1.22 in chips) 
w/annabi536: posts small blind $0.01
RobertM666: posts big blind $0.02
*** HOLE CARDS ***
Dealt to Dorex2007 [Qd 4h]
heartbumper: folds 
Dorenko1959: folds 
Dorenko1959 leaves the table
Nikolai9103: folds 
Dorex2007: folds 
palmrobert60: calls $0.02
forgetmenot123: folds 
LuckyGranpa joins the table at seat #6 
Jorsil: raises $0.06 to $0.08
w/annabi536: folds 
RobertM666: folds 
palmrobert60: calls $0.06
*** FLOP *** [2s 7s Kh]
palmrobert60: checks 
Jorsil: bets $0.10
palmrobert60: folds 
Uncalled bet ($0.10) returned to Jorsil
Jorsil collected $0.18 from pot
Jorsil: doesn't show hand 
*** SUMMARY ***
Total pot $0.19 | Rake $0.01 
Board [2s 7s Kh]
Seat 1: forgetmenot123 folded before Flop (didn't bet)
Seat 2: Jorsil (button) collected ($0.18)
Seat 3: w/annabi536 (small blind) folded before Flop
Seat 4: RobertM666 (big blind) folded before Flop
Seat 5: heartbumper folded before Flop (didn't bet)
Seat 6: Dorenko1959 folded before Flop (didn't bet)
Seat 7: Nikolai9103 folded before Flop (didn't bet)
Seat 8: Dorex2007 folded before Flop (didn't bet)
Seat 9: palmrobert60 folded on the Flop



PokerStars Hand #228320636217:  Hold'em No Limit ($0.01/$0.02 USD) - 2021/07/15 17:15:05 PT [2021/07/15 20:15:05 ET]
Table 'Marlu' 9-max Seat #3 is the button
Seat 1: forgetmenot123 ($2.51 in chips) 
Seat 2: Jorsil ($2 in chips) 
Seat 3: w/annabi536 ($1.29 in chips) 
Seat 4: RobertM666 ($1.87 in chips) 
Seat 6: LuckyGranpa ($0.88 in chips) 
Seat 7: Nikolai9103 ($2 in chips) 
Seat 8: Dorex2007 ($2.40 in chips) 
Seat 9: palmrobert60 ($1.14 in chips) 
RobertM666: posts small blind $0.01
heartbumper: is sitting out 
LuckyGranpa: posts big blind $0.02
*** HOLE CARDS ***
Dealt to Dorex2007 [4d 2h]
Nikolai9103: folds 
Dorex2007: folds 
palmrobert60: folds 
forgetmenot123: folds 
heartbumper leaves the table
Jorsil: raises $0.06 to $0.08
w/annabi536: folds 
RobertM666: folds 
LuckyGranpa: folds 
Uncalled bet ($0.06) returned to Jorsil
Pókis joins the table at seat #5 
Jorsil collected $0.05 from pot
Jorsil: doesn't show hand 
*** SUMMARY ***
Total pot $0.05 | Rake $0 
Seat 1: forgetmenot123 folded before Flop (didn't bet)
Seat 2: Jorsil collected ($0.05)
Seat 3: w/annabi536 (button) folded before Flop (didn't bet)
Seat 4: RobertM666 (small blind) folded before Flop
Seat 6: LuckyGranpa (big blind) folded before Flop
Seat 7: Nikolai9103 folded before Flop (didn't bet)
Seat 8: Dorex2007 folded before Flop (didn't bet)
Seat 9: palmrobert60 folded before Flop (didn't bet)



PokerStars Hand #228320642767:  Hold'em No Limit ($0.01/$0.02 USD) - 2021/07/15 17:15:29 PT [2021/07/15 20:15:29 ET]
Table 'Marlu' 9-max Seat #4 is the button
Seat 1: forgetmenot123 ($2.51 in chips) 
Seat 2: Jorsil ($2.03 in chips) 
Seat 3: w/annabi536 ($1.29 in chips) 
Seat 4: RobertM666 ($1.86 in chips) 
Seat 6: LuckyGranpa ($0.86 in chips) 
Seat 7: Nikolai9103 ($2 in chips) 
Seat 8: Dorex2007 ($2.40 in chips) 
Seat 9: palmrobert60 ($1.14 in chips) 
LuckyGranpa: posts small blind $0.01
Nikolai9103: posts big blind $0.02
*** HOLE CARDS ***
Dealt to Dorex2007 [6h 5s]
Dorex2007: folds 
palmrobert60: calls $0.02
forgetmenot123: raises $0.02 to $0.04
Jorsil: folds 
w/annabi536: folds 
RobertM666: raises $0.02 to $0.06
LuckyGranpa: folds 
Nikolai9103: folds 
palmrobert60: calls $0.04
forgetmenot123: calls $0.02
*** FLOP *** [5h Kd Td]
palmrobert60: checks 
forgetmenot123: checks 
RobertM666: checks 
*** TURN *** [5h Kd Td] [8c]
palmrobert60: checks 
forgetmenot123: bets $0.10
RobertM666: calls $0.10
palmrobert60: folds 
*** RIVER *** [5h Kd Td 8c] [5d]
forgetmenot123: bets $0.14
RobertM666: folds 
Uncalled bet ($0.14) returned to forgetmenot123
forgetmenot123 collected $0.40 from pot
forgetmenot123: doesn't show hand 
*** SUMMARY ***
Total pot $0.41 | Rake $0.01 
Board [5h Kd Td 8c 5d]
Seat 1: forgetmenot123 collected ($0.40)
Seat 2: Jorsil folded before Flop (didn't bet)
Seat 3: w/annabi536 folded before Flop (didn't bet)
Seat 4: RobertM666 (button) folded on the River
Seat 6: LuckyGranpa (small blind) folded before Flop
Seat 7: Nikolai9103 (big blind) folded before Flop
Seat 8: Dorex2007 folded before Flop (didn't bet)
Seat 9: palmrobert60 folded on the Turn



PokerStars Hand #228320672196:  Hold'em No Limit ($0.01/$0.02 USD) - 2021/07/15 17:16:51 PT [2021/07/15 20:16:51 ET]
Table 'Marlu' 9-max Seat #6 is the button
Seat 1: forgetmenot123 ($2.75 in chips) 
Seat 2: Jorsil ($2.03 in chips) 
Seat 3: w/annabi536 ($1.29 in chips) 
Seat 4: RobertM666 ($1.70 in chips) 
Seat 5: Pókis ($1.60 in chips) 
Seat 6: LuckyGranpa ($0.85 in chips) 
Seat 7: Nikolai9103 ($2 in chips) 
Seat 8: Dorex2007 ($2.40 in chips) 
Seat 9: palmrobert60 ($1.08 in chips) 
Nikolai9103: posts small blind $0.01
Dorex2007: posts big blind $0.02
Pókis: posts big blind $0.02
*** HOLE CARDS ***
Dealt to Dorex2007 [Ad 4h]
palmrobert60: folds 
forgetmenot123: folds 
Jorsil: folds 
w/annabi536: folds 
RobertM666: folds 
Pókis: raises $0.02 to $0.04
LuckyGranpa: folds 
Nikolai9103: folds 
palmrobert60 leaves the table
Dorex2007: folds 
Uncalled bet ($0.02) returned to Pókis
Pókis collected $0.05 from pot
Pókis: doesn't show hand 
*** SUMMARY ***
Total pot $0.05 | Rake $0 
Seat 1: forgetmenot123 folded before Flop (didn't bet)
Seat 2: Jorsil folded before Flop (didn't bet)
Seat 3: w/annabi536 folded before Flop (didn't bet)
Seat 4: RobertM666 folded before Flop (didn't bet)
Seat 5: Pókis collected ($0.05)
Seat 6: LuckyGranpa (button) folded before Flop (didn't bet)
Seat 7: Nikolai9103 (small blind) folded before Flop
Seat 8: Dorex2007 (big blind) folded before Flop
Seat 9: palmrobert60 folded before Flop (didn't bet)



PokerStars Hand #228320677674:  Hold'em No Limit ($0.01/$0.02 USD) - 2021/07/15 17:17:12 PT [2021/07/15 20:17:12 ET]
Table 'Marlu' 9-max Seat #7 is the button
Seat 1: forgetmenot123 ($2.75 in chips) 
Seat 2: Jorsil ($2.03 in chips) 
Seat 3: w/annabi536 ($1.29 in chips) 
Seat 4: RobertM666 ($1.70 in chips) 
Seat 5: Pókis ($1.63 in chips) 
Seat 6: LuckyGranpa ($0.85 in chips) 
Seat 7: Nikolai9103 ($2 in chips) 
Seat 8: Dorex2007 ($2.38 in chips) 
Dorex2007: posts small blind $0.01
forgetmenot123: posts big blind $0.02
*** HOLE CARDS ***
Dealt to Dorex2007 [8s 7h]
Jorsil: raises $0.04 to $0.06
w/annabi536: calls $0.06
viejoperro44 joins the table at seat #9 
RobertM666: calls $0.06
Pókis: folds 
LuckyGranpa: folds 
Nikolai9103: calls $0.06
Dorex2007: folds 
forgetmenot123: folds 
*** FLOP *** [Tc 5h Kc]
Jorsil: bets $0.20
w/annabi536: folds 
RobertM666: calls $0.20
Nikolai9103: folds 
*** TURN *** [Tc 5h Kc] [Th]
Jorsil: bets $0.32
RobertM666: raises $0.32 to $0.64
Jorsil: calls $0.32
*** RIVER *** [Tc 5h Kc Th] [2s]
Jorsil: checks 
RobertM666: bets $0.80 and is all-in
Jorsil: calls $0.80
*** SHOW DOWN ***
RobertM666: shows [Qd Td] (three of a kind, Tens)
Jorsil: shows [Ks Ad] (two pair, Kings and Tens)
RobertM666 collected $3.43 from pot
*** SUMMARY ***
Total pot $3.55 | Rake $0.12 
Board [Tc 5h Kc Th 2s]
Seat 1: forgetmenot123 (big blind) folded before Flop
Seat 2: Jorsil showed [Ks Ad] and lost with two pair, Kings and Tens
Seat 3: w/annabi536 folded on the Flop
Seat 4: RobertM666 showed [Qd Td] and won ($3.43) with three of a kind, Tens
Seat 5: Pókis folded before Flop (didn't bet)
Seat 6: LuckyGranpa folded before Flop (didn't bet)
Seat 7: Nikolai9103 (button) folded on the Flop
Seat 8: Dorex2007 (small blind) folded before Flop



PokerStars Hand #228320694644:  Hold'em No Limit ($0.01/$0.02 USD) - 2021/07/15 17:18:15 PT [2021/07/15 20:18:15 ET]
Table 'Marlu' 9-max Seat #8 is the button
Seat 1: forgetmenot123 ($2.73 in chips) 
Seat 2: Jorsil ($0.33 in chips) 
Seat 3: w/annabi536 ($1.23 in chips) 
Seat 4: RobertM666 ($3.43 in chips) 
Seat 5: Pókis ($1.63 in chips) 
Seat 6: LuckyGranpa ($0.85 in chips) 
Seat 7: Nikolai9103 ($2 in chips) 
Seat 8: Dorex2007 ($2.37 in chips) 
forgetmenot123: posts small blind $0.01
Jorsil: posts big blind $0.02
*** HOLE CARDS ***
Dealt to Dorex2007 [8h 5h]
w/annabi536: folds 
RobertM666: folds 
Pókis: folds 
LuckyGranpa: folds 
Nikolai9103: folds 
Dorex2007: folds 
forgetmenot123: folds 
Uncalled bet ($0.01) returned to Jorsil
Jorsil collected $0.02 from pot
Jorsil: doesn't show hand 
*** SUMMARY ***
Total pot $0.02 | Rake $0 
Seat 1: forgetmenot123 (small blind) folded before Flop
Seat 2: Jorsil (big blind) collected ($0.02)
Seat 3: w/annabi536 folded before Flop (didn't bet)
Seat 4: RobertM666 folded before Flop (didn't bet)
Seat 5: Pókis folded before Flop (didn't bet)
Seat 6: LuckyGranpa folded before Flop (didn't bet)
Seat 7: Nikolai9103 folded before Flop (didn't bet)
Seat 8: Dorex2007 (button) folded before Flop (didn't bet)



PokerStars Hand #228320697859:  Hold'em No Limit ($0.01/$0.02 USD) - 2021/07/15 17:18:27 PT [2021/07/15 20:18:27 ET]
Table 'Marlu' 9-max Seat #1 is the button
Seat 1: forgetmenot123 ($2.72 in chips) 
Seat 2: Jorsil ($0.34 in chips) 
Seat 3: w/annabi536 ($1.23 in chips) 
Seat 4: RobertM666 ($3.43 in chips) 
Seat 5: Pókis ($1.63 in chips) 
Seat 6: LuckyGranpa ($0.85 in chips) 
Seat 7: Nikolai9103 ($2 in chips) 
Seat 8: Dorex2007 ($2.37 in chips) 
Seat 9: viejoperro44 ($2 in chips) 
Jorsil: posts small blind $0.01
w/annabi536: posts big blind $0.02
viejoperro44: posts big blind $0.02
*** HOLE CARDS ***
Dealt to Dorex2007 [8s 5d]
RobertM666: calls $0.02
Pókis: folds 
LuckyGranpa: folds 
Nikolai9103: folds 
Dorex2007: folds 
viejoperro44: checks 
forgetmenot123: calls $0.02
Jorsil: calls $0.01
w/annabi536: raises $0.04 to $0.06
RobertM666: calls $0.04
viejoperro44: folds 
forgetmenot123: calls $0.04
Jorsil: folds 
*** FLOP *** [Qd Ts Jd]
w/annabi536: checks 
RobertM666: bets $0.02
forgetmenot123: folds 
w/annabi536: raises $0.16 to $0.18
RobertM666: calls $0.16
*** TURN *** [Qd Ts Jd] [3s]
w/annabi536: bets $0.99 and is all-in
RobertM666: calls $0.99
*** RIVER *** [Qd Ts Jd 3s] [4d]
*** SHOW DOWN ***
w/annabi536: shows [Td Th] (three of a kind, Tens)
RobertM666: shows [Qc Kc] (a pair of Queens)
w/annabi536 collected $2.47 from pot
RobertM666 cashed out the hand for $0.44
*** SUMMARY ***
Total pot $2.56 | Rake $0.09 
Board [Qd Ts Jd 3s 4d]
Seat 1: forgetmenot123 (button) folded on the Flop
Seat 2: Jorsil (small blind) folded before Flop
Seat 3: w/annabi536 (big blind) showed [Td Th] and won ($2.47) with three of a kind, Tens
Seat 4: RobertM666 showed [Qc Kc] and lost with a pair of Queens (cashed out).
Seat 5: Pókis folded before Flop (didn't bet)
Seat 6: LuckyGranpa folded before Flop (didn't bet)
Seat 7: Nikolai9103 folded before Flop (didn't bet)
Seat 8: Dorex2007 folded before Flop (didn't bet)
Seat 9: viejoperro44 folded before Flop (didn't bet)



PokerStars Hand #228320716875:  Hold'em No Limit ($0.01/$0.02 USD) - 2021/07/15 17:19:31 PT [2021/07/15 20:19:31 ET]
Table 'Marlu' 9-max Seat #2 is the button
Seat 1: forgetmenot123 ($2.66 in chips) 
Seat 2: Jorsil ($1.98 in chips) 
Seat 3: w/annabi536 ($2.47 in chips) 
Seat 4: RobertM666 ($2.64 in chips) 
Seat 5: Pókis ($1.63 in chips) 
Seat 6: LuckyGranpa ($0.85 in chips) 
Seat 7: Nikolai9103 ($2 in chips) 
Seat 8: Dorex2007 ($2.37 in chips) 
Seat 9: viejoperro44 ($2 in chips) 
w/annabi536: posts small blind $0.01
RobertM666: posts big blind $0.02
*** HOLE CARDS ***
Dealt to Dorex2007 [6s Kh]
Pókis: folds 
LuckyGranpa: folds 
Nikolai9103: folds 
Dorex2007: folds 
viejoperro44: folds 
forgetmenot123: folds 
Jorsil: raises $0.04 to $0.06
w/annabi536: raises $2.41 to $2.47 and is all-in
RobertM666: raises $0.17 to $2.64 and is all-in
Jorsil: folds 
Uncalled bet ($0.17) returned to RobertM666
*** FLOP *** [8h 4s Ac]
*** TURN *** [8h 4s Ac] [Jc]
*** RIVER *** [8h 4s Ac Jc] [2c]
*** SHOW DOWN ***
w/annabi536: shows [Qh Kc] (high card Ace)
RobertM666: shows [9d 9c] (a pair of Nines)
RobertM666 collected $4.82 from pot
*** SUMMARY ***
Total pot $5 | Rake $0.18 
Board [8h 4s Ac Jc 2c]
Seat 1: forgetmenot123 folded before Flop (didn't bet)
Seat 2: Jorsil (button) folded before Flop
Seat 3: w/annabi536 (small blind) showed [Qh Kc] and lost with high card Ace
Seat 4: RobertM666 (big blind) showed [9d 9c] and won ($4.82) with a pair of Nines
Seat 5: Pókis folded before Flop (didn't bet)
Seat 6: LuckyGranpa folded before Flop (didn't bet)
Seat 7: Nikolai9103 folded before Flop (didn't bet)
Seat 8: Dorex2007 folded before Flop (didn't bet)
Seat 9: viejoperro44 folded before Flop (didn't bet)



PokerStars Hand #228320727333:  Hold'em No Limit ($0.01/$0.02 USD) - 2021/07/15 17:20:10 PT [2021/07/15 20:20:10 ET]
Table 'Marlu' 9-max Seat #4 is the button
Seat 1: forgetmenot123 ($2.66 in chips) 
Seat 2: Jorsil ($1.92 in chips) 
Seat 4: RobertM666 ($4.99 in chips) 
Seat 5: Pókis ($1.63 in chips) 
Seat 6: LuckyGranpa ($0.85 in chips) 
Seat 7: Nikolai9103 ($2 in chips) 
Seat 8: Dorex2007 ($2.37 in chips) 
Seat 9: viejoperro44 ($2 in chips) 
Pókis: posts small blind $0.01
LuckyGranpa: posts big blind $0.02
*** HOLE CARDS ***
Dealt to Dorex2007 [4d 2h]
Nikolai9103: folds 
Dorex2007: folds 
viejoperro44: folds 
w/annabi536 leaves the table
forgetmenot123: folds 
Jorsil: folds 
RobertM666: calls $0.02
Pókis: calls $0.01
LuckyGranpa: checks 
*** FLOP *** [Kd 8d Ac]
Pókis: checks 
LuckyGranpa: checks 
RobertM666: bets $0.02
Pókis: folds 
LuckyGranpa: folds 
Uncalled bet ($0.02) returned to RobertM666
RobertM666 collected $0.06 from pot
RobertM666: doesn't show hand 
*** SUMMARY ***
Total pot $0.06 | Rake $0 
Board [Kd 8d Ac]
Seat 1: forgetmenot123 folded before Flop (didn't bet)
Seat 2: Jorsil folded before Flop (didn't bet)
Seat 4: RobertM666 (button) collected ($0.06)
Seat 5: Pókis (small blind) folded on the Flop
Seat 6: LuckyGranpa (big blind) folded on the Flop
Seat 7: Nikolai9103 folded before Flop (didn't bet)
Seat 8: Dorex2007 folded before Flop (didn't bet)
Seat 9: viejoperro44 folded before Flop (didn't bet)



PokerStars Hand #228320737618:  Hold'em No Limit ($0.01/$0.02 USD) - 2021/07/15 17:20:49 PT [2021/07/15 20:20:49 ET]
Table 'Marlu' 9-max Seat #5 is the button
Seat 1: forgetmenot123 ($2.66 in chips) 
Seat 2: Jorsil ($1.92 in chips) 
Seat 4: RobertM666 ($5.03 in chips) 
Seat 5: Pókis ($1.61 in chips) 
Seat 6: LuckyGranpa ($0.83 in chips) 
Seat 7: Nikolai9103 ($2 in chips) 
Seat 8: Dorex2007 ($2.37 in chips) 
Seat 9: viejoperro44 ($2 in chips) 
LuckyGranpa: posts small blind $0.01
Nikolai9103: posts big blind $0.02
*** HOLE CARDS ***
Dealt to Dorex2007 [4d Ac]
Dorex2007: folds 
viejoperro44: folds 
forgetmenot123: folds 
Juagonzalez joins the table at seat #3 
Jorsil: folds 
RobertM666: calls $0.02
Pókis: folds 
LuckyGranpa: calls $0.01
Nikolai9103: checks 
*** FLOP *** [Ks 5c 2s]
LuckyGranpa: checks 
Nikolai9103: checks 
RobertM666: checks 
*** TURN *** [Ks 5c 2s] [Js]
LuckyGranpa: checks 
Nikolai9103: checks 
RobertM666: checks 
*** RIVER *** [Ks 5c 2s Js] [3s]
LuckyGranpa: checks 
Nikolai9103: checks 
RobertM666: checks 
*** SHOW DOWN ***
LuckyGranpa: shows [Td Qc] (high card King)
Nikolai9103: mucks hand 
RobertM666: shows [8c Ad] (high card Ace)
RobertM666 collected $0.06 from pot
*** SUMMARY ***
Total pot $0.06 | Rake $0 
Board [Ks 5c 2s Js 3s]
Seat 1: forgetmenot123 folded before Flop (didn't bet)
Seat 2: Jorsil folded before Flop (didn't bet)
Seat 4: RobertM666 showed [8c Ad] and won ($0.06) with high card Ace
Seat 5: Pókis (button) folded before Flop (didn't bet)
Seat 6: LuckyGranpa (small blind) showed [Td Qc] and lost with high card King
Seat 7: Nikolai9103 (big blind) mucked [6d Qd]
Seat 8: Dorex2007 folded before Flop (didn't bet)
Seat 9: viejoperro44 folded before Flop (didn't bet)



PokerStars Hand #228320748356:  Hold'em No Limit ($0.01/$0.02 USD) - 2021/07/15 17:21:28 PT [2021/07/15 20:21:28 ET]
Table 'Marlu' 9-max Seat #6 is the button
Seat 1: forgetmenot123 ($2.66 in chips) 
Seat 2: Jorsil ($1.92 in chips) 
Seat 4: RobertM666 ($5.07 in chips) 
Seat 5: Pókis ($1.61 in chips) 
Seat 6: LuckyGranpa ($0.81 in chips) 
Seat 7: Nikolai9103 ($2 in chips) 
Seat 8: Dorex2007 ($2.37 in chips) 
Seat 9: viejoperro44 ($2 in chips) 
Nikolai9103: posts small blind $0.01
Dorex2007: posts big blind $0.02
Juagonzalez: sits out 
*** HOLE CARDS ***
Dealt to Dorex2007 [2d 7d]
viejoperro44: folds 
forgetmenot123: folds 
Jorsil: raises $0.04 to $0.06
RobertM666: calls $0.06
Pókis: folds 
LuckyGranpa: folds 
Nikolai9103: folds 
Dorex2007: folds 
*** FLOP *** [Td 7h Kh]
Jorsil: checks 
RobertM666: checks 
*** TURN *** [Td 7h Kh] [7c]
Jorsil: checks 
RobertM666: checks 
*** RIVER *** [Td 7h Kh 7c] [2c]
Jorsil: checks 
RobertM666: checks 
*** SHOW DOWN ***
Jorsil: shows [6c 6d] (two pair, Sevens and Sixes)
RobertM666: mucks hand 
Jorsil collected $0.14 from pot
*** SUMMARY ***
Total pot $0.15 | Rake $0.01 
Board [Td 7h Kh 7c 2c]
Seat 1: forgetmenot123 folded before Flop (didn't bet)
Seat 2: Jorsil showed [6c 6d] and won ($0.14) with two pair, Sevens and Sixes
Seat 4: RobertM666 mucked [Qh Jc]
Seat 5: Pókis folded before Flop (didn't bet)
Seat 6: LuckyGranpa (button) folded before Flop (didn't bet)
Seat 7: Nikolai9103 (small blind) folded before Flop
Seat 8: Dorex2007 (big blind) folded before Flop
Seat 9: viejoperro44 folded before Flop (didn't bet)



PokerStars Hand #228320760983:  Hold'em No Limit ($0.01/$0.02 USD) - 2021/07/15 17:22:16 PT [2021/07/15 20:22:16 ET]
Table 'Marlu' 9-max Seat #7 is the button
Seat 1: forgetmenot123 ($2.66 in chips) 
Seat 2: Jorsil ($2 in chips) 
Seat 4: RobertM666 ($5.01 in chips) 
Seat 5: Pókis ($1.61 in chips) 
Seat 6: LuckyGranpa ($0.81 in chips) 
Seat 7: Nikolai9103 ($2 in chips) 
Seat 8: Dorex2007 ($2.35 in chips) 
Seat 9: viejoperro44 ($2 in chips) 
Dorex2007: posts small blind $0.01
viejoperro44: posts big blind $0.02
Juagonzalez: sits out 
*** HOLE CARDS ***
Dealt to Dorex2007 [Jc 3c]
forgetmenot123: folds 
Jorsil: folds 
RobertM666: folds 
RobertM666 leaves the table
Pókis: calls $0.02
LuckyGranpa: calls $0.02
Nikolai9103: folds 
Dorex2007: folds 
cberto09 joins the table at seat #4 
viejoperro44: checks 
*** FLOP *** [Kc 8h 7d]
viejoperro44: checks 
Pókis: checks 
LuckyGranpa: checks 
*** TURN *** [Kc 8h 7d] [Ah]
viejoperro44: checks 
Pókis: checks 
LuckyGranpa: bets $0.04
viejoperro44: folds 
Pókis: folds 
Uncalled bet ($0.04) returned to LuckyGranpa
LuckyGranpa collected $0.07 from pot
LuckyGranpa: doesn't show hand 
*** SUMMARY ***
Total pot $0.07 | Rake $0 
Board [Kc 8h 7d Ah]
Seat 1: forgetmenot123 folded before Flop (didn't bet)
Seat 2: Jorsil folded before Flop (didn't bet)
Seat 4: RobertM666 folded before Flop (didn't bet)
Seat 5: Pókis folded on the Turn
Seat 6: LuckyGranpa collected ($0.07)
Seat 7: Nikolai9103 (button) folded before Flop (didn't bet)
Seat 8: Dorex2007 (small blind) folded before Flop
Seat 9: viejoperro44 (big blind) folded on the Turn



PokerStars Hand #228320777177:  Hold'em No Limit ($0.01/$0.02 USD) - 2021/07/15 17:23:00 PT [2021/07/15 20:23:00 ET]
Table 'Marlu' 9-max Seat #8 is the button
Seat 1: forgetmenot123 ($2.66 in chips) 
Seat 2: Jorsil ($2 in chips) 
Seat 5: Pókis ($1.59 in chips) 
Seat 6: LuckyGranpa ($0.86 in chips) 
Seat 7: Nikolai9103 ($2 in chips) 
Seat 8: Dorex2007 ($2.34 in chips) 
Seat 9: viejoperro44 ($2 in chips) 
viejoperro44: posts small blind $0.01
forgetmenot123: posts big blind $0.02
Juagonzalez: sits out 
cberto09: sits out 
*** HOLE CARDS ***
Dealt to Dorex2007 [4d 7s]
Jorsil: folds 
Pókis: calls $0.02
LuckyGranpa: folds 
Nikolai9103: folds 
Dorex2007: folds 
viejoperro44: folds 
forgetmenot123: checks 
*** FLOP *** [Kd Ad 6d]
forgetmenot123: checks 
Pókis: bets $0.02
forgetmenot123: folds 
Uncalled bet ($0.02) returned to Pókis
Pókis collected $0.05 from pot
Pókis: doesn't show hand 
*** SUMMARY ***
Total pot $0.05 | Rake $0 
Board [Kd Ad 6d]
Seat 1: forgetmenot123 (big blind) folded on the Flop
Seat 2: Jorsil folded before Flop (didn't bet)
Seat 5: Pókis collected ($0.05)
Seat 6: LuckyGranpa folded before Flop (didn't bet)
Seat 7: Nikolai9103 folded before Flop (didn't bet)
Seat 8: Dorex2007 (button) folded before Flop (didn't bet)
Seat 9: viejoperro44 (small blind) folded before Flop



PokerStars Hand #228320783834:  Hold'em No Limit ($0.01/$0.02 USD) - 2021/07/15 17:23:25 PT [2021/07/15 20:23:25 ET]
Table 'Marlu' 9-max Seat #9 is the button
Seat 1: forgetmenot123 ($2.64 in chips) 
Seat 2: Jorsil ($2 in chips) 
Seat 5: Pókis ($1.62 in chips) 
Seat 6: LuckyGranpa ($0.86 in chips) 
Seat 7: Nikolai9103 ($2 in chips) 
Seat 8: Dorex2007 ($2.34 in chips) 
Seat 9: viejoperro44 ($2 in chips) 
forgetmenot123: posts small blind $0.01
Jorsil: posts big blind $0.02
Juagonzalez: sits out 
cberto09: sits out 
*** HOLE CARDS ***
Dealt to Dorex2007 [3s 8c]
Pókis: folds 
LuckyGranpa: folds 
Nikolai9103: calls $0.02
Dorex2007: folds 
viejoperro44: folds 
forgetmenot123: folds 
Jorsil: checks 
*** FLOP *** [4s 5c Tc]
Jorsil: checks 
Nikolai9103: checks 
*** TURN *** [4s 5c Tc] [8h]
Jorsil: checks 
Nikolai9103: bets $0.05
Jorsil: folds 
Uncalled bet ($0.05) returned to Nikolai9103
Nikolai9103 collected $0.05 from pot
Nikolai9103: doesn't show hand 
*** SUMMARY ***
Total pot $0.05 | Rake $0 
Board [4s 5c Tc 8h]
Seat 1: forgetmenot123 (small blind) folded before Flop
Seat 2: Jorsil (big blind) folded on the Turn
Seat 5: Pókis folded before Flop (didn't bet)
Seat 6: LuckyGranpa folded before Flop (didn't bet)
Seat 7: Nikolai9103 collected ($0.05)
Seat 8: Dorex2007 folded before Flop (didn't bet)
Seat 9: viejoperro44 (button) folded before Flop (didn't bet)



PokerStars Hand #228320794288:  Hold'em No Limit ($0.01/$0.02 USD) - 2021/07/15 17:24:04 PT [2021/07/15 20:24:04 ET]
Table 'Marlu' 9-max Seat #1 is the button
Seat 1: forgetmenot123 ($2.63 in chips) 
Seat 2: Jorsil ($1.98 in chips) 
Seat 3: Juagonzalez ($2 in chips) 
Seat 5: Pókis ($1.62 in chips) 
Seat 6: LuckyGranpa ($0.86 in chips) 
Seat 7: Nikolai9103 ($2.03 in chips) 
Seat 8: Dorex2007 ($2.34 in chips) 
Seat 9: viejoperro44 ($2 in chips) 
Jorsil: posts small blind $0.01
Juagonzalez: posts big blind $0.02
cberto09: sits out 
*** HOLE CARDS ***
Dealt to Dorex2007 [3c 7d]
Pókis: raises $0.02 to $0.04
LuckyGranpa: folds 
Nikolai9103: calls $0.04
Dorex2007: folds 
viejoperro44: folds 
forgetmenot123: folds 
Jorsil: calls $0.03
Juagonzalez: folds 
*** FLOP *** [9h Js 7s]
Jorsil: checks 
Pókis: checks 
Nikolai9103: checks 
*** TURN *** [9h Js 7s] [Ah]
Jorsil: bets $0.10
Pókis: raises $0.10 to $0.20
Nikolai9103: calls $0.20
Jorsil: calls $0.10
*** RIVER *** [9h Js 7s Ah] [Kh]
Jorsil: checks 
Pókis: bets $0.18
Nikolai9103: calls $0.18
Jorsil: folds 
*** SHOW DOWN ***
Pókis: shows [Jc Jd] (three of a kind, Jacks)
Nikolai9103: mucks hand 
Pókis collected $1.06 from pot
*** SUMMARY ***
Total pot $1.10 | Rake $0.04 
Board [9h Js 7s Ah Kh]
Seat 1: forgetmenot123 (button) folded before Flop (didn't bet)
Seat 2: Jorsil (small blind) folded on the River
Seat 3: Juagonzalez (big blind) folded before Flop
Seat 5: Pókis showed [Jc Jd] and won ($1.06) with three of a kind, Jacks
Seat 6: LuckyGranpa folded before Flop (didn't bet)
Seat 7: Nikolai9103 mucked [Qd Ac]
Seat 8: Dorex2007 folded before Flop (didn't bet)
Seat 9: viejoperro44 folded before Flop (didn't bet)



PokerStars Hand #228320817413:  Hold'em No Limit ($0.01/$0.02 USD) - 2021/07/15 17:25:10 PT [2021/07/15 20:25:10 ET]
Table 'Marlu' 9-max Seat #2 is the button
Seat 1: forgetmenot123 ($2.63 in chips) 
Seat 2: Jorsil ($1.74 in chips) 
Seat 3: Juagonzalez ($1.98 in chips) 
Seat 4: cberto09 ($2 in chips) 
Seat 5: Pókis ($2.26 in chips) 
Seat 6: LuckyGranpa ($0.86 in chips) 
Seat 7: Nikolai9103 ($2 in chips) 
Seat 8: Dorex2007 ($2.34 in chips) 
Seat 9: viejoperro44 ($2 in chips) 
Juagonzalez: posts small blind $0.01
cberto09: posts big blind $0.02
*** HOLE CARDS ***
Dealt to Dorex2007 [7s 6s]
Pókis: folds 
LuckyGranpa: folds 
Nikolai9103: folds 
Dorex2007: folds 
viejoperro44: raises $0.04 to $0.06
forgetmenot123: folds 
Jorsil: folds 
Juagonzalez: raises $0.18 to $0.24
cberto09: folds 
viejoperro44: folds 
Uncalled bet ($0.18) returned to Juagonzalez
Juagonzalez collected $0.14 from pot
Juagonzalez: doesn't show hand 
*** SUMMARY ***
Total pot $0.14 | Rake $0 
Seat 1: forgetmenot123 folded before Flop (didn't bet)
Seat 2: Jorsil (button) folded before Flop (didn't bet)
Seat 3: Juagonzalez (small blind) collected ($0.14)
Seat 4: cberto09 (big blind) folded before Flop
Seat 5: Pókis folded before Flop (didn't bet)
Seat 6: LuckyGranpa folded before Flop (didn't bet)
Seat 7: Nikolai9103 folded before Flop (didn't bet)
Seat 8: Dorex2007 folded before Flop (didn't bet)
Seat 9: viejoperro44 folded before Flop



PokerStars Hand #228320826932:  Hold'em No Limit ($0.01/$0.02 USD) - 2021/07/15 17:25:45 PT [2021/07/15 20:25:45 ET]
Table 'Marlu' 9-max Seat #3 is the button
Seat 1: forgetmenot123 ($2.63 in chips) 
Seat 2: Jorsil ($1.74 in chips) 
Seat 3: Juagonzalez ($2.06 in chips) 
Seat 4: cberto09 ($2 in chips) 
Seat 5: Pókis ($2.26 in chips) 
Seat 6: LuckyGranpa ($0.86 in chips) 
Seat 7: Nikolai9103 ($2 in chips) 
Seat 8: Dorex2007 ($2.34 in chips) 
Seat 9: viejoperro44 ($2 in chips) 
cberto09: posts small blind $0.01
Pókis: posts big blind $0.02
*** HOLE CARDS ***
Dealt to Dorex2007 [9h 3s]
LuckyGranpa: folds 
Nikolai9103: folds 
Dorex2007: folds 
viejoperro44: folds 
forgetmenot123: raises $0.04 to $0.06
Jorsil: folds 
Juagonzalez: folds 
cberto09: folds 
Pókis: folds 
Uncalled bet ($0.04) returned to forgetmenot123
forgetmenot123 collected $0.05 from pot
forgetmenot123: doesn't show hand 
*** SUMMARY ***
Total pot $0.05 | Rake $0 
Seat 1: forgetmenot123 collected ($0.05)
Seat 2: Jorsil folded before Flop (didn't bet)
Seat 3: Juagonzalez (button) folded before Flop (didn't bet)
Seat 4: cberto09 (small blind) folded before Flop
Seat 5: Pókis (big blind) folded before Flop
Seat 6: LuckyGranpa folded before Flop (didn't bet)
Seat 7: Nikolai9103 folded before Flop (didn't bet)
Seat 8: Dorex2007 folded before Flop (didn't bet)
Seat 9: viejoperro44 folded before Flop (didn't bet)



PokerStars Hand #228320835197:  Hold'em No Limit ($0.01/$0.02 USD) - 2021/07/15 17:26:16 PT [2021/07/15 20:26:16 ET]
Table 'Marlu' 9-max Seat #4 is the button
Seat 1: forgetmenot123 ($2.66 in chips) 
Seat 2: Jorsil ($1.74 in chips) 
Seat 3: Juagonzalez ($2.06 in chips) 
Seat 4: cberto09 ($2 in chips) 
Seat 5: Pókis ($2.24 in chips) 
Seat 6: LuckyGranpa ($0.86 in chips) 
Seat 7: Nikolai9103 ($2 in chips) 
Seat 8: Dorex2007 ($2.34 in chips) 
Seat 9: viejoperro44 ($2 in chips) 
Pókis: posts small blind $0.01
LuckyGranpa: posts big blind $0.02
*** HOLE CARDS ***
Dealt to Dorex2007 [2c Th]
Nikolai9103: folds 
Dorex2007: folds 
viejoperro44: folds 
forgetmenot123: folds 
Jorsil: folds 
Juagonzalez: folds 
cberto09: raises $0.04 to $0.06
Pókis: folds 
LuckyGranpa: folds 
Uncalled bet ($0.04) returned to cberto09
cberto09 collected $0.05 from pot
cberto09: doesn't show hand 
*** SUMMARY ***
Total pot $0.05 | Rake $0 
Seat 1: forgetmenot123 folded before Flop (didn't bet)
Seat 2: Jorsil folded before Flop (didn't bet)
Seat 3: Juagonzalez folded before Flop (didn't bet)
Seat 4: cberto09 (button) collected ($0.05)
Seat 5: Pókis (small blind) folded before Flop
Seat 6: LuckyGranpa (big blind) folded before Flop
Seat 7: Nikolai9103 folded before Flop (didn't bet)
Seat 8: Dorex2007 folded before Flop (didn't bet)
Seat 9: viejoperro44 folded before Flop (didn't bet)



PokerStars Hand #228320840268:  Hold'em No Limit ($0.01/$0.02 USD) - 2021/07/15 17:26:35 PT [2021/07/15 20:26:35 ET]
Table 'Marlu' 9-max Seat #5 is the button
Seat 1: forgetmenot123 ($2.66 in chips) 
Seat 2: Jorsil ($1.74 in chips) 
Seat 3: Juagonzalez ($2.06 in chips) 
Seat 4: cberto09 ($2.03 in chips) 
Seat 5: Pókis ($2.23 in chips) 
Seat 6: LuckyGranpa ($0.84 in chips) 
Seat 7: Nikolai9103 ($2 in chips) 
Seat 8: Dorex2007 ($2.34 in chips) 
Seat 9: viejoperro44 ($2 in chips) 
LuckyGranpa: posts small blind $0.01
Nikolai9103: posts big blind $0.02
*** HOLE CARDS ***
Dealt to Dorex2007 [Jc 3c]
Dorex2007: folds 
viejoperro44: folds 
forgetmenot123: folds 
Jorsil: folds 
Juagonzalez: raises $0.04 to $0.06
cberto09: calls $0.06
Pókis: raises $0.04 to $0.10
LuckyGranpa: folds 
Nikolai9103: calls $0.08
Juagonzalez: raises $0.08 to $0.18
cberto09: folds 
Pókis: calls $0.08
Nikolai9103: calls $0.08
*** FLOP *** [Ah 8h Tc]
Nikolai9103: checks 
Juagonzalez: checks 
Pókis: bets $0.50
Nikolai9103: calls $0.50
Juagonzalez: folds 
*** TURN *** [Ah 8h Tc] [3h]
Nikolai9103: checks 
Pókis: bets $1.55 and is all-in
Nikolai9103: calls $1.32 and is all-in
Uncalled bet ($0.23) returned to Pókis
*** RIVER *** [Ah 8h Tc 3h] [Th]
*** SHOW DOWN ***
Nikolai9103: shows [Ad Kh] (a flush, Ace high)
Pókis: shows [As Kc] (two pair, Aces and Tens)
Nikolai9103 cashed out the hand for $2.45 | Cash Out Fee $0.02
*** SUMMARY ***
Total pot $4.25 | Rake $0.15 
Board [Ah 8h Tc 3h Th]
Seat 1: forgetmenot123 folded before Flop (didn't bet)
Seat 2: Jorsil folded before Flop (didn't bet)
Seat 3: Juagonzalez folded on the Flop
Seat 4: cberto09 folded before Flop
Seat 5: Pókis (button) showed [As Kc] and lost with two pair, Aces and Tens
Seat 6: LuckyGranpa (small blind) folded before Flop
Seat 7: Nikolai9103 (big blind) showed [Ad Kh] and won ($4.10) with a flush, Ace high (pot not awarded as player cashed out)
Seat 8: Dorex2007 folded before Flop (didn't bet)
Seat 9: viejoperro44 folded before Flop (didn't bet)



PokerStars Hand #228320860513:  Hold'em No Limit ($0.01/$0.02 USD) - 2021/07/15 17:27:51 PT [2021/07/15 20:27:51 ET]
Table 'Marlu' 9-max Seat #6 is the button
Seat 1: forgetmenot123 ($2.66 in chips) 
Seat 2: Jorsil ($1.74 in chips) 
Seat 3: Juagonzalez ($1.88 in chips) 
Seat 4: cberto09 ($2 in chips) 
Seat 5: Pókis ($0.23 in chips) 
Seat 6: LuckyGranpa ($0.83 in chips) 
Seat 7: Nikolai9103 ($2.45 in chips) 
Seat 8: Dorex2007 ($2.34 in chips) 
Seat 9: viejoperro44 ($2 in chips) 
Nikolai9103: posts small blind $0.01
Dorex2007: posts big blind $0.02
*** HOLE CARDS ***
Dealt to Dorex2007 [9h Tc]
viejoperro44: folds 
forgetmenot123: folds 
Jorsil: raises $0.06 to $0.08
Juagonzalez: calls $0.08
cberto09: folds 
Pókis: folds 
LuckyGranpa: folds 
Nikolai9103: calls $0.07
Dorex2007: folds 
*** FLOP *** [7c 5c Js]
Nikolai9103: checks 
Jorsil: checks 
Juagonzalez: bets $0.12
Nikolai9103: folds 
Jorsil: folds 
Uncalled bet ($0.12) returned to Juagonzalez
Juagonzalez collected $0.25 from pot
Juagonzalez: doesn't show hand 
*** SUMMARY ***
Total pot $0.26 | Rake $0.01 
Board [7c 5c Js]
Seat 1: forgetmenot123 folded before Flop (didn't bet)
Seat 2: Jorsil folded on the Flop
Seat 3: Juagonzalez collected ($0.25)
Seat 4: cberto09 folded before Flop (didn't bet)
Seat 5: Pókis folded before Flop (didn't bet)
Seat 6: LuckyGranpa (button) folded before Flop (didn't bet)
Seat 7: Nikolai9103 (small blind) folded on the Flop
Seat 8: Dorex2007 (big blind) folded before Flop
Seat 9: viejoperro44 folded before Flop (didn't bet)



PokerStars Hand #228320875793:  Hold'em No Limit ($0.01/$0.02 USD) - 2021/07/15 17:28:48 PT [2021/07/15 20:28:48 ET]
Table 'Marlu' 9-max Seat #7 is the button
Seat 1: forgetmenot123 ($2.66 in chips) 
Seat 2: Jorsil ($1.66 in chips) 
Seat 3: Juagonzalez ($2.05 in chips) 
Seat 4: cberto09 ($2 in chips) 
Seat 5: Pókis ($0.23 in chips) 
Seat 6: LuckyGranpa ($0.83 in chips) 
Seat 7: Nikolai9103 ($2.37 in chips) 
Seat 8: Dorex2007 ($2.32 in chips) 
Seat 9: viejoperro44 ($2 in chips) 
Dorex2007: posts small blind $0.01
viejoperro44: posts big blind $0.02
*** HOLE CARDS ***
Dealt to Dorex2007 [Td 4c]
forgetmenot123: folds 
Jorsil: raises $0.06 to $0.08
Juagonzalez: folds 
cberto09: folds 
Pókis: folds 
LuckyGranpa: folds 
Nikolai9103: folds 
Dorex2007: folds 
viejoperro44: folds 
Uncalled bet ($0.06) returned to Jorsil
Jorsil collected $0.05 from pot
Jorsil: doesn't show hand 
*** SUMMARY ***
Total pot $0.05 | Rake $0 
Seat 1: forgetmenot123 folded before Flop (didn't bet)
Seat 2: Jorsil collected ($0.05)
Seat 3: Juagonzalez folded before Flop (didn't bet)
Seat 4: cberto09 folded before Flop (didn't bet)
Seat 5: Pókis folded before Flop (didn't bet)
Seat 6: LuckyGranpa folded before Flop (didn't bet)
Seat 7: Nikolai9103 (button) folded before Flop (didn't bet)
Seat 8: Dorex2007 (small blind) folded before Flop
Seat 9: viejoperro44 (big blind) folded before Flop



PokerStars Hand #228320881992:  Hold'em No Limit ($0.01/$0.02 USD) - 2021/07/15 17:29:11 PT [2021/07/15 20:29:11 ET]
Table 'Marlu' 9-max Seat #8 is the button
Seat 1: forgetmenot123 ($2.66 in chips) 
Seat 2: Jorsil ($1.69 in chips) 
Seat 3: Juagonzalez ($2.05 in chips) 
Seat 4: cberto09 ($2 in chips) 
Seat 5: Pókis ($0.23 in chips) 
Seat 6: LuckyGranpa ($0.83 in chips) 
Seat 7: Nikolai9103 ($2.37 in chips) 
Seat 8: Dorex2007 ($2.31 in chips) 
Seat 9: viejoperro44 ($2 in chips) 
viejoperro44: posts small blind $0.01
forgetmenot123: posts big blind $0.02
*** HOLE CARDS ***
Dealt to Dorex2007 [8s 6s]
Jorsil: folds 
Juagonzalez: folds 
cberto09: folds 
Pókis: folds 
LuckyGranpa: folds 
Nikolai9103: raises $0.04 to $0.06
Dorex2007: folds 
viejoperro44: folds 
forgetmenot123: calls $0.04
*** FLOP *** [Qd 9d 5s]
forgetmenot123: checks 
Nikolai9103: bets $0.13
forgetmenot123: folds 
Uncalled bet ($0.13) returned to Nikolai9103
Nikolai9103 collected $0.13 from pot
Nikolai9103: doesn't show hand 
*** SUMMARY ***
Total pot $0.13 | Rake $0 
Board [Qd 9d 5s]
Seat 1: forgetmenot123 (big blind) folded on the Flop
Seat 2: Jorsil folded before Flop (didn't bet)
Seat 3: Juagonzalez folded before Flop (didn't bet)
Seat 4: cberto09 folded before Flop (didn't bet)
Seat 5: Pókis folded before Flop (didn't bet)
Seat 6: LuckyGranpa folded before Flop (didn't bet)
Seat 7: Nikolai9103 collected ($0.13)
Seat 8: Dorex2007 (button) folded before Flop (didn't bet)
Seat 9: viejoperro44 (small blind) folded before Flop



PokerStars Hand #228320894041:  Hold'em No Limit ($0.01/$0.02 USD) - 2021/07/15 17:29:57 PT [2021/07/15 20:29:57 ET]
Table 'Marlu' 9-max Seat #9 is the button
Seat 1: forgetmenot123 ($2.60 in chips) 
Seat 2: Jorsil ($1.69 in chips) 
Seat 3: Juagonzalez ($2.05 in chips) 
Seat 4: cberto09 ($2 in chips) 
Seat 5: Pókis ($1.94 in chips) 
Seat 6: LuckyGranpa ($0.83 in chips) 
Seat 7: Nikolai9103 ($2.44 in chips) 
Seat 8: Dorex2007 ($2.31 in chips) 
Seat 9: viejoperro44 ($2 in chips) 
forgetmenot123: posts small blind $0.01
Jorsil: posts big blind $0.02
*** HOLE CARDS ***
Dealt to Dorex2007 [7c 8d]
Juagonzalez: folds 
cberto09: folds 
Pókis: folds 
LuckyGranpa: folds 
Nikolai9103: folds 
Dorex2007: folds 
viejoperro44: folds 
forgetmenot123: raises $0.04 to $0.06
Jorsil: folds 
Uncalled bet ($0.04) returned to forgetmenot123
forgetmenot123 collected $0.04 from pot
forgetmenot123: doesn't show hand 
*** SUMMARY ***
Total pot $0.04 | Rake $0 
Seat 1: forgetmenot123 (small blind) collected ($0.04)
Seat 2: Jorsil (big blind) folded before Flop
Seat 3: Juagonzalez folded before Flop (didn't bet)
Seat 4: cberto09 folded before Flop (didn't bet)
Seat 5: Pókis folded before Flop (didn't bet)
Seat 6: LuckyGranpa folded before Flop (didn't bet)
Seat 7: Nikolai9103 folded before Flop (didn't bet)
Seat 8: Dorex2007 folded before Flop (didn't bet)
Seat 9: viejoperro44 (button) folded before Flop (didn't bet)



PokerStars Hand #228320900372:  Hold'em No Limit ($0.01/$0.02 USD) - 2021/07/15 17:30:20 PT [2021/07/15 20:30:20 ET]
Table 'Marlu' 9-max Seat #1 is the button
Seat 1: forgetmenot123 ($2.62 in chips) 
Seat 2: Jorsil ($1.67 in chips) 
Seat 3: Juagonzalez ($2.05 in chips) 
Seat 4: cberto09 ($2 in chips) 
Seat 5: Pókis ($1.94 in chips) 
Seat 6: LuckyGranpa ($0.83 in chips) 
Seat 7: Nikolai9103 ($2.44 in chips) 
Seat 8: Dorex2007 ($2.31 in chips) 
Seat 9: viejoperro44 ($2 in chips) 
Jorsil: posts small blind $0.01
Juagonzalez: posts big blind $0.02
*** HOLE CARDS ***
Dealt to Dorex2007 [7h 9h]
cberto09: folds 
Pókis: folds 
LuckyGranpa: folds 
Nikolai9103: folds 
Dorex2007: folds 
viejoperro44: folds 
forgetmenot123: raises $0.05 to $0.07
Jorsil: folds 
Juagonzalez: calls $0.05
*** FLOP *** [Tc 8c Qs]
Juagonzalez: checks 
forgetmenot123: bets $0.14
Juagonzalez: calls $0.14
*** TURN *** [Tc 8c Qs] [Ad]
Juagonzalez: bets $0.20
forgetmenot123: calls $0.20
*** RIVER *** [Tc 8c Qs Ad] [5h]
Juagonzalez: bets $0.40
forgetmenot123: calls $0.40
*** SHOW DOWN ***
Juagonzalez: shows [Qc Ah] (two pair, Aces and Queens)
forgetmenot123: mucks hand 
Juagonzalez collected $1.57 from pot
*** SUMMARY ***
Total pot $1.63 | Rake $0.06 
Board [Tc 8c Qs Ad 5h]
Seat 1: forgetmenot123 (button) mucked [Qd Td]
Seat 2: Jorsil (small blind) folded before Flop
Seat 3: Juagonzalez (big blind) showed [Qc Ah] and won ($1.57) with two pair, Aces and Queens
Seat 4: cberto09 folded before Flop (didn't bet)
Seat 5: Pókis folded before Flop (didn't bet)
Seat 6: LuckyGranpa folded before Flop (didn't bet)
Seat 7: Nikolai9103 folded before Flop (didn't bet)
Seat 8: Dorex2007 folded before Flop (didn't bet)
Seat 9: viejoperro44 folded before Flop (didn't bet)



PokerStars Hand #228320922765:  Hold'em No Limit ($0.01/$0.02 USD) - 2021/07/15 17:31:15 PT [2021/07/15 20:31:15 ET]
Table 'Marlu' 9-max Seat #2 is the button
Seat 1: forgetmenot123 ($1.81 in chips) 
Seat 2: Jorsil ($1.66 in chips) 
Seat 3: Juagonzalez ($2.81 in chips) 
Seat 4: cberto09 ($2 in chips) 
Seat 5: Pókis ($1.94 in chips) 
Seat 6: LuckyGranpa ($0.83 in chips) 
Seat 7: Nikolai9103 ($2.44 in chips) 
Seat 8: Dorex2007 ($2.31 in chips) 
Seat 9: viejoperro44 ($2 in chips) 
Juagonzalez: posts small blind $0.01
cberto09: posts big blind $0.02
*** HOLE CARDS ***
Dealt to Dorex2007 [5d Jc]
Pókis: folds 
LuckyGranpa: raises $0.02 to $0.04
Nikolai9103: folds 
Dorex2007: folds 
viejoperro44: folds 
forgetmenot123: calls $0.04
Jorsil: folds 
Juagonzalez: calls $0.03
cberto09: folds 
*** FLOP *** [5c 8c 7d]
Juagonzalez: checks 
LuckyGranpa: bets $0.06
forgetmenot123: calls $0.06
Juagonzalez: folds 
*** TURN *** [5c 8c 7d] [2s]
LuckyGranpa: bets $0.08
forgetmenot123: calls $0.08
*** RIVER *** [5c 8c 7d 2s] [5h]
LuckyGranpa: bets $0.10
forgetmenot123: raises $0.10 to $0.20
LuckyGranpa: folds 
Uncalled bet ($0.10) returned to forgetmenot123
forgetmenot123 collected $0.60 from pot
forgetmenot123: doesn't show hand 
*** SUMMARY ***
Total pot $0.62 | Rake $0.02 
Board [5c 8c 7d 2s 5h]
Seat 1: forgetmenot123 collected ($0.60)
Seat 2: Jorsil (button) folded before Flop (didn't bet)
Seat 3: Juagonzalez (small blind) folded on the Flop
Seat 4: cberto09 (big blind) folded before Flop
Seat 5: Pókis folded before Flop (didn't bet)
Seat 6: LuckyGranpa folded on the River
Seat 7: Nikolai9103 folded before Flop (didn't bet)
Seat 8: Dorex2007 folded before Flop (didn't bet)
Seat 9: viejoperro44 folded before Flop (didn't bet)



PokerStars Hand #228320943579:  Hold'em No Limit ($0.01/$0.02 USD) - 2021/07/15 17:32:34 PT [2021/07/15 20:32:34 ET]
Table 'Marlu' 9-max Seat #3 is the button
Seat 1: forgetmenot123 ($2.13 in chips) 
Seat 2: Jorsil ($1.66 in chips) 
Seat 3: Juagonzalez ($2.77 in chips) 
Seat 4: cberto09 ($2 in chips) 
Seat 5: Pókis ($1.94 in chips) 
Seat 6: LuckyGranpa ($0.55 in chips) 
Seat 7: Nikolai9103 ($2.44 in chips) 
Seat 8: Dorex2007 ($2.31 in chips) 
Seat 9: viejoperro44 ($2 in chips) 
cberto09: posts small blind $0.01
Pókis: posts big blind $0.02
*** HOLE CARDS ***
Dealt to Dorex2007 [Qh 7h]
LuckyGranpa: folds 
Nikolai9103: folds 
Dorex2007: folds 
viejoperro44: folds 
forgetmenot123: raises $0.02 to $0.04
Jorsil: folds 
Juagonzalez has timed out
Juagonzalez: folds 
cberto09: folds 
Pókis: calls $0.02
*** FLOP *** [Kd 8s Jc]
Pókis: checks 
forgetmenot123: bets $0.06
Pókis: folds 
Uncalled bet ($0.06) returned to forgetmenot123
forgetmenot123 collected $0.09 from pot
forgetmenot123: doesn't show hand 
*** SUMMARY ***
Total pot $0.09 | Rake $0 
Board [Kd 8s Jc]
Seat 1: forgetmenot123 collected ($0.09)
Seat 2: Jorsil folded before Flop (didn't bet)
Seat 3: Juagonzalez (button) folded before Flop (didn't bet)
Seat 4: cberto09 (small blind) folded before Flop
Seat 5: Pókis (big blind) folded on the Flop
Seat 6: LuckyGranpa folded before Flop (didn't bet)
Seat 7: Nikolai9103 folded before Flop (didn't bet)
Seat 8: Dorex2007 folded before Flop (didn't bet)
Seat 9: viejoperro44 folded before Flop (didn't bet)



PokerStars Hand #228320956532:  Hold'em No Limit ($0.01/$0.02 USD) - 2021/07/15 17:33:23 PT [2021/07/15 20:33:23 ET]
Table 'Marlu' 9-max Seat #4 is the button
Seat 1: forgetmenot123 ($2.18 in chips) 
Seat 2: Jorsil ($1.66 in chips) 
Seat 3: Juagonzalez ($2.77 in chips) 
Seat 4: cberto09 ($2 in chips) 
Seat 5: Pókis ($1.90 in chips) 
Seat 6: LuckyGranpa ($0.55 in chips) 
Seat 7: Nikolai9103 ($2.44 in chips) 
Seat 8: Dorex2007 ($2.31 in chips) 
Seat 9: viejoperro44 ($2 in chips) 
Pókis: posts small blind $0.01
LuckyGranpa: posts big blind $0.02
*** HOLE CARDS ***
Dealt to Dorex2007 [6c Js]
Nikolai9103: folds 
Dorex2007: folds 
viejoperro44: folds 
forgetmenot123: folds 
Jorsil: folds 
Juagonzalez has timed out
Juagonzalez: folds 
cberto09: folds 
Pókis: calls $0.01
LuckyGranpa: checks 
*** FLOP *** [Jh 6d 2c]
Pókis: checks 
LuckyGranpa: bets $0.04
Pókis: folds 
Uncalled bet ($0.04) returned to LuckyGranpa
LuckyGranpa collected $0.04 from pot
LuckyGranpa: doesn't show hand 
*** SUMMARY ***
Total pot $0.04 | Rake $0 
Board [Jh 6d 2c]
Seat 1: forgetmenot123 folded before Flop (didn't bet)
Seat 2: Jorsil folded before Flop (didn't bet)
Seat 3: Juagonzalez folded before Flop (didn't bet)
Seat 4: cberto09 (button) folded before Flop (didn't bet)
Seat 5: Pókis (small blind) folded on the Flop
Seat 6: LuckyGranpa (big blind) collected ($0.04)
Seat 7: Nikolai9103 folded before Flop (didn't bet)
Seat 8: Dorex2007 folded before Flop (didn't bet)
Seat 9: viejoperro44 folded before Flop (didn't bet)



PokerStars Hand #228320967778:  Hold'em No Limit ($0.01/$0.02 USD) - 2021/07/15 17:34:06 PT [2021/07/15 20:34:06 ET]
Table 'Marlu' 9-max Seat #5 is the button
Seat 1: forgetmenot123 ($2.18 in chips) 
Seat 2: Jorsil ($1.66 in chips) 
Seat 4: cberto09 ($2 in chips) 
Seat 5: Pókis ($1.88 in chips) 
Seat 6: LuckyGranpa ($0.57 in chips) 
Seat 7: Nikolai9103 ($2.44 in chips) 
Seat 8: Dorex2007 ($2.31 in chips) 
Seat 9: viejoperro44 ($2 in chips) 
LuckyGranpa: posts small blind $0.01
Nikolai9103: posts big blind $0.02
*** HOLE CARDS ***
Dealt to Dorex2007 [9c Tc]
Dorex2007: raises $0.02 to $0.04
viejoperro44 has timed out
viejoperro44: folds 
forgetmenot123: raises $0.11 to $0.15
Jorsil: folds 
cberto09: folds 
Pókis: calls $0.15
LuckyGranpa: folds 
Nikolai9103: folds 
Dorex2007: folds 
*** FLOP *** [Ac 5c 6h]
forgetmenot123: checks 
Pókis: checks 
*** TURN *** [Ac 5c 6h] [3d]
forgetmenot123: bets $0.18
Pókis: folds 
Uncalled bet ($0.18) returned to forgetmenot123
forgetmenot123 collected $0.36 from pot
forgetmenot123: doesn't show hand 
*** SUMMARY ***
Total pot $0.37 | Rake $0.01 
Board [Ac 5c 6h 3d]
Seat 1: forgetmenot123 collected ($0.36)
Seat 2: Jorsil folded before Flop (didn't bet)
Seat 4: cberto09 folded before Flop (didn't bet)
Seat 5: Pókis (button) folded on the Turn
Seat 6: LuckyGranpa (small blind) folded before Flop
Seat 7: Nikolai9103 (big blind) folded before Flop
Seat 8: Dorex2007 folded before Flop
Seat 9: viejoperro44 folded before Flop (didn't bet)



PokerStars Hand #228320981728:  Hold'em No Limit ($0.01/$0.02 USD) - 2021/07/15 17:34:59 PT [2021/07/15 20:34:59 ET]
Table 'Marlu' 9-max Seat #6 is the button
Seat 1: forgetmenot123 ($2.39 in chips) 
Seat 2: Jorsil ($1.66 in chips) 
Seat 4: cberto09 ($2 in chips) 
Seat 5: Pókis ($1.73 in chips) 
Seat 6: LuckyGranpa ($0.56 in chips) 
Seat 7: Nikolai9103 ($2.42 in chips) 
Seat 8: Dorex2007 ($2.27 in chips) 
Seat 9: viejoperro44 ($2 in chips) 
Nikolai9103: posts small blind $0.01
Dorex2007: posts big blind $0.02
*** HOLE CARDS ***
Dealt to Dorex2007 [9h Qd]
viejoperro44: folds 
forgetmenot123: folds 
Jorsil: folds 
cberto09: raises $0.04 to $0.06
Pókis: folds 
LuckyGranpa: folds 
Nikolai9103: folds 
Dorex2007: folds 
Uncalled bet ($0.04) returned to cberto09
cberto09 collected $0.05 from pot
cberto09: doesn't show hand 
*** SUMMARY ***
Total pot $0.05 | Rake $0 
Seat 1: forgetmenot123 folded before Flop (didn't bet)
Seat 2: Jorsil folded before Flop (didn't bet)
Seat 4: cberto09 collected ($0.05)
Seat 5: Pókis folded before Flop (didn't bet)
Seat 6: LuckyGranpa (button) folded before Flop (didn't bet)
Seat 7: Nikolai9103 (small blind) folded before Flop
Seat 8: Dorex2007 (big blind) folded before Flop
Seat 9: viejoperro44 folded before Flop (didn't bet)



PokerStars Hand #228320989161:  Hold'em No Limit ($0.01/$0.02 USD) - 2021/07/15 17:35:27 PT [2021/07/15 20:35:27 ET]
Table 'Marlu' 9-max Seat #7 is the button
Seat 1: forgetmenot123 ($2.39 in chips) 
Seat 2: Jorsil ($1.66 in chips) 
Seat 4: cberto09 ($2.03 in chips) 
Seat 5: Pókis ($1.73 in chips) 
Seat 6: LuckyGranpa ($0.56 in chips) 
Seat 7: Nikolai9103 ($2.41 in chips) 
Seat 8: Dorex2007 ($2.25 in chips) 
Seat 9: viejoperro44 ($2 in chips) 
Dorex2007: posts small blind $0.01
viejoperro44: posts big blind $0.02
*** HOLE CARDS ***
Dealt to Dorex2007 [3h 3d]
forgetmenot123: folds 
Jorsil: folds 
cberto09: folds 
Pókis: folds 
LuckyGranpa: raises $0.02 to $0.04
Nikolai9103: folds 
Dorex2007: calls $0.03
viejoperro44: calls $0.02
*** FLOP *** [Qd Kh Th]
Dorex2007: checks 
viejoperro44: checks 
LuckyGranpa: bets $0.06
Dorex2007: folds 
viejoperro44: folds 
Uncalled bet ($0.06) returned to LuckyGranpa
LuckyGranpa collected $0.12 from pot
LuckyGranpa: doesn't show hand 
*** SUMMARY ***
Total pot $0.12 | Rake $0 
Board [Qd Kh Th]
Seat 1: forgetmenot123 folded before Flop (didn't bet)
Seat 2: Jorsil folded before Flop (didn't bet)
Seat 4: cberto09 folded before Flop (didn't bet)
Seat 5: Pókis folded before Flop (didn't bet)
Seat 6: LuckyGranpa collected ($0.12)
Seat 7: Nikolai9103 (button) folded before Flop (didn't bet)
Seat 8: Dorex2007 (small blind) folded on the Flop
Seat 9: viejoperro44 (big blind) folded on the Flop



PokerStars Hand #228320999559:  Hold'em No Limit ($0.01/$0.02 USD) - 2021/07/15 17:36:07 PT [2021/07/15 20:36:07 ET]
Table 'Marlu' 9-max Seat #8 is the button
Seat 2: Jorsil ($1.66 in chips) 
Seat 4: cberto09 ($2.03 in chips) 
Seat 5: Pókis ($1.73 in chips) 
Seat 6: LuckyGranpa ($0.64 in chips) 
Seat 7: Nikolai9103 ($2.41 in chips) 
Seat 8: Dorex2007 ($2.21 in chips) 
Seat 9: viejoperro44 ($2 in chips) 
viejoperro44: posts small blind $0.01
forgetmenot123: is sitting out 
Jorsil: posts big blind $0.02
*** HOLE CARDS ***
Dealt to Dorex2007 [8d As]
cberto09: folds 
Pókis: folds 
LuckyGranpa: calls $0.02
Nikolai9103: folds 
forgetmenot123 leaves the table
Dorex2007: folds 
viejoperro44: folds 
Jorsil: checks 
*** FLOP *** [5h Qc Ts]
Jorsil: checks 
LuckyGranpa: bets $0.03
Jorsil: folds 
Uncalled bet ($0.03) returned to LuckyGranpa
LuckyGranpa collected $0.05 from pot
LuckyGranpa: doesn't show hand 
*** SUMMARY ***
Total pot $0.05 | Rake $0 
Board [5h Qc Ts]
Seat 2: Jorsil (big blind) folded on the Flop
Seat 4: cberto09 folded before Flop (didn't bet)
Seat 5: Pókis folded before Flop (didn't bet)
Seat 6: LuckyGranpa collected ($0.05)
Seat 7: Nikolai9103 folded before Flop (didn't bet)
Seat 8: Dorex2007 (button) folded before Flop (didn't bet)
Seat 9: viejoperro44 (small blind) folded before Flop



PokerStars Hand #228321012627:  Hold'em No Limit ($0.01/$0.02 USD) - 2021/07/15 17:36:39 PT [2021/07/15 20:36:39 ET]
Table 'Marlu' 9-max Seat #9 is the button
Seat 2: Jorsil ($1.64 in chips) 
Seat 4: cberto09 ($2.03 in chips) 
Seat 5: Pókis ($1.73 in chips) 
Seat 6: LuckyGranpa ($0.67 in chips) 
Seat 7: Nikolai9103 ($2.41 in chips) 
Seat 8: Dorex2007 ($2.21 in chips) 
Seat 9: viejoperro44 ($2 in chips) 
Jorsil: posts small blind $0.01
cberto09: posts big blind $0.02
*** HOLE CARDS ***
Dealt to Dorex2007 [2d Th]
Pókis: folds 
LuckyGranpa: folds 
Nikolai9103: folds 
Dorex2007: folds 
viejoperro44: raises $0.04 to $0.06
s!moO00 joins the table at seat #1 
Jorsil: calls $0.05
cberto09: folds 
*** FLOP *** [Ts 2c Tc]
Jorsil: checks 
viejoperro44: checks 
*** TURN *** [Ts 2c Tc] [Qs]
Jorsil: bets $0.14
viejoperro44: folds 
Uncalled bet ($0.14) returned to Jorsil
Jorsil collected $0.14 from pot
Jorsil: doesn't show hand 
*** SUMMARY ***
Total pot $0.14 | Rake $0 
Board [Ts 2c Tc Qs]
Seat 2: Jorsil (small blind) collected ($0.14)
Seat 4: cberto09 (big blind) folded before Flop
Seat 5: Pókis folded before Flop (didn't bet)
Seat 6: LuckyGranpa folded before Flop (didn't bet)
Seat 7: Nikolai9103 folded before Flop (didn't bet)
Seat 8: Dorex2007 folded before Flop (didn't bet)
Seat 9: viejoperro44 (button) folded on the Turn



PokerStars Hand #228321024657:  Hold'em No Limit ($0.01/$0.02 USD) - 2021/07/15 17:37:26 PT [2021/07/15 20:37:26 ET]
Table 'Marlu' 9-max Seat #2 is the button
Seat 1: s!moO00 ($1.36 in chips) 
Seat 2: Jorsil ($1.72 in chips) 
Seat 4: cberto09 ($2.01 in chips) 
Seat 5: Pókis ($1.73 in chips) 
Seat 6: LuckyGranpa ($0.67 in chips) 
Seat 7: Nikolai9103 ($2.41 in chips) 
Seat 8: Dorex2007 ($2.21 in chips) 
Seat 9: viejoperro44 ($2 in chips) 
cberto09: posts small blind $0.01
Pókis: posts big blind $0.02
s!moO00: posts big blind $0.02
*** HOLE CARDS ***
Dealt to Dorex2007 [8c 3c]
LuckyGranpa: folds 
Nikolai9103: folds 
Dorex2007: folds 
viejoperro44: folds 
s!moO00: checks 
Jorsil: folds 
cberto09: calls $0.01
Pókis: checks 
*** FLOP *** [3d 6s Jd]
cberto09: checks 
Pókis: checks 
s!moO00: checks 
*** TURN *** [3d 6s Jd] [5s]
cberto09: checks 
Pókis: checks 
s!moO00: checks 
*** RIVER *** [3d 6s Jd 5s] [2s]
cberto09: checks 
Pókis: bets $0.11
s!moO00: folds 
cberto09: folds 
Uncalled bet ($0.11) returned to Pókis
Pókis collected $0.06 from pot
Pókis: doesn't show hand 
*** SUMMARY ***
Total pot $0.06 | Rake $0 
Board [3d 6s Jd 5s 2s]
Seat 1: s!moO00 folded on the River (didn't bet)
Seat 2: Jorsil (button) folded before Flop (didn't bet)
Seat 4: cberto09 (small blind) folded on the River
Seat 5: Pókis (big blind) collected ($0.06)
Seat 6: LuckyGranpa folded before Flop (didn't bet)
Seat 7: Nikolai9103 folded before Flop (didn't bet)
Seat 8: Dorex2007 folded before Flop (didn't bet)
Seat 9: viejoperro44 folded before Flop (didn't bet)



PokerStars Hand #228321037665:  Hold'em No Limit ($0.01/$0.02 USD) - 2021/07/15 17:38:15 PT [2021/07/15 20:38:15 ET]
Table 'Marlu' 9-max Seat #4 is the button
Seat 1: s!moO00 ($1.34 in chips) 
Seat 2: Jorsil ($1.72 in chips) 
Seat 4: cberto09 ($2 in chips) 
Seat 5: Pókis ($1.77 in chips) 
Seat 6: LuckyGranpa ($0.67 in chips) 
Seat 7: Nikolai9103 ($2.41 in chips) 
Seat 8: Dorex2007 ($2.21 in chips) 
Seat 9: viejoperro44 ($2 in chips) 
Pókis: posts small blind $0.01
LuckyGranpa: posts big blind $0.02
Juagonzalez: sits out 
*** HOLE CARDS ***
Dealt to Dorex2007 [Kd 9c]
Nikolai9103: folds 
Dorex2007: folds 
viejoperro44: folds 
s!moO00: folds 
Jorsil: folds 
cberto09: folds 
Pókis: calls $0.01
LuckyGranpa: checks 
*** FLOP *** [Td 6d 9d]
Pókis: checks 
LuckyGranpa: bets $0.65 and is all-in
Pókis: folds 
Uncalled bet ($0.65) returned to LuckyGranpa
LuckyGranpa collected $0.04 from pot
LuckyGranpa: doesn't show hand 
*** SUMMARY ***
Total pot $0.04 | Rake $0 
Board [Td 6d 9d]
Seat 1: s!moO00 folded before Flop (didn't bet)
Seat 2: Jorsil folded before Flop (didn't bet)
Seat 4: cberto09 (button) folded before Flop (didn't bet)
Seat 5: Pókis (small blind) folded on the Flop
Seat 6: LuckyGranpa (big blind) collected ($0.04)
Seat 7: Nikolai9103 folded before Flop (didn't bet)
Seat 8: Dorex2007 folded before Flop (didn't bet)
Seat 9: viejoperro44 folded before Flop (didn't bet)



PokerStars Hand #228321045349:  Hold'em No Limit ($0.01/$0.02 USD) - 2021/07/15 17:38:45 PT [2021/07/15 20:38:45 ET]
Table 'Marlu' 9-max Seat #5 is the button
Seat 1: s!moO00 ($1.34 in chips) 
Seat 2: Jorsil ($1.72 in chips) 
Seat 4: cberto09 ($2 in chips) 
Seat 5: Pókis ($1.75 in chips) 
Seat 6: LuckyGranpa ($0.69 in chips) 
Seat 8: Dorex2007 ($2.21 in chips) 
Seat 9: viejoperro44 ($2 in chips) 
LuckyGranpa: posts small blind $0.01
Dorex2007: posts big blind $0.02
Juagonzalez: sits out 
*** HOLE CARDS ***
Dealt to Dorex2007 [4d 5d]
viejoperro44: folds 
s!moO00: raises $0.04 to $0.06
Jorsil: folds 
cberto09: folds 
Pókis: folds 
LuckyGranpa: folds 
Dorex2007: calls $0.04
*** FLOP *** [5s 3c 7c]
Dorex2007: bets $0.13
s!moO00: raises $1.15 to $1.28 and is all-in
Dorex2007: folds 
Uncalled bet ($1.15) returned to s!moO00
s!moO00 collected $0.38 from pot
s!moO00: doesn't show hand 
*** SUMMARY ***
Total pot $0.39 | Rake $0.01 
Board [5s 3c 7c]
Seat 1: s!moO00 collected ($0.38)
Seat 2: Jorsil folded before Flop (didn't bet)
Seat 4: cberto09 folded before Flop (didn't bet)
Seat 5: Pókis (button) folded before Flop (didn't bet)
Seat 6: LuckyGranpa (small blind) folded before Flop
Seat 8: Dorex2007 (big blind) folded on the Flop
Seat 9: viejoperro44 folded before Flop (didn't bet)



PokerStars Hand #228321056446:  Hold'em No Limit ($0.01/$0.02 USD) - 2021/07/15 17:39:29 PT [2021/07/15 20:39:29 ET]
Table 'Marlu' 9-max Seat #6 is the button
Seat 1: s!moO00 ($1.53 in chips) 
Seat 2: Jorsil ($1.72 in chips) 
Seat 4: cberto09 ($2 in chips) 
Seat 5: Pókis ($1.75 in chips) 
Seat 6: LuckyGranpa ($0.68 in chips) 
Seat 8: Dorex2007 ($2.02 in chips) 
Seat 9: viejoperro44 ($2 in chips) 
Dorex2007: posts small blind $0.01
viejoperro44: posts big blind $0.02
Juagonzalez: sits out 
*** HOLE CARDS ***
Dealt to Dorex2007 [2c Qc]
s!moO00: folds 
Jorsil: folds 
cberto09: raises $0.04 to $0.06
Pókis: folds 
LuckyGranpa: folds 
Dorex2007: folds 
viejoperro44: folds 
Uncalled bet ($0.04) returned to cberto09
cberto09 collected $0.05 from pot
cberto09: doesn't show hand 
*** SUMMARY ***
Total pot $0.05 | Rake $0 
Seat 1: s!moO00 folded before Flop (didn't bet)
Seat 2: Jorsil folded before Flop (didn't bet)
Seat 4: cberto09 collected ($0.05)
Seat 5: Pókis folded before Flop (didn't bet)
Seat 6: LuckyGranpa (button) folded before Flop (didn't bet)
Seat 8: Dorex2007 (small blind) folded before Flop
Seat 9: viejoperro44 (big blind) folded before Flop



PokerStars Hand #228321062698:  Hold'em No Limit ($0.01/$0.02 USD) - 2021/07/15 17:39:53 PT [2021/07/15 20:39:53 ET]
Table 'Marlu' 9-max Seat #8 is the button
Seat 1: s!moO00 ($1.53 in chips) 
Seat 2: Jorsil ($1.72 in chips) 
Seat 4: cberto09 ($2.03 in chips) 
Seat 5: Pókis ($1.75 in chips) 
Seat 6: LuckyGranpa ($0.68 in chips) 
Seat 8: Dorex2007 ($2.01 in chips) 
Seat 9: viejoperro44 ($2 in chips) 
viejoperro44: posts small blind $0.01
s!moO00: posts big blind $0.02
Juagonzalez: sits out 
*** HOLE CARDS ***
Dealt to Dorex2007 [2d 9s]
Jorsil: folds 
cberto09: folds 
Jorsil leaves the table
Pókis: calls $0.02
LuckyGranpa: folds 
Dorex2007: folds 
viejoperro44: folds 
s!moO00: checks 
*** FLOP *** [8s Kh 9c]
s!moO00: checks 
Pókis: bets $0.02
s!moO00: folds 
Uncalled bet ($0.02) returned to Pókis
Pókis collected $0.05 from pot
Pókis: doesn't show hand 
*** SUMMARY ***
Total pot $0.05 | Rake $0 
Board [8s Kh 9c]
Seat 1: s!moO00 (big blind) folded on the Flop
Seat 2: Jorsil folded before Flop (didn't bet)
Seat 4: cberto09 folded before Flop (didn't bet)
Seat 5: Pókis collected ($0.05)
Seat 6: LuckyGranpa folded before Flop (didn't bet)
Seat 8: Dorex2007 (button) folded before Flop (didn't bet)
Seat 9: viejoperro44 (small blind) folded before Flop



PokerStars Hand #228321073852:  Hold'em No Limit ($0.01/$0.02 USD) - 2021/07/15 17:40:36 PT [2021/07/15 20:40:36 ET]
Table 'Marlu' 9-max Seat #9 is the button
Seat 1: s!moO00 ($1.51 in chips) 
Seat 3: Juagonzalez ($2.77 in chips) 
Seat 4: cberto09 ($2.03 in chips) 
Seat 5: Pókis ($1.78 in chips) 
Seat 6: LuckyGranpa ($0.68 in chips) 
Seat 8: Dorex2007 ($2.01 in chips) 
Seat 9: viejoperro44 ($2 in chips) 
s!moO00: posts small blind $0.01
Juagonzalez: posts big blind $0.02
*** HOLE CARDS ***
Dealt to Dorex2007 [8d Jc]
cberto09: folds 
Pókis: folds 
LuckyGranpa: folds 
Dorex2007: folds 
viejoperro44: folds 
s!moO00: raises $0.02 to $0.04
Juagonzalez: folds 
Uncalled bet ($0.02) returned to s!moO00
s!moO00 collected $0.04 from pot
s!moO00: doesn't show hand 
*** SUMMARY ***
Total pot $0.04 | Rake $0 
Seat 1: s!moO00 (small blind) collected ($0.04)
Seat 3: Juagonzalez (big blind) folded before Flop
Seat 4: cberto09 folded before Flop (didn't bet)
Seat 5: Pókis folded before Flop (didn't bet)
Seat 6: LuckyGranpa folded before Flop (didn't bet)
Seat 8: Dorex2007 folded before Flop (didn't bet)
Seat 9: viejoperro44 (button) folded before Flop (didn't bet)



PokerStars Hand #228321077376:  Hold'em No Limit ($0.01/$0.02 USD) - 2021/07/15 17:40:50 PT [2021/07/15 20:40:50 ET]
Table 'Marlu' 9-max Seat #1 is the button
Seat 1: s!moO00 ($1.53 in chips) 
Seat 3: Juagonzalez ($2.75 in chips) 
Seat 4: cberto09 ($2.03 in chips) 
Seat 5: Pókis ($1.78 in chips) 
Seat 6: LuckyGranpa ($0.68 in chips) 
Seat 8: Dorex2007 ($2.01 in chips) 
Seat 9: viejoperro44 ($2 in chips) 
Juagonzalez: posts small blind $0.01
cberto09: posts big blind $0.02
*** HOLE CARDS ***
Dealt to Dorex2007 [Qs 3s]
Pókis: calls $0.02
LuckyGranpa: folds 
Dorex2007: folds 
viejoperro44: folds 
s!moO00: calls $0.02
Juagonzalez: raises $0.10 to $0.12
cberto09: folds 
Pókis: folds 
s!moO00: folds 
Uncalled bet ($0.10) returned to Juagonzalez
Juagonzalez collected $0.08 from pot
Juagonzalez: doesn't show hand 
*** SUMMARY ***
Total pot $0.08 | Rake $0 
Seat 1: s!moO00 (button) folded before Flop
Seat 3: Juagonzalez (small blind) collected ($0.08)
Seat 4: cberto09 (big blind) folded before Flop
Seat 5: Pókis folded before Flop
Seat 6: LuckyGranpa folded before Flop (didn't bet)
Seat 8: Dorex2007 folded before Flop (didn't bet)
Seat 9: viejoperro44 folded before Flop (didn't bet)



PokerStars Hand #228321084653:  Hold'em No Limit ($0.01/$0.02 USD) - 2021/07/15 17:41:18 PT [2021/07/15 20:41:18 ET]
Table 'Marlu' 9-max Seat #3 is the button
Seat 1: s!moO00 ($1.51 in chips) 
Seat 3: Juagonzalez ($2.81 in chips) 
Seat 4: cberto09 ($2.01 in chips) 
Seat 5: Pókis ($1.76 in chips) 
Seat 6: LuckyGranpa ($0.68 in chips) 
Seat 8: Dorex2007 ($2.01 in chips) 
Seat 9: viejoperro44 ($2 in chips) 
cberto09: posts small blind $0.01
Pókis: posts big blind $0.02
*** HOLE CARDS ***
Dealt to Dorex2007 [Ac Ts]
LuckyGranpa: folds 
LuckyGranpa leaves the table
Dorex2007 has timed out
Dorex2007: folds 
viejoperro44: folds 
s!moO00: folds 
Juagonzalez: folds 
cberto09: raises $0.04 to $0.06
Pókis: folds 
Uncalled bet ($0.04) returned to cberto09
cberto09 collected $0.04 from pot
*** SUMMARY ***
Total pot $0.04 | Rake $0 
Seat 1: s!moO00 folded before Flop (didn't bet)
Seat 3: Juagonzalez (button) folded before Flop (didn't bet)
Seat 4: cberto09 (small blind) collected ($0.04)
Seat 5: Pókis (big blind) folded before Flop
Seat 6: LuckyGranpa folded before Flop (didn't bet)
Seat 8: Dorex2007 folded before Flop (didn't bet)
Seat 9: viejoperro44 folded before Flop (didn't bet)



PokerStars Hand #228321102039:  Hold'em No Limit ($0.01/$0.02 USD) - 2021/07/15 17:42:26 PT [2021/07/15 20:42:26 ET]
Table 'Marlu' 9-max Seat #9 is the button
Seat 1: s!moO00 ($1.52 in chips) 
Seat 2: Mr. ium ($0.80 in chips) 
Seat 3: Juagonzalez ($2.84 in chips) 
Seat 4: cberto09 ($2.03 in chips) 
Seat 5: Pókis ($1.73 in chips) 
Seat 8: Dorex2007 ($2.01 in chips) 
Seat 9: viejoperro44 ($2 in chips) 
s!moO00: posts small blind $0.01
Mr. ium: posts big blind $0.02
Dorex2007: posts small & big blinds $0.03
*** HOLE CARDS ***
Dealt to Dorex2007 [Kh 9d]
schop.ot.14 joins the table at seat #6 
Juagonzalez: folds 
cberto09: folds 
Pókis: folds 
Dorex2007: checks 
viejoperro44: folds 
s!moO00: calls $0.01
Mr. ium: checks 
*** FLOP *** [Qd 6c 3d]
s!moO00: checks 
Mr. ium: checks 
Dorex2007: checks 
*** TURN *** [Qd 6c 3d] [Ah]
s!moO00: checks 
Mr. ium: checks 
Dorex2007: checks 
*** RIVER *** [Qd 6c 3d Ah] [2c]
s!moO00: checks 
Mr. ium: checks 
Dorex2007: checks 
*** SHOW DOWN ***
s!moO00: shows [5h 9h] (high card Ace)
Mr. ium: shows [7d Qs] (a pair of Queens)
Dorex2007: mucks hand 
Mr. ium collected $0.07 from pot
*** SUMMARY ***
Total pot $0.07 | Rake $0 
Board [Qd 6c 3d Ah 2c]
Seat 1: s!moO00 (small blind) showed [5h 9h] and lost with high card Ace
Seat 2: Mr. ium (big blind) showed [7d Qs] and won ($0.07) with a pair of Queens
Seat 3: Juagonzalez folded before Flop (didn't bet)
Seat 4: cberto09 folded before Flop (didn't bet)
Seat 5: Pókis folded before Flop (didn't bet)
Seat 8: Dorex2007 mucked [Kh 9d]
Seat 9: viejoperro44 (button) folded before Flop (didn't bet)



PokerStars Hand #228321131109:  Hold'em No Limit ($0.01/$0.02 USD) - 2021/07/15 17:44:20 PT [2021/07/15 20:44:20 ET]
Table 'Marlu' 9-max Seat #1 is the button
Seat 1: s!moO00 ($1.50 in chips) 
Seat 2: Mr. ium ($0.85 in chips) 
Seat 3: Juagonzalez ($2.84 in chips) 
Seat 4: cberto09 ($2.03 in chips) 
Seat 5: Pókis ($1.73 in chips) 
Seat 6: schop.ot.14 ($2 in chips) 
Seat 8: Dorex2007 ($1.98 in chips) 
Seat 9: viejoperro44 ($2 in chips) 
Mr. ium: posts small blind $0.01
Juagonzalez: posts big blind $0.02
schop.ot.14: posts big blind $0.02
*** HOLE CARDS ***
Dealt to Dorex2007 [4c 2h]
cberto09: folds 
Pókis: calls $0.02
schop.ot.14: checks 
Dorex2007: folds 
viejoperro44: folds 
s!moO00: folds 
Mr. ium: calls $0.01
Juagonzalez: checks 
*** FLOP *** [9c Tc 5h]
Mr. ium: checks 
Juagonzalez: checks 
Pókis: checks 
schop.ot.14: checks 
*** TURN *** [9c Tc 5h] [7d]
Mr. ium: checks 
Juagonzalez: checks 
Pókis: checks 
schop.ot.14: bets $0.05
Mr. ium: raises $0.05 to $0.10
Juagonzalez: folds 
Pókis: folds 
schop.ot.14: folds 
Uncalled bet ($0.05) returned to Mr. ium
Mr. ium collected $0.17 from pot
Mr. ium: doesn't show hand 
*** SUMMARY ***
Total pot $0.18 | Rake $0.01 
Board [9c Tc 5h 7d]
Seat 1: s!moO00 (button) folded before Flop (didn't bet)
Seat 2: Mr. ium (small blind) collected ($0.17)
Seat 3: Juagonzalez (big blind) folded on the Turn
Seat 4: cberto09 folded before Flop (didn't bet)
Seat 5: Pókis folded on the Turn
Seat 6: schop.ot.14 folded on the Turn
Seat 8: Dorex2007 folded before Flop (didn't bet)
Seat 9: viejoperro44 folded before Flop (didn't bet)



PokerStars Hand #228321143553:  Hold'em No Limit ($0.01/$0.02 USD) - 2021/07/15 17:45:09 PT [2021/07/15 20:45:09 ET]
Table 'Marlu' 9-max Seat #2 is the button
Seat 1: s!moO00 ($1.50 in chips) 
Seat 2: Mr. ium ($0.95 in chips) 
Seat 3: Juagonzalez ($2.82 in chips) 
Seat 4: cberto09 ($2.03 in chips) 
Seat 5: Pókis ($1.71 in chips) 
Seat 6: schop.ot.14 ($1.93 in chips) 
Seat 8: Dorex2007 ($1.98 in chips) 
Seat 9: viejoperro44 ($2 in chips) 
Juagonzalez: posts small blind $0.01
cberto09: posts big blind $0.02
*** HOLE CARDS ***
Dealt to Dorex2007 [8s 5h]
Pókis: calls $0.02
schop.ot.14: folds 
Dorex2007: folds 
viejoperro44: calls $0.02
s!moO00: folds 
Mr. ium: folds 
Mr. ium leaves the table
Juagonzalez: calls $0.01
cberto09: checks 
*** FLOP *** [4h 5d Qd]
Juagonzalez: checks 
cberto09: checks 
Pókis: checks 
viejoperro44: checks 
*** TURN *** [4h 5d Qd] [Jh]
Juagonzalez: checks 
cberto09: checks 
Pókis: checks 
viejoperro44: checks 
*** RIVER *** [4h 5d Qd Jh] [6s]
Juagonzalez: checks 
cberto09: checks 
Pókis: checks 
viejoperro44: checks 
*** SHOW DOWN ***
Juagonzalez: shows [9c Ac] (high card Ace)
cberto09: shows [8c 6h] (a pair of Sixes)
Pókis: mucks hand 
viejoperro44: mucks hand 
cberto09 collected $0.08 from pot
*** SUMMARY ***
Total pot $0.08 | Rake $0 
Board [4h 5d Qd Jh 6s]
Seat 1: s!moO00 folded before Flop (didn't bet)
Seat 2: Mr. ium (button) folded before Flop (didn't bet)
Seat 3: Juagonzalez (small blind) showed [9c Ac] and lost with high card Ace
Seat 4: cberto09 (big blind) showed [8c 6h] and won ($0.08) with a pair of Sixes
Seat 5: Pókis mucked [7c 5c]
Seat 6: schop.ot.14 folded before Flop (didn't bet)
Seat 8: Dorex2007 folded before Flop (didn't bet)
Seat 9: viejoperro44 mucked [3s 3c]



PokerStars Hand #228321161558:  Hold'em No Limit ($0.01/$0.02 USD) - 2021/07/15 17:46:16 PT [2021/07/15 20:46:16 ET]
Table 'Marlu' 9-max Seat #3 is the button
Seat 1: s!moO00 ($1.50 in chips) 
Seat 3: Juagonzalez ($2.80 in chips) 
Seat 4: cberto09 ($2.09 in chips) 
Seat 5: Pókis ($1.69 in chips) 
Seat 6: schop.ot.14 ($1.93 in chips) 
Seat 8: Dorex2007 ($1.98 in chips) 
Seat 9: viejoperro44 ($2 in chips) 
cberto09: posts small blind $0.01
Pókis: posts big blind $0.02
*** HOLE CARDS ***
Dealt to Dorex2007 [Qh 5h]
schop.ot.14: folds 
Dorex2007: folds 
viejoperro44: raises $0.04 to $0.06
s!moO00: folds 
Juagonzalez: folds 
cberto09 is connected 
cberto09: folds 
Pókis: folds 
Uncalled bet ($0.04) returned to viejoperro44
viejoperro44 collected $0.05 from pot
viejoperro44: doesn't show hand 
*** SUMMARY ***
Total pot $0.05 | Rake $0 
Seat 1: s!moO00 folded before Flop (didn't bet)
Seat 3: Juagonzalez (button) folded before Flop (didn't bet)
Seat 4: cberto09 (small blind) folded before Flop
Seat 5: Pókis (big blind) folded before Flop
Seat 6: schop.ot.14 folded before Flop (didn't bet)
Seat 8: Dorex2007 folded before Flop (didn't bet)
Seat 9: viejoperro44 collected ($0.05)



PokerStars Hand #228321170636:  Hold'em No Limit ($0.01/$0.02 USD) - 2021/07/15 17:46:52 PT [2021/07/15 20:46:52 ET]
Table 'Marlu' 9-max Seat #4 is the button
Seat 1: s!moO00 ($1.50 in chips) 
Seat 3: Juagonzalez ($2.80 in chips) 
Seat 4: cberto09 ($2.08 in chips) 
Seat 5: Pókis ($1.67 in chips) 
Seat 6: schop.ot.14 ($1.93 in chips) 
Seat 8: Dorex2007 ($1.98 in chips) 
Seat 9: viejoperro44 ($2.03 in chips) 
Pókis: posts small blind $0.01
schop.ot.14: posts big blind $0.02
*** HOLE CARDS ***
Dealt to Dorex2007 [6h 9c]
Dorex2007: folds 
viejoperro44: folds 
s!moO00: raises $0.02 to $0.04
Juagonzalez: folds 
djiga.1215 joins the table at seat #2 
cberto09: folds 
Pókis: calls $0.03
schop.ot.14: folds 
*** FLOP *** [5d 9d Js]
Pókis: checks 
s!moO00: bets $0.05
Pókis: calls $0.05
*** TURN *** [5d 9d Js] [Ac]
Pókis: checks 
s!moO00: bets $0.08
Pókis: folds 
Uncalled bet ($0.08) returned to s!moO00
s!moO00 collected $0.19 from pot
s!moO00: doesn't show hand 
*** SUMMARY ***
Total pot $0.20 | Rake $0.01 
Board [5d 9d Js Ac]
Seat 1: s!moO00 collected ($0.19)
Seat 3: Juagonzalez folded before Flop (didn't bet)
Seat 4: cberto09 (button) folded before Flop (didn't bet)
Seat 5: Pókis (small blind) folded on the Turn
Seat 6: schop.ot.14 (big blind) folded before Flop
Seat 8: Dorex2007 folded before Flop (didn't bet)
Seat 9: viejoperro44 folded before Flop (didn't bet)



PokerStars Hand #228321184069:  Hold'em No Limit ($0.01/$0.02 USD) - 2021/07/15 17:47:44 PT [2021/07/15 20:47:44 ET]
Table 'Marlu' 9-max Seat #5 is the button
Seat 1: s!moO00 ($1.60 in chips) 
Seat 2: djiga.1215 ($1.11 in chips) 
Seat 3: Juagonzalez ($2.80 in chips) 
Seat 4: cberto09 ($2.08 in chips) 
Seat 5: Pókis ($1.58 in chips) 
Seat 6: schop.ot.14 ($1.91 in chips) 
Seat 8: Dorex2007 ($1.98 in chips) 
Seat 9: viejoperro44 ($2.03 in chips) 
schop.ot.14: posts small blind $0.01
Dorex2007: posts big blind $0.02
djiga.1215: posts big blind $0.02
*** HOLE CARDS ***
Dealt to Dorex2007 [3s As]
viejoperro44: folds 
s!moO00: folds 
djiga.1215: checks 
Juagonzalez: folds 
cberto09: folds 
Pókis: calls $0.02
schop.ot.14: raises $0.04 to $0.06
Dorex2007: calls $0.04
djiga.1215: calls $0.04
Pókis: calls $0.04
*** FLOP *** [Ks Ah 7h]
schop.ot.14: bets $0.11
Dorex2007: calls $0.11
djiga.1215: folds 
Pókis: folds 
*** TURN *** [Ks Ah 7h] [6d]
schop.ot.14: checks 
Dorex2007: bets $0.29
schop.ot.14: calls $0.29
*** RIVER *** [Ks Ah 7h 6d] [9h]
schop.ot.14: checks 
Dorex2007: bets $1.52 and is all-in
schop.ot.14: folds 
Uncalled bet ($1.52) returned to Dorex2007
Dorex2007 collected $1 from pot
Dorex2007: doesn't show hand 
*** SUMMARY ***
Total pot $1.04 | Rake $0.04 
Board [Ks Ah 7h 6d 9h]
Seat 1: s!moO00 folded before Flop (didn't bet)
Seat 2: djiga.1215 folded on the Flop
Seat 3: Juagonzalez folded before Flop (didn't bet)
Seat 4: cberto09 folded before Flop (didn't bet)
Seat 5: Pókis (button) folded on the Flop
Seat 6: schop.ot.14 (small blind) folded on the River
Seat 8: Dorex2007 (big blind) collected ($1)
Seat 9: viejoperro44 folded before Flop (didn't bet)



PokerStars Hand #228321200497:  Hold'em No Limit ($0.01/$0.02 USD) - 2021/07/15 17:48:44 PT [2021/07/15 20:48:44 ET]
Table 'Marlu' 9-max Seat #6 is the button
Seat 1: s!moO00 ($1.60 in chips) 
Seat 2: djiga.1215 ($1.05 in chips) 
Seat 3: Juagonzalez ($2.80 in chips) 
Seat 4: cberto09 ($2.08 in chips) 
Seat 5: Pókis ($1.52 in chips) 
Seat 6: schop.ot.14 ($1.45 in chips) 
Seat 8: Dorex2007 ($2.52 in chips) 
Seat 9: viejoperro44 ($2.03 in chips) 
Dorex2007: posts small blind $0.01
viejoperro44: posts big blind $0.02
*** HOLE CARDS ***
Dealt to Dorex2007 [Qc Js]
s!moO00: folds 
djiga.1215: folds 
Juagonzalez: folds 
cberto09: folds 
Pókis: folds 
schop.ot.14: folds 
Dorex2007: raises $0.04 to $0.06
viejoperro44: folds 
Uncalled bet ($0.04) returned to Dorex2007
Dorex2007 collected $0.04 from pot
Dorex2007: doesn't show hand 
*** SUMMARY ***
Total pot $0.04 | Rake $0 
Seat 1: s!moO00 folded before Flop (didn't bet)
Seat 2: djiga.1215 folded before Flop (didn't bet)
Seat 3: Juagonzalez folded before Flop (didn't bet)
Seat 4: cberto09 folded before Flop (didn't bet)
Seat 5: Pókis folded before Flop (didn't bet)
Seat 6: schop.ot.14 (button) folded before Flop (didn't bet)
Seat 8: Dorex2007 (small blind) collected ($0.04)
Seat 9: viejoperro44 (big blind) folded before Flop



PokerStars Hand #228321205948:  Hold'em No Limit ($0.01/$0.02 USD) - 2021/07/15 17:49:06 PT [2021/07/15 20:49:06 ET]
Table 'Marlu' 9-max Seat #8 is the button
Seat 1: s!moO00 ($1.60 in chips) 
Seat 2: djiga.1215 ($1.05 in chips) 
Seat 3: Juagonzalez ($2.80 in chips) 
Seat 4: cberto09 ($2.08 in chips) 
Seat 5: Pókis ($1.52 in chips) 
Seat 6: schop.ot.14 ($1.45 in chips) 
Seat 8: Dorex2007 ($2.54 in chips) 
Seat 9: viejoperro44 ($2.01 in chips) 
viejoperro44: posts small blind $0.01
s!moO00: posts big blind $0.02
*** HOLE CARDS ***
Dealt to Dorex2007 [3s 6h]
djiga.1215: folds 
Juagonzalez: folds 
cberto09: folds 
Pókis: calls $0.02
schop.ot.14: calls $0.02
Dorex2007: folds 
viejoperro44: calls $0.01
s!moO00: checks 
*** FLOP *** [4s 8d Jh]
viejoperro44: checks 
s!moO00: checks 
Pókis: checks 
schop.ot.14: checks 
*** TURN *** [4s 8d Jh] [Kc]
viejoperro44: checks 
s!moO00: checks 
Pókis: checks 
schop.ot.14: checks 
*** RIVER *** [4s 8d Jh Kc] [5h]
viejoperro44: checks 
s!moO00: checks 
Pókis: checks 
schop.ot.14: checks 
*** SHOW DOWN ***
viejoperro44: shows [3h 3d] (a pair of Threes)
s!moO00: shows [9s 8s] (a pair of Eights)
Pókis: mucks hand 
schop.ot.14: mucks hand 
s!moO00 collected $0.08 from pot
*** SUMMARY ***
Total pot $0.08 | Rake $0 
Board [4s 8d Jh Kc 5h]
Seat 1: s!moO00 (big blind) showed [9s 8s] and won ($0.08) with a pair of Eights
Seat 2: djiga.1215 folded before Flop (didn't bet)
Seat 3: Juagonzalez folded before Flop (didn't bet)
Seat 4: cberto09 folded before Flop (didn't bet)
Seat 5: Pókis mucked [7h 7c]
Seat 6: schop.ot.14 mucked [7s 8c]
Seat 8: Dorex2007 (button) folded before Flop (didn't bet)
Seat 9: viejoperro44 (small blind) showed [3h 3d] and lost with a pair of Threes



PokerStars Hand #228321218096:  Hold'em No Limit ($0.01/$0.02 USD) - 2021/07/15 17:49:54 PT [2021/07/15 20:49:54 ET]
Table 'Marlu' 9-max Seat #9 is the button
Seat 1: s!moO00 ($1.66 in chips) 
Seat 2: djiga.1215 ($1.05 in chips) 
Seat 3: Juagonzalez ($2.80 in chips) 
Seat 4: cberto09 ($2.08 in chips) 
Seat 5: Pókis ($1.50 in chips) 
Seat 6: schop.ot.14 ($1.43 in chips) 
Seat 8: Dorex2007 ($2.54 in chips) 
Seat 9: viejoperro44 ($2 in chips) 
s!moO00: posts small blind $0.01
djiga.1215: posts big blind $0.02
*** HOLE CARDS ***
Dealt to Dorex2007 [6s 6h]
Juagonzalez: folds 
cberto09: folds 
Pókis: folds 
schop.ot.14: folds 
Dorex2007: calls $0.02
viejoperro44: folds 
s!moO00: calls $0.01
djiga.1215: checks 
*** FLOP *** [4h Qd 3s]
s!moO00: checks 
djiga.1215: bets $0.03
Dorex2007: calls $0.03
s!moO00: folds 
*** TURN *** [4h Qd 3s] [Qh]
viejoperro44 is disconnected 
djiga.1215: checks 
Dorex2007: checks 
*** RIVER *** [4h Qd 3s Qh] [7s]
djiga.1215: bets $0.10
Dorex2007: calls $0.10
*** SHOW DOWN ***
djiga.1215: shows [Qc 8h] (three of a kind, Queens)
Dorex2007: mucks hand 
djiga.1215 collected $0.31 from pot
*** SUMMARY ***
Total pot $0.32 | Rake $0.01 
Board [4h Qd 3s Qh 7s]
Seat 1: s!moO00 (small blind) folded on the Flop
Seat 2: djiga.1215 (big blind) showed [Qc 8h] and won ($0.31) with three of a kind, Queens
Seat 3: Juagonzalez folded before Flop (didn't bet)
Seat 4: cberto09 folded before Flop (didn't bet)
Seat 5: Pókis folded before Flop (didn't bet)
Seat 6: schop.ot.14 folded before Flop (didn't bet)
Seat 8: Dorex2007 mucked [6s 6h]
Seat 9: viejoperro44 (button) folded before Flop (didn't bet)



PokerStars Hand #228321246469:  Hold'em No Limit ($0.01/$0.02 USD) - 2021/07/15 17:51:09 PT [2021/07/15 20:51:09 ET]
Table 'Marlu' 9-max Seat #1 is the button
Seat 1: s!moO00 ($1.64 in chips) 
Seat 2: djiga.1215 ($1.21 in chips) 
Seat 3: Juagonzalez ($2.80 in chips) 
Seat 4: cberto09 ($2.08 in chips) 
Seat 5: Pókis ($1.50 in chips) 
Seat 6: schop.ot.14 ($2 in chips) 
Seat 8: Dorex2007 ($2.39 in chips) 
Seat 9: viejoperro44 ($2 in chips) 
djiga.1215: posts small blind $0.01
Juagonzalez: posts big blind $0.02
*** HOLE CARDS ***
Dealt to Dorex2007 [Jc Jh]
cberto09: folds 
Pókis: folds 
schop.ot.14: calls $0.02
Dorex2007: calls $0.02
viejoperro44 has timed out while disconnected
viejoperro44: folds 
s!moO00: folds 
djiga.1215: calls $0.01
Juagonzalez: checks 
*** FLOP *** [Td 2c 4c]
djiga.1215: checks 
Juagonzalez: checks 
schop.ot.14: checks 
Dorex2007: bets $0.12
djiga.1215: folds 
Juagonzalez: folds 
schop.ot.14: folds 
Uncalled bet ($0.12) returned to Dorex2007
Dorex2007 collected $0.08 from pot
Dorex2007: doesn't show hand 
*** SUMMARY ***
Total pot $0.08 | Rake $0 
Board [Td 2c 4c]
Seat 1: s!moO00 (button) folded before Flop (didn't bet)
Seat 2: djiga.1215 (small blind) folded on the Flop
Seat 3: Juagonzalez (big blind) folded on the Flop
Seat 4: cberto09 folded before Flop (didn't bet)
Seat 5: Pókis folded before Flop (didn't bet)
Seat 6: schop.ot.14 folded on the Flop
Seat 8: Dorex2007 collected ($0.08)
Seat 9: viejoperro44 folded before Flop (didn't bet)



PokerStars Hand #228321263663:  Hold'em No Limit ($0.01/$0.02 USD) - 2021/07/15 17:52:18 PT [2021/07/15 20:52:18 ET]
Table 'Marlu' 9-max Seat #2 is the button
Seat 1: s!moO00 ($1.64 in chips) 
Seat 2: djiga.1215 ($1.19 in chips) 
Seat 3: Juagonzalez ($2.78 in chips) 
Seat 4: cberto09 ($2.08 in chips) 
Seat 5: Pókis ($1.50 in chips) 
Seat 6: schop.ot.14 ($1.98 in chips) 
Seat 8: Dorex2007 ($2.45 in chips) 
Seat 9: viejoperro44 ($2 in chips) 
Juagonzalez: posts small blind $0.01
cberto09: posts big blind $0.02
*** HOLE CARDS ***
Dealt to Dorex2007 [6d Kc]
Pókis: folds 
schop.ot.14: raises $0.04 to $0.06
Dorex2007: folds 
viejoperro44 has timed out
viejoperro44: folds 
s!moO00: folds 
djiga.1215: folds 
viejoperro44 is disconnected 
Juagonzalez: folds 
cberto09: folds 
Uncalled bet ($0.04) returned to schop.ot.14
schop.ot.14 collected $0.05 from pot
schop.ot.14: doesn't show hand 
*** SUMMARY ***
Total pot $0.05 | Rake $0 
Seat 1: s!moO00 folded before Flop (didn't bet)
Seat 2: djiga.1215 (button) folded before Flop (didn't bet)
Seat 3: Juagonzalez (small blind) folded before Flop
Seat 4: cberto09 (big blind) folded before Flop
Seat 5: Pókis folded before Flop (didn't bet)
Seat 6: schop.ot.14 collected ($0.05)
Seat 8: Dorex2007 folded before Flop (didn't bet)
Seat 9: viejoperro44 folded before Flop (didn't bet)



PokerStars Hand #228321275078:  Hold'em No Limit ($0.01/$0.02 USD) - 2021/07/15 17:53:04 PT [2021/07/15 20:53:04 ET]
Table 'Marlu' 9-max Seat #3 is the button
Seat 1: s!moO00 ($1.64 in chips) 
Seat 2: djiga.1215 ($1.19 in chips) 
Seat 3: Juagonzalez ($2.77 in chips) 
Seat 4: cberto09 ($2.06 in chips) 
Seat 5: Pókis ($1.50 in chips) 
Seat 6: schop.ot.14 ($2.01 in chips) 
Seat 8: Dorex2007 ($2.45 in chips) 
cberto09: posts small blind $0.01
Pókis: posts big blind $0.02
*** HOLE CARDS ***
Dealt to Dorex2007 [Kh Ks]
schop.ot.14: folds 
viejoperro44 is disconnected 
Dorex2007: raises $0.04 to $0.06
s!moO00: folds 
djiga.1215: calls $0.06
Juagonzalez: folds 
cberto09: folds 
Pókis: folds 
*** FLOP *** [5c 7h Td]
Dorex2007: bets $0.14
djiga.1215: calls $0.14
*** TURN *** [5c 7h Td] [6c]
Dorex2007: bets $0.41
djiga.1215: calls $0.41
*** RIVER *** [5c 7h Td 6c] [3h]
Dorex2007: bets $0.61
djiga.1215: calls $0.58 and is all-in
Uncalled bet ($0.03) returned to Dorex2007
*** SHOW DOWN ***
Dorex2007: shows [Kh Ks] (a pair of Kings)
djiga.1215: shows [5s 9s] (a pair of Fives)
Dorex2007 collected $2.33 from pot
*** SUMMARY ***
Total pot $2.41 | Rake $0.08 
Board [5c 7h Td 6c 3h]
Seat 1: s!moO00 folded before Flop (didn't bet)
Seat 2: djiga.1215 showed [5s 9s] and lost with a pair of Fives
Seat 3: Juagonzalez (button) folded before Flop (didn't bet)
Seat 4: cberto09 (small blind) folded before Flop
Seat 5: Pókis (big blind) folded before Flop
Seat 6: schop.ot.14 folded before Flop (didn't bet)
Seat 8: Dorex2007 showed [Kh Ks] and won ($2.33) with a pair of Kings



PokerStars Hand #228321289907:  Hold'em No Limit ($0.01/$0.02 USD) - 2021/07/15 17:54:04 PT [2021/07/15 20:54:04 ET]
Table 'Marlu' 9-max Seat #4 is the button
Seat 1: s!moO00 ($1.64 in chips) 
Seat 3: Juagonzalez ($2.77 in chips) 
Seat 4: cberto09 ($2.05 in chips) 
Seat 5: Pókis ($1.48 in chips) 
Seat 6: schop.ot.14 ($2.01 in chips) 
Seat 8: Dorex2007 ($3.59 in chips) 
Seat 9: viejoperro44 ($2 in chips) 
Pókis: posts small blind $0.01
schop.ot.14: posts big blind $0.02
*** HOLE CARDS ***
Dealt to Dorex2007 [3c Js]
Dorex2007: folds 
viejoperro44: folds 
s!moO00: folds 
Juagonzalez: raises $0.04 to $0.06
cberto09: folds 
Pókis: calls $0.05
schop.ot.14: folds 
*** FLOP *** [9c Jd 5h]
Pókis: checks 
Juagonzalez: bets $0.07
Pókis: calls $0.07
*** TURN *** [9c Jd 5h] [Qd]
Pókis: checks 
djiga.1215 said, "beach"
Juagonzalez: bets $0.13
Pókis: folds 
Uncalled bet ($0.13) returned to Juagonzalez
Juagonzalez collected $0.27 from pot
Juagonzalez: doesn't show hand 
*** SUMMARY ***
Total pot $0.28 | Rake $0.01 
Board [9c Jd 5h Qd]
Seat 1: s!moO00 folded before Flop (didn't bet)
Seat 3: Juagonzalez collected ($0.27)
Seat 4: cberto09 (button) folded before Flop (didn't bet)
Seat 5: Pókis (small blind) folded on the Turn
Seat 6: schop.ot.14 (big blind) folded before Flop
Seat 8: Dorex2007 folded before Flop (didn't bet)
Seat 9: viejoperro44 folded before Flop (didn't bet)



PokerStars Hand #228321306279:  Hold'em No Limit ($0.01/$0.02 USD) - 2021/07/15 17:54:45 PT [2021/07/15 20:54:45 ET]
Table 'Marlu' 9-max Seat #5 is the button
Seat 1: s!moO00 ($1.64 in chips) 
Seat 2: djiga.1215 ($1 in chips) 
Seat 3: Juagonzalez ($2.91 in chips) 
Seat 4: cberto09 ($2.05 in chips) 
Seat 5: Pókis ($1.35 in chips) 
Seat 6: schop.ot.14 ($1.99 in chips) 
Seat 8: Dorex2007 ($3.59 in chips) 
Seat 9: viejoperro44 ($2 in chips) 
schop.ot.14: posts small blind $0.01
Dorex2007: posts big blind $0.02
*** HOLE CARDS ***
Dealt to Dorex2007 [7d 7c]
Dorex2007 said, "(violin)"
viejoperro44: folds 
s!moO00: folds 
djiga.1215: folds 
Juagonzalez: folds 
cberto09: raises $0.04 to $0.06
Pókis: folds 
schop.ot.14: calls $0.05
Dorex2007: calls $0.04
*** FLOP *** [9h 3h As]
schop.ot.14: checks 
Dorex2007: checks 
cberto09: checks 
*** TURN *** [9h 3h As] [6s]
schop.ot.14: checks 
djiga.1215 said, "tvoi zaberu bat'ko"
djiga.1215 said, ")))"
Dorex2007: checks 
cberto09: bets $0.05
schop.ot.14: calls $0.05
Dorex2007: folds 
*** RIVER *** [9h 3h As 6s] [4c]
schop.ot.14: checks 
cberto09: checks 
*** SHOW DOWN ***
schop.ot.14: shows [9s 8h] (a pair of Nines)
cberto09: mucks hand 
schop.ot.14 collected $0.27 from pot
Nikolai9103 leaves the table
djiga.1215 said, "shluyhe ne jalko)"
*** SUMMARY ***
Total pot $0.28 | Rake $0.01 
Board [9h 3h As 6s 4c]
Seat 1: s!moO00 folded before Flop (didn't bet)
Seat 2: djiga.1215 folded before Flop (didn't bet)
Seat 3: Juagonzalez folded before Flop (didn't bet)
Seat 4: cberto09 mucked [Ks Js]
Seat 5: Pókis (button) folded before Flop (didn't bet)
Seat 6: schop.ot.14 (small blind) showed [9s 8h] and won ($0.27) with a pair of Nines
Seat 8: Dorex2007 (big blind) folded on the Turn
Seat 9: viejoperro44 folded before Flop (didn't bet)



PokerStars Hand #228321322041:  Hold'em No Limit ($0.01/$0.02 USD) - 2021/07/15 17:56:01 PT [2021/07/15 20:56:01 ET]
Table 'Marlu' 9-max Seat #8 is the button
Seat 1: s!moO00 ($1.64 in chips) 
Seat 2: djiga.1215 ($1 in chips) 
Seat 3: Juagonzalez ($2.91 in chips) 
Seat 4: cberto09 ($2 in chips) 
Seat 5: Pókis ($1.35 in chips) 
Seat 8: Dorex2007 ($3.53 in chips) 
Seat 9: viejoperro44 ($2 in chips) 
viejoperro44: posts small blind $0.01
s!moO00: posts big blind $0.02
*** HOLE CARDS ***
Dealt to Dorex2007 [Qh 2d]
djiga.1215: folds 
Juagonzalez: raises $0.04 to $0.06
cberto09: folds 
Pókis: folds 
Dorex2007: folds 
viejoperro44: folds 
s!moO00: calls $0.04
*** FLOP *** [9s 5h Th]
s!moO00: checks 
djiga.1215 said, "siklo"
Juagonzalez: bets $0.06
s!moO00: folds 
Uncalled bet ($0.06) returned to Juagonzalez
Juagonzalez collected $0.13 from pot
Juagonzalez: doesn't show hand 
*** SUMMARY ***
Total pot $0.13 | Rake $0 
Board [9s 5h Th]
Seat 1: s!moO00 (big blind) folded on the Flop
Seat 2: djiga.1215 folded before Flop (didn't bet)
Seat 3: Juagonzalez collected ($0.13)
Seat 4: cberto09 folded before Flop (didn't bet)
Seat 5: Pókis folded before Flop (didn't bet)
Seat 8: Dorex2007 (button) folded before Flop (didn't bet)
Seat 9: viejoperro44 (small blind) folded before Flop



PokerStars Hand #228321326703:  Hold'em No Limit ($0.01/$0.02 USD) - 2021/07/15 17:56:24 PT [2021/07/15 20:56:24 ET]
Table 'Marlu' 9-max Seat #9 is the button
Seat 1: s!moO00 ($1.58 in chips) 
Seat 2: djiga.1215 ($1 in chips) 
Seat 3: Juagonzalez ($2.98 in chips) 
Seat 4: cberto09 ($2 in chips) 
Seat 5: Pókis ($1.35 in chips) 
Seat 8: Dorex2007 ($3.53 in chips) 
Seat 9: viejoperro44 ($2 in chips) 
s!moO00: posts small blind $0.01
djiga.1215 said, "lomis"
djiga.1215: posts big blind $0.02
*** HOLE CARDS ***
Dealt to Dorex2007 [Tc Jc]
Juagonzalez: folds 
youssefaoutoul1 joins the table at seat #7 
cberto09: folds 
Pókis: folds 
Dorex2007: raises $0.02 to $0.04
viejoperro44: folds 
s!moO00: folds 
djiga.1215: calls $0.02
*** FLOP *** [2h 7c 6s]
djiga.1215: checks 
Dorex2007: checks 
*** TURN *** [2h 7c 6s] [Qh]
djiga.1215: bets $0.04
Dorex2007: folds 
Uncalled bet ($0.04) returned to djiga.1215
djiga.1215 collected $0.09 from pot
djiga.1215: doesn't show hand 
*** SUMMARY ***
Total pot $0.09 | Rake $0 
Board [2h 7c 6s Qh]
Seat 1: s!moO00 (small blind) folded before Flop
Seat 2: djiga.1215 (big blind) collected ($0.09)
Seat 3: Juagonzalez folded before Flop (didn't bet)
Seat 4: cberto09 folded before Flop (didn't bet)
Seat 5: Pókis folded before Flop (didn't bet)
Seat 8: Dorex2007 folded on the Turn
Seat 9: viejoperro44 (button) folded before Flop (didn't bet)



PokerStars Hand #228321333269:  Hold'em No Limit ($0.01/$0.02 USD) - 2021/07/15 17:56:57 PT [2021/07/15 20:56:57 ET]
Table 'Marlu' 9-max Seat #1 is the button
Seat 1: s!moO00 ($1.57 in chips) 
Seat 2: djiga.1215 ($1.05 in chips) 
Seat 3: Juagonzalez ($2.98 in chips) 
Seat 4: cberto09 ($2 in chips) 
Seat 5: Pókis ($1.35 in chips) 
Seat 8: Dorex2007 ($3.49 in chips) 
Seat 9: viejoperro44 ($2 in chips) 
djiga.1215: posts small blind $0.01
Juagonzalez: posts big blind $0.02
youssefaoutoul1: sits out 
*** HOLE CARDS ***
Dealt to Dorex2007 [Kc Tc]
cberto09: folds 
Pókis: calls $0.02
Dorex2007: raises $0.02 to $0.04
viejoperro44 has timed out
viejoperro44: folds 
s!moO00: folds 
djiga.1215: calls $0.03
Juagonzalez: folds 
Pókis: calls $0.02
*** FLOP *** [6c 9s Qs]
viejoperro44 is disconnected 
djiga.1215: checks 
Pókis: checks 
Dorex2007: checks 
*** TURN *** [6c 9s Qs] [4h]
youssefaoutoul1 leaves the table
djiga.1215: checks 
Pókis: checks 
Dorex2007: checks 
*** RIVER *** [6c 9s Qs 4h] [9h]
djiga.1215: checks 
Pókis: checks 
Dorex2007: checks 
*** SHOW DOWN ***
djiga.1215: shows [8d 8s] (two pair, Nines and Eights)
Pókis: mucks hand 
Dorex2007: mucks hand 
djiga.1215 collected $0.14 from pot
*** SUMMARY ***
Total pot $0.14 | Rake $0 
Board [6c 9s Qs 4h 9h]
Seat 1: s!moO00 (button) folded before Flop (didn't bet)
Seat 2: djiga.1215 (small blind) showed [8d 8s] and won ($0.14) with two pair, Nines and Eights
Seat 3: Juagonzalez (big blind) folded before Flop
Seat 4: cberto09 folded before Flop (didn't bet)
Seat 5: Pókis mucked [5s Kh]
Seat 8: Dorex2007 mucked [Kc Tc]
Seat 9: viejoperro44 folded before Flop (didn't bet)



PokerStars Hand #228321346364:  Hold'em No Limit ($0.01/$0.02 USD) - 2021/07/15 17:58:02 PT [2021/07/15 20:58:02 ET]
Table 'Marlu' 9-max Seat #2 is the button
Seat 1: s!moO00 ($1.57 in chips) 
Seat 2: djiga.1215 ($1.15 in chips) 
Seat 3: Juagonzalez ($2.96 in chips) 
Seat 4: cberto09 ($2 in chips) 
Seat 5: Pókis ($1.31 in chips) 
Seat 8: Dorex2007 ($3.45 in chips) 
Juagonzalez: posts small blind $0.01
cberto09: posts big blind $0.02
*** HOLE CARDS ***
Dealt to Dorex2007 [2s 2h]
Pókis: raises $0.02 to $0.04
Dorex2007: folds 
s!moO00: folds 
djiga.1215: calls $0.04
Juagonzalez: folds 
cberto09: folds 
*** FLOP *** [Qs 8s 7h]
Pókis: checks 
djiga.1215: bets $0.02
Pókis: calls $0.02
*** TURN *** [Qs 8s 7h] [6c]
eugenejr joins the table at seat #7 
Pókis: checks 
djiga.1215: bets $0.02
Pókis: calls $0.02
*** RIVER *** [Qs 8s 7h 6c] [5s]
Pókis: checks 
djiga.1215: bets $0.07
Pókis: calls $0.07
*** SHOW DOWN ***
djiga.1215: shows [Ad 6s] (a pair of Sixes)
Pókis: mucks hand 
djiga.1215 collected $0.32 from pot
*** SUMMARY ***
Total pot $0.33 | Rake $0.01 
Board [Qs 8s 7h 6c 5s]
Seat 1: s!moO00 folded before Flop (didn't bet)
Seat 2: djiga.1215 (button) showed [Ad 6s] and won ($0.32) with a pair of Sixes
Seat 3: Juagonzalez (small blind) folded before Flop
Seat 4: cberto09 (big blind) folded before Flop
Seat 5: Pókis mucked [Kd As]
Seat 8: Dorex2007 folded before Flop (didn't bet)



PokerStars Hand #228321354224:  Hold'em No Limit ($0.01/$0.02 USD) - 2021/07/15 17:58:42 PT [2021/07/15 20:58:42 ET]
Table 'Marlu' 9-max Seat #3 is the button
Seat 1: s!moO00 ($1.57 in chips) 
Seat 2: djiga.1215 ($1.32 in chips) 
Seat 3: Juagonzalez ($2.95 in chips) 
Seat 4: cberto09 ($2 in chips) 
Seat 5: Pókis ($1.16 in chips) 
Seat 7: eugenejr ($1.60 in chips) 
Seat 8: Dorex2007 ($3.45 in chips) 
cberto09: posts small blind $0.01
Pókis: posts big blind $0.02
eugenejr: posts big blind $0.02
*** HOLE CARDS ***
Dealt to Dorex2007 [9s 5h]
eugenejr: raises $1.58 to $1.60 and is all-in
Dorex2007: folds 
s!moO00: folds 
djiga.1215: folds 
Juagonzalez: folds 
cberto09: folds 
Pókis: folds 
Uncalled bet ($1.58) returned to eugenejr
eugenejr collected $0.05 from pot
eugenejr: doesn't show hand 
*** SUMMARY ***
Total pot $0.05 | Rake $0 
Seat 1: s!moO00 folded before Flop (didn't bet)
Seat 2: djiga.1215 folded before Flop (didn't bet)
Seat 3: Juagonzalez (button) folded before Flop (didn't bet)
Seat 4: cberto09 (small blind) folded before Flop
Seat 5: Pókis (big blind) folded before Flop
Seat 7: eugenejr collected ($0.05)
Seat 8: Dorex2007 folded before Flop (didn't bet)



PokerStars Hand #228321358763:  Hold'em No Limit ($0.01/$0.02 USD) - 2021/07/15 17:59:04 PT [2021/07/15 20:59:04 ET]
Table 'Marlu' 9-max Seat #4 is the button
Seat 1: s!moO00 ($1.57 in chips) 
Seat 2: djiga.1215 ($1.32 in chips) 
Seat 3: Juagonzalez ($2.95 in chips) 
Seat 4: cberto09 ($2 in chips) 
Seat 5: Pókis ($1.14 in chips) 
Seat 7: eugenejr ($1.63 in chips) 
Seat 8: Dorex2007 ($3.45 in chips) 
Pókis: posts small blind $0.01
eugenejr: posts big blind $0.02
*** HOLE CARDS ***
Dealt to Dorex2007 [5s 7h]
Dorex2007: folds 
s!moO00: raises $0.02 to $0.04
djiga.1215: folds 
Juagonzalez: folds 
schop.ot.14 is disconnected 
cberto09: folds 
Pókis: calls $0.03
eugenejr: folds 
*** FLOP *** [5d Th 4h]
Pókis: checks 
s!moO00: bets $0.05
Pókis: calls $0.05
*** TURN *** [5d Th 4h] [Kc]
Pókis: checks 
s!moO00: bets $0.10
Pókis: raises $0.10 to $0.20
s!moO00: calls $0.10
*** RIVER *** [5d Th 4h Kc] [3c]
Pókis: bets $0.85 and is all-in
s!moO00: folds 
Uncalled bet ($0.85) returned to Pókis
Pókis collected $0.58 from pot
Pókis: doesn't show hand 
*** SUMMARY ***
Total pot $0.60 | Rake $0.02 
Board [5d Th 4h Kc 3c]
Seat 1: s!moO00 folded on the River
Seat 2: djiga.1215 folded before Flop (didn't bet)
Seat 3: Juagonzalez folded before Flop (didn't bet)
Seat 4: cberto09 (button) folded before Flop (didn't bet)
Seat 5: Pókis (small blind) collected ($0.58)
Seat 7: eugenejr (big blind) folded before Flop
Seat 8: Dorex2007 folded before Flop (didn't bet)



PokerStars Hand #228321369495:  Hold'em No Limit ($0.01/$0.02 USD) - 2021/07/15 17:59:57 PT [2021/07/15 20:59:57 ET]
Table 'Marlu' 9-max Seat #5 is the button
Seat 1: s!moO00 ($1.28 in chips) 
Seat 2: djiga.1215 ($1.32 in chips) 
Seat 3: Juagonzalez ($2.95 in chips) 
Seat 4: cberto09 ($2 in chips) 
Seat 5: Pókis ($1.43 in chips) 
Seat 7: eugenejr ($1.61 in chips) 
Seat 8: Dorex2007 ($3.45 in chips) 
eugenejr: posts small blind $0.01
Dorex2007: posts big blind $0.02
*** HOLE CARDS ***
Dealt to Dorex2007 [7h 3d]
s!moO00: folds 
djiga.1215: folds 
Juagonzalez: folds 
cberto09: folds 
Pókis: folds 
eugenejr: calls $0.01
Dorex2007: checks 
*** FLOP *** [Kc 9c 4c]
eugenejr: checks 
Dorex2007: checks 
*** TURN *** [Kc 9c 4c] [5c]
eugenejr: bets $0.02
Dorex2007: folds 
Uncalled bet ($0.02) returned to eugenejr
eugenejr collected $0.04 from pot
eugenejr: doesn't show hand 
*** SUMMARY ***
Total pot $0.04 | Rake $0 
Board [Kc 9c 4c 5c]
Seat 1: s!moO00 folded before Flop (didn't bet)
Seat 2: djiga.1215 folded before Flop (didn't bet)
Seat 3: Juagonzalez folded before Flop (didn't bet)
Seat 4: cberto09 folded before Flop (didn't bet)
Seat 5: Pókis (button) folded before Flop (didn't bet)
Seat 7: eugenejr (small blind) collected ($0.04)
Seat 8: Dorex2007 (big blind) folded on the Turn



PokerStars Hand #228321375983:  Hold'em No Limit ($0.01/$0.02 USD) - 2021/07/15 18:00:26 PT [2021/07/15 21:00:26 ET]
Table 'Marlu' 9-max Seat #7 is the button
Seat 1: s!moO00 ($1.28 in chips) 
Seat 2: djiga.1215 ($1.32 in chips) 
Seat 3: Juagonzalez ($2.95 in chips) 
Seat 4: cberto09 ($2 in chips) 
Seat 5: Pókis ($1.43 in chips) 
Seat 7: eugenejr ($1.63 in chips) 
Seat 8: Dorex2007 ($3.43 in chips) 
Dorex2007: posts small blind $0.01
s!moO00: posts big blind $0.02
*** HOLE CARDS ***
Dealt to Dorex2007 [6d Kc]
djiga.1215: calls $0.02
Juagonzalez: folds 
cberto09: folds 
Pókis: folds 
eugenejr: calls $0.02
Juagonzalez leaves the table
Dorex2007: folds 
s!moO00: checks 
*** FLOP *** [5h 6h 5c]
s!moO00: bets $0.04
djiga.1215: calls $0.04
eugenejr: calls $0.04
*** TURN *** [5h 6h 5c] [Kd]
s!moO00: checks 
djiga.1215: bets $0.06
eugenejr: folds 
s!moO00: folds 
Uncalled bet ($0.06) returned to djiga.1215
djiga.1215 collected $0.18 from pot
djiga.1215: doesn't show hand 
*** SUMMARY ***
Total pot $0.19 | Rake $0.01 
Board [5h 6h 5c Kd]
Seat 1: s!moO00 (big blind) folded on the Turn
Seat 2: djiga.1215 collected ($0.18)
Seat 3: Juagonzalez folded before Flop (didn't bet)
Seat 4: cberto09 folded before Flop (didn't bet)
Seat 5: Pókis folded before Flop (didn't bet)
Seat 7: eugenejr (button) folded on the Turn
Seat 8: Dorex2007 (small blind) folded before Flop



PokerStars Hand #228321391803:  Hold'em No Limit ($0.01/$0.02 USD) - 2021/07/15 18:01:34 PT [2021/07/15 21:01:34 ET]
Table 'Marlu' 9-max Seat #8 is the button
Seat 1: s!moO00 ($1.22 in chips) 
Seat 2: djiga.1215 ($1.44 in chips) 
Seat 4: cberto09 ($2 in chips) 
Seat 5: Pókis ($1.43 in chips) 
Seat 7: eugenejr ($1.57 in chips) 
Seat 8: Dorex2007 ($3.42 in chips) 
s!moO00: posts small blind $0.01
djiga.1215: posts big blind $0.02
*** HOLE CARDS ***
Dealt to Dorex2007 [Kd 4d]
frosa9397 joins the table at seat #3 
cberto09: folds 
Pókis: calls $0.02
eugenejr: folds 
Dorex2007: folds 
s!moO00: folds 
djiga.1215: checks 
*** FLOP *** [8d Ts 3c]
djiga.1215: bets $0.05
Pókis: folds 
Uncalled bet ($0.05) returned to djiga.1215
djiga.1215 collected $0.05 from pot
djiga.1215: doesn't show hand 
*** SUMMARY ***
Total pot $0.05 | Rake $0 
Board [8d Ts 3c]
Seat 1: s!moO00 (small blind) folded before Flop
Seat 2: djiga.1215 (big blind) collected ($0.05)
Seat 4: cberto09 folded before Flop (didn't bet)
Seat 5: Pókis folded on the Flop
Seat 7: eugenejr folded before Flop (didn't bet)
Seat 8: Dorex2007 (button) folded before Flop (didn't bet)



PokerStars Hand #228321405278:  Hold'em No Limit ($0.01/$0.02 USD) - 2021/07/15 18:02:04 PT [2021/07/15 21:02:04 ET]
Table 'Marlu' 9-max Seat #1 is the button
Seat 1: s!moO00 ($1.21 in chips) 
Seat 2: djiga.1215 ($1.47 in chips) 
Seat 3: frosa9397 ($2 in chips) 
Seat 4: cberto09 ($2 in chips) 
Seat 5: Pókis ($1.41 in chips) 
Seat 7: eugenejr ($1.57 in chips) 
Seat 8: Dorex2007 ($3.42 in chips) 
djiga.1215: posts small blind $0.01
frosa9397: posts big blind $0.02
*** HOLE CARDS ***
Dealt to Dorex2007 [3d Ac]
cberto09: folds 
Pókis: calls $0.02
eugenejr: calls $0.02
Dorex2007: folds 
s!moO00: folds 
djiga.1215: calls $0.01
frosa9397: checks 
*** FLOP *** [4c Td 7d]
djiga.1215: checks 
frosa9397: checks 
Pókis: checks 
eugenejr: checks 
*** TURN *** [4c Td 7d] [Th]
djiga.1215: checks 
frosa9397: checks 
Pókis: checks 
eugenejr: checks 
*** RIVER *** [4c Td 7d Th] [5s]
djiga.1215: checks 
frosa9397: checks 
Pókis: bets $0.25
eugenejr: folds 
djiga.1215: folds 
djiga.1215 said, ")))"
frosa9397: folds 
Uncalled bet ($0.25) returned to Pókis
Pókis collected $0.08 from pot
Pókis: doesn't show hand 
*** SUMMARY ***
Total pot $0.08 | Rake $0 
Board [4c Td 7d Th 5s]
Seat 1: s!moO00 (button) folded before Flop (didn't bet)
Seat 2: djiga.1215 (small blind) folded on the River
Seat 3: frosa9397 (big blind) folded on the River
Seat 4: cberto09 folded before Flop (didn't bet)
Seat 5: Pókis collected ($0.08)
Seat 7: eugenejr folded on the River
Seat 8: Dorex2007 folded before Flop (didn't bet)



PokerStars Hand #228321428736:  Hold'em No Limit ($0.01/$0.02 USD) - 2021/07/15 18:03:39 PT [2021/07/15 21:03:39 ET]
Table 'Marlu' 9-max Seat #2 is the button
Seat 1: s!moO00 ($1.21 in chips) 
Seat 2: djiga.1215 ($1.45 in chips) 
Seat 3: frosa9397 ($1.98 in chips) 
Seat 4: cberto09 ($2 in chips) 
Seat 5: Pókis ($1.47 in chips) 
Seat 7: eugenejr ($1.55 in chips) 
Seat 8: Dorex2007 ($3.42 in chips) 
frosa9397: posts small blind $0.01
cberto09: posts big blind $0.02
*** HOLE CARDS ***
Dealt to Dorex2007 [4c 6c]
Pókis: folds 
eugenejr: calls $0.02
Dorex2007: folds 
s!moO00: calls $0.02
djiga.1215: folds 
frosa9397: folds 
cberto09: raises $0.07 to $0.09
eugenejr: calls $0.07
s!moO00: folds 
*** FLOP *** [3d Ts Kc]
cberto09: bets $0.06
eugenejr: calls $0.06
*** TURN *** [3d Ts Kc] [As]
cberto09: bets $0.10
eugenejr: calls $0.10
*** RIVER *** [3d Ts Kc As] [Ks]
cberto09: checks 
eugenejr: checks 
*** SHOW DOWN ***
cberto09: shows [Ad Qd] (two pair, Aces and Kings)
eugenejr: mucks hand 
cberto09 collected $0.51 from pot
*** SUMMARY ***
Total pot $0.53 | Rake $0.02 
Board [3d Ts Kc As Ks]
Seat 1: s!moO00 folded before Flop
Seat 2: djiga.1215 (button) folded before Flop (didn't bet)
Seat 3: frosa9397 (small blind) folded before Flop
Seat 4: cberto09 (big blind) showed [Ad Qd] and won ($0.51) with two pair, Aces and Kings
Seat 5: Pókis folded before Flop (didn't bet)
Seat 7: eugenejr mucked [Th 9s]
Seat 8: Dorex2007 folded before Flop (didn't bet)



PokerStars Hand #228321450356:  Hold'em No Limit ($0.01/$0.02 USD) - 2021/07/15 18:05:05 PT [2021/07/15 21:05:05 ET]
Table 'Marlu' 9-max Seat #3 is the button
Seat 1: s!moO00 ($1.19 in chips) 
Seat 2: djiga.1215 ($1.45 in chips) 
Seat 3: frosa9397 ($1.97 in chips) 
Seat 4: cberto09 ($2.26 in chips) 
Seat 5: Pókis ($1.47 in chips) 
Seat 7: eugenejr ($1.30 in chips) 
Seat 8: Dorex2007 ($3.42 in chips) 
cberto09: posts small blind $0.01
Pókis: posts big blind $0.02
*** HOLE CARDS ***
Dealt to Dorex2007 [7s 7c]
eugenejr: folds 
Dorex2007: raises $0.02 to $0.04
s!moO00: calls $0.04
djiga.1215: folds 
frosa9397: folds 
cberto09: folds 
Pókis: raises $0.12 to $0.16
Dorex2007: folds 
s!moO00: folds 
Uncalled bet ($0.12) returned to Pókis
Pókis collected $0.13 from pot
Pókis: doesn't show hand 
*** SUMMARY ***
Total pot $0.13 | Rake $0 
Seat 1: s!moO00 folded before Flop
Seat 2: djiga.1215 folded before Flop (didn't bet)
Seat 3: frosa9397 (button) folded before Flop (didn't bet)
Seat 4: cberto09 (small blind) folded before Flop
Seat 5: Pókis (big blind) collected ($0.13)
Seat 7: eugenejr folded before Flop (didn't bet)
Seat 8: Dorex2007 folded before Flop



PokerStars Hand #228321460529:  Hold'em No Limit ($0.01/$0.02 USD) - 2021/07/15 18:05:46 PT [2021/07/15 21:05:46 ET]
Table 'Marlu' 9-max Seat #4 is the button
Seat 1: s!moO00 ($1.15 in chips) 
Seat 2: djiga.1215 ($1.45 in chips) 
Seat 3: frosa9397 ($1.97 in chips) 
Seat 4: cberto09 ($2.25 in chips) 
Seat 5: Pókis ($1.56 in chips) 
Seat 7: eugenejr ($1.30 in chips) 
Seat 8: Dorex2007 ($3.38 in chips) 
Pókis: posts small blind $0.01
eugenejr: posts big blind $0.02
*** HOLE CARDS ***
Dealt to Dorex2007 [Ks 2s]
Dorex2007: folds 
s!moO00: folds 
djiga.1215: folds 
frosa9397: folds 
cberto09: folds 
Pókis: folds 
Uncalled bet ($0.01) returned to eugenejr
eugenejr collected $0.02 from pot
eugenejr: doesn't show hand 
*** SUMMARY ***
Total pot $0.02 | Rake $0 
Seat 1: s!moO00 folded before Flop (didn't bet)
Seat 2: djiga.1215 folded before Flop (didn't bet)
Seat 3: frosa9397 folded before Flop (didn't bet)
Seat 4: cberto09 (button) folded before Flop (didn't bet)
Seat 5: Pókis (small blind) folded before Flop
Seat 7: eugenejr (big blind) collected ($0.02)
Seat 8: Dorex2007 folded before Flop (didn't bet)



PokerStars Hand #228321466965:  Hold'em No Limit ($0.01/$0.02 USD) - 2021/07/15 18:06:13 PT [2021/07/15 21:06:13 ET]
Table 'Marlu' 9-max Seat #5 is the button
Seat 1: s!moO00 ($1.15 in chips) 
Seat 2: djiga.1215 ($1.45 in chips) 
Seat 3: frosa9397 ($1.97 in chips) 
Seat 4: cberto09 ($2.25 in chips) 
Seat 5: Pókis ($1.55 in chips) 
Seat 7: eugenejr ($1.31 in chips) 
Seat 8: Dorex2007 ($3.38 in chips) 
eugenejr: posts small blind $0.01
Dorex2007: posts big blind $0.02
*** HOLE CARDS ***
Dealt to Dorex2007 [5s 8c]
s!moO00: folds 
djiga.1215: folds 
frosa9397: folds 
cberto09: folds 
Pókis: raises $0.02 to $0.04
eugenejr: calls $0.03
Dorex2007: folds 
*** FLOP *** [7h 4c 4s]
eugenejr: checks 
Pókis: checks 
*** TURN *** [7h 4c 4s] [9c]
eugenejr: checks 
Pókis: checks 
*** RIVER *** [7h 4c 4s 9c] [8h]
eugenejr: checks 
Pókis: checks 
*** SHOW DOWN ***
eugenejr: shows [3d 2d] (a pair of Fours)
Pókis: shows [Ks Qh] (a pair of Fours - King kicker)
Pókis collected $0.10 from pot
*** SUMMARY ***
Total pot $0.10 | Rake $0 
Board [7h 4c 4s 9c 8h]
Seat 1: s!moO00 folded before Flop (didn't bet)
Seat 2: djiga.1215 folded before Flop (didn't bet)
Seat 3: frosa9397 folded before Flop (didn't bet)
Seat 4: cberto09 folded before Flop (didn't bet)
Seat 5: Pókis (button) showed [Ks Qh] and won ($0.10) with a pair of Fours
Seat 7: eugenejr (small blind) showed [3d 2d] and lost with a pair of Fours
Seat 8: Dorex2007 (big blind) folded before Flop



PokerStars Hand #228321509505:  Hold'em No Limit ($0.01/$0.02 USD) - 2021/07/15 18:08:30 PT [2021/07/15 21:08:30 ET]
Table 'Marlu' 9-max Seat #1 is the button
Seat 1: s!moO00 ($1.14 in chips) 
Seat 2: djiga.1215 ($1.50 in chips) 
Seat 3: frosa9397 ($1.97 in chips) 
Seat 4: cberto09 ($2.25 in chips) 
Seat 5: Pókis ($1.59 in chips) 
Seat 7: eugenejr ($1.25 in chips) 
Seat 8: Dorex2007 ($3.36 in chips) 
djiga.1215: posts small blind $0.01
frosa9397: posts big blind $0.02
Dorex2007: posts small blind $0.01
*** HOLE CARDS ***
Dealt to Dorex2007 [8h 4c]
cberto09: folds 
Pókis: calls $0.02
eugenejr: calls $0.02
Dorex2007: folds 
s!moO00: folds 
djiga.1215: calls $0.01
Selma261011 joins the table at seat #9 
frosa9397: checks 
*** FLOP *** [Ac 3d Qc]
djiga.1215: checks 
frosa9397: checks 
Pókis: checks 
eugenejr: checks 
*** TURN *** [Ac 3d Qc] [Qd]
djiga.1215: checks 
frosa9397: checks 
Pókis: checks 
eugenejr: checks 
*** RIVER *** [Ac 3d Qc Qd] [8d]
djiga.1215: checks 
frosa9397: checks 
Pókis: checks 
eugenejr: checks 
*** SHOW DOWN ***
djiga.1215: shows [6h Ts] (a pair of Queens)
frosa9397: shows [Kd Js] (a pair of Queens - Ace+King kicker)
Pókis: mucks hand 
eugenejr: mucks hand 
frosa9397 collected $0.09 from pot
*** SUMMARY ***
Total pot $0.09 | Rake $0 
Board [Ac 3d Qc Qd 8d]
Seat 1: s!moO00 (button) folded before Flop (didn't bet)
Seat 2: djiga.1215 (small blind) showed [6h Ts] and lost with a pair of Queens
Seat 3: frosa9397 (big blind) showed [Kd Js] and won ($0.09) with a pair of Queens
Seat 4: cberto09 folded before Flop (didn't bet)
Seat 5: Pókis mucked [4s Ks]
Seat 7: eugenejr mucked [2c 7c]
Seat 8: Dorex2007 folded before Flop (didn't bet)



PokerStars Hand #228321529992:  Hold'em No Limit ($0.01/$0.02 USD) - 2021/07/15 18:09:54 PT [2021/07/15 21:09:54 ET]
Table 'Marlu' 9-max Seat #2 is the button
Seat 1: s!moO00 ($1.14 in chips) 
Seat 2: djiga.1215 ($1.48 in chips) 
Seat 3: frosa9397 ($2.04 in chips) 
Seat 4: cberto09 ($2.25 in chips) 
Seat 5: Pókis ($1.57 in chips) 
Seat 7: eugenejr ($1.23 in chips) 
Seat 8: Dorex2007 ($3.35 in chips) 
frosa9397: posts small blind $0.01
cberto09: posts big blind $0.02
Selma261011: sits out 
*** HOLE CARDS ***
Dealt to Dorex2007 [5c 8c]
Pókis: calls $0.02
eugenejr: calls $0.02
Dorex2007: folds 
s!moO00: calls $0.02
djiga.1215: folds 
frosa9397: folds 
cberto09: checks 
*** FLOP *** [7d 4h Js]
cberto09: checks 
Pókis: bets $0.02
eugenejr: calls $0.02
s!moO00: calls $0.02
cberto09: folds 
*** TURN *** [7d 4h Js] [3s]
Pókis: bets $0.02
eugenejr: calls $0.02
s!moO00: raises $0.10 to $0.12
Pókis: calls $0.10
eugenejr: calls $0.10
*** RIVER *** [7d 4h Js 3s] [4c]
Pókis: checks 
eugenejr: checks 
s!moO00: bets $0.25
Pókis: folds 
eugenejr: folds 
Uncalled bet ($0.25) returned to s!moO00
s!moO00 collected $0.49 from pot
s!moO00: doesn't show hand 
*** SUMMARY ***
Total pot $0.51 | Rake $0.02 
Board [7d 4h Js 3s 4c]
Seat 1: s!moO00 collected ($0.49)
Seat 2: djiga.1215 (button) folded before Flop (didn't bet)
Seat 3: frosa9397 (small blind) folded before Flop
Seat 4: cberto09 (big blind) folded on the Flop
Seat 5: Pókis folded on the River
Seat 7: eugenejr folded on the River
Seat 8: Dorex2007 folded before Flop (didn't bet)



PokerStars Hand #228321553816:  Hold'em No Limit ($0.01/$0.02 USD) - 2021/07/15 18:11:32 PT [2021/07/15 21:11:32 ET]
Table 'Marlu' 9-max Seat #3 is the button
Seat 1: s!moO00 ($1.47 in chips) 
Seat 2: djiga.1215 ($1.48 in chips) 
Seat 3: frosa9397 ($2.03 in chips) 
Seat 4: cberto09 ($2.23 in chips) 
Seat 5: Pókis ($1.41 in chips) 
Seat 7: eugenejr ($1.07 in chips) 
Seat 8: Dorex2007 ($3.35 in chips) 
cberto09: posts small blind $0.01
Pókis: posts big blind $0.02
Selma261011: sits out 
*** HOLE CARDS ***
Dealt to Dorex2007 [9s 7s]
eugenejr: folds 
Dorex2007: folds 
s!moO00: calls $0.02
djiga.1215: folds 
frosa9397: folds 
cberto09: calls $0.01
Pókis: checks 
*** FLOP *** [2c 2h Jc]
cberto09: checks 
Pókis: checks 
s!moO00: checks 
*** TURN *** [2c 2h Jc] [Tc]
cberto09: checks 
Pókis: checks 
s!moO00: checks 
*** RIVER *** [2c 2h Jc Tc] [Js]
cberto09: checks 
Pókis: checks 
s!moO00: bets $0.02
cberto09: folds 
Pókis: folds 
Uncalled bet ($0.02) returned to s!moO00
s!moO00 collected $0.06 from pot
s!moO00: doesn't show hand 
*** SUMMARY ***
Total pot $0.06 | Rake $0 
Board [2c 2h Jc Tc Js]
Seat 1: s!moO00 collected ($0.06)
Seat 2: djiga.1215 folded before Flop (didn't bet)
Seat 3: frosa9397 (button) folded before Flop (didn't bet)
Seat 4: cberto09 (small blind) folded on the River
Seat 5: Pókis (big blind) folded on the River
Seat 7: eugenejr folded before Flop (didn't bet)
Seat 8: Dorex2007 folded before Flop (didn't bet)



PokerStars Hand #228321565362:  Hold'em No Limit ($0.01/$0.02 USD) - 2021/07/15 18:12:19 PT [2021/07/15 21:12:19 ET]
Table 'Marlu' 9-max Seat #4 is the button
Seat 1: s!moO00 ($1.51 in chips) 
Seat 2: djiga.1215 ($1.48 in chips) 
Seat 3: frosa9397 ($2.03 in chips) 
Seat 4: cberto09 ($2.21 in chips) 
Seat 5: Pókis ($1.39 in chips) 
Seat 7: eugenejr ($1.07 in chips) 
Seat 8: Dorex2007 ($3.35 in chips) 
Pókis: posts small blind $0.01
eugenejr: posts big blind $0.02
Selma261011: sits out 
*** HOLE CARDS ***
Dealt to Dorex2007 [Jc Qs]
Dorex2007: folds 
s!moO00: folds 
djiga.1215: raises $0.03 to $0.05
frosa9397: folds 
cberto09: folds 
Pókis: folds 
eugenejr: calls $0.03
*** FLOP *** [5d 8d Qh]
eugenejr: checks 
djiga.1215: bets $0.05
eugenejr: folds 
Uncalled bet ($0.05) returned to djiga.1215
djiga.1215 collected $0.11 from pot
djiga.1215: doesn't show hand 
*** SUMMARY ***
Total pot $0.11 | Rake $0 
Board [5d 8d Qh]
Seat 1: s!moO00 folded before Flop (didn't bet)
Seat 2: djiga.1215 collected ($0.11)
Seat 3: frosa9397 folded before Flop (didn't bet)
Seat 4: cberto09 (button) folded before Flop (didn't bet)
Seat 5: Pókis (small blind) folded before Flop
Seat 7: eugenejr (big blind) folded on the Flop
Seat 8: Dorex2007 folded before Flop (didn't bet)



PokerStars Hand #228321582690:  Hold'em No Limit ($0.01/$0.02 USD) - 2021/07/15 18:12:57 PT [2021/07/15 21:12:57 ET]
Table 'Marlu' 9-max Seat #5 is the button
Seat 1: s!moO00 ($1.51 in chips) 
Seat 2: djiga.1215 ($1.54 in chips) 
Seat 3: frosa9397 ($2.03 in chips) 
Seat 4: cberto09 ($2.21 in chips) 
Seat 5: Pókis ($1.38 in chips) 
Seat 7: eugenejr ($1.02 in chips) 
Seat 8: Dorex2007 ($3.35 in chips) 
eugenejr: posts small blind $0.01
Dorex2007: posts big blind $0.02
Selma261011: sits out 
*** HOLE CARDS ***
Dealt to Dorex2007 [8h 8s]
s!moO00: folds 
djiga.1215: raises $0.02 to $0.04
frosa9397: folds 
cberto09: folds 
Pókis: folds 
eugenejr: calls $0.03
Dorex2007: calls $0.02
*** FLOP *** [Kh Ts 3c]
eugenejr: checks 
Dorex2007: checks 
djiga.1215: bets $0.06
eugenejr: calls $0.06
Dorex2007: folds 
*** TURN *** [Kh Ts 3c] [Kc]
eugenejr: checks 
schop.ot.14 is disconnected 
djiga.1215: bets $0.11
eugenejr: folds 
Uncalled bet ($0.11) returned to djiga.1215
djiga.1215 collected $0.23 from pot
djiga.1215: doesn't show hand 
*** SUMMARY ***
Total pot $0.24 | Rake $0.01 
Board [Kh Ts 3c Kc]
Seat 1: s!moO00 folded before Flop (didn't bet)
Seat 2: djiga.1215 collected ($0.23)
Seat 3: frosa9397 folded before Flop (didn't bet)
Seat 4: cberto09 folded before Flop (didn't bet)
Seat 5: Pókis (button) folded before Flop (didn't bet)
Seat 7: eugenejr (small blind) folded on the Turn
Seat 8: Dorex2007 (big blind) folded on the Flop



PokerStars Hand #228321602194:  Hold'em No Limit ($0.01/$0.02 USD) - 2021/07/15 18:14:18 PT [2021/07/15 21:14:18 ET]
Table 'Marlu' 9-max Seat #7 is the button
Seat 1: s!moO00 ($1.51 in chips) 
Seat 2: djiga.1215 ($1.67 in chips) 
Seat 3: frosa9397 ($2.03 in chips) 
Seat 4: cberto09 ($2.21 in chips) 
Seat 5: Pókis ($1.38 in chips) 
Seat 7: eugenejr ($0.92 in chips) 
Seat 8: Dorex2007 ($3.31 in chips) 
Seat 9: Selma261011 ($0.80 in chips) 
Dorex2007: posts small blind $0.01
Selma261011: posts big blind $0.02
*** HOLE CARDS ***
Dealt to Dorex2007 [Kd 5s]
s!moO00: folds 
djiga.1215: folds 
frosa9397: folds 
cberto09: folds 
Pókis: folds 
eugenejr: calls $0.02
Dorex2007: calls $0.01
Selma261011: checks 
*** FLOP *** [4s 2s Tc]
Dorex2007: checks 
Selma261011: checks 
eugenejr: checks 
*** TURN *** [4s 2s Tc] [Ac]
Dorex2007: checks 
Selma261011: bets $0.04
eugenejr: calls $0.04
Dorex2007: folds 
*** RIVER *** [4s 2s Tc Ac] [7s]
Selma261011: bets $0.04
eugenejr: calls $0.04
*** SHOW DOWN ***
Selma261011: shows [9h Ah] (a pair of Aces)
eugenejr: shows [7d 4d] (two pair, Sevens and Fours)
eugenejr collected $0.21 from pot
*** SUMMARY ***
Total pot $0.22 | Rake $0.01 
Board [4s 2s Tc Ac 7s]
Seat 1: s!moO00 folded before Flop (didn't bet)
Seat 2: djiga.1215 folded before Flop (didn't bet)
Seat 3: frosa9397 folded before Flop (didn't bet)
Seat 4: cberto09 folded before Flop (didn't bet)
Seat 5: Pókis folded before Flop (didn't bet)
Seat 7: eugenejr (button) showed [7d 4d] and won ($0.21) with two pair, Sevens and Fours
Seat 8: Dorex2007 (small blind) folded on the Turn
Seat 9: Selma261011 (big blind) showed [9h Ah] and lost with a pair of Aces



PokerStars Hand #228321613808:  Hold'em No Limit ($0.01/$0.02 USD) - 2021/07/15 18:15:05 PT [2021/07/15 21:15:05 ET]
Table 'Marlu' 9-max Seat #8 is the button
Seat 1: s!moO00 ($1.51 in chips) 
Seat 2: djiga.1215 ($1.67 in chips) 
Seat 3: frosa9397 ($2.03 in chips) 
Seat 4: cberto09 ($2.21 in chips) 
Seat 5: Pókis ($1.38 in chips) 
Seat 7: eugenejr ($1.03 in chips) 
Seat 8: Dorex2007 ($3.29 in chips) 
Seat 9: Selma261011 ($0.70 in chips) 
Selma261011: posts small blind $0.01
s!moO00: posts big blind $0.02
*** HOLE CARDS ***
Dealt to Dorex2007 [As Qh]
djiga.1215: folds 
frosa9397: folds 
cberto09: raises $0.04 to $0.06
Pókis: folds 
eugenejr: folds 
Dorex2007: raises $0.04 to $0.10
Selma261011: folds 
s!moO00: folds 
cberto09: calls $0.04
*** FLOP *** [Tc 9c 3d]
cberto09: checks 
Dorex2007: bets $0.22
cberto09: folds 
Uncalled bet ($0.22) returned to Dorex2007
Dorex2007 collected $0.22 from pot
Dorex2007: doesn't show hand 
*** SUMMARY ***
Total pot $0.23 | Rake $0.01 
Board [Tc 9c 3d]
Seat 1: s!moO00 (big blind) folded before Flop
Seat 2: djiga.1215 folded before Flop (didn't bet)
Seat 3: frosa9397 folded before Flop (didn't bet)
Seat 4: cberto09 folded on the Flop
Seat 5: Pókis folded before Flop (didn't bet)
Seat 7: eugenejr folded before Flop (didn't bet)
Seat 8: Dorex2007 (button) collected ($0.22)
Seat 9: Selma261011 (small blind) folded before Flop



PokerStars Hand #228321627643:  Hold'em No Limit ($0.01/$0.02 USD) - 2021/07/15 18:16:02 PT [2021/07/15 21:16:02 ET]
Table 'Marlu' 9-max Seat #9 is the button
Seat 1: s!moO00 ($1.49 in chips) 
Seat 2: djiga.1215 ($1.67 in chips) 
Seat 3: frosa9397 ($2.03 in chips) 
Seat 4: cberto09 ($2.11 in chips) 
Seat 5: Pókis ($1.38 in chips) 
Seat 7: eugenejr ($1.03 in chips) 
Seat 8: Dorex2007 ($3.41 in chips) 
Seat 9: Selma261011 ($0.69 in chips) 
s!moO00: posts small blind $0.01
djiga.1215: posts big blind $0.02
*** HOLE CARDS ***
Dealt to Dorex2007 [6d 4c]
frosa9397: folds 
cberto09: folds 
Pókis: calls $0.02
eugenejr: calls $0.02
Dorex2007: folds 
Selma261011: folds 
s!moO00: calls $0.01
djiga.1215: checks 
*** FLOP *** [Kd Qc 5s]
s!moO00: checks 
djiga.1215: checks 
Pókis: checks 
eugenejr: checks 
*** TURN *** [Kd Qc 5s] [9c]
s!moO00: bets $0.02
djiga.1215: folds 
Pókis: calls $0.02
eugenejr: folds 
*** RIVER *** [Kd Qc 5s 9c] [4s]
s!moO00: bets $0.12
Pókis: calls $0.12
*** SHOW DOWN ***
s!moO00: shows [Kh 4d] (two pair, Kings and Fours)
Pókis: mucks hand 
s!moO00 collected $0.35 from pot
*** SUMMARY ***
Total pot $0.36 | Rake $0.01 
Board [Kd Qc 5s 9c 4s]
Seat 1: s!moO00 (small blind) showed [Kh 4d] and won ($0.35) with two pair, Kings and Fours
Seat 2: djiga.1215 (big blind) folded on the Turn
Seat 3: frosa9397 folded before Flop (didn't bet)
Seat 4: cberto09 folded before Flop (didn't bet)
Seat 5: Pókis mucked [7h Qd]
Seat 7: eugenejr folded on the Turn
Seat 8: Dorex2007 folded before Flop (didn't bet)
Seat 9: Selma261011 (button) folded before Flop (didn't bet)



PokerStars Hand #228321637573:  Hold'em No Limit ($0.01/$0.02 USD) - 2021/07/15 18:16:43 PT [2021/07/15 21:16:43 ET]
Table 'Marlu' 9-max Seat #1 is the button
Seat 1: s!moO00 ($1.68 in chips) 
Seat 2: djiga.1215 ($1.65 in chips) 
Seat 3: frosa9397 ($2.03 in chips) 
Seat 4: cberto09 ($2.11 in chips) 
Seat 5: Pókis ($1.22 in chips) 
Seat 7: eugenejr ($1.01 in chips) 
Seat 8: Dorex2007 ($3.41 in chips) 
Seat 9: Selma261011 ($0.69 in chips) 
djiga.1215: posts small blind $0.01
frosa9397: posts big blind $0.02
*** HOLE CARDS ***
Dealt to Dorex2007 [3s Jd]
cberto09: raises $0.04 to $0.06
Pókis: folds 
eugenejr: calls $0.06
Dorex2007: folds 
Selma261011: folds 
s!moO00: folds 
djiga.1215: folds 
frosa9397: folds 
*** FLOP *** [4s Kh 6s]
cberto09: bets $0.04
eugenejr: folds 
Uncalled bet ($0.04) returned to cberto09
cberto09 collected $0.14 from pot
cberto09: doesn't show hand 
*** SUMMARY ***
Total pot $0.15 | Rake $0.01 
Board [4s Kh 6s]
Seat 1: s!moO00 (button) folded before Flop (didn't bet)
Seat 2: djiga.1215 (small blind) folded before Flop
Seat 3: frosa9397 (big blind) folded before Flop
Seat 4: cberto09 collected ($0.14)
Seat 5: Pókis folded before Flop (didn't bet)
Seat 7: eugenejr folded on the Flop
Seat 8: Dorex2007 folded before Flop (didn't bet)
Seat 9: Selma261011 folded before Flop (didn't bet)



PokerStars Hand #228321647050:  Hold'em No Limit ($0.01/$0.02 USD) - 2021/07/15 18:17:22 PT [2021/07/15 21:17:22 ET]
Table 'Marlu' 9-max Seat #2 is the button
Seat 1: s!moO00 ($1.68 in chips) 
Seat 2: djiga.1215 ($1.64 in chips) 
Seat 3: frosa9397 ($2.01 in chips) 
Seat 4: cberto09 ($2.19 in chips) 
Seat 5: Pókis ($1.22 in chips) 
Seat 7: eugenejr ($0.95 in chips) 
Seat 8: Dorex2007 ($3.41 in chips) 
Seat 9: Selma261011 ($0.69 in chips) 
frosa9397: posts small blind $0.01
cberto09: posts big blind $0.02
*** HOLE CARDS ***
Dealt to Dorex2007 [Js 7h]
Pókis: raises $0.02 to $0.04
eugenejr: raises $0.02 to $0.06
Dorex2007: folds 
Selma261011: folds 
s!moO00: folds 
djiga.1215: folds 
frosa9397: folds 
cberto09: folds 
Pókis: calls $0.02
*** FLOP *** [6d Td Ah]
Pókis: checks 
eugenejr: bets $0.89 and is all-in
Pókis: calls $0.89
*** TURN *** [6d Td Ah] [7c]
*** RIVER *** [6d Td Ah 7c] [Qc]
*** SHOW DOWN ***
Pókis: shows [As Th] (two pair, Aces and Tens)
eugenejr: shows [Kh Ac] (a pair of Aces)
Pókis collected $1.86 from pot
eugenejr cashed out the hand for $0.28
*** SUMMARY ***
Total pot $1.93 | Rake $0.07 
Board [6d Td Ah 7c Qc]
Seat 1: s!moO00 folded before Flop (didn't bet)
Seat 2: djiga.1215 (button) folded before Flop (didn't bet)
Seat 3: frosa9397 (small blind) folded before Flop
Seat 4: cberto09 (big blind) folded before Flop
Seat 5: Pókis showed [As Th] and won ($1.86) with two pair, Aces and Tens
Seat 7: eugenejr showed [Kh Ac] and lost with a pair of Aces (cashed out).
Seat 8: Dorex2007 folded before Flop (didn't bet)
Seat 9: Selma261011 folded before Flop (didn't bet)



PokerStars Hand #228321659169:  Hold'em No Limit ($0.01/$0.02 USD) - 2021/07/15 18:18:13 PT [2021/07/15 21:18:13 ET]
Table 'Marlu' 9-max Seat #3 is the button
Seat 1: s!moO00 ($1.68 in chips) 
Seat 2: djiga.1215 ($1.64 in chips) 
Seat 3: frosa9397 ($2 in chips) 
Seat 4: cberto09 ($2.17 in chips) 
Seat 5: Pókis ($2.13 in chips) 
Seat 7: eugenejr ($0.28 in chips) 
Seat 8: Dorex2007 ($3.41 in chips) 
Seat 9: Selma261011 ($0.69 in chips) 
cberto09: posts small blind $0.01
Pókis: posts big blind $0.02
*** HOLE CARDS ***
Dealt to Dorex2007 [Jd As]
eugenejr: raises $0.26 to $0.28 and is all-in
Dorex2007: folds 
Selma261011: folds 
s!moO00: folds 
djiga.1215: folds 
frosa9397: folds 
cberto09: folds 
Pókis: folds 
Uncalled bet ($0.26) returned to eugenejr
eugenejr collected $0.05 from pot
eugenejr: doesn't show hand 
*** SUMMARY ***
Total pot $0.05 | Rake $0 
Seat 1: s!moO00 folded before Flop (didn't bet)
Seat 2: djiga.1215 folded before Flop (didn't bet)
Seat 3: frosa9397 (button) folded before Flop (didn't bet)
Seat 4: cberto09 (small blind) folded before Flop
Seat 5: Pókis (big blind) folded before Flop
Seat 7: eugenejr collected ($0.05)
Seat 8: Dorex2007 folded before Flop (didn't bet)
Seat 9: Selma261011 folded before Flop (didn't bet)



PokerStars Hand #228321669787:  Hold'em No Limit ($0.01/$0.02 USD) - 2021/07/15 18:18:57 PT [2021/07/15 21:18:57 ET]
Table 'Marlu' 9-max Seat #4 is the button
Seat 1: s!moO00 ($1.68 in chips) 
Seat 2: djiga.1215 ($1.64 in chips) 
Seat 3: frosa9397 ($2 in chips) 
Seat 4: cberto09 ($2.16 in chips) 
Seat 5: Pókis ($2.11 in chips) 
Seat 7: eugenejr ($0.31 in chips) 
Seat 8: Dorex2007 ($3.41 in chips) 
Seat 9: Selma261011 ($0.69 in chips) 
Pókis: posts small blind $0.01
eugenejr: posts big blind $0.02
*** HOLE CARDS ***
Dealt to Dorex2007 [6h 4h]
Dorex2007: folds 
Selma261011: folds 
s!moO00: raises $0.05 to $0.07
djiga.1215: folds 
schop.ot.14 is disconnected 
frosa9397: folds 
cberto09: folds 
Pókis: folds 
eugenejr: folds 
Uncalled bet ($0.05) returned to s!moO00
s!moO00 collected $0.05 from pot
schop.ot.14 leaves the table
s!moO00: doesn't show hand 
*** SUMMARY ***
Total pot $0.05 | Rake $0 
Seat 1: s!moO00 collected ($0.05)
Seat 2: djiga.1215 folded before Flop (didn't bet)
Seat 3: frosa9397 folded before Flop (didn't bet)
Seat 4: cberto09 (button) folded before Flop (didn't bet)
Seat 5: Pókis (small blind) folded before Flop
Seat 7: eugenejr (big blind) folded before Flop
Seat 8: Dorex2007 folded before Flop (didn't bet)
Seat 9: Selma261011 folded before Flop (didn't bet)



PokerStars Hand #228321675569:  Hold'em No Limit ($0.01/$0.02 USD) - 2021/07/15 18:19:21 PT [2021/07/15 21:19:21 ET]
Table 'Marlu' 9-max Seat #5 is the button
Seat 1: s!moO00 ($1.71 in chips) 
Seat 2: djiga.1215 ($1.64 in chips) 
Seat 3: frosa9397 ($2 in chips) 
Seat 4: cberto09 ($2.16 in chips) 
Seat 5: Pókis ($2.10 in chips) 
Seat 7: eugenejr ($0.29 in chips) 
Seat 8: Dorex2007 ($3.41 in chips) 
Seat 9: Selma261011 ($0.69 in chips) 
eugenejr: posts small blind $0.01
Dorex2007: posts big blind $0.02
*** HOLE CARDS ***
Dealt to Dorex2007 [Kh Jc]
Selma261011: folds 
s!moO00: folds 
djiga.1215: raises $0.02 to $0.04
frosa9397: calls $0.04
cberto09: folds 
Pókis: folds 
eugenejr: folds 
Dorex2007: calls $0.02
*** FLOP *** [7h 9c 7c]
Dorex2007: checks 
djiga.1215: checks 
frosa9397: checks 
*** TURN *** [7h 9c 7c] [9s]
Dorex2007: bets $0.09
djiga.1215: folds 
frosa9397: folds 
Uncalled bet ($0.09) returned to Dorex2007
Dorex2007 collected $0.13 from pot
Dorex2007: doesn't show hand 
*** SUMMARY ***
Total pot $0.13 | Rake $0 
Board [7h 9c 7c 9s]
Seat 1: s!moO00 folded before Flop (didn't bet)
Seat 2: djiga.1215 folded on the Turn
Seat 3: frosa9397 folded on the Turn
Seat 4: cberto09 folded before Flop (didn't bet)
Seat 5: Pókis (button) folded before Flop (didn't bet)
Seat 7: eugenejr (small blind) folded before Flop
Seat 8: Dorex2007 (big blind) collected ($0.13)
Seat 9: Selma261011 folded before Flop (didn't bet)



PokerStars Hand #228321688185:  Hold'em No Limit ($0.01/$0.02 USD) - 2021/07/15 18:20:15 PT [2021/07/15 21:20:15 ET]
Table 'Marlu' 9-max Seat #7 is the button
Seat 1: s!moO00 ($1.71 in chips) 
Seat 2: djiga.1215 ($1.60 in chips) 
Seat 3: frosa9397 ($1.96 in chips) 
Seat 4: cberto09 ($2.16 in chips) 
Seat 5: Pókis ($2.10 in chips) 
Seat 7: eugenejr ($0.28 in chips) 
Seat 8: Dorex2007 ($3.50 in chips) 
Seat 9: Selma261011 ($0.69 in chips) 
Dorex2007: posts small blind $0.01
Selma261011: posts big blind $0.02
*** HOLE CARDS ***
Dealt to Dorex2007 [2h 8h]
s!moO00: folds 
djiga.1215: raises $0.03 to $0.05
frosa9397: folds 
cberto09: folds 
Pókis: folds 
eugenejr: raises $0.23 to $0.28 and is all-in
Dorex2007: folds 
Selma261011: folds 
djiga.1215: calls $0.23
*** FLOP *** [6c 2s 6d]
*** TURN *** [6c 2s 6d] [2d]
*** RIVER *** [6c 2s 6d 2d] [3h]
marjimgon joins the table at seat #6 
*** SHOW DOWN ***
djiga.1215: shows [9s Ts] (two pair, Sixes and Deuces)
eugenejr: shows [Ah 7c] (two pair, Sixes and Deuces - Ace kicker)
eugenejr collected $0.57 from pot
*** SUMMARY ***
Total pot $0.59 | Rake $0.02 
Board [6c 2s 6d 2d 3h]
Seat 1: s!moO00 folded before Flop (didn't bet)
Seat 2: djiga.1215 showed [9s Ts] and lost with two pair, Sixes and Deuces
Seat 3: frosa9397 folded before Flop (didn't bet)
Seat 4: cberto09 folded before Flop (didn't bet)
Seat 5: Pókis folded before Flop (didn't bet)
Seat 7: eugenejr (button) showed [Ah 7c] and won ($0.57) with two pair, Sixes and Deuces
Seat 8: Dorex2007 (small blind) folded before Flop
Seat 9: Selma261011 (big blind) folded before Flop



PokerStars Hand #228321695926:  Hold'em No Limit ($0.01/$0.02 USD) - 2021/07/15 18:20:47 PT [2021/07/15 21:20:47 ET]
Table 'Marlu' 9-max Seat #8 is the button
Seat 1: s!moO00 ($1.71 in chips) 
Seat 2: djiga.1215 ($1.32 in chips) 
Seat 3: frosa9397 ($1.96 in chips) 
Seat 4: cberto09 ($2.16 in chips) 
Seat 5: Pókis ($2.10 in chips) 
Seat 7: eugenejr ($0.57 in chips) 
Seat 8: Dorex2007 ($3.49 in chips) 
Seat 9: Selma261011 ($0.67 in chips) 
Selma261011: posts small blind $0.01
s!moO00: posts big blind $0.02
marjimgon: sits out 
*** HOLE CARDS ***
Dealt to Dorex2007 [7c 4d]
djiga.1215: folds 
frosa9397: folds 
cberto09: folds 
Pókis: calls $0.02
eugenejr: calls $0.02
Dorex2007: folds 
Selma261011: calls $0.01
s!moO00: checks 
*** FLOP *** [Jh 8h 9d]
Selma261011: checks 
s!moO00: checks 
Pókis: checks 
eugenejr: checks 
*** TURN *** [Jh 8h 9d] [Kc]
Selma261011: bets $0.05
s!moO00: folds 
Pókis: calls $0.05
eugenejr: calls $0.05
*** RIVER *** [Jh 8h 9d Kc] [5c]
Selma261011: bets $0.07
Pókis: calls $0.07
eugenejr: folds 
*** SHOW DOWN ***
Selma261011: shows [6d 7d] (a straight, Five to Nine)
Pókis: mucks hand 
Selma261011 collected $0.36 from pot
*** SUMMARY ***
Total pot $0.37 | Rake $0.01 
Board [Jh 8h 9d Kc 5c]
Seat 1: s!moO00 (big blind) folded on the Turn
Seat 2: djiga.1215 folded before Flop (didn't bet)
Seat 3: frosa9397 folded before Flop (didn't bet)
Seat 4: cberto09 folded before Flop (didn't bet)
Seat 5: Pókis mucked [Kd 7s]
Seat 7: eugenejr folded on the River
Seat 8: Dorex2007 (button) folded before Flop (didn't bet)
Seat 9: Selma261011 (small blind) showed [6d 7d] and won ($0.36) with a straight, Five to Nine



PokerStars Hand #228321714031:  Hold'em No Limit ($0.01/$0.02 USD) - 2021/07/15 18:22:02 PT [2021/07/15 21:22:02 ET]
Table 'Marlu' 9-max Seat #9 is the button
Seat 1: s!moO00 ($1.69 in chips) 
Seat 2: djiga.1215 ($1.32 in chips) 
Seat 3: frosa9397 ($1.96 in chips) 
Seat 4: cberto09 ($2.16 in chips) 
Seat 5: Pókis ($1.96 in chips) 
Seat 7: eugenejr ($0.50 in chips) 
Seat 8: Dorex2007 ($3.49 in chips) 
Seat 9: Selma261011 ($0.89 in chips) 
s!moO00: posts small blind $0.01
djiga.1215: posts big blind $0.02
marjimgon: sits out 
*** HOLE CARDS ***
Dealt to Dorex2007 [7c 6h]
frosa9397: folds 
cberto09: folds 
Pókis: calls $0.02
eugenejr: calls $0.02
Dorex2007: folds 
Selma261011: raises $0.08 to $0.10
s!moO00: folds 
djiga.1215: folds 
Pókis: folds 
eugenejr: calls $0.08
*** FLOP *** [Ah Qc Tc]
eugenejr: bets $0.02
Selma261011: raises $0.19 to $0.21
eugenejr: calls $0.19
*** TURN *** [Ah Qc Tc] [Ac]
eugenejr: bets $0.19 and is all-in
Selma261011: calls $0.19
eugenejr has timed out
*** RIVER *** [Ah Qc Tc Ac] [7d]
*** SHOW DOWN ***
eugenejr: shows [9h Js] (a pair of Aces)
Selma261011: shows [2s 2d] (two pair, Aces and Deuces)
Selma261011 cashed out the hand for $0.57 | Cash Out Fee $0.01
*** SUMMARY ***
Total pot $1.05 | Rake $0.04 
Board [Ah Qc Tc Ac 7d]
Seat 1: s!moO00 (small blind) folded before Flop
Seat 2: djiga.1215 (big blind) folded before Flop
Seat 3: frosa9397 folded before Flop (didn't bet)
Seat 4: cberto09 folded before Flop (didn't bet)
Seat 5: Pókis folded before Flop
Seat 7: eugenejr showed [9h Js] and lost with a pair of Aces
Seat 8: Dorex2007 folded before Flop (didn't bet)
Seat 9: Selma261011 (button) showed [2s 2d] and won ($1.01) with two pair, Aces and Deuces (pot not awarded as player cashed out)



