PokerStars Hand #237281345628:  Hold'em No Limit ($0.01/$0.02 USD) - 2022/07/10 13:20:26 PT [2022/07/10 16:20:26 ET]
Table 'Prospero III' 9-max Seat #4 is the button
Seat 1: Sensei_Wai ($4.05 in chips) 
Seat 2: arsenyaspbsb ($2.01 in chips) 
Seat 3: Dorex2007 ($2 in chips) 
Seat 4: RosemontTony ($2.23 in chips) 
Seat 5: pepasaol ($3.54 in chips) 
Seat 6: Gomez224 ($2 in chips) 
Seat 7: Azzoro ($0.89 in chips) 
Seat 8: freeswag ($2.03 in chips) 
Seat 9: frosa9397 ($2.60 in chips) 
pepasaol: posts small blind $0.01
Gomez224: posts big blind $0.02
Dorex2007: posts big blind $0.02
*** HOLE CARDS ***
Dealt to Dorex2007 [6c 2c]
Azzoro: folds 
freeswag: folds 
frosa9397: folds 
Sensei_Wai: folds 
arsenyaspbsb: folds 
Dorex2007: checks 
RosemontTony: raises $0.07 to $0.09
pepasaol: folds 
Gomez224: folds 
Dorex2007: folds 
Uncalled bet ($0.07) returned to RosemontTony
RosemontTony collected $0.07 from pot
*** SUMMARY ***
Total pot $0.07 | Rake $0 
Seat 1: Sensei_Wai folded before Flop (didn't bet)
Seat 2: arsenyaspbsb folded before Flop (didn't bet)
Seat 3: Dorex2007 folded before Flop (didn't bet)
Seat 4: RosemontTony (button) collected ($0.07)
Seat 5: pepasaol (small blind) folded before Flop
Seat 6: Gomez224 (big blind) folded before Flop
Seat 7: Azzoro folded before Flop (didn't bet)
Seat 8: freeswag folded before Flop (didn't bet)
Seat 9: frosa9397 folded before Flop (didn't bet)



PokerStars Hand #237281358610:  Hold'em No Limit ($0.01/$0.02 USD) - 2022/07/10 13:20:56 PT [2022/07/10 16:20:56 ET]
Table 'Prospero III' 9-max Seat #5 is the button
Seat 1: Sensei_Wai ($4.05 in chips) 
Seat 2: arsenyaspbsb ($2.01 in chips) 
Seat 3: Dorex2007 ($2 in chips) 
Seat 4: RosemontTony ($2.28 in chips) 
Seat 5: pepasaol ($3.53 in chips) 
Seat 6: Gomez224 ($2 in chips) 
Seat 7: Azzoro ($0.89 in chips) 
Seat 8: freeswag ($2.03 in chips) 
Seat 9: frosa9397 ($2.60 in chips) 
Gomez224: posts small blind $0.01
Azzoro: posts big blind $0.02
*** HOLE CARDS ***
Dealt to Dorex2007 [Td Kc]
freeswag: folds 
frosa9397: folds 
Sensei_Wai: folds 
arsenyaspbsb: folds 
Dorex2007: raises $0.04 to $0.06
RosemontTony: folds 
pepasaol: folds 
Gomez224: folds 
Azzoro: folds 
Uncalled bet ($0.04) returned to Dorex2007
Dorex2007 collected $0.05 from pot
*** SUMMARY ***
Total pot $0.05 | Rake $0 
Seat 1: Sensei_Wai folded before Flop (didn't bet)
Seat 2: arsenyaspbsb folded before Flop (didn't bet)
Seat 3: Dorex2007 collected ($0.05)
Seat 4: RosemontTony folded before Flop (didn't bet)
Seat 5: pepasaol (button) folded before Flop (didn't bet)
Seat 6: Gomez224 (small blind) folded before Flop
Seat 7: Azzoro (big blind) folded before Flop
Seat 8: freeswag folded before Flop (didn't bet)
Seat 9: frosa9397 folded before Flop (didn't bet)



PokerStars Hand #237281368468:  Hold'em No Limit ($0.01/$0.02 USD) - 2022/07/10 13:21:18 PT [2022/07/10 16:21:18 ET]
Table 'Prospero III' 9-max Seat #6 is the button
Seat 1: Sensei_Wai ($4.05 in chips) 
Seat 2: arsenyaspbsb ($2.01 in chips) 
Seat 3: Dorex2007 ($2.03 in chips) 
Seat 4: RosemontTony ($2.28 in chips) 
Seat 5: pepasaol ($3.53 in chips) 
Seat 6: Gomez224 ($2 in chips) 
Seat 7: Azzoro ($0.87 in chips) 
Seat 8: freeswag ($2.03 in chips) 
Seat 9: frosa9397 ($2.60 in chips) 
Azzoro: posts small blind $0.01
freeswag: posts big blind $0.02
*** HOLE CARDS ***
Dealt to Dorex2007 [5h 7s]
frosa9397: calls $0.02
Sensei_Wai: raises $0.08 to $0.10
arsenyaspbsb: folds 
Dorex2007: folds 
RosemontTony: folds 
pepasaol: folds 
Gomez224: folds 
Azzoro: folds 
freeswag: folds 
frosa9397: folds 
Uncalled bet ($0.08) returned to Sensei_Wai
Sensei_Wai collected $0.07 from pot
*** SUMMARY ***
Total pot $0.07 | Rake $0 
Seat 1: Sensei_Wai collected ($0.07)
Seat 2: arsenyaspbsb folded before Flop (didn't bet)
Seat 3: Dorex2007 folded before Flop (didn't bet)
Seat 4: RosemontTony folded before Flop (didn't bet)
Seat 5: pepasaol folded before Flop (didn't bet)
Seat 6: Gomez224 (button) folded before Flop (didn't bet)
Seat 7: Azzoro (small blind) folded before Flop
Seat 8: freeswag (big blind) folded before Flop
Seat 9: frosa9397 folded before Flop



PokerStars Hand #237281378929:  Hold'em No Limit ($0.01/$0.02 USD) - 2022/07/10 13:21:42 PT [2022/07/10 16:21:42 ET]
Table 'Prospero III' 9-max Seat #7 is the button
Seat 1: Sensei_Wai ($4.10 in chips) 
Seat 2: arsenyaspbsb ($2.01 in chips) 
Seat 3: Dorex2007 ($2.03 in chips) 
Seat 4: RosemontTony ($2.28 in chips) 
Seat 5: pepasaol ($3.53 in chips) 
Seat 6: Gomez224 ($2 in chips) 
Seat 7: Azzoro ($0.86 in chips) 
Seat 8: freeswag ($2.01 in chips) 
Seat 9: frosa9397 ($2.58 in chips) 
freeswag: posts small blind $0.01
frosa9397: posts big blind $0.02
*** HOLE CARDS ***
Dealt to Dorex2007 [9c 5h]
Sensei_Wai: folds 
arsenyaspbsb: folds 
Dorex2007: folds 
RosemontTony: folds 
pepasaol: folds 
Gomez224: folds 
Azzoro: raises $0.02 to $0.04
freeswag: folds 
frosa9397: folds 
Uncalled bet ($0.02) returned to Azzoro
Azzoro collected $0.05 from pot
*** SUMMARY ***
Total pot $0.05 | Rake $0 
Seat 1: Sensei_Wai folded before Flop (didn't bet)
Seat 2: arsenyaspbsb folded before Flop (didn't bet)
Seat 3: Dorex2007 folded before Flop (didn't bet)
Seat 4: RosemontTony folded before Flop (didn't bet)
Seat 5: pepasaol folded before Flop (didn't bet)
Seat 6: Gomez224 folded before Flop (didn't bet)
Seat 7: Azzoro (button) collected ($0.05)
Seat 8: freeswag (small blind) folded before Flop
Seat 9: frosa9397 (big blind) folded before Flop



PokerStars Hand #237281387666:  Hold'em No Limit ($0.01/$0.02 USD) - 2022/07/10 13:22:02 PT [2022/07/10 16:22:02 ET]
Table 'Prospero III' 9-max Seat #8 is the button
Seat 1: Sensei_Wai ($4.10 in chips) 
Seat 2: arsenyaspbsb ($2.01 in chips) 
Seat 3: Dorex2007 ($2.03 in chips) 
Seat 4: RosemontTony ($2.28 in chips) 
Seat 5: pepasaol ($3.53 in chips) 
Seat 6: Gomez224 ($2 in chips) 
Seat 7: Azzoro ($0.89 in chips) 
Seat 8: freeswag ($2 in chips) 
Seat 9: frosa9397 ($2.56 in chips) 
frosa9397: posts small blind $0.01
Sensei_Wai: posts big blind $0.02
*** HOLE CARDS ***
Dealt to Dorex2007 [9c 2h]
arsenyaspbsb: folds 
Dorex2007: folds 
RosemontTony: folds 
pepasaol: folds 
Gomez224: folds 
Azzoro: folds 
freeswag: raises $0.03 to $0.05
frosa9397: folds 
Sensei_Wai: calls $0.03
*** FLOP *** [Ad 5c 4c]
Sensei_Wai: bets $0.09
freeswag: calls $0.09
*** TURN *** [Ad 5c 4c] [3h]
Sensei_Wai: checks 
freeswag: bets $0.14
Sensei_Wai: calls $0.14
*** RIVER *** [Ad 5c 4c 3h] [Td]
Sensei_Wai: bets $0.27
freeswag: calls $0.27
*** SHOW DOWN ***
Sensei_Wai: shows [Ac Qd] (a pair of Aces)
freeswag: mucks hand 
Sensei_Wai collected $1.07 from pot
*** SUMMARY ***
Total pot $1.11 | Rake $0.04 
Board [Ad 5c 4c 3h Td]
Seat 1: Sensei_Wai (big blind) showed [Ac Qd] and won ($1.07) with a pair of Aces
Seat 2: arsenyaspbsb folded before Flop (didn't bet)
Seat 3: Dorex2007 folded before Flop (didn't bet)
Seat 4: RosemontTony folded before Flop (didn't bet)
Seat 5: pepasaol folded before Flop (didn't bet)
Seat 6: Gomez224 folded before Flop (didn't bet)
Seat 7: Azzoro folded before Flop (didn't bet)
Seat 8: freeswag (button) mucked [8s As]
Seat 9: frosa9397 (small blind) folded before Flop



PokerStars Hand #237281417735:  Hold'em No Limit ($0.01/$0.02 USD) - 2022/07/10 13:23:11 PT [2022/07/10 16:23:11 ET]
Table 'Prospero III' 9-max Seat #9 is the button
Seat 1: Sensei_Wai ($4.62 in chips) 
Seat 2: arsenyaspbsb ($2.01 in chips) 
Seat 3: Dorex2007 ($2.03 in chips) 
Seat 4: RosemontTony ($2.28 in chips) 
Seat 5: pepasaol ($3.53 in chips) 
Seat 6: Gomez224 ($2 in chips) 
Seat 7: Azzoro ($0.89 in chips) 
Seat 8: freeswag ($2 in chips) 
Seat 9: frosa9397 ($2.55 in chips) 
Sensei_Wai: posts small blind $0.01
arsenyaspbsb: posts big blind $0.02
*** HOLE CARDS ***
Dealt to Dorex2007 [4c Jc]
Dorex2007: folds 
RosemontTony: folds 
pepasaol: folds 
Gomez224: folds 
Azzoro: folds 
freeswag: folds 
frosa9397: folds 
Sensei_Wai: raises $0.06 to $0.08
arsenyaspbsb: folds 
Uncalled bet ($0.06) returned to Sensei_Wai
Sensei_Wai collected $0.04 from pot
*** SUMMARY ***
Total pot $0.04 | Rake $0 
Seat 1: Sensei_Wai (small blind) collected ($0.04)
Seat 2: arsenyaspbsb (big blind) folded before Flop
Seat 3: Dorex2007 folded before Flop (didn't bet)
Seat 4: RosemontTony folded before Flop (didn't bet)
Seat 5: pepasaol folded before Flop (didn't bet)
Seat 6: Gomez224 folded before Flop (didn't bet)
Seat 7: Azzoro folded before Flop (didn't bet)
Seat 8: freeswag folded before Flop (didn't bet)
Seat 9: frosa9397 (button) folded before Flop (didn't bet)



PokerStars Hand #237281433291:  Hold'em No Limit ($0.01/$0.02 USD) - 2022/07/10 13:23:46 PT [2022/07/10 16:23:46 ET]
Table 'Prospero III' 9-max Seat #1 is the button
Seat 1: Sensei_Wai ($4.64 in chips) 
Seat 2: arsenyaspbsb ($2 in chips) 
Seat 3: Dorex2007 ($2.03 in chips) 
Seat 4: RosemontTony ($2.28 in chips) 
Seat 5: pepasaol ($3.53 in chips) 
Seat 6: Gomez224 ($2 in chips) 
Seat 7: Azzoro ($0.89 in chips) 
Seat 8: freeswag ($2 in chips) 
Seat 9: frosa9397 ($2.55 in chips) 
arsenyaspbsb: posts small blind $0.01
Dorex2007: posts big blind $0.02
*** HOLE CARDS ***
Dealt to Dorex2007 [Ks 5s]
RosemontTony: folds 
pepasaol: folds 
Gomez224: folds 
Azzoro: folds 
freeswag: folds 
frosa9397: folds 
Sensei_Wai: folds 
arsenyaspbsb: folds 
Uncalled bet ($0.01) returned to Dorex2007
Dorex2007 collected $0.02 from pot
*** SUMMARY ***
Total pot $0.02 | Rake $0 
Seat 1: Sensei_Wai (button) folded before Flop (didn't bet)
Seat 2: arsenyaspbsb (small blind) folded before Flop
Seat 3: Dorex2007 (big blind) collected ($0.02)
Seat 4: RosemontTony folded before Flop (didn't bet)
Seat 5: pepasaol folded before Flop (didn't bet)
Seat 6: Gomez224 folded before Flop (didn't bet)
Seat 7: Azzoro folded before Flop (didn't bet)
Seat 8: freeswag folded before Flop (didn't bet)
Seat 9: frosa9397 folded before Flop (didn't bet)



PokerStars Hand #237281440725:  Hold'em No Limit ($0.01/$0.02 USD) - 2022/07/10 13:24:04 PT [2022/07/10 16:24:04 ET]
Table 'Prospero III' 9-max Seat #2 is the button
Seat 1: Sensei_Wai ($4.64 in chips) 
Seat 2: arsenyaspbsb ($2 in chips) 
Seat 3: Dorex2007 ($2.04 in chips) 
Seat 4: RosemontTony ($2.28 in chips) 
Seat 5: pepasaol ($3.53 in chips) 
Seat 6: Gomez224 ($2 in chips) 
Seat 7: Azzoro ($0.89 in chips) 
Seat 8: freeswag ($2 in chips) 
Seat 9: frosa9397 ($2.55 in chips) 
Dorex2007: posts small blind $0.01
RosemontTony: posts big blind $0.02
*** HOLE CARDS ***
Dealt to Dorex2007 [Kd 9d]
pepasaol: folds 
Gomez224: folds 
Azzoro: folds 
freeswag: folds 
frosa9397: folds 
Sensei_Wai: raises $0.06 to $0.08
arsenyaspbsb: folds 
Dorex2007: folds 
RosemontTony: folds 
Uncalled bet ($0.06) returned to Sensei_Wai
Sensei_Wai collected $0.05 from pot
*** SUMMARY ***
Total pot $0.05 | Rake $0 
Seat 1: Sensei_Wai collected ($0.05)
Seat 2: arsenyaspbsb (button) folded before Flop (didn't bet)
Seat 3: Dorex2007 (small blind) folded before Flop
Seat 4: RosemontTony (big blind) folded before Flop
Seat 5: pepasaol folded before Flop (didn't bet)
Seat 6: Gomez224 folded before Flop (didn't bet)
Seat 7: Azzoro folded before Flop (didn't bet)
Seat 8: freeswag folded before Flop (didn't bet)
Seat 9: frosa9397 folded before Flop (didn't bet)



PokerStars Hand #237281453051:  Hold'em No Limit ($0.01/$0.02 USD) - 2022/07/10 13:24:32 PT [2022/07/10 16:24:32 ET]
Table 'Prospero III' 9-max Seat #3 is the button
Seat 1: Sensei_Wai ($4.67 in chips) 
Seat 2: arsenyaspbsb ($2 in chips) 
Seat 3: Dorex2007 ($2.03 in chips) 
Seat 4: RosemontTony ($2.26 in chips) 
Seat 5: pepasaol ($3.53 in chips) 
Seat 6: Gomez224 ($2 in chips) 
Seat 7: Azzoro ($0.89 in chips) 
Seat 8: freeswag ($2 in chips) 
Seat 9: frosa9397 ($2.55 in chips) 
RosemontTony: posts small blind $0.01
pepasaol: posts big blind $0.02
*** HOLE CARDS ***
Dealt to Dorex2007 [Tc 2c]
Gomez224: folds 
Azzoro: folds 
freeswag: raises $0.03 to $0.05
frosa9397: folds 
Sensei_Wai: folds 
arsenyaspbsb: folds 
Dorex2007: folds 
RosemontTony: folds 
pepasaol: folds 
Uncalled bet ($0.03) returned to freeswag
freeswag collected $0.05 from pot
*** SUMMARY ***
Total pot $0.05 | Rake $0 
Seat 1: Sensei_Wai folded before Flop (didn't bet)
Seat 2: arsenyaspbsb folded before Flop (didn't bet)
Seat 3: Dorex2007 (button) folded before Flop (didn't bet)
Seat 4: RosemontTony (small blind) folded before Flop
Seat 5: pepasaol (big blind) folded before Flop
Seat 6: Gomez224 folded before Flop (didn't bet)
Seat 7: Azzoro folded before Flop (didn't bet)
Seat 8: freeswag collected ($0.05)
Seat 9: frosa9397 folded before Flop (didn't bet)



PokerStars Hand #237281463784:  Hold'em No Limit ($0.01/$0.02 USD) - 2022/07/10 13:24:57 PT [2022/07/10 16:24:57 ET]
Table 'Prospero III' 9-max Seat #4 is the button
Seat 1: Sensei_Wai ($4.67 in chips) 
Seat 2: arsenyaspbsb ($2 in chips) 
Seat 3: Dorex2007 ($2.03 in chips) 
Seat 4: RosemontTony ($2.25 in chips) 
Seat 5: pepasaol ($3.51 in chips) 
Seat 6: Gomez224 ($2 in chips) 
Seat 7: Azzoro ($0.89 in chips) 
Seat 8: freeswag ($2.03 in chips) 
Seat 9: frosa9397 ($2.55 in chips) 
pepasaol: posts small blind $0.01
Gomez224: posts big blind $0.02
*** HOLE CARDS ***
Dealt to Dorex2007 [Ac Kh]
Azzoro: calls $0.02
freeswag: folds 
frosa9397: folds 
Sensei_Wai: folds 
arsenyaspbsb: folds 
Dorex2007: raises $0.06 to $0.08
RosemontTony: calls $0.08
pepasaol: folds 
Gomez224: folds 
Azzoro: calls $0.06
*** FLOP *** [Ah 2c 8c]
Azzoro: checks 
Dorex2007: bets $0.17
RosemontTony: folds 
Azzoro: folds 
Uncalled bet ($0.17) returned to Dorex2007
Dorex2007 collected $0.26 from pot
*** SUMMARY ***
Total pot $0.27 | Rake $0.01 
Board [Ah 2c 8c]
Seat 1: Sensei_Wai folded before Flop (didn't bet)
Seat 2: arsenyaspbsb folded before Flop (didn't bet)
Seat 3: Dorex2007 collected ($0.26)
Seat 4: RosemontTony (button) folded on the Flop
Seat 5: pepasaol (small blind) folded before Flop
Seat 6: Gomez224 (big blind) folded before Flop
Seat 7: Azzoro folded on the Flop
Seat 8: freeswag folded before Flop (didn't bet)
Seat 9: frosa9397 folded before Flop (didn't bet)



PokerStars Hand #237281497202:  Hold'em No Limit ($0.01/$0.02 USD) - 2022/07/10 13:26:14 PT [2022/07/10 16:26:14 ET]
Table 'Prospero III' 9-max Seat #5 is the button
Seat 1: Sensei_Wai ($4.67 in chips) 
Seat 2: arsenyaspbsb ($2 in chips) 
Seat 3: Dorex2007 ($2.21 in chips) 
Seat 4: RosemontTony ($2.17 in chips) 
Seat 5: pepasaol ($3.50 in chips) 
Seat 6: Gomez224 ($2 in chips) 
Seat 7: Azzoro ($0.81 in chips) 
Seat 8: freeswag ($2.03 in chips) 
Seat 9: frosa9397 ($2.55 in chips) 
Gomez224: posts small blind $0.01
Azzoro: posts big blind $0.02
*** HOLE CARDS ***
Dealt to Dorex2007 [4d 8h]
freeswag: folds 
frosa9397: folds 
Sensei_Wai: folds 
arsenyaspbsb: folds 
Dorex2007: folds 
RosemontTony: folds 
pepasaol: folds 
Gomez224: folds 
Uncalled bet ($0.01) returned to Azzoro
Azzoro collected $0.02 from pot
*** SUMMARY ***
Total pot $0.02 | Rake $0 
Seat 1: Sensei_Wai folded before Flop (didn't bet)
Seat 2: arsenyaspbsb folded before Flop (didn't bet)
Seat 3: Dorex2007 folded before Flop (didn't bet)
Seat 4: RosemontTony folded before Flop (didn't bet)
Seat 5: pepasaol (button) folded before Flop (didn't bet)
Seat 6: Gomez224 (small blind) folded before Flop
Seat 7: Azzoro (big blind) collected ($0.02)
Seat 8: freeswag folded before Flop (didn't bet)
Seat 9: frosa9397 folded before Flop (didn't bet)



PokerStars Hand #237281510913:  Hold'em No Limit ($0.01/$0.02 USD) - 2022/07/10 13:26:45 PT [2022/07/10 16:26:45 ET]
Table 'Prospero III' 9-max Seat #6 is the button
Seat 1: Sensei_Wai ($4.67 in chips) 
Seat 2: arsenyaspbsb ($2 in chips) 
Seat 3: Dorex2007 ($2.21 in chips) 
Seat 5: pepasaol ($3.50 in chips) 
Seat 6: Gomez224 ($2 in chips) 
Seat 7: Azzoro ($0.82 in chips) 
Seat 8: freeswag ($2.03 in chips) 
Seat 9: frosa9397 ($2.55 in chips) 
Azzoro: posts small blind $0.01
freeswag: posts big blind $0.02
*** HOLE CARDS ***
Dealt to Dorex2007 [Kh Ks]
frosa9397 has timed out
frosa9397: folds 
Sensei_Wai: folds 
arsenyaspbsb: raises $0.04 to $0.06
Dorex2007: raises $0.06 to $0.12
pepasaol: folds 
Gomez224: folds 
Azzoro: folds 
freeswag: folds 
arsenyaspbsb: calls $0.06
*** FLOP *** [3h 4d 7h]
arsenyaspbsb: checks 
Dorex2007: bets $0.26
arsenyaspbsb: folds 
Uncalled bet ($0.26) returned to Dorex2007
Dorex2007 collected $0.26 from pot
*** SUMMARY ***
Total pot $0.27 | Rake $0.01 
Board [3h 4d 7h]
Seat 1: Sensei_Wai folded before Flop (didn't bet)
Seat 2: arsenyaspbsb folded on the Flop
Seat 3: Dorex2007 collected ($0.26)
Seat 5: pepasaol folded before Flop (didn't bet)
Seat 6: Gomez224 (button) folded before Flop (didn't bet)
Seat 7: Azzoro (small blind) folded before Flop
Seat 8: freeswag (big blind) folded before Flop
Seat 9: frosa9397 folded before Flop (didn't bet)



PokerStars Hand #237281531749:  Hold'em No Limit ($0.01/$0.02 USD) - 2022/07/10 13:27:33 PT [2022/07/10 16:27:33 ET]
Table 'Prospero III' 9-max Seat #7 is the button
Seat 1: Sensei_Wai ($4.67 in chips) 
Seat 2: arsenyaspbsb ($2 in chips) 
Seat 3: Dorex2007 ($2.35 in chips) 
Seat 5: pepasaol ($3.50 in chips) 
Seat 6: Gomez224 ($2 in chips) 
Seat 7: Azzoro ($0.81 in chips) 
Seat 8: freeswag ($2.01 in chips) 
freeswag: posts small blind $0.01
Sensei_Wai: posts big blind $0.02
*** HOLE CARDS ***
Dealt to Dorex2007 [Ts 4d]
arsenyaspbsb: raises $0.04 to $0.06
Dorex2007: folds 
pepasaol: folds 
Gomez224: folds 
Azzoro: folds 
freeswag: folds 
Sensei_Wai: folds 
Uncalled bet ($0.04) returned to arsenyaspbsb
arsenyaspbsb collected $0.05 from pot
*** SUMMARY ***
Total pot $0.05 | Rake $0 
Seat 1: Sensei_Wai (big blind) folded before Flop
Seat 2: arsenyaspbsb collected ($0.05)
Seat 3: Dorex2007 folded before Flop (didn't bet)
Seat 5: pepasaol folded before Flop (didn't bet)
Seat 6: Gomez224 folded before Flop (didn't bet)
Seat 7: Azzoro (button) folded before Flop (didn't bet)
Seat 8: freeswag (small blind) folded before Flop



PokerStars Hand #237281541566:  Hold'em No Limit ($0.01/$0.02 USD) - 2022/07/10 13:27:56 PT [2022/07/10 16:27:56 ET]
Table 'Prospero III' 9-max Seat #8 is the button
Seat 1: Sensei_Wai ($4.65 in chips) 
Seat 2: arsenyaspbsb ($2.03 in chips) 
Seat 3: Dorex2007 ($2.35 in chips) 
Seat 5: pepasaol ($3.50 in chips) 
Seat 6: Gomez224 ($2 in chips) 
Seat 7: Azzoro ($0.81 in chips) 
Seat 8: freeswag ($2 in chips) 
Sensei_Wai: posts small blind $0.01
arsenyaspbsb: posts big blind $0.02
*** HOLE CARDS ***
Dealt to Dorex2007 [9h 5d]
Dorex2007: folds 
pepasaol: raises $0.05 to $0.07
Gomez224: folds 
Azzoro: folds 
freeswag: folds 
Sensei_Wai: folds 
arsenyaspbsb: folds 
Uncalled bet ($0.05) returned to pepasaol
pepasaol collected $0.05 from pot
*** SUMMARY ***
Total pot $0.05 | Rake $0 
Seat 1: Sensei_Wai (small blind) folded before Flop
Seat 2: arsenyaspbsb (big blind) folded before Flop
Seat 3: Dorex2007 folded before Flop (didn't bet)
Seat 5: pepasaol collected ($0.05)
Seat 6: Gomez224 folded before Flop (didn't bet)
Seat 7: Azzoro folded before Flop (didn't bet)
Seat 8: freeswag (button) folded before Flop (didn't bet)



PokerStars Hand #237281553321:  Hold'em No Limit ($0.01/$0.02 USD) - 2022/07/10 13:28:24 PT [2022/07/10 16:28:24 ET]
Table 'Prospero III' 9-max Seat #1 is the button
Seat 1: Sensei_Wai ($4.64 in chips) 
Seat 2: arsenyaspbsb ($2.01 in chips) 
Seat 3: Dorex2007 ($2.35 in chips) 
Seat 5: pepasaol ($3.53 in chips) 
Seat 6: Gomez224 ($2 in chips) 
Seat 7: Azzoro ($0.81 in chips) 
Seat 8: freeswag ($2 in chips) 
Seat 9: frosa9397 ($2.55 in chips) 
arsenyaspbsb: posts small blind $0.01
Dorex2007: posts big blind $0.02
frosa9397: posts small & big blinds $0.03
*** HOLE CARDS ***
Dealt to Dorex2007 [Qc 8c]
pepasaol: folds 
Gomez224: raises $0.08 to $0.10
Azzoro: folds 
freeswag: folds 
frosa9397: folds 
Sensei_Wai: folds 
arsenyaspbsb: folds 
Dorex2007: folds 
Uncalled bet ($0.08) returned to Gomez224
Gomez224 collected $0.08 from pot
*** SUMMARY ***
Total pot $0.08 | Rake $0 
Seat 1: Sensei_Wai (button) folded before Flop (didn't bet)
Seat 2: arsenyaspbsb (small blind) folded before Flop
Seat 3: Dorex2007 (big blind) folded before Flop
Seat 5: pepasaol folded before Flop (didn't bet)
Seat 6: Gomez224 collected ($0.08)
Seat 7: Azzoro folded before Flop (didn't bet)
Seat 8: freeswag folded before Flop (didn't bet)
Seat 9: frosa9397 folded before Flop (didn't bet)



PokerStars Hand #237281568236:  Hold'em No Limit ($0.01/$0.02 USD) - 2022/07/10 13:28:46 PT [2022/07/10 16:28:46 ET]
Table 'Prospero III' 9-max Seat #2 is the button
Seat 1: Sensei_Wai ($4.64 in chips) 
Seat 2: arsenyaspbsb ($2 in chips) 
Seat 3: Dorex2007 ($2.33 in chips) 
Seat 5: pepasaol ($3.53 in chips) 
Seat 6: Gomez224 ($2.06 in chips) 
Seat 7: Azzoro ($0.81 in chips) 
Seat 8: freeswag ($2 in chips) 
Seat 9: frosa9397 ($2.52 in chips) 
Dorex2007: posts small blind $0.01
pepasaol: posts big blind $0.02
*** HOLE CARDS ***
Dealt to Dorex2007 [5h 6h]
Gomez224: raises $0.04 to $0.06
Azzoro: folds 
freeswag: calls $0.06
frosa9397: folds 
Sensei_Wai: folds 
arsenyaspbsb: folds 
Dorex2007: folds 
pepasaol: folds 
*** FLOP *** [7s Ts 9d]
Gomez224: checks 
freeswag: bets $0.07
Gomez224: calls $0.07
*** TURN *** [7s Ts 9d] [7d]
Gomez224: checks 
freeswag: bets $0.19
Gomez224: folds 
Uncalled bet ($0.19) returned to freeswag
freeswag collected $0.28 from pot
*** SUMMARY ***
Total pot $0.29 | Rake $0.01 
Board [7s Ts 9d 7d]
Seat 1: Sensei_Wai folded before Flop (didn't bet)
Seat 2: arsenyaspbsb (button) folded before Flop (didn't bet)
Seat 3: Dorex2007 (small blind) folded before Flop
Seat 5: pepasaol (big blind) folded before Flop
Seat 6: Gomez224 folded on the Turn
Seat 7: Azzoro folded before Flop (didn't bet)
Seat 8: freeswag collected ($0.28)
Seat 9: frosa9397 folded before Flop (didn't bet)



PokerStars Hand #237281596337:  Hold'em No Limit ($0.01/$0.02 USD) - 2022/07/10 13:29:38 PT [2022/07/10 16:29:38 ET]
Table 'Prospero III' 9-max Seat #3 is the button
Seat 1: Sensei_Wai ($4.64 in chips) 
Seat 2: arsenyaspbsb ($2 in chips) 
Seat 3: Dorex2007 ($2.32 in chips) 
Seat 5: pepasaol ($3.51 in chips) 
Seat 6: Gomez224 ($2 in chips) 
Seat 7: Azzoro ($0.81 in chips) 
Seat 8: freeswag ($2.15 in chips) 
Seat 9: frosa9397 ($2.52 in chips) 
pepasaol: posts small blind $0.01
Gomez224: posts big blind $0.02
*** HOLE CARDS ***
Dealt to Dorex2007 [5h Jc]
Azzoro: folds 
freeswag: folds 
frosa9397: folds 
Sensei_Wai: folds 
arsenyaspbsb: folds 
Dorex2007: folds 
pepasaol: folds 
Uncalled bet ($0.01) returned to Gomez224
Gomez224 collected $0.02 from pot
*** SUMMARY ***
Total pot $0.02 | Rake $0 
Seat 1: Sensei_Wai folded before Flop (didn't bet)
Seat 2: arsenyaspbsb folded before Flop (didn't bet)
Seat 3: Dorex2007 (button) folded before Flop (didn't bet)
Seat 5: pepasaol (small blind) folded before Flop
Seat 6: Gomez224 (big blind) collected ($0.02)
Seat 7: Azzoro folded before Flop (didn't bet)
Seat 8: freeswag folded before Flop (didn't bet)
Seat 9: frosa9397 folded before Flop (didn't bet)



PokerStars Hand #237281607482:  Hold'em No Limit ($0.01/$0.02 USD) - 2022/07/10 13:30:04 PT [2022/07/10 16:30:04 ET]
Table 'Prospero III' 9-max Seat #5 is the button
Seat 1: Sensei_Wai ($4.64 in chips) 
Seat 2: arsenyaspbsb ($2 in chips) 
Seat 3: Dorex2007 ($2.32 in chips) 
Seat 5: pepasaol ($3.50 in chips) 
Seat 6: Gomez224 ($2.01 in chips) 
Seat 7: Azzoro ($0.81 in chips) 
Seat 8: freeswag ($2.15 in chips) 
Seat 9: frosa9397 ($2.52 in chips) 
Gomez224: posts small blind $0.01
Azzoro: posts big blind $0.02
*** HOLE CARDS ***
Dealt to Dorex2007 [7c 2c]
freeswag: folds 
frosa9397: folds 
Sensei_Wai: folds 
arsenyaspbsb: raises $0.04 to $0.06
Dorex2007: folds 
pepasaol: calls $0.06
Gomez224: folds 
Azzoro: folds 
*** FLOP *** [5d Tc 3h]
arsenyaspbsb: bets $0.07
pepasaol: calls $0.07
*** TURN *** [5d Tc 3h] [3s]
arsenyaspbsb: checks 
pepasaol: bets $0.14
arsenyaspbsb: folds 
Uncalled bet ($0.14) returned to pepasaol
pepasaol collected $0.28 from pot
*** SUMMARY ***
Total pot $0.29 | Rake $0.01 
Board [5d Tc 3h 3s]
Seat 1: Sensei_Wai folded before Flop (didn't bet)
Seat 2: arsenyaspbsb folded on the Turn
Seat 3: Dorex2007 folded before Flop (didn't bet)
Seat 5: pepasaol (button) collected ($0.28)
Seat 6: Gomez224 (small blind) folded before Flop
Seat 7: Azzoro (big blind) folded before Flop
Seat 8: freeswag folded before Flop (didn't bet)
Seat 9: frosa9397 folded before Flop (didn't bet)



PokerStars Hand #237281633381:  Hold'em No Limit ($0.01/$0.02 USD) - 2022/07/10 13:31:04 PT [2022/07/10 16:31:04 ET]
Table 'Prospero III' 9-max Seat #6 is the button
Seat 1: Sensei_Wai ($4.64 in chips) 
Seat 2: arsenyaspbsb ($2 in chips) 
Seat 3: Dorex2007 ($2.32 in chips) 
Seat 5: pepasaol ($3.65 in chips) 
Seat 6: Gomez224 ($2 in chips) 
Seat 7: Azzoro ($0.79 in chips) 
Seat 8: freeswag ($2.15 in chips) 
Seat 9: frosa9397 ($2.52 in chips) 
Azzoro: posts small blind $0.01
freeswag: posts big blind $0.02
*** HOLE CARDS ***
Dealt to Dorex2007 [Jh 8h]
frosa9397: calls $0.02
Sensei_Wai: folds 
arsenyaspbsb: folds 
Dorex2007: folds 
pepasaol: folds 
Gomez224: folds 
Azzoro: calls $0.01
freeswag: raises $0.04 to $0.06
frosa9397: calls $0.04
Azzoro: folds 
*** FLOP *** [5c Qc 8s]
freeswag: checks 
frosa9397: checks 
*** TURN *** [5c Qc 8s] [6h]
freeswag: checks 
frosa9397: checks 
*** RIVER *** [5c Qc 8s 6h] [5h]
freeswag: checks 
frosa9397: checks 
*** SHOW DOWN ***
freeswag: shows [Ac Jd] (a pair of Fives)
frosa9397: shows [3c 3d] (two pair, Fives and Threes)
frosa9397 collected $0.14 from pot
*** SUMMARY ***
Total pot $0.14 | Rake $0 
Board [5c Qc 8s 6h 5h]
Seat 1: Sensei_Wai folded before Flop (didn't bet)
Seat 2: arsenyaspbsb folded before Flop (didn't bet)
Seat 3: Dorex2007 folded before Flop (didn't bet)
Seat 5: pepasaol folded before Flop (didn't bet)
Seat 6: Gomez224 (button) folded before Flop (didn't bet)
Seat 7: Azzoro (small blind) folded before Flop
Seat 8: freeswag (big blind) showed [Ac Jd] and lost with a pair of Fives
Seat 9: frosa9397 showed [3c 3d] and won ($0.14) with two pair, Fives and Threes



PokerStars Hand #237281665485:  Hold'em No Limit ($0.01/$0.02 USD) - 2022/07/10 13:31:58 PT [2022/07/10 16:31:58 ET]
Table 'Prospero III' 9-max Seat #7 is the button
Seat 1: Sensei_Wai ($4.64 in chips) 
Seat 2: arsenyaspbsb ($2 in chips) 
Seat 3: Dorex2007 ($2.32 in chips) 
Seat 5: pepasaol ($3.65 in chips) 
Seat 6: Gomez224 ($2 in chips) 
Seat 7: Azzoro ($0.77 in chips) 
Seat 8: freeswag ($2.09 in chips) 
Seat 9: frosa9397 ($2.60 in chips) 
freeswag: posts small blind $0.01
frosa9397: posts big blind $0.02
*** HOLE CARDS ***
Dealt to Dorex2007 [2h Th]
Sensei_Wai: raises $0.08 to $0.10
arsenyaspbsb: folds 
Dorex2007: folds 
pepasaol: folds 
Gomez224: folds 
Azzoro: folds 
freeswag: folds 
frosa9397: folds 
Uncalled bet ($0.08) returned to Sensei_Wai
Sensei_Wai collected $0.05 from pot
*** SUMMARY ***
Total pot $0.05 | Rake $0 
Seat 1: Sensei_Wai collected ($0.05)
Seat 2: arsenyaspbsb folded before Flop (didn't bet)
Seat 3: Dorex2007 folded before Flop (didn't bet)
Seat 5: pepasaol folded before Flop (didn't bet)
Seat 6: Gomez224 folded before Flop (didn't bet)
Seat 7: Azzoro (button) folded before Flop (didn't bet)
Seat 8: freeswag (small blind) folded before Flop
Seat 9: frosa9397 (big blind) folded before Flop



PokerStars Hand #237281679803:  Hold'em No Limit ($0.01/$0.02 USD) - 2022/07/10 13:32:32 PT [2022/07/10 16:32:32 ET]
Table 'Prospero III' 9-max Seat #8 is the button
Seat 1: Sensei_Wai ($4.67 in chips) 
Seat 2: arsenyaspbsb ($2 in chips) 
Seat 3: Dorex2007 ($2.32 in chips) 
Seat 5: pepasaol ($3.65 in chips) 
Seat 6: Gomez224 ($2 in chips) 
Seat 7: Azzoro ($0.77 in chips) 
Seat 8: freeswag ($2.08 in chips) 
Seat 9: frosa9397 ($2.58 in chips) 
frosa9397: posts small blind $0.01
Sensei_Wai: posts big blind $0.02
*** HOLE CARDS ***
Dealt to Dorex2007 [Qh 6c]
arsenyaspbsb: folds 
Dorex2007: folds 
pepasaol: folds 
Gomez224: folds 
Azzoro: folds 
freeswag: folds 
frosa9397: folds 
Uncalled bet ($0.01) returned to Sensei_Wai
Sensei_Wai collected $0.02 from pot
*** SUMMARY ***
Total pot $0.02 | Rake $0 
Seat 1: Sensei_Wai (big blind) collected ($0.02)
Seat 2: arsenyaspbsb folded before Flop (didn't bet)
Seat 3: Dorex2007 folded before Flop (didn't bet)
Seat 5: pepasaol folded before Flop (didn't bet)
Seat 6: Gomez224 folded before Flop (didn't bet)
Seat 7: Azzoro folded before Flop (didn't bet)
Seat 8: freeswag (button) folded before Flop (didn't bet)
Seat 9: frosa9397 (small blind) folded before Flop



PokerStars Hand #237281690816:  Hold'em No Limit ($0.01/$0.02 USD) - 2022/07/10 13:32:58 PT [2022/07/10 16:32:58 ET]
Table 'Prospero III' 9-max Seat #9 is the button
Seat 1: Sensei_Wai ($4.68 in chips) 
Seat 2: arsenyaspbsb ($2 in chips) 
Seat 3: Dorex2007 ($2.32 in chips) 
Seat 5: pepasaol ($3.65 in chips) 
Seat 6: Gomez224 ($2 in chips) 
Seat 7: Azzoro ($0.77 in chips) 
Seat 8: freeswag ($2.08 in chips) 
Seat 9: frosa9397 ($2.57 in chips) 
Sensei_Wai: posts small blind $0.01
arsenyaspbsb: posts big blind $0.02
*** HOLE CARDS ***
Dealt to Dorex2007 [Kh 9s]
Dorex2007: folds 
pepasaol has timed out
pepasaol: folds 
Gomez224: folds 
Azzoro: folds 
freeswag: folds 
frosa9397: folds 
Sensei_Wai: folds 
Uncalled bet ($0.01) returned to arsenyaspbsb
arsenyaspbsb collected $0.02 from pot
*** SUMMARY ***
Total pot $0.02 | Rake $0 
Seat 1: Sensei_Wai (small blind) folded before Flop
Seat 2: arsenyaspbsb (big blind) collected ($0.02)
Seat 3: Dorex2007 folded before Flop (didn't bet)
Seat 5: pepasaol folded before Flop (didn't bet)
Seat 6: Gomez224 folded before Flop (didn't bet)
Seat 7: Azzoro folded before Flop (didn't bet)
Seat 8: freeswag folded before Flop (didn't bet)
Seat 9: frosa9397 (button) folded before Flop (didn't bet)



PokerStars Hand #237281706500:  Hold'em No Limit ($0.01/$0.02 USD) - 2022/07/10 13:33:34 PT [2022/07/10 16:33:34 ET]
Table 'Prospero III' 9-max Seat #1 is the button
Seat 1: Sensei_Wai ($4.67 in chips) 
Seat 2: arsenyaspbsb ($2.01 in chips) 
Seat 3: Dorex2007 ($2.32 in chips) 
Seat 6: Gomez224 ($2 in chips) 
Seat 7: Azzoro ($0.77 in chips) 
Seat 8: freeswag ($2.08 in chips) 
Seat 9: frosa9397 ($2.57 in chips) 
arsenyaspbsb: posts small blind $0.01
Dorex2007: posts big blind $0.02
*** HOLE CARDS ***
Dealt to Dorex2007 [2s 8s]
Gomez224: folds 
Azzoro: folds 
freeswag: folds 
frosa9397: folds 
Sensei_Wai: folds 
arsenyaspbsb: folds 
Uncalled bet ($0.01) returned to Dorex2007
Dorex2007 collected $0.02 from pot
*** SUMMARY ***
Total pot $0.02 | Rake $0 
Seat 1: Sensei_Wai (button) folded before Flop (didn't bet)
Seat 2: arsenyaspbsb (small blind) folded before Flop
Seat 3: Dorex2007 (big blind) collected ($0.02)
Seat 6: Gomez224 folded before Flop (didn't bet)
Seat 7: Azzoro folded before Flop (didn't bet)
Seat 8: freeswag folded before Flop (didn't bet)
Seat 9: frosa9397 folded before Flop (didn't bet)



PokerStars Hand #237281711765:  Hold'em No Limit ($0.01/$0.02 USD) - 2022/07/10 13:33:46 PT [2022/07/10 16:33:46 ET]
Table 'Prospero III' 9-max Seat #2 is the button
Seat 1: Sensei_Wai ($4.67 in chips) 
Seat 2: arsenyaspbsb ($2 in chips) 
Seat 3: Dorex2007 ($2.33 in chips) 
Seat 6: Gomez224 ($2 in chips) 
Seat 7: Azzoro ($0.77 in chips) 
Seat 8: freeswag ($2.08 in chips) 
Seat 9: frosa9397 ($2.57 in chips) 
Dorex2007: posts small blind $0.01
Gomez224: posts big blind $0.02
*** HOLE CARDS ***
Dealt to Dorex2007 [9c Qc]
pepasaol leaves the table
Azzoro: folds 
freeswag: folds 
frosa9397: folds 
Sensei_Wai: folds 
arsenyaspbsb: raises $0.04 to $0.06
Dorex2007: folds 
Gomez224: folds 
Uncalled bet ($0.04) returned to arsenyaspbsb
arsenyaspbsb collected $0.05 from pot
*** SUMMARY ***
Total pot $0.05 | Rake $0 
Seat 1: Sensei_Wai folded before Flop (didn't bet)
Seat 2: arsenyaspbsb (button) collected ($0.05)
Seat 3: Dorex2007 (small blind) folded before Flop
Seat 6: Gomez224 (big blind) folded before Flop
Seat 7: Azzoro folded before Flop (didn't bet)
Seat 8: freeswag folded before Flop (didn't bet)
Seat 9: frosa9397 folded before Flop (didn't bet)



PokerStars Hand #237281726615:  Hold'em No Limit ($0.01/$0.02 USD) - 2022/07/10 13:34:21 PT [2022/07/10 16:34:21 ET]
Table 'Prospero III' 9-max Seat #3 is the button
Seat 1: Sensei_Wai ($4.67 in chips) 
Seat 2: arsenyaspbsb ($2.03 in chips) 
Seat 3: Dorex2007 ($2.32 in chips) 
Seat 6: Gomez224 ($2 in chips) 
Seat 7: Azzoro ($0.77 in chips) 
Seat 8: freeswag ($2.08 in chips) 
Seat 9: frosa9397 ($2.57 in chips) 
Gomez224: posts small blind $0.01
Azzoro: posts big blind $0.02
*** HOLE CARDS ***
Dealt to Dorex2007 [Ts 4c]
trente-sept joins the table at seat #5 
freeswag: folds 
frosa9397: folds 
Sensei_Wai: folds 
arsenyaspbsb: folds 
Dorex2007: folds 
Gomez224: folds 
Uncalled bet ($0.01) returned to Azzoro
Azzoro collected $0.02 from pot
*** SUMMARY ***
Total pot $0.02 | Rake $0 
Seat 1: Sensei_Wai folded before Flop (didn't bet)
Seat 2: arsenyaspbsb folded before Flop (didn't bet)
Seat 3: Dorex2007 (button) folded before Flop (didn't bet)
Seat 6: Gomez224 (small blind) folded before Flop
Seat 7: Azzoro (big blind) collected ($0.02)
Seat 8: freeswag folded before Flop (didn't bet)
Seat 9: frosa9397 folded before Flop (didn't bet)



PokerStars Hand #237281736641:  Hold'em No Limit ($0.01/$0.02 USD) - 2022/07/10 13:34:45 PT [2022/07/10 16:34:45 ET]
Table 'Prospero III' 9-max Seat #6 is the button
Seat 1: Sensei_Wai ($4.67 in chips) 
Seat 2: arsenyaspbsb ($2.03 in chips) 
Seat 3: Dorex2007 ($2.32 in chips) 
Seat 5: trente-sept ($2 in chips) 
Seat 6: Gomez224 ($2 in chips) 
Seat 7: Azzoro ($0.78 in chips) 
Seat 8: freeswag ($2.08 in chips) 
Seat 9: frosa9397 ($2.57 in chips) 
Azzoro: posts small blind $0.01
freeswag: posts big blind $0.02
trente-sept: posts big blind $0.02
*** HOLE CARDS ***
Dealt to Dorex2007 [9h Kh]
frosa9397: folds 
Sensei_Wai: folds 
arsenyaspbsb: folds 
Dorex2007: raises $0.02 to $0.04
trente-sept: calls $0.02
Gomez224: folds 
Azzoro: folds 
freeswag: calls $0.02
*** FLOP *** [3h Qc 3s]
freeswag: bets $0.04
Dorex2007: folds 
trente-sept: calls $0.04
*** TURN *** [3h Qc 3s] [Ac]
freeswag: checks 
trente-sept: bets $0.06
freeswag: calls $0.06
*** RIVER *** [3h Qc 3s Ac] [4c]
freeswag: checks 
trente-sept: bets $0.16
freeswag: calls $0.16
*** SHOW DOWN ***
trente-sept: shows [Jc Ks] (a pair of Threes)
freeswag: shows [9c Qh] (two pair, Queens and Threes)
freeswag collected $0.63 from pot
*** SUMMARY ***
Total pot $0.65 | Rake $0.02 
Board [3h Qc 3s Ac 4c]
Seat 1: Sensei_Wai folded before Flop (didn't bet)
Seat 2: arsenyaspbsb folded before Flop (didn't bet)
Seat 3: Dorex2007 folded on the Flop
Seat 5: trente-sept showed [Jc Ks] and lost with a pair of Threes
Seat 6: Gomez224 (button) folded before Flop (didn't bet)
Seat 7: Azzoro (small blind) folded before Flop
Seat 8: freeswag (big blind) showed [9c Qh] and won ($0.63) with two pair, Queens and Threes
Seat 9: frosa9397 folded before Flop (didn't bet)



PokerStars Hand #237281759103:  Hold'em No Limit ($0.01/$0.02 USD) - 2022/07/10 13:35:37 PT [2022/07/10 16:35:37 ET]
Table 'Prospero III' 9-max Seat #7 is the button
Seat 1: Sensei_Wai ($4.67 in chips) 
Seat 2: arsenyaspbsb ($2.03 in chips) 
Seat 3: Dorex2007 ($2.28 in chips) 
Seat 5: trente-sept ($1.70 in chips) 
Seat 6: Gomez224 ($2 in chips) 
Seat 7: Azzoro ($0.77 in chips) 
Seat 8: freeswag ($2.41 in chips) 
Seat 9: frosa9397 ($2.57 in chips) 
freeswag: posts small blind $0.01
frosa9397: posts big blind $0.02
*** HOLE CARDS ***
Dealt to Dorex2007 [4d 6s]
Sensei_Wai: folds 
arsenyaspbsb: folds 
Dorex2007: folds 
trente-sept: folds 
Gomez224: folds 
Azzoro: folds 
freeswag: raises $0.04 to $0.06
frosa9397: raises $0.12 to $0.18
freeswag: folds 
Uncalled bet ($0.12) returned to frosa9397
frosa9397 collected $0.12 from pot
*** SUMMARY ***
Total pot $0.12 | Rake $0 
Seat 1: Sensei_Wai folded before Flop (didn't bet)
Seat 2: arsenyaspbsb folded before Flop (didn't bet)
Seat 3: Dorex2007 folded before Flop (didn't bet)
Seat 5: trente-sept folded before Flop (didn't bet)
Seat 6: Gomez224 folded before Flop (didn't bet)
Seat 7: Azzoro (button) folded before Flop (didn't bet)
Seat 8: freeswag (small blind) folded before Flop
Seat 9: frosa9397 (big blind) collected ($0.12)



PokerStars Hand #237281769667:  Hold'em No Limit ($0.01/$0.02 USD) - 2022/07/10 13:36:02 PT [2022/07/10 16:36:02 ET]
Table 'Prospero III' 9-max Seat #8 is the button
Seat 2: arsenyaspbsb ($2.03 in chips) 
Seat 3: Dorex2007 ($2.28 in chips) 
Seat 5: trente-sept ($1.70 in chips) 
Seat 6: Gomez224 ($2 in chips) 
Seat 7: Azzoro ($0.77 in chips) 
Seat 8: freeswag ($2.35 in chips) 
Seat 9: frosa9397 ($2.63 in chips) 
frosa9397: posts small blind $0.01
Sensei_Wai: is sitting out 
arsenyaspbsb: posts big blind $0.02
*** HOLE CARDS ***
Dealt to Dorex2007 [5c 8d]
Sensei_Wai leaves the table
Dorex2007: folds 
trente-sept: folds 
Gomez224: folds 
Azzoro: folds 
freeswag: folds 
Manusod joins the table at seat #1 
frosa9397: calls $0.01
arsenyaspbsb: checks 
*** FLOP *** [4h 7d 7c]
frosa9397: bets $0.04
arsenyaspbsb: folds 
Uncalled bet ($0.04) returned to frosa9397
frosa9397 collected $0.04 from pot
*** SUMMARY ***
Total pot $0.04 | Rake $0 
Board [4h 7d 7c]
Seat 2: arsenyaspbsb (big blind) folded on the Flop
Seat 3: Dorex2007 folded before Flop (didn't bet)
Seat 5: trente-sept folded before Flop (didn't bet)
Seat 6: Gomez224 folded before Flop (didn't bet)
Seat 7: Azzoro folded before Flop (didn't bet)
Seat 8: freeswag (button) folded before Flop (didn't bet)
Seat 9: frosa9397 (small blind) collected ($0.04)



PokerStars Hand #237281820393:  Hold'em No Limit ($0.01/$0.02 USD) - 2022/07/10 13:38:02 PT [2022/07/10 16:38:02 ET]
Table 'Prospero III' 9-max Seat #5 is the button
Seat 1: Manusod ($0.08 in chips) 
Seat 2: arsenyaspbsb ($2 in chips) 
Seat 3: Dorex2007 ($2.28 in chips) 
Seat 5: trente-sept ($3.32 in chips) 
Seat 6: Gomez224 ($2 in chips) 
Seat 7: Azzoro ($0.77 in chips) 
Seat 8: freeswag ($2.35 in chips) 
Seat 9: frosa9397 ($2.65 in chips) 
Gomez224: posts small blind $0.01
Azzoro: posts big blind $0.02
Dorex2007: posts small & big blinds $0.03
*** HOLE CARDS ***
Dealt to Dorex2007 [6s Jd]
freeswag: folds 
frosa9397: folds 
Manusod: raises $0.06 to $0.08 and is all-in
arsenyaspbsb: folds 
Dorex2007: folds 
trente-sept: folds 
Gomez224: folds 
Azzoro: folds 
Uncalled bet ($0.06) returned to Manusod
Manusod collected $0.08 from pot
*** SUMMARY ***
Total pot $0.08 | Rake $0 
Seat 1: Manusod collected ($0.08)
Seat 2: arsenyaspbsb folded before Flop (didn't bet)
Seat 3: Dorex2007 folded before Flop (didn't bet)
Seat 5: trente-sept (button) folded before Flop (didn't bet)
Seat 6: Gomez224 (small blind) folded before Flop
Seat 7: Azzoro (big blind) folded before Flop
Seat 8: freeswag folded before Flop (didn't bet)
Seat 9: frosa9397 folded before Flop (didn't bet)



PokerStars Hand #237281827868:  Hold'em No Limit ($0.01/$0.02 USD) - 2022/07/10 13:38:19 PT [2022/07/10 16:38:19 ET]
Table 'Prospero III' 9-max Seat #6 is the button
Seat 1: Manusod ($0.14 in chips) 
Seat 2: arsenyaspbsb ($2 in chips) 
Seat 3: Dorex2007 ($2.25 in chips) 
Seat 5: trente-sept ($3.32 in chips) 
Seat 6: Gomez224 ($2 in chips) 
Seat 7: Azzoro ($0.75 in chips) 
Seat 8: freeswag ($2.35 in chips) 
Seat 9: frosa9397 ($2.65 in chips) 
Azzoro: posts small blind $0.01
freeswag: posts big blind $0.02
*** HOLE CARDS ***
Dealt to Dorex2007 [Ad 6h]
frosa9397: calls $0.02
Manusod: raises $0.12 to $0.14 and is all-in
arsenyaspbsb: folds 
Dorex2007: folds 
trente-sept: folds 
Gomez224: folds 
Azzoro: folds 
freeswag: folds 
frosa9397: folds 
Uncalled bet ($0.12) returned to Manusod
Manusod collected $0.07 from pot
*** SUMMARY ***
Total pot $0.07 | Rake $0 
Seat 1: Manusod collected ($0.07)
Seat 2: arsenyaspbsb folded before Flop (didn't bet)
Seat 3: Dorex2007 folded before Flop (didn't bet)
Seat 5: trente-sept folded before Flop (didn't bet)
Seat 6: Gomez224 (button) folded before Flop (didn't bet)
Seat 7: Azzoro (small blind) folded before Flop
Seat 8: freeswag (big blind) folded before Flop
Seat 9: frosa9397 folded before Flop



PokerStars Hand #237281848861:  Hold'em No Limit ($0.01/$0.02 USD) - 2022/07/10 13:39:09 PT [2022/07/10 16:39:09 ET]
Table 'Prospero III' 9-max Seat #7 is the button
Seat 1: Manusod ($0.19 in chips) 
Seat 2: arsenyaspbsb ($2 in chips) 
Seat 3: Dorex2007 ($2.25 in chips) 
Seat 5: trente-sept ($3.32 in chips) 
Seat 6: Gomez224 ($2 in chips) 
Seat 7: Azzoro ($0.74 in chips) 
Seat 8: freeswag ($2.33 in chips) 
Seat 9: frosa9397 ($2.63 in chips) 
freeswag: posts small blind $0.01
frosa9397: posts big blind $0.02
*** HOLE CARDS ***
Dealt to Dorex2007 [Jh Kc]
Manusod: raises $0.17 to $0.19 and is all-in
arsenyaspbsb: folds 
Dorex2007: folds 
trente-sept: folds 
Gomez224: folds 
Azzoro: folds 
freeswag: folds 
frosa9397: folds 
Uncalled bet ($0.17) returned to Manusod
Manusod collected $0.05 from pot
*** SUMMARY ***
Total pot $0.05 | Rake $0 
Seat 1: Manusod collected ($0.05)
Seat 2: arsenyaspbsb folded before Flop (didn't bet)
Seat 3: Dorex2007 folded before Flop (didn't bet)
Seat 5: trente-sept folded before Flop (didn't bet)
Seat 6: Gomez224 folded before Flop (didn't bet)
Seat 7: Azzoro (button) folded before Flop (didn't bet)
Seat 8: freeswag (small blind) folded before Flop
Seat 9: frosa9397 (big blind) folded before Flop



PokerStars Hand #237281858609:  Hold'em No Limit ($0.01/$0.02 USD) - 2022/07/10 13:39:32 PT [2022/07/10 16:39:32 ET]
Table 'Prospero III' 9-max Seat #8 is the button
Seat 1: Manusod ($0.22 in chips) 
Seat 2: arsenyaspbsb ($2 in chips) 
Seat 3: Dorex2007 ($2.25 in chips) 
Seat 5: trente-sept ($3.32 in chips) 
Seat 6: Gomez224 ($2 in chips) 
Seat 7: Azzoro ($0.74 in chips) 
Seat 8: freeswag ($2.32 in chips) 
Seat 9: frosa9397 ($2.61 in chips) 
frosa9397: posts small blind $0.01
Manusod: posts big blind $0.02
*** HOLE CARDS ***
Dealt to Dorex2007 [Qc 5h]
arsenyaspbsb: folds 
Dorex2007: folds 
trente-sept: raises $0.02 to $0.04
Gomez224: folds 
Azzoro: folds 
freeswag: folds 
frosa9397: folds 
Manusod: calls $0.02
*** FLOP *** [Qd 7c Qs]
Manusod: checks 
trente-sept: bets $0.06
Manusod: calls $0.06
*** TURN *** [Qd 7c Qs] [7h]
Manusod: bets $0.12 and is all-in
trente-sept: folds 
Uncalled bet ($0.12) returned to Manusod
Manusod collected $0.20 from pot
*** SUMMARY ***
Total pot $0.21 | Rake $0.01 
Board [Qd 7c Qs 7h]
Seat 1: Manusod (big blind) collected ($0.20)
Seat 2: arsenyaspbsb folded before Flop (didn't bet)
Seat 3: Dorex2007 folded before Flop (didn't bet)
Seat 5: trente-sept folded on the Turn
Seat 6: Gomez224 folded before Flop (didn't bet)
Seat 7: Azzoro folded before Flop (didn't bet)
Seat 8: freeswag (button) folded before Flop (didn't bet)
Seat 9: frosa9397 (small blind) folded before Flop



PokerStars Hand #237281874471:  Hold'em No Limit ($0.01/$0.02 USD) - 2022/07/10 13:40:10 PT [2022/07/10 16:40:10 ET]
Table 'Prospero III' 9-max Seat #9 is the button
Seat 1: Manusod ($0.32 in chips) 
Seat 2: arsenyaspbsb ($2 in chips) 
Seat 3: Dorex2007 ($2.25 in chips) 
Seat 5: trente-sept ($3.22 in chips) 
Seat 6: Gomez224 ($2 in chips) 
Seat 7: Azzoro ($0.74 in chips) 
Seat 8: freeswag ($2.32 in chips) 
Seat 9: frosa9397 ($2.60 in chips) 
Manusod: posts small blind $0.01
arsenyaspbsb: posts big blind $0.02
*** HOLE CARDS ***
Dealt to Dorex2007 [Js Ac]
Dorex2007: folds 
trente-sept: folds 
Gomez224: folds 
Azzoro: folds 
freeswag: raises $0.03 to $0.05
frosa9397: folds 
Manusod: raises $0.27 to $0.32 and is all-in
arsenyaspbsb: folds 
freeswag: calls $0.27
*** FLOP *** [Jc Jd 9c]
*** TURN *** [Jc Jd 9c] [9s]
*** RIVER *** [Jc Jd 9c 9s] [Th]
*** SHOW DOWN ***
Manusod: shows [Ad Qc] (two pair, Jacks and Nines)
freeswag: shows [6h 6c] (two pair, Jacks and Nines - lower kicker)
Manusod collected $0.64 from pot
*** SUMMARY ***
Total pot $0.66 | Rake $0.02 
Board [Jc Jd 9c 9s Th]
Seat 1: Manusod (small blind) showed [Ad Qc] and won ($0.64) with two pair, Jacks and Nines
Seat 2: arsenyaspbsb (big blind) folded before Flop
Seat 3: Dorex2007 folded before Flop (didn't bet)
Seat 5: trente-sept folded before Flop (didn't bet)
Seat 6: Gomez224 folded before Flop (didn't bet)
Seat 7: Azzoro folded before Flop (didn't bet)
Seat 8: freeswag showed [6h 6c] and lost with two pair, Jacks and Nines
Seat 9: frosa9397 (button) folded before Flop (didn't bet)



PokerStars Hand #237281886964:  Hold'em No Limit ($0.01/$0.02 USD) - 2022/07/10 13:40:40 PT [2022/07/10 16:40:40 ET]
Table 'Prospero III' 9-max Seat #1 is the button
Seat 1: Manusod ($0.64 in chips) 
Seat 2: arsenyaspbsb ($2 in chips) 
Seat 3: Dorex2007 ($2.25 in chips) 
Seat 5: trente-sept ($3.22 in chips) 
Seat 6: Gomez224 ($2 in chips) 
Seat 7: Azzoro ($0.74 in chips) 
Seat 8: freeswag ($2 in chips) 
Seat 9: frosa9397 ($2.60 in chips) 
arsenyaspbsb: posts small blind $0.01
Dorex2007: posts big blind $0.02
*** HOLE CARDS ***
Dealt to Dorex2007 [2d As]
trente-sept: folds 
Gomez224: raises $0.04 to $0.06
Azzoro: folds 
freeswag: folds 
frosa9397: folds 
Manusod: raises $0.58 to $0.64 and is all-in
arsenyaspbsb: folds 
Dorex2007: folds 
Gomez224: calls $0.58
*** FLOP *** [Ts Tc 7c]
*** TURN *** [Ts Tc 7c] [6c]
*** RIVER *** [Ts Tc 7c 6c] [2c]
*** SHOW DOWN ***
Gomez224: shows [Kd Ks] (two pair, Kings and Tens)
Manusod: shows [Ac Js] (a flush, Ace high)
Manusod collected $1.26 from pot
*** SUMMARY ***
Total pot $1.31 | Rake $0.05 
Board [Ts Tc 7c 6c 2c]
Seat 1: Manusod (button) showed [Ac Js] and won ($1.26) with a flush, Ace high
Seat 2: arsenyaspbsb (small blind) folded before Flop
Seat 3: Dorex2007 (big blind) folded before Flop
Seat 5: trente-sept folded before Flop (didn't bet)
Seat 6: Gomez224 showed [Kd Ks] and lost with two pair, Kings and Tens
Seat 7: Azzoro folded before Flop (didn't bet)
Seat 8: freeswag folded before Flop (didn't bet)
Seat 9: frosa9397 folded before Flop (didn't bet)



PokerStars Hand #237281898385:  Hold'em No Limit ($0.01/$0.02 USD) - 2022/07/10 13:41:07 PT [2022/07/10 16:41:07 ET]
Table 'Prospero III' 9-max Seat #2 is the button
Seat 1: Manusod ($1.26 in chips) 
Seat 2: arsenyaspbsb ($2 in chips) 
Seat 3: Dorex2007 ($2.23 in chips) 
Seat 5: trente-sept ($3.22 in chips) 
Seat 6: Gomez224 ($2 in chips) 
Seat 7: Azzoro ($0.74 in chips) 
Seat 8: freeswag ($2 in chips) 
Seat 9: frosa9397 ($2.60 in chips) 
Dorex2007: posts small blind $0.01
trente-sept: posts big blind $0.02
*** HOLE CARDS ***
Dealt to Dorex2007 [6h As]
Gomez224: folds 
Azzoro: folds 
freeswag: folds 
frosa9397: folds 
Manusod: folds 
arsenyaspbsb: folds 
Dorex2007: folds 
Uncalled bet ($0.01) returned to trente-sept
trente-sept collected $0.02 from pot
RosemontTony leaves the table
*** SUMMARY ***
Total pot $0.02 | Rake $0 
Seat 1: Manusod folded before Flop (didn't bet)
Seat 2: arsenyaspbsb (button) folded before Flop (didn't bet)
Seat 3: Dorex2007 (small blind) folded before Flop
Seat 5: trente-sept (big blind) collected ($0.02)
Seat 6: Gomez224 folded before Flop (didn't bet)
Seat 7: Azzoro folded before Flop (didn't bet)
Seat 8: freeswag folded before Flop (didn't bet)
Seat 9: frosa9397 folded before Flop (didn't bet)



PokerStars Hand #237281903837:  Hold'em No Limit ($0.01/$0.02 USD) - 2022/07/10 13:41:20 PT [2022/07/10 16:41:20 ET]
Table 'Prospero III' 9-max Seat #3 is the button
Seat 1: Manusod ($1.26 in chips) 
Seat 2: arsenyaspbsb ($2 in chips) 
Seat 3: Dorex2007 ($2.22 in chips) 
Seat 5: trente-sept ($3.23 in chips) 
Seat 6: Gomez224 ($2 in chips) 
Seat 7: Azzoro ($0.74 in chips) 
Seat 8: freeswag ($2 in chips) 
Seat 9: frosa9397 ($2.60 in chips) 
trente-sept: posts small blind $0.01
Gomez224: posts big blind $0.02
*** HOLE CARDS ***
Dealt to Dorex2007 [7d Qs]
Azzoro: folds 
freeswag: folds 
frosa9397: calls $0.02
Manusod: folds 
arsenyaspbsb: folds 
Dorex2007: folds 
trente-sept: raises $0.04 to $0.06
Gomez224: folds 
frosa9397: calls $0.04
*** FLOP *** [6h Kd 4d]
trente-sept: bets $0.06
frosa9397: folds 
Uncalled bet ($0.06) returned to trente-sept
trente-sept collected $0.14 from pot
*** SUMMARY ***
Total pot $0.14 | Rake $0 
Board [6h Kd 4d]
Seat 1: Manusod folded before Flop (didn't bet)
Seat 2: arsenyaspbsb folded before Flop (didn't bet)
Seat 3: Dorex2007 (button) folded before Flop (didn't bet)
Seat 5: trente-sept (small blind) collected ($0.14)
Seat 6: Gomez224 (big blind) folded before Flop
Seat 7: Azzoro folded before Flop (didn't bet)
Seat 8: freeswag folded before Flop (didn't bet)
Seat 9: frosa9397 folded on the Flop



PokerStars Hand #237281916587:  Hold'em No Limit ($0.01/$0.02 USD) - 2022/07/10 13:41:50 PT [2022/07/10 16:41:50 ET]
Table 'Prospero III' 9-max Seat #5 is the button
Seat 1: Manusod ($1.26 in chips) 
Seat 2: arsenyaspbsb ($2 in chips) 
Seat 3: Dorex2007 ($2.22 in chips) 
Seat 5: trente-sept ($3.31 in chips) 
Seat 6: Gomez224 ($2 in chips) 
Seat 7: Azzoro ($0.74 in chips) 
Seat 8: freeswag ($2 in chips) 
Seat 9: frosa9397 ($2.54 in chips) 
Gomez224: posts small blind $0.01
Azzoro: posts big blind $0.02
*** HOLE CARDS ***
Dealt to Dorex2007 [7s Qs]
freeswag: folds 
frosa9397: calls $0.02
Manusod: folds 
arsenyaspbsb: folds 
Dorex2007: folds 
trente-sept: folds 
Gomez224: folds 
Azzoro: checks 
*** FLOP *** [8h 3h As]
Azzoro: bets $0.04
frosa9397: folds 
Uncalled bet ($0.04) returned to Azzoro
Azzoro collected $0.05 from pot
*** SUMMARY ***
Total pot $0.05 | Rake $0 
Board [8h 3h As]
Seat 1: Manusod folded before Flop (didn't bet)
Seat 2: arsenyaspbsb folded before Flop (didn't bet)
Seat 3: Dorex2007 folded before Flop (didn't bet)
Seat 5: trente-sept (button) folded before Flop (didn't bet)
Seat 6: Gomez224 (small blind) folded before Flop
Seat 7: Azzoro (big blind) collected ($0.05)
Seat 8: freeswag folded before Flop (didn't bet)
Seat 9: frosa9397 folded on the Flop



PokerStars Hand #237281936381:  Hold'em No Limit ($0.01/$0.02 USD) - 2022/07/10 13:42:37 PT [2022/07/10 16:42:37 ET]
Table 'Prospero III' 9-max Seat #6 is the button
Seat 1: Manusod ($1.26 in chips) 
Seat 2: arsenyaspbsb ($2 in chips) 
Seat 3: Dorex2007 ($2.22 in chips) 
Seat 5: trente-sept ($3.31 in chips) 
Seat 6: Gomez224 ($2 in chips) 
Seat 7: Azzoro ($0.77 in chips) 
Seat 8: freeswag ($2 in chips) 
Seat 9: frosa9397 ($2.52 in chips) 
Azzoro: posts small blind $0.01
freeswag: posts big blind $0.02
*** HOLE CARDS ***
Dealt to Dorex2007 [9s Ah]
frosa9397: folds 
Manusod: raises $0.06 to $0.08
arsenyaspbsb: folds 
Dorex2007: folds 
trente-sept: folds 
Gomez224: folds 
Azzoro: folds 
freeswag: calls $0.06
*** FLOP *** [3s 5h 7h]
freeswag: checks 
Manusod: bets $0.16
freeswag: folds 
Uncalled bet ($0.16) returned to Manusod
Manusod collected $0.16 from pot
*** SUMMARY ***
Total pot $0.17 | Rake $0.01 
Board [3s 5h 7h]
Seat 1: Manusod collected ($0.16)
Seat 2: arsenyaspbsb folded before Flop (didn't bet)
Seat 3: Dorex2007 folded before Flop (didn't bet)
Seat 5: trente-sept folded before Flop (didn't bet)
Seat 6: Gomez224 (button) folded before Flop (didn't bet)
Seat 7: Azzoro (small blind) folded before Flop
Seat 8: freeswag (big blind) folded on the Flop
Seat 9: frosa9397 folded before Flop (didn't bet)



PokerStars Hand #237281945721:  Hold'em No Limit ($0.01/$0.02 USD) - 2022/07/10 13:42:59 PT [2022/07/10 16:42:59 ET]
Table 'Prospero III' 9-max Seat #7 is the button
Seat 1: Manusod ($1.34 in chips) 
Seat 2: arsenyaspbsb ($2 in chips) 
Seat 3: Dorex2007 ($2.22 in chips) 
Seat 5: trente-sept ($3.31 in chips) 
Seat 6: Gomez224 ($2 in chips) 
Seat 7: Azzoro ($0.76 in chips) 
Seat 8: freeswag ($2 in chips) 
Seat 9: frosa9397 ($2.52 in chips) 
freeswag: posts small blind $0.01
frosa9397: posts big blind $0.02
*** HOLE CARDS ***
Dealt to Dorex2007 [9c 6s]
Manusod: raises $0.02 to $0.04
arsenyaspbsb: folds 
Dorex2007: folds 
trente-sept: folds 
Gomez224: folds 
Azzoro: folds 
freeswag: calls $0.03
frosa9397: folds 
*** FLOP *** [Kc 7c Th]
freeswag: checks 
Manusod: checks 
*** TURN *** [Kc 7c Th] [3h]
freeswag: checks 
Manusod: checks 
*** RIVER *** [Kc 7c Th 3h] [8c]
freeswag: bets $0.05
Manusod: folds 
Uncalled bet ($0.05) returned to freeswag
freeswag collected $0.10 from pot
*** SUMMARY ***
Total pot $0.10 | Rake $0 
Board [Kc 7c Th 3h 8c]
Seat 1: Manusod folded on the River
Seat 2: arsenyaspbsb folded before Flop (didn't bet)
Seat 3: Dorex2007 folded before Flop (didn't bet)
Seat 5: trente-sept folded before Flop (didn't bet)
Seat 6: Gomez224 folded before Flop (didn't bet)
Seat 7: Azzoro (button) folded before Flop (didn't bet)
Seat 8: freeswag (small blind) collected ($0.10)
Seat 9: frosa9397 (big blind) folded before Flop



PokerStars Hand #237281962092:  Hold'em No Limit ($0.01/$0.02 USD) - 2022/07/10 13:43:37 PT [2022/07/10 16:43:37 ET]
Table 'Prospero III' 9-max Seat #8 is the button
Seat 1: Manusod ($1.30 in chips) 
Seat 2: arsenyaspbsb ($2 in chips) 
Seat 3: Dorex2007 ($2.22 in chips) 
Seat 5: trente-sept ($3.31 in chips) 
Seat 6: Gomez224 ($2 in chips) 
Seat 7: Azzoro ($0.76 in chips) 
Seat 8: freeswag ($2.06 in chips) 
Seat 9: frosa9397 ($2.50 in chips) 
frosa9397: posts small blind $0.01
Manusod: posts big blind $0.02
*** HOLE CARDS ***
Dealt to Dorex2007 [9c Th]
arsenyaspbsb: folds 
Dorex2007: folds 
trente-sept: folds 
Gomez224: folds 
Azzoro: folds 
freeswag: raises $0.03 to $0.05
frosa9397: raises $0.16 to $0.21
Manusod: calls $0.19
freeswag: calls $0.16
*** FLOP *** [4d 4c 9d]
frosa9397: bets $0.61
Manusod: calls $0.61
freeswag: folds 
*** TURN *** [4d 4c 9d] [Td]
frosa9397: bets $0.63
Manusod: calls $0.48 and is all-in
Uncalled bet ($0.15) returned to frosa9397
*** RIVER *** [4d 4c 9d Td] [7s]
*** SHOW DOWN ***
frosa9397: shows [Qc Qd] (two pair, Queens and Fours)
Manusod: shows [4s Jh] (three of a kind, Fours)
Manusod collected $2.71 from pot
frosa9397 cashed out the hand for $0.61 | Cash Out Fee $0.01
*** SUMMARY ***
Total pot $2.81 | Rake $0.10 
Board [4d 4c 9d Td 7s]
Seat 1: Manusod (big blind) showed [4s Jh] and won ($2.71) with three of a kind, Fours
Seat 2: arsenyaspbsb folded before Flop (didn't bet)
Seat 3: Dorex2007 folded before Flop (didn't bet)
Seat 5: trente-sept folded before Flop (didn't bet)
Seat 6: Gomez224 folded before Flop (didn't bet)
Seat 7: Azzoro folded before Flop (didn't bet)
Seat 8: freeswag (button) folded on the Flop
Seat 9: frosa9397 (small blind) showed [Qc Qd] and lost with two pair, Queens and Fours (cashed out).



PokerStars Hand #237281990393:  Hold'em No Limit ($0.01/$0.02 USD) - 2022/07/10 13:44:45 PT [2022/07/10 16:44:45 ET]
Table 'Prospero III' 9-max Seat #9 is the button
Seat 1: Manusod ($2.71 in chips) 
Seat 2: arsenyaspbsb ($2 in chips) 
Seat 3: Dorex2007 ($2.22 in chips) 
Seat 5: trente-sept ($3.31 in chips) 
Seat 6: Gomez224 ($2 in chips) 
Seat 7: Azzoro ($0.76 in chips) 
Seat 8: freeswag ($2 in chips) 
Seat 9: frosa9397 ($1.81 in chips) 
Manusod: posts small blind $0.01
arsenyaspbsb: posts big blind $0.02
*** HOLE CARDS ***
Dealt to Dorex2007 [3c 2d]
Dorex2007: folds 
trente-sept: raises $0.04 to $0.06
Gomez224: folds 
Azzoro: folds 
freeswag: calls $0.06
frosa9397: calls $0.06
Manusod: calls $0.05
arsenyaspbsb: folds 
*** FLOP *** [2s 3s 2h]
Manusod: checks 
trente-sept: bets $0.06
freeswag: folds 
frosa9397: folds 
Manusod: calls $0.06
*** TURN *** [2s 3s 2h] [7c]
Manusod: checks 
trente-sept: checks 
*** RIVER *** [2s 3s 2h 7c] [3d]
Manusod: bets $0.18
trente-sept: calls $0.18
*** SHOW DOWN ***
Manusod: shows [6c 5h] (two pair, Threes and Deuces)
trente-sept: shows [Jc Ah] (two pair, Threes and Deuces - Ace kicker)
trente-sept collected $0.71 from pot
*** SUMMARY ***
Total pot $0.74 | Rake $0.03 
Board [2s 3s 2h 7c 3d]
Seat 1: Manusod (small blind) showed [6c 5h] and lost with two pair, Threes and Deuces
Seat 2: arsenyaspbsb (big blind) folded before Flop
Seat 3: Dorex2007 folded before Flop (didn't bet)
Seat 5: trente-sept showed [Jc Ah] and won ($0.71) with two pair, Threes and Deuces
Seat 6: Gomez224 folded before Flop (didn't bet)
Seat 7: Azzoro folded before Flop (didn't bet)
Seat 8: freeswag folded on the Flop
Seat 9: frosa9397 (button) folded on the Flop



PokerStars Hand #237282020936:  Hold'em No Limit ($0.01/$0.02 USD) - 2022/07/10 13:45:46 PT [2022/07/10 16:45:46 ET]
Table 'Prospero III' 9-max Seat #1 is the button
Seat 1: Manusod ($2.41 in chips) 
Seat 2: arsenyaspbsb ($2 in chips) 
Seat 3: Dorex2007 ($2.22 in chips) 
Seat 5: trente-sept ($3.72 in chips) 
Seat 6: Gomez224 ($2 in chips) 
Seat 7: Azzoro ($0.76 in chips) 
Seat 8: freeswag ($2 in chips) 
Seat 9: frosa9397 ($1.75 in chips) 
arsenyaspbsb: posts small blind $0.01
Dorex2007: posts big blind $0.02
*** HOLE CARDS ***
Dealt to Dorex2007 [6h 8h]
trente-sept: folds 
Gomez224: raises $0.04 to $0.06
Azzoro: folds 
freeswag: folds 
frosa9397: calls $0.06
Manusod: raises $2.35 to $2.41 and is all-in
arsenyaspbsb: folds 
Dorex2007: folds 
TanjeffRz joins the table at seat #4 
Gomez224: folds 
frosa9397: folds 
Uncalled bet ($2.35) returned to Manusod
Manusod collected $0.21 from pot
*** SUMMARY ***
Total pot $0.21 | Rake $0 
Seat 1: Manusod (button) collected ($0.21)
Seat 2: arsenyaspbsb (small blind) folded before Flop
Seat 3: Dorex2007 (big blind) folded before Flop
Seat 5: trente-sept folded before Flop (didn't bet)
Seat 6: Gomez224 folded before Flop
Seat 7: Azzoro folded before Flop (didn't bet)
Seat 8: freeswag folded before Flop (didn't bet)
Seat 9: frosa9397 folded before Flop



PokerStars Hand #237282033326:  Hold'em No Limit ($0.01/$0.02 USD) - 2022/07/10 13:46:15 PT [2022/07/10 16:46:15 ET]
Table 'Prospero III' 9-max Seat #2 is the button
Seat 1: Manusod ($2.56 in chips) 
Seat 2: arsenyaspbsb ($2 in chips) 
Seat 3: Dorex2007 ($2.20 in chips) 
Seat 4: TanjeffRz ($2 in chips) 
Seat 5: trente-sept ($3.72 in chips) 
Seat 6: Gomez224 ($2 in chips) 
Seat 7: Azzoro ($0.76 in chips) 
Seat 8: freeswag ($2 in chips) 
Seat 9: frosa9397 ($1.69 in chips) 
Dorex2007: posts small blind $0.01
TanjeffRz: posts big blind $0.02
*** HOLE CARDS ***
Dealt to Dorex2007 [9s Ac]
trente-sept: folds 
Gomez224: folds 
Azzoro: calls $0.02
freeswag: folds 
frosa9397: folds 
Manusod: raises $0.08 to $0.10
arsenyaspbsb: folds 
Dorex2007: folds 
TanjeffRz: folds 
Azzoro: folds 
Uncalled bet ($0.08) returned to Manusod
Manusod collected $0.07 from pot
*** SUMMARY ***
Total pot $0.07 | Rake $0 
Seat 1: Manusod collected ($0.07)
Seat 2: arsenyaspbsb (button) folded before Flop (didn't bet)
Seat 3: Dorex2007 (small blind) folded before Flop
Seat 4: TanjeffRz (big blind) folded before Flop
Seat 5: trente-sept folded before Flop (didn't bet)
Seat 6: Gomez224 folded before Flop (didn't bet)
Seat 7: Azzoro folded before Flop
Seat 8: freeswag folded before Flop (didn't bet)
Seat 9: frosa9397 folded before Flop (didn't bet)



PokerStars Hand #237282041064:  Hold'em No Limit ($0.01/$0.02 USD) - 2022/07/10 13:46:34 PT [2022/07/10 16:46:34 ET]
Table 'Prospero III' 9-max Seat #3 is the button
Seat 1: Manusod ($2.61 in chips) 
Seat 2: arsenyaspbsb ($2 in chips) 
Seat 3: Dorex2007 ($2.19 in chips) 
Seat 4: TanjeffRz ($2 in chips) 
Seat 5: trente-sept ($3.72 in chips) 
Seat 6: Gomez224 ($2 in chips) 
Seat 7: Azzoro ($0.74 in chips) 
Seat 8: freeswag ($2 in chips) 
Seat 9: frosa9397 ($1.69 in chips) 
TanjeffRz: posts small blind $0.01
trente-sept: posts big blind $0.02
*** HOLE CARDS ***
Dealt to Dorex2007 [Qd Qs]
Gomez224: folds 
Azzoro: folds 
freeswag: folds 
frosa9397: folds 
Manusod: folds 
arsenyaspbsb: folds 
Dorex2007: raises $0.06 to $0.08
TanjeffRz: folds 
trente-sept: calls $0.06
*** FLOP *** [Qh 6c Jc]
trente-sept: bets $0.04
Dorex2007: raises $0.08 to $0.12
trente-sept: calls $0.08
*** TURN *** [Qh 6c Jc] [8h]
trente-sept: checks 
Dorex2007: bets $0.27
trente-sept: folds 
Uncalled bet ($0.27) returned to Dorex2007
Dorex2007 collected $0.40 from pot
*** SUMMARY ***
Total pot $0.41 | Rake $0.01 
Board [Qh 6c Jc 8h]
Seat 1: Manusod folded before Flop (didn't bet)
Seat 2: arsenyaspbsb folded before Flop (didn't bet)
Seat 3: Dorex2007 (button) collected ($0.40)
Seat 4: TanjeffRz (small blind) folded before Flop
Seat 5: trente-sept (big blind) folded on the Turn
Seat 6: Gomez224 folded before Flop (didn't bet)
Seat 7: Azzoro folded before Flop (didn't bet)
Seat 8: freeswag folded before Flop (didn't bet)
Seat 9: frosa9397 folded before Flop (didn't bet)



PokerStars Hand #237282061317:  Hold'em No Limit ($0.01/$0.02 USD) - 2022/07/10 13:47:22 PT [2022/07/10 16:47:22 ET]
Table 'Prospero III' 9-max Seat #4 is the button
Seat 1: Manusod ($2.61 in chips) 
Seat 2: arsenyaspbsb ($2 in chips) 
Seat 3: Dorex2007 ($2.39 in chips) 
Seat 4: TanjeffRz ($2 in chips) 
Seat 5: trente-sept ($3.52 in chips) 
Seat 6: Gomez224 ($2 in chips) 
Seat 7: Azzoro ($0.74 in chips) 
Seat 8: freeswag ($2 in chips) 
Seat 9: frosa9397 ($1.69 in chips) 
trente-sept: posts small blind $0.01
Gomez224: posts big blind $0.02
*** HOLE CARDS ***
Dealt to Dorex2007 [Ts 3h]
Azzoro: folds 
freeswag: folds 
frosa9397: raises $0.05 to $0.07
Manusod: calls $0.07
arsenyaspbsb: folds 
Dorex2007: folds 
TanjeffRz: folds 
trente-sept: folds 
Gomez224: folds 
*** FLOP *** [5d 6c Kh]
frosa9397: bets $0.08
Manusod: calls $0.08
*** TURN *** [5d 6c Kh] [Ad]
frosa9397: checks 
Manusod: bets $0.30
frosa9397: folds 
Uncalled bet ($0.30) returned to Manusod
Manusod collected $0.32 from pot
*** SUMMARY ***
Total pot $0.33 | Rake $0.01 
Board [5d 6c Kh Ad]
Seat 1: Manusod collected ($0.32)
Seat 2: arsenyaspbsb folded before Flop (didn't bet)
Seat 3: Dorex2007 folded before Flop (didn't bet)
Seat 4: TanjeffRz (button) folded before Flop (didn't bet)
Seat 5: trente-sept (small blind) folded before Flop
Seat 6: Gomez224 (big blind) folded before Flop
Seat 7: Azzoro folded before Flop (didn't bet)
Seat 8: freeswag folded before Flop (didn't bet)
Seat 9: frosa9397 folded on the Turn



PokerStars Hand #237282076982:  Hold'em No Limit ($0.01/$0.02 USD) - 2022/07/10 13:47:59 PT [2022/07/10 16:47:59 ET]
Table 'Prospero III' 9-max Seat #5 is the button
Seat 1: Manusod ($2.78 in chips) 
Seat 2: arsenyaspbsb ($2 in chips) 
Seat 3: Dorex2007 ($2.39 in chips) 
Seat 4: TanjeffRz ($2 in chips) 
Seat 5: trente-sept ($3.51 in chips) 
Seat 6: Gomez224 ($2 in chips) 
Seat 7: Azzoro ($0.74 in chips) 
Seat 8: freeswag ($2 in chips) 
Seat 9: frosa9397 ($1.54 in chips) 
Gomez224: posts small blind $0.01
Azzoro: posts big blind $0.02
*** HOLE CARDS ***
Dealt to Dorex2007 [Ah 3c]
freeswag: folds 
frosa9397: calls $0.02
Manusod: calls $0.02
arsenyaspbsb: folds 
Dorex2007: folds 
TanjeffRz: folds 
TanjeffRz leaves the table
trente-sept: raises $0.04 to $0.06
Gomez224: folds 
Azzoro: folds 
frosa9397: calls $0.04
Manusod: calls $0.04
*** FLOP *** [Kd 6c 8c]
frosa9397: checks 
Manusod: checks 
trente-sept: bets $0.04
frosa9397: calls $0.04
Manusod: calls $0.04
*** TURN *** [Kd 6c 8c] [8h]
frosa9397: checks 
Manusod: checks 
trente-sept: bets $0.08
frosa9397: calls $0.08
Manusod: calls $0.08
*** RIVER *** [Kd 6c 8c 8h] [6s]
frosa9397: checks 
Manusod: bets $0.55
trente-sept: calls $0.55
frosa9397: folds 
*** SHOW DOWN ***
Manusod: shows [9s 7c] (two pair, Eights and Sixes)
trente-sept: shows [Td Kc] (two pair, Kings and Eights)
trente-sept collected $1.61 from pot
*** SUMMARY ***
Total pot $1.67 | Rake $0.06 
Board [Kd 6c 8c 8h 6s]
Seat 1: Manusod showed [9s 7c] and lost with two pair, Eights and Sixes
Seat 2: arsenyaspbsb folded before Flop (didn't bet)
Seat 3: Dorex2007 folded before Flop (didn't bet)
Seat 4: TanjeffRz folded before Flop (didn't bet)
Seat 5: trente-sept (button) showed [Td Kc] and won ($1.61) with two pair, Kings and Eights
Seat 6: Gomez224 (small blind) folded before Flop
Seat 7: Azzoro (big blind) folded before Flop
Seat 8: freeswag folded before Flop (didn't bet)
Seat 9: frosa9397 folded on the River



PokerStars Hand #237282102757:  Hold'em No Limit ($0.01/$0.02 USD) - 2022/07/10 13:49:00 PT [2022/07/10 16:49:00 ET]
Table 'Prospero III' 9-max Seat #6 is the button
Seat 1: Manusod ($2.05 in chips) 
Seat 2: arsenyaspbsb ($2 in chips) 
Seat 3: Dorex2007 ($2.39 in chips) 
Seat 5: trente-sept ($4.39 in chips) 
Seat 6: Gomez224 ($2 in chips) 
Seat 7: Azzoro ($0.72 in chips) 
Seat 9: frosa9397 ($1.36 in chips) 
Azzoro: posts small blind $0.01
freeswag: is sitting out 
frosa9397: posts big blind $0.02
*** HOLE CARDS ***
Dealt to Dorex2007 [Kd 6d]
freeswag leaves the table
Manusod: calls $0.02
arsenyaspbsb: folds 
Dorex2007: folds 
trente-sept: raises $0.04 to $0.06
Gomez224: calls $0.06
Azzoro: folds 
frosa9397: calls $0.04
Manusod: calls $0.04
*** FLOP *** [3s Qs 8s]
frosa9397: checks 
Manusod: checks 
trente-sept: bets $0.08
Gomez224: calls $0.08
frosa9397: folds 
Manusod: folds 
*** TURN *** [3s Qs 8s] [3d]
trente-sept: checks 
Gomez224: checks 
*** RIVER *** [3s Qs 8s 3d] [8h]
trente-sept: bets $0.14
Gomez224: folds 
Uncalled bet ($0.14) returned to trente-sept
trente-sept collected $0.40 from pot
*** SUMMARY ***
Total pot $0.41 | Rake $0.01 
Board [3s Qs 8s 3d 8h]
Seat 1: Manusod folded on the Flop
Seat 2: arsenyaspbsb folded before Flop (didn't bet)
Seat 3: Dorex2007 folded before Flop (didn't bet)
Seat 5: trente-sept collected ($0.40)
Seat 6: Gomez224 (button) folded on the River
Seat 7: Azzoro (small blind) folded before Flop
Seat 9: frosa9397 (big blind) folded on the Flop



PokerStars Hand #237282127144:  Hold'em No Limit ($0.01/$0.02 USD) - 2022/07/10 13:49:58 PT [2022/07/10 16:49:58 ET]
Table 'Prospero III' 9-max Seat #7 is the button
Seat 1: Manusod ($1.99 in chips) 
Seat 2: arsenyaspbsb ($2 in chips) 
Seat 3: Dorex2007 ($2.39 in chips) 
Seat 5: trente-sept ($4.65 in chips) 
Seat 6: Gomez224 ($2 in chips) 
Seat 7: Azzoro ($0.71 in chips) 
Seat 9: frosa9397 ($1.30 in chips) 
frosa9397: posts small blind $0.01
Manusod: posts big blind $0.02
*** HOLE CARDS ***
Dealt to Dorex2007 [Qd Ah]
arsenyaspbsb: folds 
Dorex2007: raises $0.06 to $0.08
trente-sept: folds 
Gomez224: folds 
Azzoro: folds 
frosa9397: folds 
Manusod: calls $0.06
*** FLOP *** [9c 5d 8c]
Manusod: checks 
Dorex2007: bets $0.16
Manusod: calls $0.16
*** TURN *** [9c 5d 8c] [7h]
Manusod: checks 
Dorex2007: checks 
*** RIVER *** [9c 5d 8c 7h] [As]
Manusod: bets $0.47
Dorex2007: calls $0.47
*** SHOW DOWN ***
Manusod: shows [Kd Jh] (high card Ace)
Dorex2007: shows [Qd Ah] (a pair of Aces)
Dorex2007 collected $1.38 from pot
*** SUMMARY ***
Total pot $1.43 | Rake $0.05 
Board [9c 5d 8c 7h As]
Seat 1: Manusod (big blind) showed [Kd Jh] and lost with high card Ace
Seat 2: arsenyaspbsb folded before Flop (didn't bet)
Seat 3: Dorex2007 showed [Qd Ah] and won ($1.38) with a pair of Aces
Seat 5: trente-sept folded before Flop (didn't bet)
Seat 6: Gomez224 folded before Flop (didn't bet)
Seat 7: Azzoro (button) folded before Flop (didn't bet)
Seat 9: frosa9397 (small blind) folded before Flop



PokerStars Hand #237282140589:  Hold'em No Limit ($0.01/$0.02 USD) - 2022/07/10 13:50:30 PT [2022/07/10 16:50:30 ET]
Table 'Prospero III' 9-max Seat #9 is the button
Seat 1: Manusod ($1.28 in chips) 
Seat 2: arsenyaspbsb ($2 in chips) 
Seat 3: Dorex2007 ($3.06 in chips) 
Seat 5: trente-sept ($4.65 in chips) 
Seat 6: Gomez224 ($2 in chips) 
Seat 7: Azzoro ($0.71 in chips) 
Seat 9: frosa9397 ($1.29 in chips) 
Manusod: posts small blind $0.01
arsenyaspbsb: posts big blind $0.02
*** HOLE CARDS ***
Dealt to Dorex2007 [Tc Jd]
Dorex2007: folds 
trente-sept: folds 
Gomez224: raises $0.04 to $0.06
Azzoro: folds 
frosa9397: folds 
Manusod: calls $0.05
arsenyaspbsb: folds 
*** FLOP *** [Ac Kc Ts]
Manusod: checks 
Gomez224: bets $0.10
Manusod: raises $1.12 to $1.22 and is all-in
Gomez224: calls $1.12
*** TURN *** [Ac Kc Ts] [7c]
*** RIVER *** [Ac Kc Ts 7c] [Ad]
*** SHOW DOWN ***
Manusod: shows [2h Ah] (three of a kind, Aces)
Gomez224: shows [Js Qh] (a straight, Ten to Ace)
Gomez224 collected $2.49 from pot
Manusod cashed out the hand for $0.09
*** SUMMARY ***
Total pot $2.58 | Rake $0.09 
Board [Ac Kc Ts 7c Ad]
Seat 1: Manusod (small blind) showed [2h Ah] and lost with three of a kind, Aces (cashed out).
Seat 2: arsenyaspbsb (big blind) folded before Flop
Seat 3: Dorex2007 folded before Flop (didn't bet)
Seat 5: trente-sept folded before Flop (didn't bet)
Seat 6: Gomez224 showed [Js Qh] and won ($2.49) with a straight, Ten to Ace
Seat 7: Azzoro folded before Flop (didn't bet)
Seat 9: frosa9397 (button) folded before Flop (didn't bet)



PokerStars Hand #237282156620:  Hold'em No Limit ($0.01/$0.02 USD) - 2022/07/10 13:51:08 PT [2022/07/10 16:51:08 ET]
Table 'Prospero III' 9-max Seat #1 is the button
Seat 1: Manusod ($0.09 in chips) 
Seat 2: arsenyaspbsb ($2 in chips) 
Seat 3: Dorex2007 ($3.06 in chips) 
Seat 5: trente-sept ($4.65 in chips) 
Seat 6: Gomez224 ($3.21 in chips) 
Seat 7: Azzoro ($0.71 in chips) 
Seat 9: frosa9397 ($1.29 in chips) 
arsenyaspbsb: posts small blind $0.01
Dorex2007: posts big blind $0.02
*** HOLE CARDS ***
Dealt to Dorex2007 [Jc Td]
trente-sept: folds 
Gomez224: folds 
Azzoro: folds 
frosa9397: calls $0.02
Manusod: raises $0.07 to $0.09 and is all-in
arsenyaspbsb: calls $0.08
Dorex2007: folds 
frosa9397: calls $0.07
*** FLOP *** [Kc Ah Qd]
arsenyaspbsb: checks 
frosa9397: checks 
*** TURN *** [Kc Ah Qd] [9d]
arsenyaspbsb: checks 
frosa9397: bets $0.14
arsenyaspbsb: folds 
Uncalled bet ($0.14) returned to frosa9397
*** RIVER *** [Kc Ah Qd 9d] [Kd]
*** SHOW DOWN ***
frosa9397: shows [Kh Th] (three of a kind, Kings)
Manusod: shows [Tc 3s] (a pair of Kings)
frosa9397 collected $0.28 from pot
*** SUMMARY ***
Total pot $0.29 | Rake $0.01 
Board [Kc Ah Qd 9d Kd]
Seat 1: Manusod (button) showed [Tc 3s] and lost with a pair of Kings
Seat 2: arsenyaspbsb (small blind) folded on the Turn
Seat 3: Dorex2007 (big blind) folded before Flop
Seat 5: trente-sept folded before Flop (didn't bet)
Seat 6: Gomez224 folded before Flop (didn't bet)
Seat 7: Azzoro folded before Flop (didn't bet)
Seat 9: frosa9397 showed [Kh Th] and won ($0.28) with three of a kind, Kings



PokerStars Hand #237282176976:  Hold'em No Limit ($0.01/$0.02 USD) - 2022/07/10 13:51:57 PT [2022/07/10 16:51:57 ET]
Table 'Prospero III' 9-max Seat #2 is the button
Seat 2: arsenyaspbsb ($2 in chips) 
Seat 3: Dorex2007 ($3.04 in chips) 
Seat 5: trente-sept ($4.65 in chips) 
Seat 6: Gomez224 ($3.21 in chips) 
Seat 7: Azzoro ($0.71 in chips) 
Seat 9: frosa9397 ($1.48 in chips) 
Dorex2007: posts small blind $0.01
trente-sept: posts big blind $0.02
*** HOLE CARDS ***
Dealt to Dorex2007 [Td Qd]
Gomez224: raises $0.04 to $0.06
Azzoro: folds 
frosa9397: folds 
arsenyaspbsb: folds 
Manusod leaves the table
Dorex2007: folds 
trente-sept: folds 
Uncalled bet ($0.04) returned to Gomez224
Gomez224 collected $0.05 from pot
*** SUMMARY ***
Total pot $0.05 | Rake $0 
Seat 2: arsenyaspbsb (button) folded before Flop (didn't bet)
Seat 3: Dorex2007 (small blind) folded before Flop
Seat 5: trente-sept (big blind) folded before Flop
Seat 6: Gomez224 collected ($0.05)
Seat 7: Azzoro folded before Flop (didn't bet)
Seat 9: frosa9397 folded before Flop (didn't bet)



PokerStars Hand #237282185603:  Hold'em No Limit ($0.01/$0.02 USD) - 2022/07/10 13:52:18 PT [2022/07/10 16:52:18 ET]
Table 'Prospero III' 9-max Seat #3 is the button
Seat 2: arsenyaspbsb ($2 in chips) 
Seat 3: Dorex2007 ($3.03 in chips) 
Seat 5: trente-sept ($4.63 in chips) 
Seat 7: Azzoro ($0.71 in chips) 
Seat 9: frosa9397 ($1.48 in chips) 
trente-sept: posts small blind $0.01
Azzoro: posts big blind $0.02
*** HOLE CARDS ***
Dealt to Dorex2007 [7s 8c]
frosa9397: folds 
Gomez224 leaves the table
arsenyaspbsb: folds 
Dorex2007: folds 
trente-sept: raises $0.02 to $0.04
Azzoro: calls $0.02
*** FLOP *** [2s 2d 4h]
trente-sept: checks 
Azzoro: checks 
*** TURN *** [2s 2d 4h] [2c]
trente-sept: checks 
Azzoro: bets $0.02
trente-sept: calls $0.02
*** RIVER *** [2s 2d 4h 2c] [5d]
trente-sept: checks 
Azzoro: checks 
*** SHOW DOWN ***
trente-sept: shows [9h 6h] (three of a kind, Deuces)
Azzoro: shows [Qh 5h] (a full house, Deuces full of Fives)
Azzoro collected $0.12 from pot
*** SUMMARY ***
Total pot $0.12 | Rake $0 
Board [2s 2d 4h 2c 5d]
Seat 2: arsenyaspbsb folded before Flop (didn't bet)
Seat 3: Dorex2007 (button) folded before Flop (didn't bet)
Seat 5: trente-sept (small blind) showed [9h 6h] and lost with three of a kind, Deuces
Seat 7: Azzoro (big blind) showed [Qh 5h] and won ($0.12) with a full house, Deuces full of Fives
Seat 9: frosa9397 folded before Flop (didn't bet)



PokerStars Hand #237282197808:  Hold'em No Limit ($0.01/$0.02 USD) - 2022/07/10 13:52:47 PT [2022/07/10 16:52:47 ET]
Table 'Prospero III' 9-max Seat #5 is the button
Seat 2: arsenyaspbsb ($2 in chips) 
Seat 3: Dorex2007 ($3.03 in chips) 
Seat 5: trente-sept ($4.57 in chips) 
Seat 9: frosa9397 ($1.48 in chips) 
frosa9397: posts small blind $0.01
arsenyaspbsb: posts big blind $0.02
*** HOLE CARDS ***
Dealt to Dorex2007 [Qh 3s]
Azzoro leaves the table
Dorex2007: folds 
trente-sept: folds 
frosa9397: folds 
Uncalled bet ($0.01) returned to arsenyaspbsb
arsenyaspbsb collected $0.02 from pot
*** SUMMARY ***
Total pot $0.02 | Rake $0 
Seat 2: arsenyaspbsb (big blind) collected ($0.02)
Seat 3: Dorex2007 folded before Flop (didn't bet)
Seat 5: trente-sept (button) folded before Flop (didn't bet)
Seat 9: frosa9397 (small blind) folded before Flop



PokerStars Hand #237282203888:  Hold'em No Limit ($0.01/$0.02 USD) - 2022/07/10 13:53:02 PT [2022/07/10 16:53:02 ET]
Table 'Prospero III' 9-max Seat #2 is the button
Seat 2: arsenyaspbsb ($2.01 in chips) 
Seat 3: Dorex2007 ($3.03 in chips) 
Seat 5: trente-sept ($4.57 in chips) 
Dorex2007: posts small blind $0.01
trente-sept: posts big blind $0.02
*** HOLE CARDS ***
Dealt to Dorex2007 [8d 6c]
arsenyaspbsb: folds 
Dorex2007: folds 
Uncalled bet ($0.01) returned to trente-sept
trente-sept collected $0.02 from pot
*** SUMMARY ***
Total pot $0.02 | Rake $0 
Seat 2: arsenyaspbsb (button) folded before Flop (didn't bet)
Seat 3: Dorex2007 (small blind) folded before Flop
Seat 5: trente-sept (big blind) collected ($0.02)



