PokerStars Hand #228281267558:  Hold'em No Limit ($0.01/$0.02 USD) - 2021/07/14 1:51:48 PT [2021/07/14 4:51:48 ET]
Table 'Cline III' 9-max Seat #1 is the button
Seat 1: S_A_S_B_B ($1.36 in chips) 
Seat 2: cornel_IATOT ($1.98 in chips) 
Seat 3: 2178chingon ($4.05 in chips) 
Seat 4: oluncleelroy ($2.03 in chips) 
Seat 5: gin175 ($1.97 in chips) 
Seat 7: HATALLIKA720 ($2 in chips) 
Seat 8: Dorex2007 ($2 in chips) 
Seat 9: zorro2927 ($2 in chips) 
cornel_IATOT: posts small blind $0.01
2178chingon: posts big blind $0.02
Dorex2007: posts big blind $0.02
*** HOLE CARDS ***
Dealt to Dorex2007 [8d Td]
oluncleelroy: folds 
Chinatown1087 leaves the table
gin175: folds 
HATALLIKA720: folds 
Dorex2007: checks 
zorro2927: folds 
S_A_S_B_B: folds 
cornel_IATOT: calls $0.01
2178chingon: raises $0.08 to $0.10
Dorex2007: folds 
cornel_IATOT: folds 
Uncalled bet ($0.08) returned to 2178chingon
cornel_IATOT leaves the table
2178chingon collected $0.06 from pot
2178chingon: doesn't show hand 
*** SUMMARY ***
Total pot $0.06 | Rake $0 
Seat 1: S_A_S_B_B (button) folded before Flop (didn't bet)
Seat 2: cornel_IATOT (small blind) folded before Flop
Seat 3: 2178chingon (big blind) collected ($0.06)
Seat 4: oluncleelroy folded before Flop (didn't bet)
Seat 5: gin175 folded before Flop (didn't bet)
Seat 7: HATALLIKA720 folded before Flop (didn't bet)
Seat 8: Dorex2007 folded before Flop (didn't bet)
Seat 9: zorro2927 folded before Flop (didn't bet)



PokerStars Hand #228281273672:  Hold'em No Limit ($0.01/$0.02 USD) - 2021/07/14 1:52:26 PT [2021/07/14 4:52:26 ET]
Table 'Cline III' 9-max Seat #3 is the button
Seat 1: S_A_S_B_B ($1.36 in chips) 
Seat 3: 2178chingon ($4.09 in chips) 
Seat 4: oluncleelroy ($2.03 in chips) 
Seat 5: gin175 ($1.97 in chips) 
Seat 7: HATALLIKA720 ($2 in chips) 
Seat 8: Dorex2007 ($1.98 in chips) 
Seat 9: zorro2927 ($2 in chips) 
oluncleelroy: posts small blind $0.01
gin175: posts big blind $0.02
*** HOLE CARDS ***
Dealt to Dorex2007 [4s 5c]
HATALLIKA720: folds 
Dorex2007: folds 
zorro2927: raises $0.04 to $0.06
S_A_S_B_B: folds 
2178chingon: folds 
oluncleelroy: calls $0.05
gin175: calls $0.04
*** FLOP *** [Kd 6d 5s]
oluncleelroy: bets $0.09
0010110010 joins the table at seat #6 
gin175: calls $0.09
zorro2927: folds 
*** TURN *** [Kd 6d 5s] [Jc]
oluncleelroy: checks 
gin175: bets $0.16
oluncleelroy: folds 
Uncalled bet ($0.16) returned to gin175
gin175 collected $0.35 from pot
*** SUMMARY ***
Total pot $0.36 | Rake $0.01 
Board [Kd 6d 5s Jc]
Seat 1: S_A_S_B_B folded before Flop (didn't bet)
Seat 3: 2178chingon (button) folded before Flop (didn't bet)
Seat 4: oluncleelroy (small blind) folded on the Turn
Seat 5: gin175 (big blind) collected ($0.35)
Seat 7: HATALLIKA720 folded before Flop (didn't bet)
Seat 8: Dorex2007 folded before Flop (didn't bet)
Seat 9: zorro2927 folded on the Flop



