PokerStars Hand #224155904048:  Hold'em No Limit ($0.01/$0.02 USD) - 2021/02/23 16:49:07 PT [2021/02/23 19:49:07 ET]
Table 'Kythera IV' 9-max Seat #3 is the button
Seat 1: Dorex2007 ($1.50 in chips) 
Seat 2: Rocky4444423 ($0.97 in chips) 
Seat 3: MXMR83 ($1.62 in chips) 
Seat 4: junosoh ($2 in chips) 
Seat 5: alevseev83 ($1.76 in chips) 
Seat 6: serzh_824 ($3.16 in chips) 
Seat 7: Mr. NBest ($1.79 in chips) 
Seat 8: pdiddly22 ($2.82 in chips) 
Seat 9: liberator651 ($2.31 in chips) 
junosoh: posts small blind $0.01
alevseev83: posts big blind $0.02
Dorex2007: posts big blind $0.02
*** HOLE CARDS ***
Dealt to Dorex2007 [Tc 6d]
serzh_824: calls $0.02
Mr. NBest: folds 
pdiddly22: folds 
liberator651: calls $0.02
Dorex2007: checks 
Rocky4444423: folds 
MXMR83: folds 
junosoh: folds 
alevseev83: checks 
*** FLOP *** [Kd 4h 7d]
alevseev83: checks 
serzh_824: checks 
liberator651: checks 
Dorex2007: checks 
*** TURN *** [Kd 4h 7d] [3d]
alevseev83: checks 
serzh_824: checks 
liberator651: bets $0.04
Dorex2007: folds 
alevseev83: folds 
serzh_824: calls $0.04
*** RIVER *** [Kd 4h 7d 3d] [Jd]
serzh_824: checks 
liberator651: checks 
*** SHOW DOWN ***
serzh_824: shows [7h 2c] (a pair of Sevens)
liberator651: mucks hand 
serzh_824 collected $0.16 from pot
*** SUMMARY ***
Total pot $0.17 | Rake $0.01 
Board [Kd 4h 7d 3d Jd]
Seat 1: Dorex2007 folded on the Turn (didn't bet)
Seat 2: Rocky4444423 folded before Flop (didn't bet)
Seat 3: MXMR83 (button) folded before Flop (didn't bet)
Seat 4: junosoh (small blind) folded before Flop
Seat 5: alevseev83 (big blind) folded on the Turn
Seat 6: serzh_824 showed [7h 2c] and won ($0.16) with a pair of Sevens
Seat 7: Mr. NBest folded before Flop (didn't bet)
Seat 8: pdiddly22 folded before Flop (didn't bet)
Seat 9: liberator651 mucked [Ah 3s]



PokerStars Hand #224155930031:  Hold'em No Limit ($0.01/$0.02 USD) - 2021/02/23 16:50:15 PT [2021/02/23 19:50:15 ET]
Table 'Kythera IV' 9-max Seat #4 is the button
Seat 1: Dorex2007 ($1.48 in chips) 
Seat 2: Rocky4444423 ($0.97 in chips) 
Seat 3: MXMR83 ($1.62 in chips) 
Seat 4: junosoh ($2 in chips) 
Seat 5: alevseev83 ($1.98 in chips) 
Seat 6: serzh_824 ($3.26 in chips) 
Seat 7: Mr. NBest ($1.79 in chips) 
Seat 8: pdiddly22 ($2.82 in chips) 
Seat 9: liberator651 ($2.25 in chips) 
alevseev83: posts small blind $0.01
serzh_824: posts big blind $0.02
*** HOLE CARDS ***
Dealt to Dorex2007 [9s Kc]
Mr. NBest: folds 
pdiddly22: folds 
liberator651: folds 
Dorex2007: folds 
Rocky4444423: folds 
MXMR83: raises $0.06 to $0.08
junosoh: folds 
alevseev83: folds 
serzh_824: folds 
Uncalled bet ($0.06) returned to MXMR83
MXMR83 collected $0.05 from pot
MXMR83: doesn't show hand 
*** SUMMARY ***
Total pot $0.05 | Rake $0 
Seat 1: Dorex2007 folded before Flop (didn't bet)
Seat 2: Rocky4444423 folded before Flop (didn't bet)
Seat 3: MXMR83 collected ($0.05)
Seat 4: junosoh (button) folded before Flop (didn't bet)
Seat 5: alevseev83 (small blind) folded before Flop
Seat 6: serzh_824 (big blind) folded before Flop
Seat 7: Mr. NBest folded before Flop (didn't bet)
Seat 8: pdiddly22 folded before Flop (didn't bet)
Seat 9: liberator651 folded before Flop (didn't bet)



PokerStars Hand #224155939215:  Hold'em No Limit ($0.01/$0.02 USD) - 2021/02/23 16:50:40 PT [2021/02/23 19:50:40 ET]
Table 'Kythera IV' 9-max Seat #5 is the button
Seat 1: Dorex2007 ($1.48 in chips) 
Seat 2: Rocky4444423 ($0.97 in chips) 
Seat 3: MXMR83 ($1.65 in chips) 
Seat 4: junosoh ($2 in chips) 
Seat 5: alevseev83 ($1.97 in chips) 
Seat 6: serzh_824 ($3.24 in chips) 
Seat 7: Mr. NBest ($1.79 in chips) 
Seat 8: pdiddly22 ($2.82 in chips) 
Seat 9: liberator651 ($2.25 in chips) 
serzh_824: posts small blind $0.01
Mr. NBest: posts big blind $0.02
*** HOLE CARDS ***
Dealt to Dorex2007 [Td 7s]
pdiddly22: folds 
liberator651: calls $0.02
Dorex2007: folds 
Rocky4444423: folds 
MXMR83: folds 
junosoh: folds 
alevseev83: folds 
serzh_824: calls $0.01
Mr. NBest: checks 
*** FLOP *** [3h 5c 3c]
serzh_824: checks 
Mr. NBest: checks 
liberator651: checks 
*** TURN *** [3h 5c 3c] [Kc]
serzh_824: checks 
Mr. NBest: bets $0.06
liberator651: calls $0.06
serzh_824: folds 
*** RIVER *** [3h 5c 3c Kc] [5s]
Mr. NBest: bets $0.09
liberator651: calls $0.09
*** SHOW DOWN ***
Mr. NBest: shows [3s Qs] (a full house, Threes full of Fives)
liberator651: mucks hand 
Mr. NBest collected $0.35 from pot
*** SUMMARY ***
Total pot $0.36 | Rake $0.01 
Board [3h 5c 3c Kc 5s]
Seat 1: Dorex2007 folded before Flop (didn't bet)
Seat 2: Rocky4444423 folded before Flop (didn't bet)
Seat 3: MXMR83 folded before Flop (didn't bet)
Seat 4: junosoh folded before Flop (didn't bet)
Seat 5: alevseev83 (button) folded before Flop (didn't bet)
Seat 6: serzh_824 (small blind) folded on the Turn
Seat 7: Mr. NBest (big blind) showed [3s Qs] and won ($0.35) with a full house, Threes full of Fives
Seat 8: pdiddly22 folded before Flop (didn't bet)
Seat 9: liberator651 mucked [4d 6d]



PokerStars Hand #224155969001:  Hold'em No Limit ($0.01/$0.02 USD) - 2021/02/23 16:51:49 PT [2021/02/23 19:51:49 ET]
Table 'Kythera IV' 9-max Seat #6 is the button
Seat 1: Dorex2007 ($1.48 in chips) 
Seat 2: Rocky4444423 ($0.97 in chips) 
Seat 3: MXMR83 ($1.65 in chips) 
Seat 4: junosoh ($2 in chips) 
Seat 5: alevseev83 ($1.97 in chips) 
Seat 6: serzh_824 ($3.22 in chips) 
Seat 7: Mr. NBest ($1.97 in chips) 
Seat 8: pdiddly22 ($2.82 in chips) 
Seat 9: liberator651 ($2.08 in chips) 
Mr. NBest: posts small blind $0.01
pdiddly22: posts big blind $0.02
*** HOLE CARDS ***
Dealt to Dorex2007 [Qh Kd]
liberator651: folds 
Dorex2007: raises $0.06 to $0.08
Rocky4444423: calls $0.08
MXMR83: folds 
junosoh: folds 
alevseev83: folds 
serzh_824: folds 
Mr. NBest: folds 
pdiddly22: folds 
*** FLOP *** [5d 5s Ad]
Dorex2007: bets $0.09
Rocky4444423: calls $0.09
*** TURN *** [5d 5s Ad] [Td]
Dorex2007: checks 
Rocky4444423: checks 
*** RIVER *** [5d 5s Ad Td] [7s]
Dorex2007: bets $0.18
Rocky4444423: calls $0.18
*** SHOW DOWN ***
Dorex2007: shows [Qh Kd] (a pair of Fives)
Rocky4444423: shows [Ac Jc] (two pair, Aces and Fives)
Rocky4444423 collected $0.70 from pot
*** SUMMARY ***
Total pot $0.73 | Rake $0.03 
Board [5d 5s Ad Td 7s]
Seat 1: Dorex2007 showed [Qh Kd] and lost with a pair of Fives
Seat 2: Rocky4444423 showed [Ac Jc] and won ($0.70) with two pair, Aces and Fives
Seat 3: MXMR83 folded before Flop (didn't bet)
Seat 4: junosoh folded before Flop (didn't bet)
Seat 5: alevseev83 folded before Flop (didn't bet)
Seat 6: serzh_824 (button) folded before Flop (didn't bet)
Seat 7: Mr. NBest (small blind) folded before Flop
Seat 8: pdiddly22 (big blind) folded before Flop
Seat 9: liberator651 folded before Flop (didn't bet)



PokerStars Hand #224155988136:  Hold'em No Limit ($0.01/$0.02 USD) - 2021/02/23 16:52:36 PT [2021/02/23 19:52:36 ET]
Table 'Kythera IV' 9-max Seat #7 is the button
Seat 1: Dorex2007 ($1.13 in chips) 
Seat 2: Rocky4444423 ($1.32 in chips) 
Seat 3: MXMR83 ($1.65 in chips) 
Seat 4: junosoh ($2 in chips) 
Seat 5: alevseev83 ($1.97 in chips) 
Seat 6: serzh_824 ($3.22 in chips) 
Seat 7: Mr. NBest ($1.96 in chips) 
Seat 8: pdiddly22 ($2.80 in chips) 
Seat 9: liberator651 ($2.08 in chips) 
pdiddly22: posts small blind $0.01
liberator651: posts big blind $0.02
*** HOLE CARDS ***
Dealt to Dorex2007 [8c 6s]
Dorex2007: folds 
Rocky4444423: folds 
MXMR83: folds 
junosoh: folds 
alevseev83: folds 
serzh_824: folds 
Mr. NBest: folds 
pdiddly22: folds 
Uncalled bet ($0.01) returned to liberator651
liberator651 collected $0.02 from pot
liberator651: doesn't show hand 
*** SUMMARY ***
Total pot $0.02 | Rake $0 
Seat 1: Dorex2007 folded before Flop (didn't bet)
Seat 2: Rocky4444423 folded before Flop (didn't bet)
Seat 3: MXMR83 folded before Flop (didn't bet)
Seat 4: junosoh folded before Flop (didn't bet)
Seat 5: alevseev83 folded before Flop (didn't bet)
Seat 6: serzh_824 folded before Flop (didn't bet)
Seat 7: Mr. NBest (button) folded before Flop (didn't bet)
Seat 8: pdiddly22 (small blind) folded before Flop
Seat 9: liberator651 (big blind) collected ($0.02)



PokerStars Hand #224155996484:  Hold'em No Limit ($0.01/$0.02 USD) - 2021/02/23 16:52:59 PT [2021/02/23 19:52:59 ET]
Table 'Kythera IV' 9-max Seat #8 is the button
Seat 1: Dorex2007 ($1.45 in chips) 
Seat 2: Rocky4444423 ($1.32 in chips) 
Seat 3: MXMR83 ($1.65 in chips) 
Seat 4: junosoh ($2 in chips) 
Seat 5: alevseev83 ($1.97 in chips) 
Seat 6: serzh_824 ($3.22 in chips) 
Seat 7: Mr. NBest ($1.96 in chips) 
Seat 8: pdiddly22 ($2.79 in chips) 
Seat 9: liberator651 ($2.09 in chips) 
liberator651: posts small blind $0.01
Dorex2007: posts big blind $0.02
*** HOLE CARDS ***
Dealt to Dorex2007 [Ts Qd]
Rocky4444423: calls $0.02
MXMR83: folds 
junosoh: folds 
alevseev83: folds 
serzh_824: folds 
Mr. NBest: calls $0.02
pdiddly22: calls $0.02
liberator651: calls $0.01
Dorex2007: checks 
*** FLOP *** [Kc 6s 3c]
liberator651: checks 
Dorex2007: checks 
Rocky4444423: checks 
Mr. NBest: bets $0.05
pdiddly22: folds 
liberator651: folds 
Dorex2007: folds 
Rocky4444423: folds 
Uncalled bet ($0.05) returned to Mr. NBest
Mr. NBest collected $0.10 from pot
Mr. NBest: doesn't show hand 
*** SUMMARY ***
Total pot $0.10 | Rake $0 
Board [Kc 6s 3c]
Seat 1: Dorex2007 (big blind) folded on the Flop
Seat 2: Rocky4444423 folded on the Flop
Seat 3: MXMR83 folded before Flop (didn't bet)
Seat 4: junosoh folded before Flop (didn't bet)
Seat 5: alevseev83 folded before Flop (didn't bet)
Seat 6: serzh_824 folded before Flop (didn't bet)
Seat 7: Mr. NBest collected ($0.10)
Seat 8: pdiddly22 (button) folded on the Flop
Seat 9: liberator651 (small blind) folded on the Flop



PokerStars Hand #224156017115:  Hold'em No Limit ($0.01/$0.02 USD) - 2021/02/23 16:53:56 PT [2021/02/23 19:53:56 ET]
Table 'Kythera IV' 9-max Seat #9 is the button
Seat 1: Dorex2007 ($1.43 in chips) 
Seat 2: Rocky4444423 ($1.30 in chips) 
Seat 3: MXMR83 ($1.65 in chips) 
Seat 4: junosoh ($2 in chips) 
Seat 5: alevseev83 ($1.97 in chips) 
Seat 6: serzh_824 ($3.22 in chips) 
Seat 7: Mr. NBest ($2.04 in chips) 
Seat 8: pdiddly22 ($2.77 in chips) 
Seat 9: liberator651 ($2.07 in chips) 
Dorex2007: posts small blind $0.01
Rocky4444423: posts big blind $0.02
*** HOLE CARDS ***
Dealt to Dorex2007 [7c Jd]
MXMR83: folds 
junosoh: folds 
alevseev83: folds 
serzh_824: folds 
Mr. NBest: folds 
Mr. NBest leaves the table
pdiddly22: calls $0.02
liberator651: calls $0.02
Dorex2007: folds 
Rocky4444423: checks 
*** FLOP *** [Qd 5h 5d]
Rocky4444423: checks 
pdiddly22: checks 
liberator651: bets $0.06
Rocky4444423: folds 
Miguel Bobbins joins the table at seat #7 
pdiddly22: folds 
Uncalled bet ($0.06) returned to liberator651
liberator651 collected $0.07 from pot
liberator651: doesn't show hand 
*** SUMMARY ***
Total pot $0.07 | Rake $0 
Board [Qd 5h 5d]
Seat 1: Dorex2007 (small blind) folded before Flop
Seat 2: Rocky4444423 (big blind) folded on the Flop
Seat 3: MXMR83 folded before Flop (didn't bet)
Seat 4: junosoh folded before Flop (didn't bet)
Seat 5: alevseev83 folded before Flop (didn't bet)
Seat 6: serzh_824 folded before Flop (didn't bet)
Seat 7: Mr. NBest folded before Flop (didn't bet)
Seat 8: pdiddly22 folded on the Flop
Seat 9: liberator651 (button) collected ($0.07)



PokerStars Hand #224156030281:  Hold'em No Limit ($0.01/$0.02 USD) - 2021/02/23 16:54:33 PT [2021/02/23 19:54:33 ET]
Table 'Kythera IV' 9-max Seat #1 is the button
Seat 1: Dorex2007 ($1.42 in chips) 
Seat 2: Rocky4444423 ($1.28 in chips) 
Seat 3: MXMR83 ($1.65 in chips) 
Seat 4: junosoh ($2 in chips) 
Seat 5: alevseev83 ($1.97 in chips) 
Seat 6: serzh_824 ($3.22 in chips) 
Seat 8: pdiddly22 ($2.75 in chips) 
Seat 9: liberator651 ($2.12 in chips) 
Rocky4444423: posts small blind $0.01
MXMR83: posts big blind $0.02
Miguel Bobbins: sits out 
*** HOLE CARDS ***
Dealt to Dorex2007 [Jh 5d]
junosoh: folds 
alevseev83: folds 
serzh_824: calls $0.02
pdiddly22: folds 
liberator651: calls $0.02
Dorex2007: folds 
junosoh leaves the table
Rocky4444423: calls $0.01
MXMR83: raises $0.10 to $0.12
serzh_824: calls $0.10
liberator651: folds 
Rocky4444423: folds 
*** FLOP *** [9h 3s 2c]
MXMR83: bets $0.14
denzille joins the table at seat #4 
serzh_824: folds 
Uncalled bet ($0.14) returned to MXMR83
MXMR83 collected $0.27 from pot
MXMR83: doesn't show hand 
*** SUMMARY ***
Total pot $0.28 | Rake $0.01 
Board [9h 3s 2c]
Seat 1: Dorex2007 (button) folded before Flop (didn't bet)
Seat 2: Rocky4444423 (small blind) folded before Flop
Seat 3: MXMR83 (big blind) collected ($0.27)
Seat 4: junosoh folded before Flop (didn't bet)
Seat 5: alevseev83 folded before Flop (didn't bet)
Seat 6: serzh_824 folded on the Flop
Seat 8: pdiddly22 folded before Flop (didn't bet)
Seat 9: liberator651 folded before Flop



PokerStars Hand #224156058974:  Hold'em No Limit ($0.01/$0.02 USD) - 2021/02/23 16:55:32 PT [2021/02/23 19:55:32 ET]
Table 'Kythera IV' 9-max Seat #2 is the button
Seat 1: Dorex2007 ($1.42 in chips) 
Seat 2: Rocky4444423 ($1.26 in chips) 
Seat 3: MXMR83 ($1.80 in chips) 
Seat 4: denzille ($2 in chips) 
Seat 5: alevseev83 ($1.97 in chips) 
Seat 6: serzh_824 ($3.10 in chips) 
Seat 7: Miguel Bobbins ($2 in chips) 
Seat 8: pdiddly22 ($2.75 in chips) 
Seat 9: liberator651 ($2.10 in chips) 
MXMR83: posts small blind $0.01
denzille: posts big blind $0.02
Miguel Bobbins: posts big blind $0.02
*** HOLE CARDS ***
Dealt to Dorex2007 [Js 2s]
alevseev83: raises $0.04 to $0.06
serzh_824: folds 
Miguel Bobbins: calls $0.04
pdiddly22: calls $0.06
liberator651: folds 
Dorex2007: folds 
Rocky4444423: folds 
MXMR83: folds 
denzille: calls $0.04
*** FLOP *** [As 8s 4h]
denzille: checks 
alevseev83: checks 
Miguel Bobbins: checks 
pdiddly22: checks 
*** TURN *** [As 8s 4h] [2c]
denzille: checks 
alevseev83: bets $0.08
Miguel Bobbins: folds 
pdiddly22: calls $0.08
denzille: folds 
*** RIVER *** [As 8s 4h 2c] [Kd]
alevseev83: bets $0.20
pdiddly22: folds 
Uncalled bet ($0.20) returned to alevseev83
alevseev83 collected $0.40 from pot
alevseev83: doesn't show hand 
*** SUMMARY ***
Total pot $0.41 | Rake $0.01 
Board [As 8s 4h 2c Kd]
Seat 1: Dorex2007 folded before Flop (didn't bet)
Seat 2: Rocky4444423 (button) folded before Flop (didn't bet)
Seat 3: MXMR83 (small blind) folded before Flop
Seat 4: denzille (big blind) folded on the Turn
Seat 5: alevseev83 collected ($0.40)
Seat 6: serzh_824 folded before Flop (didn't bet)
Seat 7: Miguel Bobbins folded on the Turn
Seat 8: pdiddly22 folded on the River
Seat 9: liberator651 folded before Flop (didn't bet)



PokerStars Hand #224156083469:  Hold'em No Limit ($0.01/$0.02 USD) - 2021/02/23 16:56:59 PT [2021/02/23 19:56:59 ET]
Table 'Kythera IV' 9-max Seat #3 is the button
Seat 1: Dorex2007 ($1.42 in chips) 
Seat 2: Rocky4444423 ($1.26 in chips) 
Seat 3: MXMR83 ($1.79 in chips) 
Seat 4: denzille ($1.94 in chips) 
Seat 5: alevseev83 ($2.23 in chips) 
Seat 6: serzh_824 ($3.10 in chips) 
Seat 7: Miguel Bobbins ($1.94 in chips) 
Seat 8: pdiddly22 ($2.61 in chips) 
Seat 9: liberator651 ($2.10 in chips) 
denzille: posts small blind $0.01
alevseev83: posts big blind $0.02
*** HOLE CARDS ***
Dealt to Dorex2007 [Kd 9d]
serzh_824: folds 
Miguel Bobbins: folds 
pdiddly22: calls $0.02
liberator651: calls $0.02
Dorex2007: raises $0.06 to $0.08
Rocky4444423: folds 
MXMR83: folds 
denzille: folds 
alevseev83: folds 
pdiddly22: folds 
liberator651: calls $0.06
*** FLOP *** [4h 6c Jc]
liberator651: checks 
Dorex2007: bets $0.10
liberator651: folds 
Uncalled bet ($0.10) returned to Dorex2007
Dorex2007 collected $0.20 from pot
Dorex2007: doesn't show hand 
*** SUMMARY ***
Total pot $0.21 | Rake $0.01 
Board [4h 6c Jc]
Seat 1: Dorex2007 collected ($0.20)
Seat 2: Rocky4444423 folded before Flop (didn't bet)
Seat 3: MXMR83 (button) folded before Flop (didn't bet)
Seat 4: denzille (small blind) folded before Flop
Seat 5: alevseev83 (big blind) folded before Flop
Seat 6: serzh_824 folded before Flop (didn't bet)
Seat 7: Miguel Bobbins folded before Flop (didn't bet)
Seat 8: pdiddly22 folded before Flop
Seat 9: liberator651 folded on the Flop



PokerStars Hand #224156107763:  Hold'em No Limit ($0.01/$0.02 USD) - 2021/02/23 16:57:49 PT [2021/02/23 19:57:49 ET]
Table 'Kythera IV' 9-max Seat #4 is the button
Seat 1: Dorex2007 ($1.54 in chips) 
Seat 2: Rocky4444423 ($1.26 in chips) 
Seat 3: MXMR83 ($1.79 in chips) 
Seat 4: denzille ($1.93 in chips) 
Seat 5: alevseev83 ($2.21 in chips) 
Seat 6: serzh_824 ($3.10 in chips) 
Seat 7: Miguel Bobbins ($1.94 in chips) 
Seat 8: pdiddly22 ($2.59 in chips) 
Seat 9: liberator651 ($2.02 in chips) 
alevseev83: posts small blind $0.01
serzh_824: posts big blind $0.02
*** HOLE CARDS ***
Dealt to Dorex2007 [Kd 8c]
Miguel Bobbins: folds 
pdiddly22: folds 
liberator651: calls $0.02
Dorex2007: folds 
Rocky4444423: folds 
MXMR83: folds 
denzille: calls $0.02
alevseev83: raises $0.04 to $0.06
serzh_824: calls $0.04
liberator651: calls $0.04
denzille: calls $0.04
*** FLOP *** [Ts Jd 4c]
alevseev83: checks 
serzh_824: checks 
liberator651: checks 
denzille: checks 
*** TURN *** [Ts Jd 4c] [2s]
alevseev83: bets $0.12
serzh_824: folds 
liberator651: calls $0.12
denzille: folds 
*** RIVER *** [Ts Jd 4c 2s] [4s]
alevseev83: bets $0.34
liberator651: folds 
Uncalled bet ($0.34) returned to alevseev83
alevseev83 collected $0.46 from pot
alevseev83: doesn't show hand 
*** SUMMARY ***
Total pot $0.48 | Rake $0.02 
Board [Ts Jd 4c 2s 4s]
Seat 1: Dorex2007 folded before Flop (didn't bet)
Seat 2: Rocky4444423 folded before Flop (didn't bet)
Seat 3: MXMR83 folded before Flop (didn't bet)
Seat 4: denzille (button) folded on the Turn
Seat 5: alevseev83 (small blind) collected ($0.46)
Seat 6: serzh_824 (big blind) folded on the Turn
Seat 7: Miguel Bobbins folded before Flop (didn't bet)
Seat 8: pdiddly22 folded before Flop (didn't bet)
Seat 9: liberator651 folded on the River



PokerStars Hand #224156129759:  Hold'em No Limit ($0.01/$0.02 USD) - 2021/02/23 16:59:06 PT [2021/02/23 19:59:06 ET]
Table 'Kythera IV' 9-max Seat #5 is the button
Seat 1: Dorex2007 ($1.54 in chips) 
Seat 2: Rocky4444423 ($1.26 in chips) 
Seat 3: MXMR83 ($1.79 in chips) 
Seat 4: denzille ($1.87 in chips) 
Seat 5: alevseev83 ($2.49 in chips) 
Seat 6: serzh_824 ($3.04 in chips) 
Seat 7: Miguel Bobbins ($1.94 in chips) 
Seat 8: pdiddly22 ($2.59 in chips) 
Seat 9: liberator651 ($1.84 in chips) 
serzh_824: posts small blind $0.01
Miguel Bobbins: posts big blind $0.02
*** HOLE CARDS ***
Dealt to Dorex2007 [Jd 3d]
pdiddly22: folds 
liberator651: calls $0.02
Dorex2007: folds 
Rocky4444423: folds 
MXMR83: folds 
denzille: folds 
alevseev83: folds 
serzh_824: calls $0.01
Miguel Bobbins: checks 
*** FLOP *** [Ts 8h Qh]
serzh_824: bets $0.02
Miguel Bobbins: folds 
liberator651: calls $0.02
*** TURN *** [Ts 8h Qh] [Qc]
serzh_824: bets $0.02
liberator651: calls $0.02
*** RIVER *** [Ts 8h Qh Qc] [7d]
serzh_824: bets $0.02
liberator651: calls $0.02
*** SHOW DOWN ***
serzh_824: shows [8c Qd] (a full house, Queens full of Eights)
liberator651: mucks hand 
serzh_824 collected $0.17 from pot
*** SUMMARY ***
Total pot $0.18 | Rake $0.01 
Board [Ts 8h Qh Qc 7d]
Seat 1: Dorex2007 folded before Flop (didn't bet)
Seat 2: Rocky4444423 folded before Flop (didn't bet)
Seat 3: MXMR83 folded before Flop (didn't bet)
Seat 4: denzille folded before Flop (didn't bet)
Seat 5: alevseev83 (button) folded before Flop (didn't bet)
Seat 6: serzh_824 (small blind) showed [8c Qd] and won ($0.17) with a full house, Queens full of Eights
Seat 7: Miguel Bobbins (big blind) folded on the Flop
Seat 8: pdiddly22 folded before Flop (didn't bet)
Seat 9: liberator651 mucked [Tc 2c]



PokerStars Hand #224156141242:  Hold'em No Limit ($0.01/$0.02 USD) - 2021/02/23 16:59:47 PT [2021/02/23 19:59:47 ET]
Table 'Kythera IV' 9-max Seat #6 is the button
Seat 1: Dorex2007 ($1.54 in chips) 
Seat 2: Rocky4444423 ($1.26 in chips) 
Seat 3: MXMR83 ($1.79 in chips) 
Seat 4: denzille ($1.87 in chips) 
Seat 5: alevseev83 ($2.49 in chips) 
Seat 6: serzh_824 ($3.13 in chips) 
Seat 7: Miguel Bobbins ($1.92 in chips) 
Seat 8: pdiddly22 ($2.59 in chips) 
Seat 9: liberator651 ($1.76 in chips) 
Miguel Bobbins: posts small blind $0.01
pdiddly22: posts big blind $0.02
*** HOLE CARDS ***
Dealt to Dorex2007 [Jh Ah]
liberator651: calls $0.02
Dorex2007: raises $0.04 to $0.06
Rocky4444423: calls $0.06
MXMR83: folds 
denzille: calls $0.06
alevseev83: calls $0.06
serzh_824: raises $0.04 to $0.10
Miguel Bobbins: folds 
pdiddly22: folds 
liberator651: folds 
Dorex2007: raises $0.43 to $0.53
Rocky4444423: folds 
denzille: folds 
alevseev83: folds 
serzh_824: raises $0.43 to $0.96
Dorex2007: calls $0.43
*** FLOP *** [Qc 6s 6h]
Dorex2007: bets $0.58 and is all-in
serzh_824: calls $0.58
*** TURN *** [Qc 6s 6h] [5h]
*** RIVER *** [Qc 6s 6h 5h] [9c]
*** SHOW DOWN ***
Dorex2007: shows [Jh Ah] (a pair of Sixes)
serzh_824: shows [Kh Ks] (two pair, Kings and Sixes)
serzh_824 collected $3.19 from pot
*** SUMMARY ***
Total pot $3.31 | Rake $0.12 
Board [Qc 6s 6h 5h 9c]
Seat 1: Dorex2007 showed [Jh Ah] and lost with a pair of Sixes
Seat 2: Rocky4444423 folded before Flop
Seat 3: MXMR83 folded before Flop (didn't bet)
Seat 4: denzille folded before Flop
Seat 5: alevseev83 folded before Flop
Seat 6: serzh_824 (button) showed [Kh Ks] and won ($3.19) with two pair, Kings and Sixes
Seat 7: Miguel Bobbins (small blind) folded before Flop
Seat 8: pdiddly22 (big blind) folded before Flop
Seat 9: liberator651 folded before Flop



PokerStars Hand #224156191342:  Hold'em No Limit ($0.01/$0.02 USD) - 2021/02/23 17:02:02 PT [2021/02/23 20:02:02 ET]
Table 'Kythera IV' 9-max Seat #8 is the button
Seat 1: Dorex2007 ($2 in chips) 
Seat 2: Rocky4444423 ($1.12 in chips) 
Seat 3: MXMR83 ($1.79 in chips) 
Seat 4: denzille ($1.81 in chips) 
Seat 5: alevseev83 ($2.43 in chips) 
Seat 7: Miguel Bobbins ($1.89 in chips) 
Seat 8: pdiddly22 ($2.55 in chips) 
Seat 9: liberator651 ($1.85 in chips) 
liberator651: posts small blind $0.01
Dorex2007: posts big blind $0.02
*** HOLE CARDS ***
Dealt to Dorex2007 [8h 7h]
Rocky4444423: folds 
MXMR83: folds 
denzille: calls $0.02
alevseev83: folds 
Miguel Bobbins: folds 
pdiddly22: calls $0.02
liberator651: calls $0.01
Dorex2007: checks 
*** FLOP *** [5d 2c 5s]
liberator651: bets $0.06
Dorex2007: folds 
denzille: calls $0.06
pdiddly22: folds 
*** TURN *** [5d 2c 5s] [8d]
liberator651: checks 
denzille: bets $0.06
liberator651: folds 
Uncalled bet ($0.06) returned to denzille
denzille collected $0.19 from pot
denzille: doesn't show hand 
*** SUMMARY ***
Total pot $0.20 | Rake $0.01 
Board [5d 2c 5s 8d]
Seat 1: Dorex2007 (big blind) folded on the Flop
Seat 2: Rocky4444423 folded before Flop (didn't bet)
Seat 3: MXMR83 folded before Flop (didn't bet)
Seat 4: denzille collected ($0.19)
Seat 5: alevseev83 folded before Flop (didn't bet)
Seat 7: Miguel Bobbins folded before Flop (didn't bet)
Seat 8: pdiddly22 (button) folded on the Flop
Seat 9: liberator651 (small blind) folded on the Turn



PokerStars Hand #224156215749:  Hold'em No Limit ($0.01/$0.02 USD) - 2021/02/23 17:03:12 PT [2021/02/23 20:03:12 ET]
Table 'Kythera IV' 9-max Seat #9 is the button
Seat 1: Dorex2007 ($1.98 in chips) 
Seat 2: Rocky4444423 ($1.12 in chips) 
Seat 3: MXMR83 ($1.79 in chips) 
Seat 4: denzille ($1.92 in chips) 
Seat 5: alevseev83 ($2.43 in chips) 
Seat 7: Miguel Bobbins ($1.89 in chips) 
Seat 8: pdiddly22 ($2.53 in chips) 
Seat 9: liberator651 ($1.77 in chips) 
Dorex2007: posts small blind $0.01
Rocky4444423: posts big blind $0.02
*** HOLE CARDS ***
Dealt to Dorex2007 [Jh 3c]
MXMR83: folds 
denzille: calls $0.02
alevseev83: folds 
Miguel Bobbins: calls $0.02
pdiddly22: calls $0.02
liberator651: calls $0.02
Dorex2007: folds 
Rocky4444423: checks 
*** FLOP *** [Qs 7d 8h]
Rocky4444423: checks 
denzille: checks 
Miguel Bobbins: bets $0.04
pdiddly22: folds 
liberator651: calls $0.04
Rocky4444423: calls $0.04
denzille: calls $0.04
*** TURN *** [Qs 7d 8h] [6d]
Rocky4444423: checks 
denzille: checks 
Miguel Bobbins: bets $0.08
liberator651: folds 
Rocky4444423: folds 
denzille: calls $0.08
*** RIVER *** [Qs 7d 8h 6d] [Jc]
denzille: checks 
Miguel Bobbins: bets $0.14
denzille: calls $0.14
*** SHOW DOWN ***
Miguel Bobbins: shows [Qd Tc] (a pair of Queens)
denzille: shows [Qc Js] (two pair, Queens and Jacks)
denzille collected $0.69 from pot
*** SUMMARY ***
Total pot $0.71 | Rake $0.02 
Board [Qs 7d 8h 6d Jc]
Seat 1: Dorex2007 (small blind) folded before Flop
Seat 2: Rocky4444423 (big blind) folded on the Turn
Seat 3: MXMR83 folded before Flop (didn't bet)
Seat 4: denzille showed [Qc Js] and won ($0.69) with two pair, Queens and Jacks
Seat 5: alevseev83 folded before Flop (didn't bet)
Seat 7: Miguel Bobbins showed [Qd Tc] and lost with a pair of Queens
Seat 8: pdiddly22 folded on the Flop
Seat 9: liberator651 (button) folded on the Turn



PokerStars Hand #224156248732:  Hold'em No Limit ($0.01/$0.02 USD) - 2021/02/23 17:04:47 PT [2021/02/23 20:04:47 ET]
Table 'Kythera IV' 9-max Seat #1 is the button
Seat 1: Dorex2007 ($1.97 in chips) 
Seat 2: Rocky4444423 ($1.06 in chips) 
Seat 3: MXMR83 ($1.79 in chips) 
Seat 4: denzille ($2.33 in chips) 
Seat 5: alevseev83 ($2.43 in chips) 
Seat 6: serzh_824 ($4.78 in chips) 
Seat 7: Miguel Bobbins ($1.61 in chips) 
Seat 8: pdiddly22 ($2.51 in chips) 
Seat 9: liberator651 ($1.71 in chips) 
Rocky4444423: posts small blind $0.01
MXMR83: posts big blind $0.02
*** HOLE CARDS ***
Dealt to Dorex2007 [7c Ts]
denzille: calls $0.02
alevseev83: folds 
serzh_824: folds 
Miguel Bobbins: folds 
pdiddly22: folds 
liberator651: folds 
Dorex2007: folds 
Rocky4444423: calls $0.01
MXMR83: checks 
*** FLOP *** [3d 6h 9c]
Rocky4444423: checks 
MXMR83: checks 
denzille: checks 
*** TURN *** [3d 6h 9c] [9s]
Rocky4444423: bets $0.02
MXMR83: folds 
denzille: calls $0.02
*** RIVER *** [3d 6h 9c 9s] [Jd]
Rocky4444423: bets $0.04
denzille: folds 
Uncalled bet ($0.04) returned to Rocky4444423
Rocky4444423 collected $0.10 from pot
*** SUMMARY ***
Total pot $0.10 | Rake $0 
Board [3d 6h 9c 9s Jd]
Seat 1: Dorex2007 (button) folded before Flop (didn't bet)
Seat 2: Rocky4444423 (small blind) collected ($0.10)
Seat 3: MXMR83 (big blind) folded on the Turn
Seat 4: denzille folded on the River
Seat 5: alevseev83 folded before Flop (didn't bet)
Seat 6: serzh_824 folded before Flop (didn't bet)
Seat 7: Miguel Bobbins folded before Flop (didn't bet)
Seat 8: pdiddly22 folded before Flop (didn't bet)
Seat 9: liberator651 folded before Flop (didn't bet)



PokerStars Hand #224156268390:  Hold'em No Limit ($0.01/$0.02 USD) - 2021/02/23 17:05:43 PT [2021/02/23 20:05:43 ET]
Table 'Kythera IV' 9-max Seat #2 is the button
Seat 1: Dorex2007 ($1.97 in chips) 
Seat 2: Rocky4444423 ($1.12 in chips) 
Seat 3: MXMR83 ($1.77 in chips) 
Seat 4: denzille ($2.29 in chips) 
Seat 5: alevseev83 ($2.43 in chips) 
Seat 6: serzh_824 ($4.78 in chips) 
Seat 7: Miguel Bobbins ($1.61 in chips) 
Seat 8: pdiddly22 ($2.51 in chips) 
Seat 9: liberator651 ($1.71 in chips) 
MXMR83: posts small blind $0.01
denzille: posts big blind $0.02
*** HOLE CARDS ***
Dealt to Dorex2007 [5c Jh]
alevseev83: folds 
serzh_824: calls $0.02
Miguel Bobbins: folds 
pdiddly22: folds 
liberator651: calls $0.02
Dorex2007: folds 
Rocky4444423: folds 
MXMR83: calls $0.01
denzille: checks 
*** FLOP *** [7h 6c Qd]
MXMR83: checks 
denzille: bets $0.02
serzh_824: calls $0.02
liberator651: raises $0.04 to $0.06
MXMR83: folds 
denzille: calls $0.04
serzh_824: calls $0.04
*** TURN *** [7h 6c Qd] [3c]
denzille: checks 
serzh_824: checks 
liberator651: bets $0.10
denzille: calls $0.10
serzh_824: folds 
*** RIVER *** [7h 6c Qd 3c] [Kd]
denzille: checks 
liberator651: bets $0.12
denzille: calls $0.12
*** SHOW DOWN ***
liberator651: shows [Qc As] (a pair of Queens)
denzille: mucks hand 
liberator651 collected $0.68 from pot
*** SUMMARY ***
Total pot $0.70 | Rake $0.02 
Board [7h 6c Qd 3c Kd]
Seat 1: Dorex2007 folded before Flop (didn't bet)
Seat 2: Rocky4444423 (button) folded before Flop (didn't bet)
Seat 3: MXMR83 (small blind) folded on the Flop
Seat 4: denzille (big blind) mucked [Td Qs]
Seat 5: alevseev83 folded before Flop (didn't bet)
Seat 6: serzh_824 folded on the Turn
Seat 7: Miguel Bobbins folded before Flop (didn't bet)
Seat 8: pdiddly22 folded before Flop (didn't bet)
Seat 9: liberator651 showed [Qc As] and won ($0.68) with a pair of Queens



PokerStars Hand #224156293644:  Hold'em No Limit ($0.01/$0.02 USD) - 2021/02/23 17:06:56 PT [2021/02/23 20:06:56 ET]
Table 'Kythera IV' 9-max Seat #3 is the button
Seat 1: Dorex2007 ($1.97 in chips) 
Seat 2: Rocky4444423 ($1.12 in chips) 
Seat 3: MXMR83 ($1.75 in chips) 
Seat 4: denzille ($1.99 in chips) 
Seat 6: serzh_824 ($4.70 in chips) 
Seat 7: Miguel Bobbins ($1.61 in chips) 
Seat 8: pdiddly22 ($2.51 in chips) 
Seat 9: liberator651 ($2.09 in chips) 
denzille: posts small blind $0.01
serzh_824: posts big blind $0.02
*** HOLE CARDS ***
Dealt to Dorex2007 [3d Ac]
Miguel Bobbins: folds 
pdiddly22: folds 
liberator651: calls $0.02
Dorex2007: folds 
Rocky4444423: calls $0.02
MXMR83: folds 
denzille: folds 
serzh_824: checks 
*** FLOP *** [8s 9c Ah]
serzh_824: checks 
liberator651: checks 
Rocky4444423: bets $0.02
serzh_824: folds 
liberator651: folds 
Uncalled bet ($0.02) returned to Rocky4444423
Rocky4444423 collected $0.07 from pot
*** SUMMARY ***
Total pot $0.07 | Rake $0 
Board [8s 9c Ah]
Seat 1: Dorex2007 folded before Flop (didn't bet)
Seat 2: Rocky4444423 collected ($0.07)
Seat 3: MXMR83 (button) folded before Flop (didn't bet)
Seat 4: denzille (small blind) folded before Flop
Seat 6: serzh_824 (big blind) folded on the Flop
Seat 7: Miguel Bobbins folded before Flop (didn't bet)
Seat 8: pdiddly22 folded before Flop (didn't bet)
Seat 9: liberator651 folded on the Flop



PokerStars Hand #224156309494:  Hold'em No Limit ($0.01/$0.02 USD) - 2021/02/23 17:07:42 PT [2021/02/23 20:07:42 ET]
Table 'Kythera IV' 9-max Seat #4 is the button
Seat 1: Dorex2007 ($1.97 in chips) 
Seat 2: Rocky4444423 ($1.17 in chips) 
Seat 3: MXMR83 ($1.75 in chips) 
Seat 4: denzille ($1.98 in chips) 
Seat 6: serzh_824 ($4.68 in chips) 
Seat 7: Miguel Bobbins ($1.61 in chips) 
Seat 8: pdiddly22 ($2.51 in chips) 
Seat 9: liberator651 ($2.07 in chips) 
serzh_824: posts small blind $0.01
Miguel Bobbins: posts big blind $0.02
*** HOLE CARDS ***
Dealt to Dorex2007 [6d 8h]
pdiddly22: folds 
liberator651: calls $0.02
Dorex2007: folds 
Rocky4444423: folds 
MXMR83: raises $0.06 to $0.08
denzille: calls $0.08
serzh_824: calls $0.07
Miguel Bobbins: calls $0.06
liberator651: calls $0.06
*** FLOP *** [9d 5c 4h]
serzh_824: checks 
Miguel Bobbins: checks 
liberator651: bets $0.04
MXMR83: folds 
denzille: folds 
serzh_824: calls $0.04
Miguel Bobbins: calls $0.04
*** TURN *** [9d 5c 4h] [5s]
serzh_824: checks 
Miguel Bobbins: checks 
liberator651: checks 
*** RIVER *** [9d 5c 4h 5s] [Qh]
serzh_824: checks 
Miguel Bobbins: checks 
liberator651: bets $0.06
serzh_824: calls $0.06
Miguel Bobbins: folds 
*** SHOW DOWN ***
liberator651: shows [Ad Ts] (a pair of Fives)
serzh_824: shows [Qs Jh] (two pair, Queens and Fives)
serzh_824 collected $0.62 from pot
*** SUMMARY ***
Total pot $0.64 | Rake $0.02 
Board [9d 5c 4h 5s Qh]
Seat 1: Dorex2007 folded before Flop (didn't bet)
Seat 2: Rocky4444423 folded before Flop (didn't bet)
Seat 3: MXMR83 folded on the Flop
Seat 4: denzille (button) folded on the Flop
Seat 6: serzh_824 (small blind) showed [Qs Jh] and won ($0.62) with two pair, Queens and Fives
Seat 7: Miguel Bobbins (big blind) folded on the River
Seat 8: pdiddly22 folded before Flop (didn't bet)
Seat 9: liberator651 showed [Ad Ts] and lost with a pair of Fives



PokerStars Hand #224156333632:  Hold'em No Limit ($0.01/$0.02 USD) - 2021/02/23 17:08:51 PT [2021/02/23 20:08:51 ET]
Table 'Kythera IV' 9-max Seat #6 is the button
Seat 1: Dorex2007 ($1.97 in chips) 
Seat 2: Rocky4444423 ($1.17 in chips) 
Seat 3: MXMR83 ($1.67 in chips) 
Seat 4: denzille ($1.90 in chips) 
Seat 6: serzh_824 ($5.12 in chips) 
Seat 7: Miguel Bobbins ($1.49 in chips) 
Seat 8: pdiddly22 ($2.51 in chips) 
Seat 9: liberator651 ($1.89 in chips) 
Miguel Bobbins: posts small blind $0.01
pdiddly22: posts big blind $0.02
*** HOLE CARDS ***
Dealt to Dorex2007 [3c 8d]
liberator651: folds 
Dorex2007: folds 
Rocky4444423: folds 
MXMR83: folds 
denzille: calls $0.02
serzh_824: calls $0.02
Miguel Bobbins: calls $0.01
pdiddly22: checks 
*** FLOP *** [Ks Tc 4d]
Miguel Bobbins: bets $0.04
pdiddly22: folds 
denzille: folds 
serzh_824: folds 
Uncalled bet ($0.04) returned to Miguel Bobbins
Miguel Bobbins collected $0.08 from pot
Miguel Bobbins: doesn't show hand 
*** SUMMARY ***
Total pot $0.08 | Rake $0 
Board [Ks Tc 4d]
Seat 1: Dorex2007 folded before Flop (didn't bet)
Seat 2: Rocky4444423 folded before Flop (didn't bet)
Seat 3: MXMR83 folded before Flop (didn't bet)
Seat 4: denzille folded on the Flop
Seat 6: serzh_824 (button) folded on the Flop
Seat 7: Miguel Bobbins (small blind) collected ($0.08)
Seat 8: pdiddly22 (big blind) folded on the Flop
Seat 9: liberator651 folded before Flop (didn't bet)



PokerStars Hand #224156349850:  Hold'em No Limit ($0.01/$0.02 USD) - 2021/02/23 17:09:38 PT [2021/02/23 20:09:38 ET]
Table 'Kythera IV' 9-max Seat #7 is the button
Seat 1: Dorex2007 ($1.97 in chips) 
Seat 2: Rocky4444423 ($1.17 in chips) 
Seat 3: MXMR83 ($1.67 in chips) 
Seat 4: denzille ($1.88 in chips) 
Seat 6: serzh_824 ($5.10 in chips) 
Seat 7: Miguel Bobbins ($1.55 in chips) 
Seat 8: pdiddly22 ($2.49 in chips) 
Seat 9: liberator651 ($1.89 in chips) 
pdiddly22: posts small blind $0.01
liberator651: posts big blind $0.02
*** HOLE CARDS ***
Dealt to Dorex2007 [7c 5c]
Dorex2007: folds 
Rocky4444423: folds 
MXMR83: folds 
denzille: calls $0.02
serzh_824: calls $0.02
Miguel Bobbins: calls $0.02
pdiddly22: calls $0.01
liberator651: checks 
*** FLOP *** [Kc 8c 5s]
pdiddly22: checks 
liberator651: checks 
denzille: bets $0.02
serzh_824: folds 
Miguel Bobbins: calls $0.02
pdiddly22: calls $0.02
liberator651: folds 
*** TURN *** [Kc 8c 5s] [Td]
pdiddly22: checks 
denzille: bets $0.02
Miguel Bobbins: calls $0.02
pdiddly22: calls $0.02
*** RIVER *** [Kc 8c 5s Td] [5d]
pdiddly22: checks 
denzille: bets $0.02
Miguel Bobbins: raises $0.08 to $0.10
pdiddly22: folds 
denzille: calls $0.08
*** SHOW DOWN ***
Miguel Bobbins: shows [4s Kh] (two pair, Kings and Fives)
denzille: shows [Kd 9h] (two pair, Kings and Fives)
denzille collected $0.21 from pot
Miguel Bobbins collected $0.20 from pot
*** SUMMARY ***
Total pot $0.42 | Rake $0.01 
Board [Kc 8c 5s Td 5d]
Seat 1: Dorex2007 folded before Flop (didn't bet)
Seat 2: Rocky4444423 folded before Flop (didn't bet)
Seat 3: MXMR83 folded before Flop (didn't bet)
Seat 4: denzille showed [Kd 9h] and won ($0.21) with two pair, Kings and Fives
Seat 6: serzh_824 folded on the Flop
Seat 7: Miguel Bobbins (button) showed [4s Kh] and won ($0.20) with two pair, Kings and Fives
Seat 8: pdiddly22 (small blind) folded on the River
Seat 9: liberator651 (big blind) folded on the Flop



PokerStars Hand #224156386638:  Hold'em No Limit ($0.01/$0.02 USD) - 2021/02/23 17:11:05 PT [2021/02/23 20:11:05 ET]
Table 'Kythera IV' 9-max Seat #8 is the button
Seat 1: Dorex2007 ($1.97 in chips) 
Seat 2: Rocky4444423 ($1.17 in chips) 
Seat 3: MXMR83 ($1.67 in chips) 
Seat 4: denzille ($1.93 in chips) 
Seat 6: serzh_824 ($5.08 in chips) 
Seat 7: Miguel Bobbins ($1.59 in chips) 
Seat 8: pdiddly22 ($2.43 in chips) 
Seat 9: liberator651 ($1.87 in chips) 
liberator651: posts small blind $0.01
Dorex2007: posts big blind $0.02
*** HOLE CARDS ***
Dealt to Dorex2007 [4d Qd]
Rocky4444423 has timed out
Rocky4444423: folds 
MXMR83: folds 
denzille: raises $0.02 to $0.04
serzh_824: folds 
Miguel Bobbins: calls $0.04
pdiddly22: folds 
liberator651: folds 
Dorex2007: calls $0.02
*** FLOP *** [Kh Ah 8d]
Dorex2007: checks 
denzille: checks 
Miguel Bobbins: bets $0.02
Dorex2007: folds 
denzille: calls $0.02
*** TURN *** [Kh Ah 8d] [2s]
denzille: checks 
Miguel Bobbins: bets $0.06
denzille: calls $0.06
*** RIVER *** [Kh Ah 8d 2s] [3s]
denzille: checks 
Miguel Bobbins: bets $0.14
denzille: raises $0.14 to $0.28
Miguel Bobbins: folds 
Uncalled bet ($0.14) returned to denzille
denzille collected $0.55 from pot
denzille: doesn't show hand 
*** SUMMARY ***
Total pot $0.57 | Rake $0.02 
Board [Kh Ah 8d 2s 3s]
Seat 1: Dorex2007 (big blind) folded on the Flop
Seat 2: Rocky4444423 folded before Flop (didn't bet)
Seat 3: MXMR83 folded before Flop (didn't bet)
Seat 4: denzille collected ($0.55)
Seat 6: serzh_824 folded before Flop (didn't bet)
Seat 7: Miguel Bobbins folded on the River
Seat 8: pdiddly22 (button) folded before Flop (didn't bet)
Seat 9: liberator651 (small blind) folded before Flop



PokerStars Hand #224156422339:  Hold'em No Limit ($0.01/$0.02 USD) - 2021/02/23 17:12:37 PT [2021/02/23 20:12:37 ET]
Table 'Kythera IV' 9-max Seat #9 is the button
Seat 1: Dorex2007 ($1.93 in chips) 
Seat 2: Rocky4444423 ($1.17 in chips) 
Seat 3: MXMR83 ($1.67 in chips) 
Seat 4: denzille ($2.22 in chips) 
Seat 6: serzh_824 ($5.08 in chips) 
Seat 7: Miguel Bobbins ($1.33 in chips) 
Seat 8: pdiddly22 ($2.43 in chips) 
Seat 9: liberator651 ($1.86 in chips) 
Dorex2007: posts small blind $0.01
Rocky4444423: posts big blind $0.02
*** HOLE CARDS ***
Dealt to Dorex2007 [Kd 5c]
MXMR83: folds 
denzille: calls $0.02
serzh_824: folds 
Miguel Bobbins: folds 
pdiddly22: folds 
liberator651: calls $0.02
Dorex2007: folds 
Rocky4444423: checks 
*** FLOP *** [6c 3c 8d]
Rocky4444423: checks 
denzille: checks 
liberator651: checks 
*** TURN *** [6c 3c 8d] [8c]
Rocky4444423: checks 
denzille: checks 
liberator651: checks 
*** RIVER *** [6c 3c 8d 8c] [6d]
Rocky4444423: bets $0.02
denzille: folds 
liberator651: folds 
Uncalled bet ($0.02) returned to Rocky4444423
Rocky4444423 collected $0.07 from pot
*** SUMMARY ***
Total pot $0.07 | Rake $0 
Board [6c 3c 8d 8c 6d]
Seat 1: Dorex2007 (small blind) folded before Flop
Seat 2: Rocky4444423 (big blind) collected ($0.07)
Seat 3: MXMR83 folded before Flop (didn't bet)
Seat 4: denzille folded on the River
Seat 6: serzh_824 folded before Flop (didn't bet)
Seat 7: Miguel Bobbins folded before Flop (didn't bet)
Seat 8: pdiddly22 folded before Flop (didn't bet)
Seat 9: liberator651 (button) folded on the River



PokerStars Hand #224156438040:  Hold'em No Limit ($0.01/$0.02 USD) - 2021/02/23 17:13:23 PT [2021/02/23 20:13:23 ET]
Table 'Kythera IV' 9-max Seat #1 is the button
Seat 1: Dorex2007 ($1.92 in chips) 
Seat 2: Rocky4444423 ($1.22 in chips) 
Seat 3: MXMR83 ($1.67 in chips) 
Seat 4: denzille ($2.20 in chips) 
Seat 6: serzh_824 ($5.08 in chips) 
Seat 7: Miguel Bobbins ($1.33 in chips) 
Seat 8: pdiddly22 ($2.43 in chips) 
Seat 9: liberator651 ($1.84 in chips) 
Rocky4444423: posts small blind $0.01
MXMR83: posts big blind $0.02
*** HOLE CARDS ***
Dealt to Dorex2007 [Kc 3c]
denzille: folds 
serzh_824: calls $0.02
Miguel Bobbins: calls $0.02
denzille leaves the table
pdiddly22: calls $0.02
liberator651: folds 
Dorex2007: calls $0.02
Rocky4444423: calls $0.01
MXMR83: checks 
*** FLOP *** [5s Jd 6c]
Rocky4444423: checks 
MXMR83: checks 
serzh_824: checks 
Dream ohm joins the table at seat #4 
Miguel Bobbins: checks 
pdiddly22: checks 
Dorex2007: checks 
*** TURN *** [5s Jd 6c] [8h]
Rocky4444423: checks 
MXMR83: checks 
serzh_824: checks 
Miguel Bobbins: checks 
pdiddly22: checks 
Dorex2007: bets $0.06
Rocky4444423: folds 
MXMR83: folds 
serzh_824: folds 
Miguel Bobbins: calls $0.06
pdiddly22: folds 
*** RIVER *** [5s Jd 6c 8h] [5h]
Miguel Bobbins: checks 
Dorex2007: bets $0.06
Miguel Bobbins: folds 
Uncalled bet ($0.06) returned to Dorex2007
Dorex2007 collected $0.23 from pot
Dorex2007: doesn't show hand 
*** SUMMARY ***
Total pot $0.24 | Rake $0.01 
Board [5s Jd 6c 8h 5h]
Seat 1: Dorex2007 (button) collected ($0.23)
Seat 2: Rocky4444423 (small blind) folded on the Turn
Seat 3: MXMR83 (big blind) folded on the Turn
Seat 4: denzille folded before Flop (didn't bet)
Seat 6: serzh_824 folded on the Turn
Seat 7: Miguel Bobbins folded on the River
Seat 8: pdiddly22 folded on the Turn
Seat 9: liberator651 folded before Flop (didn't bet)



PokerStars Hand #224156467311:  Hold'em No Limit ($0.01/$0.02 USD) - 2021/02/23 17:14:49 PT [2021/02/23 20:14:49 ET]
Table 'Kythera IV' 9-max Seat #2 is the button
Seat 1: Dorex2007 ($2.07 in chips) 
Seat 2: Rocky4444423 ($1.20 in chips) 
Seat 3: MXMR83 ($1.65 in chips) 
Seat 4: Dream ohm ($0.80 in chips) 
Seat 6: serzh_824 ($5.06 in chips) 
Seat 7: Miguel Bobbins ($1.25 in chips) 
Seat 8: pdiddly22 ($2.41 in chips) 
Seat 9: liberator651 ($1.84 in chips) 
MXMR83: posts small blind $0.01
Dream ohm: posts big blind $0.02
*** HOLE CARDS ***
Dealt to Dorex2007 [2c 3s]
serzh_824: folds 
Miguel Bobbins: folds 
pdiddly22: folds 
liberator651: calls $0.02
Dorex2007: folds 
Rocky4444423: calls $0.02
MXMR83: calls $0.01
Dream ohm: raises $0.08 to $0.10
liberator651: calls $0.08
Rocky4444423: folds 
MXMR83: folds 
*** FLOP *** [5d Kd 3h]
Dream ohm: bets $0.12
liberator651: raises $0.12 to $0.24
Dream ohm: folds 
Uncalled bet ($0.12) returned to liberator651
liberator651 collected $0.46 from pot
liberator651: doesn't show hand 
*** SUMMARY ***
Total pot $0.48 | Rake $0.02 
Board [5d Kd 3h]
Seat 1: Dorex2007 folded before Flop (didn't bet)
Seat 2: Rocky4444423 (button) folded before Flop
Seat 3: MXMR83 (small blind) folded before Flop
Seat 4: Dream ohm (big blind) folded on the Flop
Seat 6: serzh_824 folded before Flop (didn't bet)
Seat 7: Miguel Bobbins folded before Flop (didn't bet)
Seat 8: pdiddly22 folded before Flop (didn't bet)
Seat 9: liberator651 collected ($0.46)



PokerStars Hand #224156486226:  Hold'em No Limit ($0.01/$0.02 USD) - 2021/02/23 17:15:44 PT [2021/02/23 20:15:44 ET]
Table 'Kythera IV' 9-max Seat #3 is the button
Seat 1: Dorex2007 ($2.07 in chips) 
Seat 2: Rocky4444423 ($1.18 in chips) 
Seat 3: MXMR83 ($1.63 in chips) 
Seat 4: Dream ohm ($0.58 in chips) 
Seat 6: serzh_824 ($5.06 in chips) 
Seat 7: Miguel Bobbins ($1.25 in chips) 
Seat 8: pdiddly22 ($2.41 in chips) 
Seat 9: liberator651 ($2.08 in chips) 
Dream ohm: posts small blind $0.01
serzh_824: posts big blind $0.02
*** HOLE CARDS ***
Dealt to Dorex2007 [Ah Qs]
Miguel Bobbins: raises $0.02 to $0.04
pdiddly22: folds 
liberator651: folds 
Dorex2007: raises $0.08 to $0.12
Rocky4444423: folds 
MXMR83: folds 
Dream ohm: folds 
serzh_824: folds 
Miguel Bobbins: raises $1.13 to $1.25 and is all-in
Dorex2007: calls $1.13
*** FLOP *** [9h 2c 6c]
*** TURN *** [9h 2c 6c] [7s]
*** RIVER *** [9h 2c 6c 7s] [2s]
*** SHOW DOWN ***
Miguel Bobbins: shows [Kc Kd] (two pair, Kings and Deuces)
Dorex2007: shows [Ah Qs] (a pair of Deuces)
Miguel Bobbins collected $2.44 from pot
*** SUMMARY ***
Total pot $2.53 | Rake $0.09 
Board [9h 2c 6c 7s 2s]
Seat 1: Dorex2007 showed [Ah Qs] and lost with a pair of Deuces
Seat 2: Rocky4444423 folded before Flop (didn't bet)
Seat 3: MXMR83 (button) folded before Flop (didn't bet)
Seat 4: Dream ohm (small blind) folded before Flop
Seat 6: serzh_824 (big blind) folded before Flop
Seat 7: Miguel Bobbins showed [Kc Kd] and won ($2.44) with two pair, Kings and Deuces
Seat 8: pdiddly22 folded before Flop (didn't bet)
Seat 9: liberator651 folded before Flop (didn't bet)



PokerStars Hand #224156500508:  Hold'em No Limit ($0.01/$0.02 USD) - 2021/02/23 17:16:27 PT [2021/02/23 20:16:27 ET]
Table 'Kythera IV' 9-max Seat #4 is the button
Seat 1: Dorex2007 ($0.82 in chips) 
Seat 2: Rocky4444423 ($1.18 in chips) 
Seat 3: MXMR83 ($1.63 in chips) 
Seat 4: Dream ohm ($0.57 in chips) 
Seat 6: serzh_824 ($5.04 in chips) 
Seat 7: Miguel Bobbins ($2.44 in chips) 
Seat 8: pdiddly22 ($2.41 in chips) 
Seat 9: liberator651 ($2.08 in chips) 
serzh_824: posts small blind $0.01
Miguel Bobbins: posts big blind $0.02
*** HOLE CARDS ***
Dealt to Dorex2007 [Td Js]
pdiddly22: raises $0.06 to $0.08
liberator651: calls $0.08
Dorex2007: folds 
Rocky4444423: folds 
MXMR83: folds 
Dream ohm: folds 
serzh_824: folds 
Miguel Bobbins: calls $0.06
*** FLOP *** [8c 2s 5s]
Miguel Bobbins: checks 
pdiddly22: bets $0.24
liberator651: folds 
Miguel Bobbins: folds 
Uncalled bet ($0.24) returned to pdiddly22
pdiddly22 collected $0.24 from pot
pdiddly22: doesn't show hand 
*** SUMMARY ***
Total pot $0.25 | Rake $0.01 
Board [8c 2s 5s]
Seat 1: Dorex2007 folded before Flop (didn't bet)
Seat 2: Rocky4444423 folded before Flop (didn't bet)
Seat 3: MXMR83 folded before Flop (didn't bet)
Seat 4: Dream ohm (button) folded before Flop (didn't bet)
Seat 6: serzh_824 (small blind) folded before Flop
Seat 7: Miguel Bobbins (big blind) folded on the Flop
Seat 8: pdiddly22 collected ($0.24)
Seat 9: liberator651 folded on the Flop



PokerStars Hand #224156512996:  Hold'em No Limit ($0.01/$0.02 USD) - 2021/02/23 17:17:03 PT [2021/02/23 20:17:03 ET]
Table 'Kythera IV' 9-max Seat #6 is the button
Seat 1: Dorex2007 ($2 in chips) 
Seat 2: Rocky4444423 ($1.18 in chips) 
Seat 3: MXMR83 ($1.63 in chips) 
Seat 4: Dream ohm ($0.57 in chips) 
Seat 6: serzh_824 ($5.03 in chips) 
Seat 7: Miguel Bobbins ($2.36 in chips) 
Seat 9: liberator651 ($2 in chips) 
Miguel Bobbins: posts small blind $0.01
pdiddly22: is sitting out 
liberator651: posts big blind $0.02
*** HOLE CARDS ***
Dealt to Dorex2007 [Js 3s]
Dorex2007: folds 
Rocky4444423: calls $0.02
MXMR83: folds 
Dream ohm: raises $0.55 to $0.57 and is all-in
serzh_824: folds 
Miguel Bobbins: folds 
liberator651: calls $0.55
Rocky4444423: calls $0.55
*** FLOP *** [8h 8c 9c]
liberator651: checks 
Rocky4444423: checks 
*** TURN *** [8h 8c 9c] [8s]
liberator651: checks 
Rocky4444423: bets $0.42
liberator651: calls $0.42
*** RIVER *** [8h 8c 9c 8s] [Tc]
liberator651: checks 
pdiddly22 leaves the table
Rocky4444423: bets $0.19 and is all-in
Rogozyus joins the table at seat #8 
liberator651: calls $0.19
*** SHOW DOWN ***
Rocky4444423: shows [Kd Ks] (a full house, Eights full of Kings)
liberator651: shows [Qs As] (three of a kind, Eights)
Rocky4444423 collected $1.18 from side pot
Dream ohm: shows [7d 7c] (a full house, Eights full of Sevens)
Rocky4444423 collected $1.66 from main pot
*** SUMMARY ***
Total pot $2.94 Main pot $1.66. Side pot $1.18. | Rake $0.10 
Board [8h 8c 9c 8s Tc]
Seat 1: Dorex2007 folded before Flop (didn't bet)
Seat 2: Rocky4444423 showed [Kd Ks] and won ($2.84) with a full house, Eights full of Kings
Seat 3: MXMR83 folded before Flop (didn't bet)
Seat 4: Dream ohm showed [7d 7c] and lost with a full house, Eights full of Sevens
Seat 6: serzh_824 (button) folded before Flop (didn't bet)
Seat 7: Miguel Bobbins (small blind) folded before Flop
Seat 9: liberator651 (big blind) showed [Qs As] and lost with three of a kind, Eights



PokerStars Hand #224156539229:  Hold'em No Limit ($0.01/$0.02 USD) - 2021/02/23 17:18:21 PT [2021/02/23 20:18:21 ET]
Table 'Kythera IV' 9-max Seat #7 is the button
Seat 1: Dorex2007 ($2 in chips) 
Seat 2: Rocky4444423 ($2.84 in chips) 
Seat 3: MXMR83 ($1.63 in chips) 
Seat 6: serzh_824 ($5.03 in chips) 
Seat 7: Miguel Bobbins ($2.35 in chips) 
Seat 9: liberator651 ($0.82 in chips) 
liberator651: posts small blind $0.01
Dorex2007: posts big blind $0.02
*** HOLE CARDS ***
Dealt to Dorex2007 [3s Ts]
Rocky4444423: calls $0.02
MXMR83: raises $0.06 to $0.08
serzh_824: folds 
Miguel Bobbins: folds 
liberator651: calls $0.07
Dorex2007: folds 
Rocky4444423: calls $0.06
*** FLOP *** [Tc Td Ks]
liberator651: bets $0.74 and is all-in
Rocky4444423: folds 
MXMR83: calls $0.74
*** TURN *** [Tc Td Ks] [Qh]
*** RIVER *** [Tc Td Ks Qh] [Jh]
*** SHOW DOWN ***
liberator651: shows [4c 4d] (two pair, Tens and Fours)
MXMR83: shows [Ad Kh] (a straight, Ten to Ace)
MXMR83 cashed out the hand for $1.52 | Cash Out Fee $0.02
*** SUMMARY ***
Total pot $1.74 | Rake $0.06 
Board [Tc Td Ks Qh Jh]
Seat 1: Dorex2007 (big blind) folded before Flop
Seat 2: Rocky4444423 folded on the Flop
Seat 3: MXMR83 showed [Ad Kh] and won ($1.68) with a straight, Ten to Ace (pot not awarded as player cashed out)
Seat 6: serzh_824 folded before Flop (didn't bet)
Seat 7: Miguel Bobbins (button) folded before Flop (didn't bet)
Seat 9: liberator651 (small blind) showed [4c 4d] and lost with two pair, Tens and Fours



PokerStars Hand #224156555583:  Hold'em No Limit ($0.01/$0.02 USD) - 2021/02/23 17:19:04 PT [2021/02/23 20:19:04 ET]
Table 'Kythera IV' 9-max Seat #1 is the button
Seat 1: Dorex2007 ($1.98 in chips) 
Seat 2: Rocky4444423 ($2.76 in chips) 
Seat 3: MXMR83 ($2.33 in chips) 
Seat 6: serzh_824 ($5.03 in chips) 
Seat 7: Miguel Bobbins ($2.35 in chips) 
Seat 8: Rogozyus ($1.50 in chips) 
Rocky4444423: posts small blind $0.01
MXMR83: posts big blind $0.02
Rogozyus: posts big blind $0.02
*** HOLE CARDS ***
Dealt to Dorex2007 [5h 3s]
serzh_824: folds 
Miguel Bobbins: folds 
Rogozyus: checks 
Dorex2007: folds 
Rocky4444423: calls $0.01
MXMR83: checks 
*** FLOP *** [8d 5d 7h]
Rocky4444423: checks 
Miguel Bobbins leaves the table
MXMR83: checks 
Rogozyus: bets $0.04
Rocky4444423: calls $0.04
MXMR83: folds 
*** TURN *** [8d 5d 7h] [Kh]
Rocky4444423: checks 
Rogozyus: bets $0.06
Rocky4444423: folds 
Uncalled bet ($0.06) returned to Rogozyus
Rogozyus collected $0.14 from pot
Rogozyus: doesn't show hand 
*** SUMMARY ***
Total pot $0.14 | Rake $0 
Board [8d 5d 7h Kh]
Seat 1: Dorex2007 (button) folded before Flop (didn't bet)
Seat 2: Rocky4444423 (small blind) folded on the Turn
Seat 3: MXMR83 (big blind) folded on the Flop
Seat 6: serzh_824 folded before Flop (didn't bet)
Seat 7: Miguel Bobbins folded before Flop (didn't bet)
Seat 8: Rogozyus collected ($0.14)



PokerStars Hand #224156573893:  Hold'em No Limit ($0.01/$0.02 USD) - 2021/02/23 17:19:58 PT [2021/02/23 20:19:58 ET]
Table 'Kythera IV' 9-max Seat #2 is the button
Seat 1: Dorex2007 ($1.98 in chips) 
Seat 2: Rocky4444423 ($2.70 in chips) 
Seat 3: MXMR83 ($2.31 in chips) 
Seat 4: Dream ohm ($0.80 in chips) 
Seat 6: serzh_824 ($5.03 in chips) 
Seat 8: Rogozyus ($1.58 in chips) 
Seat 9: liberator651 ($2 in chips) 
MXMR83: posts small blind $0.01
Dream ohm: posts big blind $0.02
*** HOLE CARDS ***
Dealt to Dorex2007 [8d Jd]
serzh_824: folds 
Rogozyus: folds 
liberator651: folds 
Dorex2007: raises $0.02 to $0.04
Rocky4444423: folds 
MXMR83: folds 
Dream ohm: folds 
Uncalled bet ($0.02) returned to Dorex2007
Dorex2007 collected $0.05 from pot
Dorex2007: doesn't show hand 
*** SUMMARY ***
Total pot $0.05 | Rake $0 
Seat 1: Dorex2007 collected ($0.05)
Seat 2: Rocky4444423 (button) folded before Flop (didn't bet)
Seat 3: MXMR83 (small blind) folded before Flop
Seat 4: Dream ohm (big blind) folded before Flop
Seat 6: serzh_824 folded before Flop (didn't bet)
Seat 8: Rogozyus folded before Flop (didn't bet)
Seat 9: liberator651 folded before Flop (didn't bet)



PokerStars Hand #224156582152:  Hold'em No Limit ($0.01/$0.02 USD) - 2021/02/23 17:20:22 PT [2021/02/23 20:20:22 ET]
Table 'Kythera IV' 9-max Seat #3 is the button
Seat 1: Dorex2007 ($2.01 in chips) 
Seat 2: Rocky4444423 ($2.70 in chips) 
Seat 3: MXMR83 ($2.30 in chips) 
Seat 4: Dream ohm ($0.78 in chips) 
Seat 6: serzh_824 ($5.03 in chips) 
Seat 8: Rogozyus ($1.58 in chips) 
Seat 9: liberator651 ($2 in chips) 
Dream ohm: posts small blind $0.01
serzh_824: posts big blind $0.02
*** HOLE CARDS ***
Dealt to Dorex2007 [5c Ac]
Rogozyus: folds 
liberator651: folds 
Dorex2007: calls $0.02
Rocky4444423: folds 
MXMR83: raises $0.06 to $0.08
Dream ohm: folds 
serzh_824: folds 
Dorex2007: calls $0.06
*** FLOP *** [6d 3s 4h]
Dorex2007: checks 
MXMR83: bets $0.10
Dorex2007: calls $0.10
*** TURN *** [6d 3s 4h] [Td]
Dorex2007: checks 
MXMR83: checks 
*** RIVER *** [6d 3s 4h Td] [8c]
Dorex2007: bets $0.10
MXMR83: folds 
Uncalled bet ($0.10) returned to Dorex2007
Dorex2007 collected $0.38 from pot
Dorex2007: doesn't show hand 
spyrous21 joins the table at seat #7 
*** SUMMARY ***
Total pot $0.39 | Rake $0.01 
Board [6d 3s 4h Td 8c]
Seat 1: Dorex2007 collected ($0.38)
Seat 2: Rocky4444423 folded before Flop (didn't bet)
Seat 3: MXMR83 (button) folded on the River
Seat 4: Dream ohm (small blind) folded before Flop
Seat 6: serzh_824 (big blind) folded before Flop
Seat 8: Rogozyus folded before Flop (didn't bet)
Seat 9: liberator651 folded before Flop (didn't bet)



PokerStars Hand #224156608231:  Hold'em No Limit ($0.01/$0.02 USD) - 2021/02/23 17:21:21 PT [2021/02/23 20:21:21 ET]
Table 'Kythera IV' 9-max Seat #4 is the button
Seat 1: Dorex2007 ($2.21 in chips) 
Seat 2: Rocky4444423 ($2.70 in chips) 
Seat 3: MXMR83 ($2.12 in chips) 
Seat 4: Dream ohm ($0.77 in chips) 
Seat 6: serzh_824 ($5.01 in chips) 
Seat 7: spyrous21 ($1.10 in chips) 
Seat 8: Rogozyus ($1.58 in chips) 
Seat 9: liberator651 ($2 in chips) 
serzh_824: posts small blind $0.01
spyrous21: posts big blind $0.02
*** HOLE CARDS ***
Dealt to Dorex2007 [8s Qs]
Rogozyus: folds 
liberator651: calls $0.02
Dorex2007: folds 
Rocky4444423: calls $0.02
MXMR83: raises $0.06 to $0.08
Dream ohm: folds 
serzh_824: folds 
spyrous21: calls $0.06
liberator651: calls $0.06
Rocky4444423: calls $0.06
*** FLOP *** [3c Kc Td]
serzh_824 leaves the table
spyrous21: checks 
liberator651: bets $0.06
Rocky4444423: calls $0.06
MXMR83: calls $0.06
spyrous21: folds 
*** TURN *** [3c Kc Td] [6d]
liberator651: checks 
Rocky4444423: checks 
MXMR83: checks 
*** RIVER *** [3c Kc Td 6d] [Ts]
liberator651: checks 
Rocky4444423: checks 
MXMR83: checks 
*** SHOW DOWN ***
liberator651: shows [3h Ad] (two pair, Tens and Threes)
Rocky4444423: mucks hand 
MXMR83: mucks hand 
liberator651 collected $0.49 from pot
*** SUMMARY ***
Total pot $0.51 | Rake $0.02 
Board [3c Kc Td 6d Ts]
Seat 1: Dorex2007 folded before Flop (didn't bet)
Seat 2: Rocky4444423 mucked [Jd 9d]
Seat 3: MXMR83 mucked [Qh Jc]
Seat 4: Dream ohm (button) folded before Flop (didn't bet)
Seat 6: serzh_824 (small blind) folded before Flop
Seat 7: spyrous21 (big blind) folded on the Flop
Seat 8: Rogozyus folded before Flop (didn't bet)
Seat 9: liberator651 showed [3h Ad] and won ($0.49) with two pair, Tens and Threes



PokerStars Hand #224156642527:  Hold'em No Limit ($0.01/$0.02 USD) - 2021/02/23 17:22:41 PT [2021/02/23 20:22:41 ET]
Table 'Kythera IV' 9-max Seat #7 is the button
Seat 1: Dorex2007 ($2.21 in chips) 
Seat 2: Rocky4444423 ($2.56 in chips) 
Seat 3: MXMR83 ($1.98 in chips) 
Seat 4: Dream ohm ($0.77 in chips) 
Seat 7: spyrous21 ($1.02 in chips) 
Seat 8: Rogozyus ($1.58 in chips) 
Seat 9: liberator651 ($2.35 in chips) 
Rogozyus: posts small blind $0.01
liberator651: posts big blind $0.02
*** HOLE CARDS ***
Dealt to Dorex2007 [Qc Jc]
Dorex2007: raises $0.02 to $0.04
Rocky4444423: folds 
MXMR83: folds 
Dream ohm: folds 
spyrous21: raises $0.12 to $0.16
Rogozyus: folds 
liberator651: folds 
Dorex2007: folds 
Uncalled bet ($0.12) returned to spyrous21
spyrous21 collected $0.11 from pot
spyrous21: doesn't show hand 
*** SUMMARY ***
Total pot $0.11 | Rake $0 
Seat 1: Dorex2007 folded before Flop
Seat 2: Rocky4444423 folded before Flop (didn't bet)
Seat 3: MXMR83 folded before Flop (didn't bet)
Seat 4: Dream ohm folded before Flop (didn't bet)
Seat 7: spyrous21 (button) collected ($0.11)
Seat 8: Rogozyus (small blind) folded before Flop
Seat 9: liberator651 (big blind) folded before Flop



PokerStars Hand #224156649933:  Hold'em No Limit ($0.01/$0.02 USD) - 2021/02/23 17:23:03 PT [2021/02/23 20:23:03 ET]
Table 'Kythera IV' 9-max Seat #8 is the button
Seat 1: Dorex2007 ($2.17 in chips) 
Seat 2: Rocky4444423 ($2.56 in chips) 
Seat 3: MXMR83 ($1.98 in chips) 
Seat 4: Dream ohm ($0.77 in chips) 
Seat 7: spyrous21 ($1.09 in chips) 
Seat 8: Rogozyus ($1.57 in chips) 
Seat 9: liberator651 ($2.33 in chips) 
liberator651: posts small blind $0.01
Dorex2007: posts big blind $0.02
*** HOLE CARDS ***
Dealt to Dorex2007 [4h 5h]
ToastedCanadian joins the table at seat #6 
Rocky4444423: folds 
MXMR83: folds 
Dream ohm: folds 
spyrous21: folds 
Rogozyus: raises $0.06 to $0.08
liberator651: folds 
Dorex2007: folds 
Uncalled bet ($0.06) returned to Rogozyus
Rogozyus collected $0.05 from pot
Rogozyus: doesn't show hand 
*** SUMMARY ***
Total pot $0.05 | Rake $0 
Seat 1: Dorex2007 (big blind) folded before Flop
Seat 2: Rocky4444423 folded before Flop (didn't bet)
Seat 3: MXMR83 folded before Flop (didn't bet)
Seat 4: Dream ohm folded before Flop (didn't bet)
Seat 7: spyrous21 folded before Flop (didn't bet)
Seat 8: Rogozyus (button) collected ($0.05)
Seat 9: liberator651 (small blind) folded before Flop



PokerStars Hand #224156657341:  Hold'em No Limit ($0.01/$0.02 USD) - 2021/02/23 17:23:26 PT [2021/02/23 20:23:26 ET]
Table 'Kythera IV' 9-max Seat #9 is the button
Seat 1: Dorex2007 ($2.15 in chips) 
Seat 2: Rocky4444423 ($2.56 in chips) 
Seat 3: MXMR83 ($1.98 in chips) 
Seat 4: Dream ohm ($0.77 in chips) 
Seat 7: spyrous21 ($1.09 in chips) 
Seat 8: Rogozyus ($1.60 in chips) 
Seat 9: liberator651 ($2.32 in chips) 
Dorex2007: posts small blind $0.01
Rocky4444423: posts big blind $0.02
ToastedCanadian: sits out 
*** HOLE CARDS ***
Dealt to Dorex2007 [Ks Kd]
MXMR83: folds 
Dream ohm: folds 
spyrous21: raises $0.04 to $0.06
Rogozyus: folds 
liberator651: calls $0.06
Dorex2007: raises $0.12 to $0.18
Rocky4444423: folds 
spyrous21: folds 
liberator651: folds 
Uncalled bet ($0.12) returned to Dorex2007
Dorex2007 collected $0.20 from pot
Dorex2007: doesn't show hand 
*** SUMMARY ***
Total pot $0.20 | Rake $0 
Seat 1: Dorex2007 (small blind) collected ($0.20)
Seat 2: Rocky4444423 (big blind) folded before Flop
Seat 3: MXMR83 folded before Flop (didn't bet)
Seat 4: Dream ohm folded before Flop (didn't bet)
Seat 7: spyrous21 folded before Flop
Seat 8: Rogozyus folded before Flop (didn't bet)
Seat 9: liberator651 (button) folded before Flop



PokerStars Hand #224156670014:  Hold'em No Limit ($0.01/$0.02 USD) - 2021/02/23 17:24:03 PT [2021/02/23 20:24:03 ET]
Table 'Kythera IV' 9-max Seat #1 is the button
Seat 1: Dorex2007 ($2.29 in chips) 
Seat 2: Rocky4444423 ($2.54 in chips) 
Seat 3: MXMR83 ($1.98 in chips) 
Seat 4: Dream ohm ($0.77 in chips) 
Seat 7: spyrous21 ($1.03 in chips) 
Seat 8: Rogozyus ($1.60 in chips) 
Seat 9: liberator651 ($2.26 in chips) 
Rocky4444423: posts small blind $0.01
MXMR83: posts big blind $0.02
ToastedCanadian: sits out 
*** HOLE CARDS ***
Dealt to Dorex2007 [Tc 3s]
Dream ohm has timed out
Dream ohm: folds 
spyrous21: raises $0.06 to $0.08
Rogozyus: folds 
liberator651: calls $0.08
Dorex2007: folds 
Rocky4444423: calls $0.07
MXMR83: folds 
*** FLOP *** [Jh Th 9h]
Rocky4444423: checks 
spyrous21: bets $0.26
liberator651: folds 
Rocky4444423: folds 
Uncalled bet ($0.26) returned to spyrous21
spyrous21 collected $0.25 from pot
spyrous21: doesn't show hand 
*** SUMMARY ***
Total pot $0.26 | Rake $0.01 
Board [Jh Th 9h]
Seat 1: Dorex2007 (button) folded before Flop (didn't bet)
Seat 2: Rocky4444423 (small blind) folded on the Flop
Seat 3: MXMR83 (big blind) folded before Flop
Seat 4: Dream ohm folded before Flop (didn't bet)
Seat 7: spyrous21 collected ($0.25)
Seat 8: Rogozyus folded before Flop (didn't bet)
Seat 9: liberator651 folded on the Flop



PokerStars Hand #224156691629:  Hold'em No Limit ($0.01/$0.02 USD) - 2021/02/23 17:25:09 PT [2021/02/23 20:25:09 ET]
Table 'Kythera IV' 9-max Seat #2 is the button
Seat 1: Dorex2007 ($2.29 in chips) 
Seat 2: Rocky4444423 ($2.46 in chips) 
Seat 3: MXMR83 ($1.96 in chips) 
Seat 4: Dream ohm ($0.77 in chips) 
Seat 7: spyrous21 ($1.20 in chips) 
Seat 8: Rogozyus ($1.60 in chips) 
Seat 9: liberator651 ($2.18 in chips) 
MXMR83: posts small blind $0.01
Dream ohm: posts big blind $0.02
ToastedCanadian: sits out 
*** HOLE CARDS ***
Dealt to Dorex2007 [As 4h]
spyrous21: folds 
Rogozyus: folds 
liberator651: folds 
Dorex2007: folds 
Rocky4444423: folds 
MXMR83: folds 
Uncalled bet ($0.01) returned to Dream ohm
Dream ohm collected $0.02 from pot
Dream ohm: doesn't show hand 
*** SUMMARY ***
Total pot $0.02 | Rake $0 
Seat 1: Dorex2007 folded before Flop (didn't bet)
Seat 2: Rocky4444423 (button) folded before Flop (didn't bet)
Seat 3: MXMR83 (small blind) folded before Flop
Seat 4: Dream ohm (big blind) collected ($0.02)
Seat 7: spyrous21 folded before Flop (didn't bet)
Seat 8: Rogozyus folded before Flop (didn't bet)
Seat 9: liberator651 folded before Flop (didn't bet)



PokerStars Hand #224156696835:  Hold'em No Limit ($0.01/$0.02 USD) - 2021/02/23 17:25:24 PT [2021/02/23 20:25:24 ET]
Table 'Kythera IV' 9-max Seat #3 is the button
Seat 1: Dorex2007 ($2.29 in chips) 
Seat 2: Rocky4444423 ($2.46 in chips) 
Seat 3: MXMR83 ($1.95 in chips) 
Seat 4: Dream ohm ($0.78 in chips) 
Seat 6: ToastedCanadian ($1.60 in chips) 
Seat 7: spyrous21 ($1.20 in chips) 
Seat 8: Rogozyus ($1.60 in chips) 
Seat 9: liberator651 ($2.18 in chips) 
Dream ohm: posts small blind $0.01
ToastedCanadian: posts big blind $0.02
*** HOLE CARDS ***
Dealt to Dorex2007 [As 6c]
spyrous21: folds 
Rogozyus: folds 
liberator651: folds 
Dorex2007: folds 
Rocky4444423: calls $0.02
MXMR83: folds 
Dream ohm: calls $0.01
ToastedCanadian: checks 
*** FLOP *** [Qd 8c Ad]
Dream ohm: bets $0.03
ToastedCanadian: folds 
Rocky4444423: folds 
Uncalled bet ($0.03) returned to Dream ohm
Dream ohm collected $0.06 from pot
alevseev83 was removed from the table for failing to post
alevseev83 leaves the table
Dream ohm: doesn't show hand 
*** SUMMARY ***
Total pot $0.06 | Rake $0 
Board [Qd 8c Ad]
Seat 1: Dorex2007 folded before Flop (didn't bet)
Seat 2: Rocky4444423 folded on the Flop
Seat 3: MXMR83 (button) folded before Flop (didn't bet)
Seat 4: Dream ohm (small blind) collected ($0.06)
Seat 6: ToastedCanadian (big blind) folded on the Flop
Seat 7: spyrous21 folded before Flop (didn't bet)
Seat 8: Rogozyus folded before Flop (didn't bet)
Seat 9: liberator651 folded before Flop (didn't bet)



PokerStars Hand #224156708325:  Hold'em No Limit ($0.01/$0.02 USD) - 2021/02/23 17:25:59 PT [2021/02/23 20:25:59 ET]
Table 'Kythera IV' 9-max Seat #4 is the button
Seat 1: Dorex2007 ($2.29 in chips) 
Seat 2: Rocky4444423 ($2.44 in chips) 
Seat 3: MXMR83 ($1.95 in chips) 
Seat 4: Dream ohm ($0.82 in chips) 
Seat 6: ToastedCanadian ($1.58 in chips) 
Seat 7: spyrous21 ($1.20 in chips) 
Seat 8: Rogozyus ($1.60 in chips) 
Seat 9: liberator651 ($2.18 in chips) 
ToastedCanadian: posts small blind $0.01
spyrous21: posts big blind $0.02
*** HOLE CARDS ***
Dealt to Dorex2007 [7h Jh]
Rogozyus: folds 
liberator651: calls $0.02
Dorex2007: folds 
Rocky4444423 has timed out
Rocky4444423: folds 
MXMR83: folds 
Dream ohm: folds 
ToastedCanadian: raises $0.02 to $0.04
spyrous21: calls $0.02
liberator651: calls $0.02
*** FLOP *** [8h 9s 8s]
RamonPL55 joins the table at seat #5 
ToastedCanadian: checks 
spyrous21: checks 
liberator651: checks 
*** TURN *** [8h 9s 8s] [6h]
ToastedCanadian: checks 
spyrous21: checks 
liberator651: checks 
*** RIVER *** [8h 9s 8s 6h] [Ts]
ToastedCanadian: checks 
spyrous21: checks 
liberator651: bets $0.06
ToastedCanadian: folds 
spyrous21: folds 
Uncalled bet ($0.06) returned to liberator651
liberator651 collected $0.12 from pot
liberator651: doesn't show hand 
*** SUMMARY ***
Total pot $0.12 | Rake $0 
Board [8h 9s 8s 6h Ts]
Seat 1: Dorex2007 folded before Flop (didn't bet)
Seat 2: Rocky4444423 folded before Flop (didn't bet)
Seat 3: MXMR83 folded before Flop (didn't bet)
Seat 4: Dream ohm (button) folded before Flop (didn't bet)
Seat 6: ToastedCanadian (small blind) folded on the River
Seat 7: spyrous21 (big blind) folded on the River
Seat 8: Rogozyus folded before Flop (didn't bet)
Seat 9: liberator651 collected ($0.12)



PokerStars Hand #224156733388:  Hold'em No Limit ($0.01/$0.02 USD) - 2021/02/23 17:27:14 PT [2021/02/23 20:27:14 ET]
Table 'Kythera IV' 9-max Seat #6 is the button
Seat 1: Dorex2007 ($2.29 in chips) 
Seat 2: Rocky4444423 ($2.44 in chips) 
Seat 3: MXMR83 ($1.95 in chips) 
Seat 4: Dream ohm ($0.82 in chips) 
Seat 5: RamonPL55 ($1.83 in chips) 
Seat 6: ToastedCanadian ($1.54 in chips) 
Seat 7: spyrous21 ($1.16 in chips) 
Seat 8: Rogozyus ($1.60 in chips) 
Seat 9: liberator651 ($2.26 in chips) 
spyrous21: posts small blind $0.01
Rogozyus: posts big blind $0.02
RamonPL55: posts big blind $0.02
*** HOLE CARDS ***
Dealt to Dorex2007 [Kd Ks]
liberator651: calls $0.02
Dorex2007: raises $0.04 to $0.06
Rocky4444423: folds 
MXMR83: folds 
Dream ohm: folds 
RamonPL55: calls $0.04
ToastedCanadian: folds 
spyrous21: folds 
Rogozyus: calls $0.04
liberator651: calls $0.04
*** FLOP *** [6d 4c Qs]
ToastedCanadian leaves the table
Rogozyus: bets $0.14
liberator651: folds 
Dorex2007: raises $0.14 to $0.28
polly727 joins the table at seat #6 
RamonPL55: folds 
Rogozyus: raises $0.36 to $0.64
Dorex2007: raises $1.59 to $2.23 and is all-in
Rogozyus: calls $0.90 and is all-in
Uncalled bet ($0.69) returned to Dorex2007
*** TURN *** [6d 4c Qs] [7s]
*** RIVER *** [6d 4c Qs 7s] [Qh]
*** SHOW DOWN ***
Rogozyus: shows [Qc Kh] (three of a kind, Queens)
Dorex2007: shows [Kd Ks] (two pair, Kings and Queens)
Rogozyus collected $3.21 from pot
Dorex2007 cashed out the hand for $2.90 | Cash Out Fee $0.03
*** SUMMARY ***
Total pot $3.33 | Rake $0.12 
Board [6d 4c Qs 7s Qh]
Seat 1: Dorex2007 showed [Kd Ks] and lost with two pair, Kings and Queens (cashed out).
Seat 2: Rocky4444423 folded before Flop (didn't bet)
Seat 3: MXMR83 folded before Flop (didn't bet)
Seat 4: Dream ohm folded before Flop (didn't bet)
Seat 5: RamonPL55 folded on the Flop
Seat 6: ToastedCanadian (button) folded before Flop (didn't bet)
Seat 7: spyrous21 (small blind) folded before Flop
Seat 8: Rogozyus (big blind) showed [Qc Kh] and won ($3.21) with three of a kind, Queens
Seat 9: liberator651 folded on the Flop



PokerStars Hand #224156762041:  Hold'em No Limit ($0.01/$0.02 USD) - 2021/02/23 17:28:40 PT [2021/02/23 20:28:40 ET]
Table 'Kythera IV' 9-max Seat #7 is the button
Seat 1: Dorex2007 ($3.59 in chips) 
Seat 2: Rocky4444423 ($2.44 in chips) 
Seat 3: MXMR83 ($1.95 in chips) 
Seat 4: Dream ohm ($0.82 in chips) 
Seat 5: RamonPL55 ($1.77 in chips) 
Seat 7: spyrous21 ($1.15 in chips) 
Seat 8: Rogozyus ($3.21 in chips) 
Seat 9: liberator651 ($2.20 in chips) 
Rogozyus: posts small blind $0.01
liberator651: posts big blind $0.02
polly727: sits out 
*** HOLE CARDS ***
Dealt to Dorex2007 [Ah 5d]
Dorex2007: folds 
Rocky4444423: folds 
MXMR83: folds 
Dream ohm: folds 
RamonPL55: raises $0.02 to $0.04
spyrous21: folds 
Rogozyus: folds 
Dorex2007 said, "nice way for both to win :)"
liberator651: calls $0.02
*** FLOP *** [3d 2d Qh]
Rogozyus leaves the table
liberator651: bets $0.06
trinche12 joins the table at seat #8 
RamonPL55: calls $0.06
*** TURN *** [3d 2d Qh] [6s]
liberator651: bets $0.06
RamonPL55: calls $0.06
*** RIVER *** [3d 2d Qh 6s] [Kc]
liberator651: bets $0.08
RamonPL55: calls $0.08
*** SHOW DOWN ***
liberator651: shows [Ks 9h] (a pair of Kings)
RamonPL55: shows [As Kh] (a pair of Kings - Ace kicker)
RamonPL55 collected $0.47 from pot
*** SUMMARY ***
Total pot $0.49 | Rake $0.02 
Board [3d 2d Qh 6s Kc]
Seat 1: Dorex2007 folded before Flop (didn't bet)
Seat 2: Rocky4444423 folded before Flop (didn't bet)
Seat 3: MXMR83 folded before Flop (didn't bet)
Seat 4: Dream ohm folded before Flop (didn't bet)
Seat 5: RamonPL55 showed [As Kh] and won ($0.47) with a pair of Kings
Seat 7: spyrous21 (button) folded before Flop (didn't bet)
Seat 8: Rogozyus (small blind) folded before Flop
Seat 9: liberator651 (big blind) showed [Ks 9h] and lost with a pair of Kings



PokerStars Hand #224156778615:  Hold'em No Limit ($0.01/$0.02 USD) - 2021/02/23 17:29:29 PT [2021/02/23 20:29:29 ET]
Table 'Kythera IV' 9-max Seat #9 is the button
Seat 1: Dorex2007 ($3.59 in chips) 
Seat 2: Rocky4444423 ($2.44 in chips) 
Seat 3: MXMR83 ($1.95 in chips) 
Seat 4: Dream ohm ($0.82 in chips) 
Seat 5: RamonPL55 ($2 in chips) 
Seat 7: spyrous21 ($1.15 in chips) 
Seat 9: liberator651 ($1.96 in chips) 
Dorex2007: posts small blind $0.01
Rocky4444423: posts big blind $0.02
polly727: sits out 
trinche12: sits out 
*** HOLE CARDS ***
Dealt to Dorex2007 [4d Qc]
MXMR83: folds 
Dream ohm: folds 
RamonPL55: raises $0.02 to $0.04
spyrous21: folds 
liberator651: calls $0.04
Dorex2007: folds 
Rocky4444423: folds 
*** FLOP *** [Qs 2c 2d]
RamonPL55: bets $0.02
liberator651: raises $0.04 to $0.06
RamonPL55: raises $0.04 to $0.10
liberator651: calls $0.04
*** TURN *** [Qs 2c 2d] [6d]
RamonPL55: checks 
liberator651: bets $0.06
RamonPL55: calls $0.06
*** RIVER *** [Qs 2c 2d 6d] [7s]
RamonPL55: bets $0.20
liberator651: folds 
Uncalled bet ($0.20) returned to RamonPL55
RamonPL55 collected $0.41 from pot
RamonPL55: doesn't show hand 
*** SUMMARY ***
Total pot $0.43 | Rake $0.02 
Board [Qs 2c 2d 6d 7s]
Seat 1: Dorex2007 (small blind) folded before Flop
Seat 2: Rocky4444423 (big blind) folded before Flop
Seat 3: MXMR83 folded before Flop (didn't bet)
Seat 4: Dream ohm folded before Flop (didn't bet)
Seat 5: RamonPL55 collected ($0.41)
Seat 7: spyrous21 folded before Flop (didn't bet)
Seat 9: liberator651 (button) folded on the River



PokerStars Hand #224156797903:  Hold'em No Limit ($0.01/$0.02 USD) - 2021/02/23 17:30:26 PT [2021/02/23 20:30:26 ET]
Table 'Kythera IV' 9-max Seat #1 is the button
Seat 1: Dorex2007 ($3.58 in chips) 
Seat 2: Rocky4444423 ($2.42 in chips) 
Seat 4: Dream ohm ($0.82 in chips) 
Seat 5: RamonPL55 ($2.21 in chips) 
Seat 7: spyrous21 ($1.15 in chips) 
Seat 9: liberator651 ($1.76 in chips) 
Rocky4444423: posts small blind $0.01
MXMR83: is sitting out 
Dream ohm: posts big blind $0.02
polly727: sits out 
trinche12: sits out 
*** HOLE CARDS ***
Dealt to Dorex2007 [8s Ad]
RamonPL55: raises $0.02 to $0.04
spyrous21: folds 
liberator651: calls $0.04
MXMR83 leaves the table
Dorex2007: folds 
GodIn2019 joins the table at seat #3 
Rocky4444423: calls $0.03
Dream ohm: calls $0.02
*** FLOP *** [2s 6h Ac]
Rocky4444423: checks 
Dream ohm: checks 
RamonPL55: bets $0.07
liberator651: folds 
Rocky4444423: folds 
Dream ohm: folds 
Uncalled bet ($0.07) returned to RamonPL55
RamonPL55 collected $0.15 from pot
RamonPL55: doesn't show hand 
*** SUMMARY ***
Total pot $0.16 | Rake $0.01 
Board [2s 6h Ac]
Seat 1: Dorex2007 (button) folded before Flop (didn't bet)
Seat 2: Rocky4444423 (small blind) folded on the Flop
Seat 4: Dream ohm (big blind) folded on the Flop
Seat 5: RamonPL55 collected ($0.15)
Seat 7: spyrous21 folded before Flop (didn't bet)
Seat 9: liberator651 folded on the Flop



PokerStars Hand #224156818314:  Hold'em No Limit ($0.01/$0.02 USD) - 2021/02/23 17:31:20 PT [2021/02/23 20:31:20 ET]
Table 'Kythera IV' 9-max Seat #2 is the button
Seat 1: Dorex2007 ($3.58 in chips) 
Seat 2: Rocky4444423 ($2.38 in chips) 
Seat 4: Dream ohm ($0.78 in chips) 
Seat 5: RamonPL55 ($2.32 in chips) 
Seat 7: spyrous21 ($1.15 in chips) 
Seat 9: liberator651 ($1.72 in chips) 
Dream ohm: posts small blind $0.01
RamonPL55: posts big blind $0.02
polly727: sits out 
trinche12: sits out 
*** HOLE CARDS ***
Dealt to Dorex2007 [Jc 3d]
spyrous21: folds 
liberator651: folds 
Dorex2007: folds 
Rocky4444423: folds 
Dream ohm: calls $0.01
RamonPL55: raises $0.02 to $0.04
Dream ohm: calls $0.02
*** FLOP *** [8d Kh Tc]
Dream ohm: checks 
RamonPL55: bets $0.04
Dream ohm: calls $0.04
*** TURN *** [8d Kh Tc] [8c]
Dream ohm: bets $0.08
RamonPL55: calls $0.08
*** RIVER *** [8d Kh Tc 8c] [6h]
Dream ohm: checks 
RamonPL55: bets $0.15
Dream ohm: folds 
Uncalled bet ($0.15) returned to RamonPL55
RamonPL55 collected $0.31 from pot
RamonPL55: doesn't show hand 
*** SUMMARY ***
Total pot $0.32 | Rake $0.01 
Board [8d Kh Tc 8c 6h]
Seat 1: Dorex2007 folded before Flop (didn't bet)
Seat 2: Rocky4444423 (button) folded before Flop (didn't bet)
Seat 4: Dream ohm (small blind) folded on the River
Seat 5: RamonPL55 (big blind) collected ($0.31)
Seat 7: spyrous21 folded before Flop (didn't bet)
Seat 9: liberator651 folded before Flop (didn't bet)



PokerStars Hand #224156842625:  Hold'em No Limit ($0.01/$0.02 USD) - 2021/02/23 17:32:34 PT [2021/02/23 20:32:34 ET]
Table 'Kythera IV' 9-max Seat #4 is the button
Seat 1: Dorex2007 ($3.58 in chips) 
Seat 2: Rocky4444423 ($2.38 in chips) 
Seat 4: Dream ohm ($0.62 in chips) 
Seat 5: RamonPL55 ($2.47 in chips) 
Seat 6: polly727 ($2 in chips) 
Seat 7: spyrous21 ($1.15 in chips) 
Seat 9: liberator651 ($1.72 in chips) 
RamonPL55: posts small blind $0.01
polly727: posts big blind $0.02
trinche12: sits out 
GodIn2019: sits out 
*** HOLE CARDS ***
Dealt to Dorex2007 [3d Td]
spyrous21: folds 
liberator651: folds 
Dorex2007: folds 
Rocky4444423: folds 
Dream ohm: folds 
RamonPL55: raises $0.02 to $0.04
polly727: calls $0.02
*** FLOP *** [2c 9s 5h]
RamonPL55: bets $0.02
polly727: folds 
Uncalled bet ($0.02) returned to RamonPL55
RamonPL55 collected $0.08 from pot
RamonPL55: doesn't show hand 
*** SUMMARY ***
Total pot $0.08 | Rake $0 
Board [2c 9s 5h]
Seat 1: Dorex2007 folded before Flop (didn't bet)
Seat 2: Rocky4444423 folded before Flop (didn't bet)
Seat 4: Dream ohm (button) folded before Flop (didn't bet)
Seat 5: RamonPL55 (small blind) collected ($0.08)
Seat 6: polly727 (big blind) folded on the Flop
Seat 7: spyrous21 folded before Flop (didn't bet)
Seat 9: liberator651 folded before Flop (didn't bet)



PokerStars Hand #224156863642:  Hold'em No Limit ($0.01/$0.02 USD) - 2021/02/23 17:33:17 PT [2021/02/23 20:33:17 ET]
Table 'Kythera IV' 9-max Seat #5 is the button
Seat 1: Dorex2007 ($3.58 in chips) 
Seat 2: Rocky4444423 ($2.38 in chips) 
Seat 4: Dream ohm ($0.62 in chips) 
Seat 5: RamonPL55 ($2.51 in chips) 
Seat 6: polly727 ($1.96 in chips) 
Seat 8: trinche12 ($2 in chips) 
Seat 9: liberator651 ($1.72 in chips) 
polly727: posts small blind $0.01
spyrous21: is sitting out 
trinche12: posts big blind $0.02
GodIn2019: sits out 
*** HOLE CARDS ***
Dealt to Dorex2007 [4c 3h]
liberator651: calls $0.02
spyrous21 leaves the table
Dorex2007: folds 
Rocky4444423: folds 
Dream ohm: folds 
RamonPL55: calls $0.02
polly727: folds 
trinche12: checks 
*** FLOP *** [9h 8h 9s]
alevseev83 joins the table at seat #7 
trinche12: checks 
liberator651: checks 
RamonPL55: checks 
*** TURN *** [9h 8h 9s] [2d]
trinche12: checks 
liberator651: checks 
RamonPL55: checks 
*** RIVER *** [9h 8h 9s 2d] [Td]
trinche12: checks 
liberator651: checks 
RamonPL55: checks 
*** SHOW DOWN ***
trinche12: shows [Ts Ah] (two pair, Tens and Nines)
liberator651: mucks hand 
RamonPL55: mucks hand 
trinche12 collected $0.07 from pot
*** SUMMARY ***
Total pot $0.07 | Rake $0 
Board [9h 8h 9s 2d Td]
Seat 1: Dorex2007 folded before Flop (didn't bet)
Seat 2: Rocky4444423 folded before Flop (didn't bet)
Seat 4: Dream ohm folded before Flop (didn't bet)
Seat 5: RamonPL55 (button) mucked [2h 6c]
Seat 6: polly727 (small blind) folded before Flop
Seat 8: trinche12 (big blind) showed [Ts Ah] and won ($0.07) with two pair, Tens and Nines
Seat 9: liberator651 mucked [5c Qd]



PokerStars Hand #224156887281:  Hold'em No Limit ($0.01/$0.02 USD) - 2021/02/23 17:34:29 PT [2021/02/23 20:34:29 ET]
Table 'Kythera IV' 9-max Seat #6 is the button
Seat 1: Dorex2007 ($3.58 in chips) 
Seat 2: Rocky4444423 ($2.38 in chips) 
Seat 4: Dream ohm ($0.62 in chips) 
Seat 5: RamonPL55 ($2.49 in chips) 
Seat 6: polly727 ($1.95 in chips) 
Seat 8: trinche12 ($2.05 in chips) 
Seat 9: liberator651 ($1.70 in chips) 
trinche12: posts small blind $0.01
liberator651: posts big blind $0.02
GodIn2019: sits out 
*** HOLE CARDS ***
Dealt to Dorex2007 [9h Kh]
Dorex2007 has timed out
Dorex2007: folds 
Rocky4444423: folds 
Dream ohm: folds 
RamonPL55: calls $0.02
polly727: folds 
trinche12: folds 
liberator651: checks 
*** FLOP *** [9c 5s Qd]
liberator651: checks 
RamonPL55: checks 
*** TURN *** [9c 5s Qd] [Qh]
liberator651: checks 
RamonPL55: checks 
*** RIVER *** [9c 5s Qd Qh] [5h]
liberator651: bets $0.08
RamonPL55: calls $0.08
*** SHOW DOWN ***
liberator651: shows [2s Kc] (two pair, Queens and Fives)
RamonPL55: shows [Ah 2d] (two pair, Queens and Fives - Ace kicker)
RamonPL55 collected $0.20 from pot
*** SUMMARY ***
Total pot $0.21 | Rake $0.01 
Board [9c 5s Qd Qh 5h]
Seat 1: Dorex2007 folded before Flop (didn't bet)
Seat 2: Rocky4444423 folded before Flop (didn't bet)
Seat 4: Dream ohm folded before Flop (didn't bet)
Seat 5: RamonPL55 showed [Ah 2d] and won ($0.20) with two pair, Queens and Fives
Seat 6: polly727 (button) folded before Flop (didn't bet)
Seat 8: trinche12 (small blind) folded before Flop
Seat 9: liberator651 (big blind) showed [2s Kc] and lost with two pair, Queens and Fives



PokerStars Hand #224156909384:  Hold'em No Limit ($0.01/$0.02 USD) - 2021/02/23 17:35:29 PT [2021/02/23 20:35:29 ET]
Table 'Kythera IV' 9-max Seat #8 is the button
Seat 1: Dorex2007 ($3.58 in chips) 
Seat 2: Rocky4444423 ($2.38 in chips) 
Seat 4: Dream ohm ($0.62 in chips) 
Seat 5: RamonPL55 ($2.59 in chips) 
Seat 6: polly727 ($1.95 in chips) 
Seat 8: trinche12 ($2.04 in chips) 
Seat 9: liberator651 ($1.60 in chips) 
liberator651: posts small blind $0.01
Dorex2007: posts big blind $0.02
GodIn2019: sits out 
alevseev83: sits out 
*** HOLE CARDS ***
Dealt to Dorex2007 [8h Jh]
Rocky4444423: folds 
Dream ohm: folds 
RamonPL55: calls $0.02
polly727: raises $0.06 to $0.08
trinche12: folds 
liberator651: calls $0.07
Dorex2007: folds 
RamonPL55: folds 
*** FLOP *** [4c Ts 3s]
liberator651: checks 
polly727: bets $0.10
liberator651: folds 
Uncalled bet ($0.10) returned to polly727
polly727 collected $0.19 from pot
polly727: doesn't show hand 
*** SUMMARY ***
Total pot $0.20 | Rake $0.01 
Board [4c Ts 3s]
Seat 1: Dorex2007 (big blind) folded before Flop
Seat 2: Rocky4444423 folded before Flop (didn't bet)
Seat 4: Dream ohm folded before Flop (didn't bet)
Seat 5: RamonPL55 folded before Flop
Seat 6: polly727 collected ($0.19)
Seat 8: trinche12 (button) folded before Flop (didn't bet)
Seat 9: liberator651 (small blind) folded on the Flop



PokerStars Hand #224156927945:  Hold'em No Limit ($0.01/$0.02 USD) - 2021/02/23 17:36:26 PT [2021/02/23 20:36:26 ET]
Table 'Kythera IV' 9-max Seat #9 is the button
Seat 1: Dorex2007 ($3.56 in chips) 
Seat 2: Rocky4444423 ($2.38 in chips) 
Seat 4: Dream ohm ($0.62 in chips) 
Seat 5: RamonPL55 ($2.57 in chips) 
Seat 6: polly727 ($2.06 in chips) 
Seat 8: trinche12 ($2.04 in chips) 
Seat 9: liberator651 ($1.52 in chips) 
Dorex2007: posts small blind $0.01
Rocky4444423: posts big blind $0.02
GodIn2019: sits out 
alevseev83: sits out 
*** HOLE CARDS ***
Dealt to Dorex2007 [7c 6s]
Dream ohm: folds 
RamonPL55: calls $0.02
GodIn2019 leaves the table
polly727: folds 
trinche12: folds 
liberator651: calls $0.02
Dorex2007: folds 
Rocky4444423: checks 
*** FLOP *** [4s Kd 8h]
Rocky4444423: checks 
RamonPL55: checks 
liberator651: bets $0.06
Rocky4444423: folds 
RamonPL55: calls $0.06
*** TURN *** [4s Kd 8h] [Qc]
RamonPL55: checks 
liberator651: bets $0.06
RamonPL55: folds 
Uncalled bet ($0.06) returned to liberator651
liberator651 collected $0.18 from pot
liberator651: doesn't show hand 
*** SUMMARY ***
Total pot $0.19 | Rake $0.01 
Board [4s Kd 8h Qc]
Seat 1: Dorex2007 (small blind) folded before Flop
Seat 2: Rocky4444423 (big blind) folded on the Flop
Seat 4: Dream ohm folded before Flop (didn't bet)
Seat 5: RamonPL55 folded on the Turn
Seat 6: polly727 folded before Flop (didn't bet)
Seat 8: trinche12 folded before Flop (didn't bet)
Seat 9: liberator651 (button) collected ($0.18)



PokerStars Hand #224156942974:  Hold'em No Limit ($0.01/$0.02 USD) - 2021/02/23 17:37:12 PT [2021/02/23 20:37:12 ET]
Table 'Kythera IV' 9-max Seat #1 is the button
Seat 1: Dorex2007 ($3.55 in chips) 
Seat 2: Rocky4444423 ($2.36 in chips) 
Seat 4: Dream ohm ($0.62 in chips) 
Seat 5: RamonPL55 ($2.49 in chips) 
Seat 6: polly727 ($2.06 in chips) 
Seat 8: trinche12 ($2.04 in chips) 
Seat 9: liberator651 ($1.62 in chips) 
Rocky4444423: posts small blind $0.01
Dream ohm: posts big blind $0.02
alevseev83: sits out 
*** HOLE CARDS ***
Dealt to Dorex2007 [9c Ks]
joaog1337 joins the table at seat #3 
RamonPL55: calls $0.02
polly727: folds 
trinche12: folds 
liberator651: calls $0.02
Dorex2007: folds 
alevseev83 leaves the table
tutanpoker joins the table at seat #7 
Rocky4444423: calls $0.01
Dream ohm: checks 
*** FLOP *** [4s Jd 3c]
Rocky4444423: checks 
Dream ohm: bets $0.08
RamonPL55: folds 
liberator651: calls $0.08
Rocky4444423: folds 
*** TURN *** [4s Jd 3c] [5d]
Dream ohm: bets $0.12
liberator651: calls $0.12
*** RIVER *** [4s Jd 3c 5d] [5c]
Dream ohm: checks 
liberator651: bets $0.14
Dream ohm: calls $0.14
*** SHOW DOWN ***
liberator651: shows [Ad 5s] (three of a kind, Fives)
Dream ohm: mucks hand 
liberator651 collected $0.73 from pot
*** SUMMARY ***
Total pot $0.76 | Rake $0.03 
Board [4s Jd 3c 5d 5c]
Seat 1: Dorex2007 (button) folded before Flop (didn't bet)
Seat 2: Rocky4444423 (small blind) folded on the Flop
Seat 4: Dream ohm (big blind) mucked [Jh Th]
Seat 5: RamonPL55 folded on the Flop
Seat 6: polly727 folded before Flop (didn't bet)
Seat 8: trinche12 folded before Flop (didn't bet)
Seat 9: liberator651 showed [Ad 5s] and won ($0.73) with three of a kind, Fives



PokerStars Hand #224156969957:  Hold'em No Limit ($0.01/$0.02 USD) - 2021/02/23 17:38:33 PT [2021/02/23 20:38:33 ET]
Table 'Kythera IV' 9-max Seat #2 is the button
Seat 1: Dorex2007 ($3.55 in chips) 
Seat 2: Rocky4444423 ($2.34 in chips) 
Seat 4: Dream ohm ($0.26 in chips) 
Seat 5: RamonPL55 ($2.47 in chips) 
Seat 6: polly727 ($2.06 in chips) 
Seat 7: tutanpoker ($2 in chips) 
Seat 8: trinche12 ($2.04 in chips) 
Seat 9: liberator651 ($1.99 in chips) 
Dream ohm: posts small blind $0.01
RamonPL55: posts big blind $0.02
tutanpoker: posts big blind $0.02
*** HOLE CARDS ***
Dealt to Dorex2007 [2s 6s]
polly727: folds 
tutanpoker: checks 
trinche12: folds 
liberator651: folds 
Dorex2007: folds 
Rocky4444423: calls $0.02
Dream ohm: folds 
RamonPL55: checks 
*** FLOP *** [5h Qc Kh]
RamonPL55: checks 
tutanpoker: bets $0.04
Rocky4444423: calls $0.04
RamonPL55: folds 
*** TURN *** [5h Qc Kh] [Ad]
tutanpoker: checks 
Rocky4444423: checks 
*** RIVER *** [5h Qc Kh Ad] [9d]
tutanpoker: checks 
Rocky4444423: checks 
*** SHOW DOWN ***
tutanpoker: shows [Qs Js] (a pair of Queens)
Rocky4444423: mucks hand 
tutanpoker collected $0.14 from pot
*** SUMMARY ***
Total pot $0.15 | Rake $0.01 
Board [5h Qc Kh Ad 9d]
Seat 1: Dorex2007 folded before Flop (didn't bet)
Seat 2: Rocky4444423 (button) mucked [8h 8d]
Seat 4: Dream ohm (small blind) folded before Flop
Seat 5: RamonPL55 (big blind) folded on the Flop
Seat 6: polly727 folded before Flop (didn't bet)
Seat 7: tutanpoker showed [Qs Js] and won ($0.14) with a pair of Queens
Seat 8: trinche12 folded before Flop (didn't bet)
Seat 9: liberator651 folded before Flop (didn't bet)



PokerStars Hand #224157004079:  Hold'em No Limit ($0.01/$0.02 USD) - 2021/02/23 17:39:48 PT [2021/02/23 20:39:48 ET]
Table 'Kythera IV' 9-max Seat #4 is the button
Seat 1: Dorex2007 ($3.55 in chips) 
Seat 2: Rocky4444423 ($2.28 in chips) 
Seat 4: Dream ohm ($0.25 in chips) 
Seat 5: RamonPL55 ($2.45 in chips) 
Seat 6: polly727 ($2.06 in chips) 
Seat 7: tutanpoker ($2.08 in chips) 
Seat 8: trinche12 ($2.04 in chips) 
Seat 9: liberator651 ($1.99 in chips) 
RamonPL55: posts small blind $0.01
polly727: posts big blind $0.02
joaog1337: sits out 
*** HOLE CARDS ***
Dealt to Dorex2007 [8c Ts]
tutanpoker: folds 
trinche12: folds 
liberator651: calls $0.02
Dorex2007: folds 
Rocky4444423: calls $0.02
Dream ohm: raises $0.23 to $0.25 and is all-in
RamonPL55: folds 
polly727: folds 
liberator651: folds 
Rocky4444423: folds 
Uncalled bet ($0.23) returned to Dream ohm
Dream ohm collected $0.09 from pot
Dream ohm: doesn't show hand 
*** SUMMARY ***
Total pot $0.09 | Rake $0 
Seat 1: Dorex2007 folded before Flop (didn't bet)
Seat 2: Rocky4444423 folded before Flop
Seat 4: Dream ohm (button) collected ($0.09)
Seat 5: RamonPL55 (small blind) folded before Flop
Seat 6: polly727 (big blind) folded before Flop
Seat 7: tutanpoker folded before Flop (didn't bet)
Seat 8: trinche12 folded before Flop (didn't bet)
Seat 9: liberator651 folded before Flop



PokerStars Hand #224157013657:  Hold'em No Limit ($0.01/$0.02 USD) - 2021/02/23 17:40:18 PT [2021/02/23 20:40:18 ET]
Table 'Kythera IV' 9-max Seat #5 is the button
Seat 1: Dorex2007 ($3.55 in chips) 
Seat 2: Rocky4444423 ($2.26 in chips) 
Seat 4: Dream ohm ($0.32 in chips) 
Seat 5: RamonPL55 ($2.44 in chips) 
Seat 6: polly727 ($2.04 in chips) 
Seat 7: tutanpoker ($2.08 in chips) 
Seat 8: trinche12 ($2.04 in chips) 
Seat 9: liberator651 ($1.97 in chips) 
polly727: posts small blind $0.01
tutanpoker: posts big blind $0.02
joaog1337: sits out 
*** HOLE CARDS ***
Dealt to Dorex2007 [5d 3h]
trinche12: folds 
liberator651: folds 
Dorex2007: folds 
Rocky4444423: calls $0.02
Dream ohm: folds 
RamonPL55: raises $0.02 to $0.04
Dream ohm leaves the table
polly727: folds 
tutanpoker: folds 
Rocky4444423: calls $0.02
*** FLOP *** [Td 5s Ac]
Rocky4444423: checks 
RamonPL55: bets $0.04
Rocky4444423: folds 
Uncalled bet ($0.04) returned to RamonPL55
RamonPL55 collected $0.11 from pot
*** SUMMARY ***
Total pot $0.11 | Rake $0 
Board [Td 5s Ac]
Seat 1: Dorex2007 folded before Flop (didn't bet)
Seat 2: Rocky4444423 folded on the Flop
Seat 4: Dream ohm folded before Flop (didn't bet)
Seat 5: RamonPL55 (button) collected ($0.11)
Seat 6: polly727 (small blind) folded before Flop
Seat 7: tutanpoker (big blind) folded before Flop
Seat 8: trinche12 folded before Flop (didn't bet)
Seat 9: liberator651 folded before Flop (didn't bet)



PokerStars Hand #224157031071:  Hold'em No Limit ($0.01/$0.02 USD) - 2021/02/23 17:41:13 PT [2021/02/23 20:41:13 ET]
Table 'Kythera IV' 9-max Seat #6 is the button
Seat 1: Dorex2007 ($3.55 in chips) 
Seat 2: Rocky4444423 ($2.22 in chips) 
Seat 5: RamonPL55 ($2.51 in chips) 
Seat 6: polly727 ($2.03 in chips) 
Seat 7: tutanpoker ($2.06 in chips) 
Seat 8: trinche12 ($2.04 in chips) 
Seat 9: liberator651 ($1.97 in chips) 
tutanpoker: posts small blind $0.01
trinche12: posts big blind $0.02
joaog1337: sits out 
*** HOLE CARDS ***
Dealt to Dorex2007 [8d Qh]
liberator651: calls $0.02
Dorex2007: folds 
Rocky4444423: calls $0.02
RamonPL55: calls $0.02
polly727: folds 
tutanpoker: raises $0.10 to $0.12
trinche12: folds 
liberator651: folds 
Rocky4444423: folds 
RamonPL55: calls $0.10
*** FLOP *** [4s 5c Qs]
tutanpoker: checks 
RamonPL55: checks 
*** TURN *** [4s 5c Qs] [7c]
tutanpoker: checks 
RamonPL55: bets $0.08
tutanpoker: folds 
Uncalled bet ($0.08) returned to RamonPL55
RamonPL55 collected $0.29 from pot
*** SUMMARY ***
Total pot $0.30 | Rake $0.01 
Board [4s 5c Qs 7c]
Seat 1: Dorex2007 folded before Flop (didn't bet)
Seat 2: Rocky4444423 folded before Flop
Seat 5: RamonPL55 collected ($0.29)
Seat 6: polly727 (button) folded before Flop (didn't bet)
Seat 7: tutanpoker (small blind) folded on the Turn
Seat 8: trinche12 (big blind) folded before Flop
Seat 9: liberator651 folded before Flop



PokerStars Hand #224157070402:  Hold'em No Limit ($0.01/$0.02 USD) - 2021/02/23 17:42:50 PT [2021/02/23 20:42:50 ET]
Table 'Kythera IV' 9-max Seat #7 is the button
Seat 1: Dorex2007 ($3.55 in chips) 
Seat 2: Rocky4444423 ($2.20 in chips) 
Seat 5: RamonPL55 ($2.68 in chips) 
Seat 6: polly727 ($2.03 in chips) 
Seat 7: tutanpoker ($2 in chips) 
Seat 8: trinche12 ($2.02 in chips) 
Seat 9: liberator651 ($1.95 in chips) 
trinche12: posts small blind $0.01
liberator651: posts big blind $0.02
joaog1337: sits out 
*** HOLE CARDS ***
Dealt to Dorex2007 [6c 8d]
Dorex2007: folds 
Rocky4444423: folds 
RamonPL55: folds 
polly727: folds 
tutanpoker: calls $0.02
trinche12: folds 
liberator651: checks 
*** FLOP *** [Qc 5c 2c]
liberator651: bets $0.06
tutanpoker: calls $0.06
*** TURN *** [Qc 5c 2c] [3d]
liberator651: bets $0.12
tutanpoker: folds 
Uncalled bet ($0.12) returned to liberator651
liberator651 collected $0.16 from pot
liberator651: doesn't show hand 
*** SUMMARY ***
Total pot $0.17 | Rake $0.01 
Board [Qc 5c 2c 3d]
Seat 1: Dorex2007 folded before Flop (didn't bet)
Seat 2: Rocky4444423 folded before Flop (didn't bet)
Seat 5: RamonPL55 folded before Flop (didn't bet)
Seat 6: polly727 folded before Flop (didn't bet)
Seat 7: tutanpoker (button) folded on the Turn
Seat 8: trinche12 (small blind) folded before Flop
Seat 9: liberator651 (big blind) collected ($0.16)



PokerStars Hand #224157089273:  Hold'em No Limit ($0.01/$0.02 USD) - 2021/02/23 17:43:50 PT [2021/02/23 20:43:50 ET]
Table 'Kythera IV' 9-max Seat #8 is the button
Seat 1: Dorex2007 ($3.55 in chips) 
Seat 2: Rocky4444423 ($2.20 in chips) 
Seat 3: joaog1337 ($2 in chips) 
Seat 5: RamonPL55 ($2.68 in chips) 
Seat 6: polly727 ($2.03 in chips) 
Seat 7: tutanpoker ($2 in chips) 
Seat 8: trinche12 ($2.01 in chips) 
Seat 9: liberator651 ($2.03 in chips) 
liberator651: posts small blind $0.01
Dorex2007: posts big blind $0.02
joaog1337: posts big blind $0.02
*** HOLE CARDS ***
Dealt to Dorex2007 [2s Ac]
Rocky4444423: folds 
joaog1337: checks 
nagaElf joins the table at seat #4 
RamonPL55: calls $0.02
polly727: raises $0.06 to $0.08
tutanpoker: folds 
trinche12: folds 
liberator651: calls $0.07
Dorex2007: folds 
joaog1337: folds 
RamonPL55: calls $0.06
*** FLOP *** [Jh Jc 6d]
liberator651: checks 
RamonPL55: bets $0.10
polly727: folds 
liberator651: folds 
Uncalled bet ($0.10) returned to RamonPL55
RamonPL55 collected $0.27 from pot
*** SUMMARY ***
Total pot $0.28 | Rake $0.01 
Board [Jh Jc 6d]
Seat 1: Dorex2007 (big blind) folded before Flop
Seat 2: Rocky4444423 folded before Flop (didn't bet)
Seat 3: joaog1337 folded before Flop (didn't bet)
Seat 5: RamonPL55 collected ($0.27)
Seat 6: polly727 folded on the Flop
Seat 7: tutanpoker folded before Flop (didn't bet)
Seat 8: trinche12 (button) folded before Flop (didn't bet)
Seat 9: liberator651 (small blind) folded on the Flop



PokerStars Hand #224157124982:  Hold'em No Limit ($0.01/$0.02 USD) - 2021/02/23 17:45:16 PT [2021/02/23 20:45:16 ET]
Table 'Kythera IV' 9-max Seat #9 is the button
Seat 1: Dorex2007 ($3.53 in chips) 
Seat 2: Rocky4444423 ($2.20 in chips) 
Seat 3: joaog1337 ($1.98 in chips) 
Seat 5: RamonPL55 ($2.87 in chips) 
Seat 6: polly727 ($1.95 in chips) 
Seat 7: tutanpoker ($2 in chips) 
Seat 8: trinche12 ($2.01 in chips) 
Seat 9: liberator651 ($1.95 in chips) 
Dorex2007: posts small blind $0.01
Rocky4444423: posts big blind $0.02
nagaElf: sits out 
*** HOLE CARDS ***
Dealt to Dorex2007 [3h 3c]
joaog1337: raises $0.04 to $0.06
RamonPL55: calls $0.06
polly727: folds 
tutanpoker: folds 
trinche12: folds 
liberator651: calls $0.06
Dorex2007: calls $0.05
Rocky4444423: calls $0.04
*** FLOP *** [Jh 8c Qh]
Dorex2007: checks 
Rocky4444423: checks 
joaog1337: bets $0.15
RamonPL55: calls $0.15
liberator651: folds 
Dorex2007: folds 
Rocky4444423: folds 
*** TURN *** [Jh 8c Qh] [2d]
joaog1337: checks 
RamonPL55: bets $0.16
joaog1337: calls $0.16
*** RIVER *** [Jh 8c Qh 2d] [As]
joaog1337: bets $1.61 and is all-in
RamonPL55: folds 
Uncalled bet ($1.61) returned to joaog1337
joaog1337 collected $0.89 from pot
joaog1337: doesn't show hand 
*** SUMMARY ***
Total pot $0.92 | Rake $0.03 
Board [Jh 8c Qh 2d As]
Seat 1: Dorex2007 (small blind) folded on the Flop
Seat 2: Rocky4444423 (big blind) folded on the Flop
Seat 3: joaog1337 collected ($0.89)
Seat 5: RamonPL55 folded on the River
Seat 6: polly727 folded before Flop (didn't bet)
Seat 7: tutanpoker folded before Flop (didn't bet)
Seat 8: trinche12 folded before Flop (didn't bet)
Seat 9: liberator651 (button) folded on the Flop



PokerStars Hand #224157150824:  Hold'em No Limit ($0.01/$0.02 USD) - 2021/02/23 17:46:38 PT [2021/02/23 20:46:38 ET]
Table 'Kythera IV' 9-max Seat #1 is the button
Seat 1: Dorex2007 ($3.47 in chips) 
Seat 2: Rocky4444423 ($2.14 in chips) 
Seat 3: joaog1337 ($2.50 in chips) 
Seat 5: RamonPL55 ($2.50 in chips) 
Seat 6: polly727 ($1.95 in chips) 
Seat 7: tutanpoker ($2 in chips) 
Seat 8: trinche12 ($2.01 in chips) 
Seat 9: liberator651 ($1.89 in chips) 
Rocky4444423: posts small blind $0.01
joaog1337: posts big blind $0.02
nagaElf: sits out 
*** HOLE CARDS ***
Dealt to Dorex2007 [Qd 7d]
RamonPL55: raises $0.02 to $0.04
polly727: folds 
tutanpoker: calls $0.04
trinche12: folds 
liberator651: raises $0.06 to $0.10
Dorex2007: folds 
Rocky4444423: calls $0.09
joaog1337: folds 
RamonPL55: calls $0.06
tutanpoker: calls $0.06
*** FLOP *** [2s 9h 6c]
Rocky4444423: checks 
RamonPL55: checks 
tutanpoker: checks 
liberator651: bets $0.28
Rocky4444423: folds 
RamonPL55: folds 
tutanpoker: folds 
Uncalled bet ($0.28) returned to liberator651
liberator651 collected $0.41 from pot
*** SUMMARY ***
Total pot $0.42 | Rake $0.01 
Board [2s 9h 6c]
Seat 1: Dorex2007 (button) folded before Flop (didn't bet)
Seat 2: Rocky4444423 (small blind) folded on the Flop
Seat 3: joaog1337 (big blind) folded before Flop
Seat 5: RamonPL55 folded on the Flop
Seat 6: polly727 folded before Flop (didn't bet)
Seat 7: tutanpoker folded on the Flop
Seat 8: trinche12 folded before Flop (didn't bet)
Seat 9: liberator651 collected ($0.41)



PokerStars Hand #224157166044:  Hold'em No Limit ($0.01/$0.02 USD) - 2021/02/23 17:47:26 PT [2021/02/23 20:47:26 ET]
Table 'Kythera IV' 9-max Seat #2 is the button
Seat 1: Dorex2007 ($3.47 in chips) 
Seat 2: Rocky4444423 ($2.04 in chips) 
Seat 3: joaog1337 ($2.48 in chips) 
Seat 4: nagaElf ($2 in chips) 
Seat 5: RamonPL55 ($2.40 in chips) 
Seat 6: polly727 ($1.95 in chips) 
Seat 7: tutanpoker ($2 in chips) 
Seat 8: trinche12 ($2.01 in chips) 
Seat 9: liberator651 ($2.20 in chips) 
joaog1337: posts small blind $0.01
nagaElf: posts big blind $0.02
*** HOLE CARDS ***
Dealt to Dorex2007 [Kh 8s]
RamonPL55: folds 
polly727: folds 
tutanpoker: folds 
trinche12: folds 
liberator651: folds 
Dorex2007: folds 
Rocky4444423: calls $0.02
joaog1337: calls $0.01
nagaElf: checks 
*** FLOP *** [As Th Ks]
joaog1337: checks 
nagaElf: bets $0.04
Rocky4444423: calls $0.04
joaog1337: folds 
*** TURN *** [As Th Ks] [9s]
nagaElf: checks 
Rocky4444423: checks 
*** RIVER *** [As Th Ks 9s] [5d]
nagaElf: checks 
Rocky4444423: checks 
*** SHOW DOWN ***
nagaElf: shows [4h Ac] (a pair of Aces)
Rocky4444423: mucks hand 
nagaElf collected $0.14 from pot
*** SUMMARY ***
Total pot $0.14 | Rake $0 
Board [As Th Ks 9s 5d]
Seat 1: Dorex2007 folded before Flop (didn't bet)
Seat 2: Rocky4444423 (button) mucked [Qd 4c]
Seat 3: joaog1337 (small blind) folded on the Flop
Seat 4: nagaElf (big blind) showed [4h Ac] and won ($0.14) with a pair of Aces
Seat 5: RamonPL55 folded before Flop (didn't bet)
Seat 6: polly727 folded before Flop (didn't bet)
Seat 7: tutanpoker folded before Flop (didn't bet)
Seat 8: trinche12 folded before Flop (didn't bet)
Seat 9: liberator651 folded before Flop (didn't bet)



PokerStars Hand #224157185050:  Hold'em No Limit ($0.01/$0.02 USD) - 2021/02/23 17:48:26 PT [2021/02/23 20:48:26 ET]
Table 'Kythera IV' 9-max Seat #3 is the button
Seat 1: Dorex2007 ($3.47 in chips) 
Seat 2: Rocky4444423 ($1.98 in chips) 
Seat 3: joaog1337 ($2.46 in chips) 
Seat 4: nagaElf ($2.08 in chips) 
Seat 5: RamonPL55 ($2.40 in chips) 
Seat 6: polly727 ($1.95 in chips) 
Seat 7: tutanpoker ($2 in chips) 
Seat 8: trinche12 ($2.01 in chips) 
Seat 9: liberator651 ($2.20 in chips) 
nagaElf: posts small blind $0.01
RamonPL55: posts big blind $0.02
*** HOLE CARDS ***
Dealt to Dorex2007 [Qh 2s]
polly727: folds 
tutanpoker: raises $0.04 to $0.06
trinche12: folds 
liberator651: calls $0.06
Dorex2007: folds 
Rocky4444423: folds 
joaog1337: folds 
nagaElf: folds 
RamonPL55: calls $0.04
*** FLOP *** [9h 2d As]
RamonPL55: checks 
tutanpoker: checks 
liberator651: bets $0.06
RamonPL55: calls $0.06
tutanpoker: folds 
*** TURN *** [9h 2d As] [3c]
RamonPL55: bets $0.08
liberator651: calls $0.08
*** RIVER *** [9h 2d As 3c] [Jh]
RamonPL55: bets $0.20
liberator651: folds 
Uncalled bet ($0.20) returned to RamonPL55
RamonPL55 collected $0.45 from pot
*** SUMMARY ***
Total pot $0.47 | Rake $0.02 
Board [9h 2d As 3c Jh]
Seat 1: Dorex2007 folded before Flop (didn't bet)
Seat 2: Rocky4444423 folded before Flop (didn't bet)
Seat 3: joaog1337 (button) folded before Flop (didn't bet)
Seat 4: nagaElf (small blind) folded before Flop
Seat 5: RamonPL55 (big blind) collected ($0.45)
Seat 6: polly727 folded before Flop (didn't bet)
Seat 7: tutanpoker folded on the Flop
Seat 8: trinche12 folded before Flop (didn't bet)
Seat 9: liberator651 folded on the River



PokerStars Hand #224157221556:  Hold'em No Limit ($0.01/$0.02 USD) - 2021/02/23 17:50:24 PT [2021/02/23 20:50:24 ET]
Table 'Kythera IV' 9-max Seat #4 is the button
Seat 1: Dorex2007 ($3.47 in chips) 
Seat 2: Rocky4444423 ($1.98 in chips) 
Seat 3: joaog1337 ($2.46 in chips) 
Seat 4: nagaElf ($2.07 in chips) 
Seat 5: RamonPL55 ($2.65 in chips) 
Seat 6: polly727 ($1.95 in chips) 
Seat 7: tutanpoker ($2 in chips) 
Seat 8: trinche12 ($2.01 in chips) 
Seat 9: liberator651 ($2 in chips) 
RamonPL55: posts small blind $0.01
polly727: posts big blind $0.02
*** HOLE CARDS ***
Dealt to Dorex2007 [4d 5s]
tutanpoker: folds 
trinche12: folds 
liberator651: calls $0.02
Dorex2007: folds 
Rocky4444423: folds 
joaog1337: folds 
nagaElf: raises $0.04 to $0.06
RamonPL55: calls $0.05
polly727: calls $0.04
liberator651: calls $0.04
*** FLOP *** [Qd Th 8s]
RamonPL55: checks 
polly727: checks 
liberator651: bets $0.22
nagaElf: folds 
RamonPL55: folds 
polly727: folds 
Uncalled bet ($0.22) returned to liberator651
liberator651 collected $0.23 from pot
liberator651: doesn't show hand 
*** SUMMARY ***
Total pot $0.24 | Rake $0.01 
Board [Qd Th 8s]
Seat 1: Dorex2007 folded before Flop (didn't bet)
Seat 2: Rocky4444423 folded before Flop (didn't bet)
Seat 3: joaog1337 folded before Flop (didn't bet)
Seat 4: nagaElf (button) folded on the Flop
Seat 5: RamonPL55 (small blind) folded on the Flop
Seat 6: polly727 (big blind) folded on the Flop
Seat 7: tutanpoker folded before Flop (didn't bet)
Seat 8: trinche12 folded before Flop (didn't bet)
Seat 9: liberator651 collected ($0.23)



PokerStars Hand #224157244187:  Hold'em No Limit ($0.01/$0.02 USD) - 2021/02/23 17:51:37 PT [2021/02/23 20:51:37 ET]
Table 'Kythera IV' 9-max Seat #5 is the button
Seat 1: Dorex2007 ($3.47 in chips) 
Seat 2: Rocky4444423 ($1.98 in chips) 
Seat 3: joaog1337 ($2.46 in chips) 
Seat 4: nagaElf ($2.01 in chips) 
Seat 5: RamonPL55 ($2.59 in chips) 
Seat 6: polly727 ($1.89 in chips) 
Seat 7: tutanpoker ($2 in chips) 
Seat 8: trinche12 ($2.01 in chips) 
Seat 9: liberator651 ($2.17 in chips) 
polly727: posts small blind $0.01
tutanpoker: posts big blind $0.02
*** HOLE CARDS ***
Dealt to Dorex2007 [9s 7d]
trinche12: folds 
liberator651: calls $0.02
Dorex2007: folds 
Rocky4444423: folds 
joaog1337: folds 
nagaElf: folds 
RamonPL55: calls $0.02
polly727: folds 
tutanpoker: checks 
*** FLOP *** [7h 2s 4c]
tutanpoker: checks 
liberator651: bets $0.04
RamonPL55: folds 
tutanpoker: folds 
Uncalled bet ($0.04) returned to liberator651
liberator651 collected $0.07 from pot
liberator651: doesn't show hand 
*** SUMMARY ***
Total pot $0.07 | Rake $0 
Board [7h 2s 4c]
Seat 1: Dorex2007 folded before Flop (didn't bet)
Seat 2: Rocky4444423 folded before Flop (didn't bet)
Seat 3: joaog1337 folded before Flop (didn't bet)
Seat 4: nagaElf folded before Flop (didn't bet)
Seat 5: RamonPL55 (button) folded on the Flop
Seat 6: polly727 (small blind) folded before Flop
Seat 7: tutanpoker (big blind) folded on the Flop
Seat 8: trinche12 folded before Flop (didn't bet)
Seat 9: liberator651 collected ($0.07)



PokerStars Hand #224157256830:  Hold'em No Limit ($0.01/$0.02 USD) - 2021/02/23 17:52:19 PT [2021/02/23 20:52:19 ET]
Table 'Kythera IV' 9-max Seat #6 is the button
Seat 1: Dorex2007 ($3.47 in chips) 
Seat 2: Rocky4444423 ($1.98 in chips) 
Seat 3: joaog1337 ($2.46 in chips) 
Seat 4: nagaElf ($2.01 in chips) 
Seat 5: RamonPL55 ($2.57 in chips) 
Seat 6: polly727 ($1.88 in chips) 
Seat 7: tutanpoker ($2 in chips) 
Seat 8: trinche12 ($2.01 in chips) 
Seat 9: liberator651 ($2.22 in chips) 
tutanpoker: posts small blind $0.01
trinche12: posts big blind $0.02
*** HOLE CARDS ***
Dealt to Dorex2007 [Qc 3h]
liberator651: calls $0.02
Dorex2007: folds 
Rocky4444423: folds 
joaog1337: raises $0.10 to $0.12
nagaElf: folds 
RamonPL55 has timed out
RamonPL55: folds 
polly727: folds 
tutanpoker: folds 
trinche12: folds 
liberator651: folds 
Uncalled bet ($0.10) returned to joaog1337
joaog1337 collected $0.07 from pot
joaog1337: doesn't show hand 
*** SUMMARY ***
Total pot $0.07 | Rake $0 
Seat 1: Dorex2007 folded before Flop (didn't bet)
Seat 2: Rocky4444423 folded before Flop (didn't bet)
Seat 3: joaog1337 collected ($0.07)
Seat 4: nagaElf folded before Flop (didn't bet)
Seat 5: RamonPL55 folded before Flop (didn't bet)
Seat 6: polly727 (button) folded before Flop (didn't bet)
Seat 7: tutanpoker (small blind) folded before Flop
Seat 8: trinche12 (big blind) folded before Flop
Seat 9: liberator651 folded before Flop



PokerStars Hand #224157277212:  Hold'em No Limit ($0.01/$0.02 USD) - 2021/02/23 17:53:05 PT [2021/02/23 20:53:05 ET]
Table 'Kythera IV' 9-max Seat #7 is the button
Seat 1: Dorex2007 ($3.47 in chips) 
Seat 2: Rocky4444423 ($1.98 in chips) 
Seat 3: joaog1337 ($2.51 in chips) 
Seat 4: nagaElf ($2.01 in chips) 
Seat 5: RamonPL55 ($2.57 in chips) 
Seat 6: polly727 ($1.88 in chips) 
Seat 7: tutanpoker ($2 in chips) 
Seat 8: trinche12 ($2 in chips) 
Seat 9: liberator651 ($2.20 in chips) 
trinche12: posts small blind $0.01
liberator651: posts big blind $0.02
*** HOLE CARDS ***
Dealt to Dorex2007 [5d 6c]
Dorex2007: folds 
Rocky4444423: folds 
joaog1337: calls $0.02
nagaElf: raises $0.02 to $0.04
RamonPL55: folds 
polly727: folds 
tutanpoker: calls $0.04
trinche12: folds 
liberator651: raises $0.02 to $0.06
joaog1337: calls $0.04
nagaElf: calls $0.02
tutanpoker: calls $0.02
*** FLOP *** [4s Qh Ts]
liberator651: bets $0.14
joaog1337: calls $0.14
nagaElf: folds 
tutanpoker: calls $0.14
*** TURN *** [4s Qh Ts] [Jc]
liberator651: bets $0.14
joaog1337: raises $0.14 to $0.28
tutanpoker: calls $0.28
liberator651: calls $0.14
*** RIVER *** [4s Qh Ts Jc] [Ac]
liberator651: bets $0.16
joaog1337: calls $0.16
tutanpoker: folds 
*** SHOW DOWN ***
liberator651: shows [Js Ks] (a straight, Ten to Ace)
joaog1337: mucks hand 
liberator651 collected $1.77 from pot
*** SUMMARY ***
Total pot $1.83 | Rake $0.06 
Board [4s Qh Ts Jc Ac]
Seat 1: Dorex2007 folded before Flop (didn't bet)
Seat 2: Rocky4444423 folded before Flop (didn't bet)
Seat 3: joaog1337 mucked [As 7s]
Seat 4: nagaElf folded on the Flop
Seat 5: RamonPL55 folded before Flop (didn't bet)
Seat 6: polly727 folded before Flop (didn't bet)
Seat 7: tutanpoker (button) folded on the River
Seat 8: trinche12 (small blind) folded before Flop
Seat 9: liberator651 (big blind) showed [Js Ks] and won ($1.77) with a straight, Ten to Ace



PokerStars Hand #224157318150:  Hold'em No Limit ($0.01/$0.02 USD) - 2021/02/23 17:55:23 PT [2021/02/23 20:55:23 ET]
Table 'Kythera IV' 9-max Seat #8 is the button
Seat 1: Dorex2007 ($3.47 in chips) 
Seat 2: Rocky4444423 ($1.98 in chips) 
Seat 3: joaog1337 ($1.87 in chips) 
Seat 4: nagaElf ($1.95 in chips) 
Seat 5: RamonPL55 ($2.57 in chips) 
Seat 6: polly727 ($1.88 in chips) 
Seat 7: tutanpoker ($2 in chips) 
Seat 8: trinche12 ($2 in chips) 
Seat 9: liberator651 ($3.33 in chips) 
liberator651: posts small blind $0.01
Dorex2007: posts big blind $0.02
*** HOLE CARDS ***
Dealt to Dorex2007 [Kh 4d]
Rocky4444423 has timed out
Rocky4444423: folds 
joaog1337: folds 
nagaElf: raises $0.06 to $0.08
RamonPL55: calls $0.08
polly727: folds 
tutanpoker: calls $0.08
trinche12: folds 
liberator651: folds 
Dorex2007: folds 
*** FLOP *** [4c Ad 7s]
nagaElf: checks 
RamonPL55: checks 
tutanpoker: checks 
*** TURN *** [4c Ad 7s] [Qd]
nagaElf: bets $0.08
RamonPL55: calls $0.08
tutanpoker: calls $0.08
*** RIVER *** [4c Ad 7s Qd] [5c]
nagaElf: checks 
RamonPL55: bets $0.24
tutanpoker: folds 
nagaElf: folds 
Uncalled bet ($0.24) returned to RamonPL55
RamonPL55 collected $0.49 from pot
*** SUMMARY ***
Total pot $0.51 | Rake $0.02 
Board [4c Ad 7s Qd 5c]
Seat 1: Dorex2007 (big blind) folded before Flop
Seat 2: Rocky4444423 folded before Flop (didn't bet)
Seat 3: joaog1337 folded before Flop (didn't bet)
Seat 4: nagaElf folded on the River
Seat 5: RamonPL55 collected ($0.49)
Seat 6: polly727 folded before Flop (didn't bet)
Seat 7: tutanpoker folded on the River
Seat 8: trinche12 (button) folded before Flop (didn't bet)
Seat 9: liberator651 (small blind) folded before Flop



PokerStars Hand #224157340934:  Hold'em No Limit ($0.01/$0.02 USD) - 2021/02/23 17:56:56 PT [2021/02/23 20:56:56 ET]
Table 'Kythera IV' 9-max Seat #9 is the button
Seat 1: Dorex2007 ($3.45 in chips) 
Seat 2: Rocky4444423 ($1.98 in chips) 
Seat 3: joaog1337 ($1.87 in chips) 
Seat 4: nagaElf ($1.79 in chips) 
Seat 5: RamonPL55 ($2.90 in chips) 
Seat 6: polly727 ($1.88 in chips) 
Seat 7: tutanpoker ($2 in chips) 
Seat 8: trinche12 ($2 in chips) 
Seat 9: liberator651 ($3.32 in chips) 
Dorex2007: posts small blind $0.01
Rocky4444423: posts big blind $0.02
*** HOLE CARDS ***
Dealt to Dorex2007 [2h 6d]
joaog1337: folds 
nagaElf: raises $0.06 to $0.08
RamonPL55: folds 
polly727: folds 
tutanpoker: folds 
trinche12: folds 
liberator651: folds 
Dorex2007: folds 
Rocky4444423: folds 
Uncalled bet ($0.06) returned to nagaElf
nagaElf collected $0.05 from pot
nagaElf: doesn't show hand 
*** SUMMARY ***
Total pot $0.05 | Rake $0 
Seat 1: Dorex2007 (small blind) folded before Flop
Seat 2: Rocky4444423 (big blind) folded before Flop
Seat 3: joaog1337 folded before Flop (didn't bet)
Seat 4: nagaElf collected ($0.05)
Seat 5: RamonPL55 folded before Flop (didn't bet)
Seat 6: polly727 folded before Flop (didn't bet)
Seat 7: tutanpoker folded before Flop (didn't bet)
Seat 8: trinche12 folded before Flop (didn't bet)
Seat 9: liberator651 (button) folded before Flop (didn't bet)



PokerStars Hand #224157348531:  Hold'em No Limit ($0.01/$0.02 USD) - 2021/02/23 17:57:27 PT [2021/02/23 20:57:27 ET]
Table 'Kythera IV' 9-max Seat #1 is the button
Seat 1: Dorex2007 ($3.44 in chips) 
Seat 2: Rocky4444423 ($1.96 in chips) 
Seat 3: joaog1337 ($1.87 in chips) 
Seat 4: nagaElf ($1.82 in chips) 
Seat 5: RamonPL55 ($2.90 in chips) 
Seat 6: polly727 ($1.88 in chips) 
Seat 7: tutanpoker ($2 in chips) 
Seat 8: trinche12 ($2 in chips) 
Seat 9: liberator651 ($3.32 in chips) 
Rocky4444423: posts small blind $0.01
joaog1337: posts big blind $0.02
*** HOLE CARDS ***
Dealt to Dorex2007 [2c Qc]
nagaElf: folds 
RamonPL55: raises $0.02 to $0.04
polly727: folds 
tutanpoker: calls $0.04
trinche12: folds 
liberator651: folds 
Dorex2007: folds 
Rocky4444423: calls $0.03
joaog1337: calls $0.02
*** FLOP *** [4d 5s Ks]
Rocky4444423: checks 
joaog1337: checks 
RamonPL55: checks 
tutanpoker: bets $0.10
Rocky4444423: folds 
joaog1337: folds 
RamonPL55: folds 
Uncalled bet ($0.10) returned to tutanpoker
tutanpoker collected $0.15 from pot
tutanpoker: doesn't show hand 
*** SUMMARY ***
Total pot $0.16 | Rake $0.01 
Board [4d 5s Ks]
Seat 1: Dorex2007 (button) folded before Flop (didn't bet)
Seat 2: Rocky4444423 (small blind) folded on the Flop
Seat 3: joaog1337 (big blind) folded on the Flop
Seat 4: nagaElf folded before Flop (didn't bet)
Seat 5: RamonPL55 folded on the Flop
Seat 6: polly727 folded before Flop (didn't bet)
Seat 7: tutanpoker collected ($0.15)
Seat 8: trinche12 folded before Flop (didn't bet)
Seat 9: liberator651 folded before Flop (didn't bet)



PokerStars Hand #224157367890:  Hold'em No Limit ($0.01/$0.02 USD) - 2021/02/23 17:58:35 PT [2021/02/23 20:58:35 ET]
Table 'Kythera IV' 9-max Seat #2 is the button
Seat 1: Dorex2007 ($3.44 in chips) 
Seat 2: Rocky4444423 ($1.92 in chips) 
Seat 3: joaog1337 ($1.83 in chips) 
Seat 4: nagaElf ($1.82 in chips) 
Seat 5: RamonPL55 ($2.86 in chips) 
Seat 6: polly727 ($1.88 in chips) 
Seat 7: tutanpoker ($2.11 in chips) 
Seat 8: trinche12 ($2 in chips) 
Seat 9: liberator651 ($3.32 in chips) 
joaog1337: posts small blind $0.01
nagaElf: posts big blind $0.02
*** HOLE CARDS ***
Dealt to Dorex2007 [3s 2c]
RamonPL55: calls $0.02
polly727: raises $0.06 to $0.08
tutanpoker: folds 
trinche12: folds 
liberator651: calls $0.08
Dorex2007: folds 
Rocky4444423: calls $0.08
joaog1337: calls $0.07
nagaElf: folds 
RamonPL55: calls $0.06
*** FLOP *** [Jh Ah Jd]
joaog1337: checks 
RamonPL55: checks 
polly727: bets $0.21
liberator651: calls $0.21
Rocky4444423: calls $0.21
joaog1337: folds 
RamonPL55: folds 
*** TURN *** [Jh Ah Jd] [3d]
polly727: checks 
liberator651: checks 
Rocky4444423: checks 
*** RIVER *** [Jh Ah Jd 3d] [8h]
polly727: checks 
liberator651: checks 
Rocky4444423: checks 
*** SHOW DOWN ***
polly727: shows [Ad Ks] (two pair, Aces and Jacks)
liberator651: mucks hand 
Rocky4444423: mucks hand 
polly727 collected $1.01 from pot
*** SUMMARY ***
Total pot $1.05 | Rake $0.04 
Board [Jh Ah Jd 3d 8h]
Seat 1: Dorex2007 folded before Flop (didn't bet)
Seat 2: Rocky4444423 (button) mucked [As Tc]
Seat 3: joaog1337 (small blind) folded on the Flop
Seat 4: nagaElf (big blind) folded before Flop
Seat 5: RamonPL55 folded on the Flop
Seat 6: polly727 showed [Ad Ks] and won ($1.01) with two pair, Aces and Jacks
Seat 7: tutanpoker folded before Flop (didn't bet)
Seat 8: trinche12 folded before Flop (didn't bet)
Seat 9: liberator651 mucked [6s Ac]



PokerStars Hand #224157398244:  Hold'em No Limit ($0.01/$0.02 USD) - 2021/02/23 18:00:36 PT [2021/02/23 21:00:36 ET]
Table 'Kythera IV' 9-max Seat #3 is the button
Seat 1: Dorex2007 ($3.44 in chips) 
Seat 2: Rocky4444423 ($1.63 in chips) 
Seat 3: joaog1337 ($1.75 in chips) 
Seat 4: nagaElf ($1.80 in chips) 
Seat 5: RamonPL55 ($2.78 in chips) 
Seat 6: polly727 ($2.60 in chips) 
Seat 7: tutanpoker ($2.11 in chips) 
Seat 8: trinche12 ($2 in chips) 
Seat 9: liberator651 ($3.03 in chips) 
nagaElf: posts small blind $0.01
RamonPL55: posts big blind $0.02
*** HOLE CARDS ***
Dealt to Dorex2007 [5d 7c]
polly727: raises $0.04 to $0.06
tutanpoker: folds 
trinche12: folds 
liberator651: folds 
Dorex2007: folds 
liberator651 leaves the table
Rocky4444423: folds 
joaog1337: folds 
nagaElf: folds 
RamonPL55: calls $0.04
*** FLOP *** [Jd Ac Ah]
RamonPL55: checks 
polly727: bets $0.07
RamonPL55: folds 
Uncalled bet ($0.07) returned to polly727
polly727 collected $0.13 from pot
polly727: doesn't show hand 
*** SUMMARY ***
Total pot $0.13 | Rake $0 
Board [Jd Ac Ah]
Seat 1: Dorex2007 folded before Flop (didn't bet)
Seat 2: Rocky4444423 folded before Flop (didn't bet)
Seat 3: joaog1337 (button) folded before Flop (didn't bet)
Seat 4: nagaElf (small blind) folded before Flop
Seat 5: RamonPL55 (big blind) folded on the Flop
Seat 6: polly727 collected ($0.13)
Seat 7: tutanpoker folded before Flop (didn't bet)
Seat 8: trinche12 folded before Flop (didn't bet)
Seat 9: liberator651 folded before Flop (didn't bet)



PokerStars Hand #224157411811:  Hold'em No Limit ($0.01/$0.02 USD) - 2021/02/23 18:01:23 PT [2021/02/23 21:01:23 ET]
Table 'Kythera IV' 9-max Seat #4 is the button
Seat 1: Dorex2007 ($3.44 in chips) 
Seat 2: Rocky4444423 ($1.63 in chips) 
Seat 3: joaog1337 ($1.75 in chips) 
Seat 4: nagaElf ($1.79 in chips) 
Seat 5: RamonPL55 ($2.72 in chips) 
Seat 6: polly727 ($2.67 in chips) 
Seat 7: tutanpoker ($2.11 in chips) 
Seat 8: trinche12 ($2 in chips) 
RamonPL55: posts small blind $0.01
polly727: posts big blind $0.02
*** HOLE CARDS ***
Dealt to Dorex2007 [Ad 6s]
tutanpoker: raises $0.06 to $0.08
trinche12: folds 
Dorex2007: folds 
Rocky4444423: calls $0.08
joaog1337: folds 
nagaElf: folds 
RamonPL55: calls $0.07
polly727: folds 
*** FLOP *** [4c 8d 3c]
RamonPL55: checks 
tutanpoker: bets $0.18
Rocky4444423: calls $0.18
RamonPL55: folds 
*** TURN *** [4c 8d 3c] [Td]
tutanpoker: bets $0.32
Rocky4444423: calls $0.32
*** RIVER *** [4c 8d 3c Td] [Kh]
tutanpoker: checks 
Rocky4444423: bets $0.10
tutanpoker: calls $0.10
*** SHOW DOWN ***
Rocky4444423: shows [As Ah] (a pair of Aces)
tutanpoker: mucks hand 
Rocky4444423 collected $1.41 from pot
*** SUMMARY ***
Total pot $1.46 | Rake $0.05 
Board [4c 8d 3c Td Kh]
Seat 1: Dorex2007 folded before Flop (didn't bet)
Seat 2: Rocky4444423 showed [As Ah] and won ($1.41) with a pair of Aces
Seat 3: joaog1337 folded before Flop (didn't bet)
Seat 4: nagaElf (button) folded before Flop (didn't bet)
Seat 5: RamonPL55 (small blind) folded on the Flop
Seat 6: polly727 (big blind) folded before Flop
Seat 7: tutanpoker mucked [Ac Kc]
Seat 8: trinche12 folded before Flop (didn't bet)



PokerStars Hand #224157432633:  Hold'em No Limit ($0.01/$0.02 USD) - 2021/02/23 18:02:33 PT [2021/02/23 21:02:33 ET]
Table 'Kythera IV' 9-max Seat #5 is the button
Seat 1: Dorex2007 ($3.44 in chips) 
Seat 2: Rocky4444423 ($2.36 in chips) 
Seat 3: joaog1337 ($1.75 in chips) 
Seat 4: nagaElf ($1.79 in chips) 
Seat 5: RamonPL55 ($2.64 in chips) 
Seat 6: polly727 ($2.65 in chips) 
Seat 7: tutanpoker ($2 in chips) 
Seat 8: trinche12 ($2 in chips) 
polly727: posts small blind $0.01
tutanpoker: posts big blind $0.02
*** HOLE CARDS ***
Dealt to Dorex2007 [4s 6s]
trinche12: folds 
Dorex2007: folds 
Rocky4444423: calls $0.02
joaog1337: folds 
nagaElf: folds 
RamonPL55: folds 
RamonPL55 leaves the table
polly727: calls $0.01
tutanpoker: checks 
*** FLOP *** [8s Th 6h]
polly727: checks 
tutanpoker: checks 
Rocky4444423: checks 
*** TURN *** [8s Th 6h] [As]
polly727: checks 
tutanpoker: checks 
Rocky4444423: checks 
*** RIVER *** [8s Th 6h As] [8c]
polly727: bets $0.06
tutanpoker: folds 
Rocky4444423: folds 
Uncalled bet ($0.06) returned to polly727
polly727 collected $0.06 from pot
polly727: doesn't show hand 
*** SUMMARY ***
Total pot $0.06 | Rake $0 
Board [8s Th 6h As 8c]
Seat 1: Dorex2007 folded before Flop (didn't bet)
Seat 2: Rocky4444423 folded on the River
Seat 3: joaog1337 folded before Flop (didn't bet)
Seat 4: nagaElf folded before Flop (didn't bet)
Seat 5: RamonPL55 (button) folded before Flop (didn't bet)
Seat 6: polly727 (small blind) collected ($0.06)
Seat 7: tutanpoker (big blind) folded on the River
Seat 8: trinche12 folded before Flop (didn't bet)



PokerStars Hand #224157473189:  Hold'em No Limit ($0.01/$0.02 USD) - 2021/02/23 18:04:14 PT [2021/02/23 21:04:14 ET]
Table 'Kythera IV' 9-max Seat #6 is the button
Seat 1: Dorex2007 ($3.44 in chips) 
Seat 2: Rocky4444423 ($2.34 in chips) 
Seat 3: joaog1337 ($1.75 in chips) 
Seat 4: nagaElf ($1.79 in chips) 
Seat 6: polly727 ($2.69 in chips) 
Seat 7: tutanpoker ($2 in chips) 
Seat 8: trinche12 ($2 in chips) 
tutanpoker: posts small blind $0.01
trinche12: posts big blind $0.02
*** HOLE CARDS ***
Dealt to Dorex2007 [Kc 9h]
Dorex2007: folds 
Rocky4444423: folds 
joaog1337: folds 
nagaElf has timed out
nagaElf: folds 
polly727: raises $0.04 to $0.06
tutanpoker: calls $0.05
trinche12: folds 
*** FLOP *** [7d 9d 3s]
tutanpoker: checks 
polly727: bets $0.07
tutanpoker: calls $0.07
*** TURN *** [7d 9d 3s] [4c]
tutanpoker: bets $0.14
polly727: folds 
Uncalled bet ($0.14) returned to tutanpoker
tutanpoker collected $0.27 from pot
tutanpoker: doesn't show hand 
*** SUMMARY ***
Total pot $0.28 | Rake $0.01 
Board [7d 9d 3s 4c]
Seat 1: Dorex2007 folded before Flop (didn't bet)
Seat 2: Rocky4444423 folded before Flop (didn't bet)
Seat 3: joaog1337 folded before Flop (didn't bet)
Seat 4: nagaElf folded before Flop (didn't bet)
Seat 6: polly727 (button) folded on the Turn
Seat 7: tutanpoker (small blind) collected ($0.27)
Seat 8: trinche12 (big blind) folded before Flop



PokerStars Hand #224157497538:  Hold'em No Limit ($0.01/$0.02 USD) - 2021/02/23 18:05:34 PT [2021/02/23 21:05:34 ET]
Table 'Kythera IV' 9-max Seat #7 is the button
Seat 1: Dorex2007 ($3.44 in chips) 
Seat 2: Rocky4444423 ($2.34 in chips) 
Seat 3: joaog1337 ($1.75 in chips) 
Seat 4: nagaElf ($2 in chips) 
Seat 6: polly727 ($2.56 in chips) 
Seat 7: tutanpoker ($2.14 in chips) 
Seat 8: trinche12 ($2 in chips) 
trinche12: posts small blind $0.01
Dorex2007: posts big blind $0.02
*** HOLE CARDS ***
Dealt to Dorex2007 [5d Ad]
Rocky4444423 has timed out
Rocky4444423: folds 
joaog1337: raises $0.04 to $0.06
nagaElf: folds 
polly727: folds 
tutanpoker: folds 
trinche12: folds 
Dorex2007: calls $0.04
*** FLOP *** [4d 3c Kc]
Dorex2007: checks 
joaog1337: bets $0.13
Dorex2007: folds 
Uncalled bet ($0.13) returned to joaog1337
joaog1337 collected $0.13 from pot
joaog1337: doesn't show hand 
*** SUMMARY ***
Total pot $0.13 | Rake $0 
Board [4d 3c Kc]
Seat 1: Dorex2007 (big blind) folded on the Flop
Seat 2: Rocky4444423 folded before Flop (didn't bet)
Seat 3: joaog1337 collected ($0.13)
Seat 4: nagaElf folded before Flop (didn't bet)
Seat 6: polly727 folded before Flop (didn't bet)
Seat 7: tutanpoker (button) folded before Flop (didn't bet)
Seat 8: trinche12 (small blind) folded before Flop



PokerStars Hand #224157509767:  Hold'em No Limit ($0.01/$0.02 USD) - 2021/02/23 18:06:14 PT [2021/02/23 21:06:14 ET]
Table 'Kythera IV' 9-max Seat #8 is the button
Seat 1: Dorex2007 ($3.38 in chips) 
Seat 3: joaog1337 ($1.82 in chips) 
Seat 4: nagaElf ($2 in chips) 
Seat 6: polly727 ($2.56 in chips) 
Seat 7: tutanpoker ($2.14 in chips) 
Seat 8: trinche12 ($2 in chips) 
dusttaker joins the table at seat #5 
Dorex2007: posts small blind $0.01
joaog1337: posts big blind $0.02
*** HOLE CARDS ***
Dealt to Dorex2007 [Ks Kc]
nagaElf: raises $0.02 to $0.04
polly727: folds 
tutanpoker: folds 
trinche12: folds 
Dorex2007: calls $0.03
joaog1337: calls $0.02
*** FLOP *** [Td Qs 8s]
Dorex2007: bets $0.06
joaog1337: folds 
nagaElf: folds 
Uncalled bet ($0.06) returned to Dorex2007
Dorex2007 collected $0.12 from pot
Dorex2007: doesn't show hand 
*** SUMMARY ***
Total pot $0.12 | Rake $0 
Board [Td Qs 8s]
Seat 1: Dorex2007 (small blind) collected ($0.12)
Seat 3: joaog1337 (big blind) folded on the Flop
Seat 4: nagaElf folded on the Flop
Seat 6: polly727 folded before Flop (didn't bet)
Seat 7: tutanpoker folded before Flop (didn't bet)
Seat 8: trinche12 (button) folded before Flop (didn't bet)



PokerStars Hand #224157519499:  Hold'em No Limit ($0.01/$0.02 USD) - 2021/02/23 18:06:46 PT [2021/02/23 21:06:46 ET]
Table 'Kythera IV' 9-max Seat #1 is the button
Seat 1: Dorex2007 ($3.46 in chips) 
Seat 3: joaog1337 ($1.78 in chips) 
Seat 4: nagaElf ($1.96 in chips) 
Seat 6: polly727 ($2.56 in chips) 
Seat 7: tutanpoker ($2.14 in chips) 
Seat 8: trinche12 ($2 in chips) 
joaog1337: posts small blind $0.01
nagaElf: posts big blind $0.02
dusttaker: sits out 
*** HOLE CARDS ***
Dealt to Dorex2007 [Th 9c]
polly727: folds 
tutanpoker has timed out
tutanpoker: folds 
trinche12: folds 
Dorex2007: folds 
joaog1337: folds 
Uncalled bet ($0.01) returned to nagaElf
nagaElf collected $0.02 from pot
nagaElf: doesn't show hand 
*** SUMMARY ***
Total pot $0.02 | Rake $0 
Seat 1: Dorex2007 (button) folded before Flop (didn't bet)
Seat 3: joaog1337 (small blind) folded before Flop
Seat 4: nagaElf (big blind) collected ($0.02)
Seat 6: polly727 folded before Flop (didn't bet)
Seat 7: tutanpoker folded before Flop (didn't bet)
Seat 8: trinche12 folded before Flop (didn't bet)



PokerStars Hand #224157526640:  Hold'em No Limit ($0.01/$0.02 USD) - 2021/02/23 18:07:10 PT [2021/02/23 21:07:10 ET]
Table 'Kythera IV' 9-max Seat #3 is the button
Seat 1: Dorex2007 ($3.46 in chips) 
Seat 2: Rocky4444423 ($2.34 in chips) 
Seat 3: joaog1337 ($1.77 in chips) 
Seat 4: nagaElf ($1.97 in chips) 
Seat 5: dusttaker ($2 in chips) 
Seat 6: polly727 ($2.56 in chips) 
Seat 7: tutanpoker ($2.14 in chips) 
Seat 8: trinche12 ($2 in chips) 
nagaElf: posts small blind $0.01
dusttaker: posts big blind $0.02
Rocky4444423: posts small & big blinds $0.03
*** HOLE CARDS ***
Dealt to Dorex2007 [7c 8h]
polly727: folds 
tutanpoker: folds 
trinche12: folds 
Dorex2007: folds 
Rocky4444423: checks 
joaog1337: folds 
nagaElf: calls $0.01
dusttaker: checks 
*** FLOP *** [7h 2c 3s]
nagaElf: checks 
dusttaker: checks 
Rocky4444423: checks 
*** TURN *** [7h 2c 3s] [Qd]
nagaElf: bets $0.06
dusttaker: folds 
Rocky4444423: folds 
Uncalled bet ($0.06) returned to nagaElf
nagaElf collected $0.07 from pot
nagaElf: doesn't show hand 
*** SUMMARY ***
Total pot $0.07 | Rake $0 
Board [7h 2c 3s Qd]
Seat 1: Dorex2007 folded before Flop (didn't bet)
Seat 2: Rocky4444423 folded on the Turn (didn't bet)
Seat 3: joaog1337 (button) folded before Flop (didn't bet)
Seat 4: nagaElf (small blind) collected ($0.07)
Seat 5: dusttaker (big blind) folded on the Turn
Seat 6: polly727 folded before Flop (didn't bet)
Seat 7: tutanpoker folded before Flop (didn't bet)
Seat 8: trinche12 folded before Flop (didn't bet)



PokerStars Hand #224157555072:  Hold'em No Limit ($0.01/$0.02 USD) - 2021/02/23 18:08:18 PT [2021/02/23 21:08:18 ET]
Table 'Kythera IV' 9-max Seat #4 is the button
Seat 1: Dorex2007 ($3.46 in chips) 
Seat 2: Rocky4444423 ($2.31 in chips) 
Seat 3: joaog1337 ($1.77 in chips) 
Seat 4: nagaElf ($2.02 in chips) 
Seat 5: dusttaker ($1.98 in chips) 
Seat 6: polly727 ($2.56 in chips) 
Seat 7: tutanpoker ($2.14 in chips) 
Seat 8: trinche12 ($2 in chips) 
dusttaker: posts small blind $0.01
polly727: posts big blind $0.02
*** HOLE CARDS ***
Dealt to Dorex2007 [Qd 7h]
tutanpoker: folds 
trinche12: raises $0.06 to $0.08
Dorex2007: folds 
Rocky4444423: folds 
joaog1337: folds 
nagaElf: folds 
dusttaker: raises $1.90 to $1.98 and is all-in
polly727: folds 
trinche12: folds 
Uncalled bet ($1.90) returned to dusttaker
dusttaker collected $0.18 from pot
dusttaker: doesn't show hand 
*** SUMMARY ***
Total pot $0.18 | Rake $0 
Seat 1: Dorex2007 folded before Flop (didn't bet)
Seat 2: Rocky4444423 folded before Flop (didn't bet)
Seat 3: joaog1337 folded before Flop (didn't bet)
Seat 4: nagaElf (button) folded before Flop (didn't bet)
Seat 5: dusttaker (small blind) collected ($0.18)
Seat 6: polly727 (big blind) folded before Flop
Seat 7: tutanpoker folded before Flop (didn't bet)
Seat 8: trinche12 folded before Flop



PokerStars Hand #224157566531:  Hold'em No Limit ($0.01/$0.02 USD) - 2021/02/23 18:08:56 PT [2021/02/23 21:08:56 ET]
Table 'Kythera IV' 9-max Seat #5 is the button
Seat 1: Dorex2007 ($3.46 in chips) 
Seat 2: Rocky4444423 ($2.31 in chips) 
Seat 3: joaog1337 ($1.77 in chips) 
Seat 4: nagaElf ($2.02 in chips) 
Seat 5: dusttaker ($2.08 in chips) 
Seat 6: polly727 ($2.54 in chips) 
Seat 7: tutanpoker ($2.14 in chips) 
Seat 8: trinche12 ($2 in chips) 
polly727: posts small blind $0.01
tutanpoker: posts big blind $0.02
*** HOLE CARDS ***
Dealt to Dorex2007 [Kh Qc]
trinche12: folds 
Dorex2007: raises $0.04 to $0.06
Rocky4444423 has timed out
Rocky4444423: folds 
joaog1337: folds 
nagaElf: folds 
dusttaker: folds 
polly727: folds 
tutanpoker: folds 
Uncalled bet ($0.04) returned to Dorex2007
Dorex2007 collected $0.05 from pot
Dorex2007: doesn't show hand 
*** SUMMARY ***
Total pot $0.05 | Rake $0 
Seat 1: Dorex2007 collected ($0.05)
Seat 2: Rocky4444423 folded before Flop (didn't bet)
Seat 3: joaog1337 folded before Flop (didn't bet)
Seat 4: nagaElf folded before Flop (didn't bet)
Seat 5: dusttaker (button) folded before Flop (didn't bet)
Seat 6: polly727 (small blind) folded before Flop
Seat 7: tutanpoker (big blind) folded before Flop
Seat 8: trinche12 folded before Flop (didn't bet)



PokerStars Hand #224157577706:  Hold'em No Limit ($0.01/$0.02 USD) - 2021/02/23 18:09:33 PT [2021/02/23 21:09:33 ET]
Table 'Kythera IV' 9-max Seat #6 is the button
Seat 1: Dorex2007 ($3.49 in chips) 
Seat 2: Rocky4444423 ($2.31 in chips) 
Seat 3: joaog1337 ($1.77 in chips) 
Seat 4: nagaElf ($2.02 in chips) 
Seat 5: dusttaker ($2.08 in chips) 
Seat 6: polly727 ($2.53 in chips) 
Seat 7: tutanpoker ($2.12 in chips) 
Seat 8: trinche12 ($2 in chips) 
tutanpoker: posts small blind $0.01
trinche12: posts big blind $0.02
*** HOLE CARDS ***
Dealt to Dorex2007 [Qh 5s]
Dorex2007: folds 
Rocky4444423: calls $0.02
joaog1337: calls $0.02
nagaElf: folds 
dusttaker: folds 
polly727: folds 
tutanpoker: calls $0.01
trinche12: raises $0.16 to $0.18
Rocky4444423: folds 
joaog1337: calls $0.16
tutanpoker: folds 
*** FLOP *** [3c Kd 5h]
trinche12: checks 
pisike649 joins the table at seat #9 
joaog1337: bets $0.39
trinche12: raises $1.43 to $1.82 and is all-in
joaog1337: calls $1.20 and is all-in
Uncalled bet ($0.23) returned to trinche12
*** TURN *** [3c Kd 5h] [3d]
*** RIVER *** [3c Kd 5h 3d] [4s]
*** SHOW DOWN ***
trinche12: shows [Ah As] (two pair, Aces and Threes)
joaog1337: shows [Tc Kh] (two pair, Kings and Threes)
trinche12 collected $3.45 from pot
*** SUMMARY ***
Total pot $3.58 | Rake $0.13 
Board [3c Kd 5h 3d 4s]
Seat 1: Dorex2007 folded before Flop (didn't bet)
Seat 2: Rocky4444423 folded before Flop
Seat 3: joaog1337 showed [Tc Kh] and lost with two pair, Kings and Threes
Seat 4: nagaElf folded before Flop (didn't bet)
Seat 5: dusttaker folded before Flop (didn't bet)
Seat 6: polly727 (button) folded before Flop (didn't bet)
Seat 7: tutanpoker (small blind) folded before Flop
Seat 8: trinche12 (big blind) showed [Ah As] and won ($3.45) with two pair, Aces and Threes



PokerStars Hand #224157604703:  Hold'em No Limit ($0.01/$0.02 USD) - 2021/02/23 18:11:01 PT [2021/02/23 21:11:01 ET]
Table 'Kythera IV' 9-max Seat #7 is the button
Seat 1: Dorex2007 ($3.49 in chips) 
Seat 2: Rocky4444423 ($2.29 in chips) 
Seat 4: nagaElf ($2.02 in chips) 
Seat 5: dusttaker ($2.08 in chips) 
Seat 6: polly727 ($2.53 in chips) 
Seat 7: tutanpoker ($2.10 in chips) 
Seat 8: trinche12 ($3.68 in chips) 
Seat 9: pisike649 ($2 in chips) 
trinche12: posts small blind $0.01
pisike649: posts big blind $0.02
*** HOLE CARDS ***
Dealt to Dorex2007 [Kh Qs]
Dorex2007: raises $0.04 to $0.06
joaog1337 leaves the table
Rocky4444423: folds 
nagaElf: folds 
dusttaker: raises $0.15 to $0.21
polly727: folds 
tutanpoker: folds 
trinche12: folds 
pisike649: folds 
Dorex2007: folds 
Uncalled bet ($0.15) returned to dusttaker
dusttaker collected $0.15 from pot
dusttaker: doesn't show hand 
*** SUMMARY ***
Total pot $0.15 | Rake $0 
Seat 1: Dorex2007 folded before Flop
Seat 2: Rocky4444423 folded before Flop (didn't bet)
Seat 4: nagaElf folded before Flop (didn't bet)
Seat 5: dusttaker collected ($0.15)
Seat 6: polly727 folded before Flop (didn't bet)
Seat 7: tutanpoker (button) folded before Flop (didn't bet)
Seat 8: trinche12 (small blind) folded before Flop
Seat 9: pisike649 (big blind) folded before Flop



PokerStars Hand #224157615592:  Hold'em No Limit ($0.01/$0.02 USD) - 2021/02/23 18:11:37 PT [2021/02/23 21:11:37 ET]
Table 'Kythera IV' 9-max Seat #8 is the button
Seat 1: Dorex2007 ($3.43 in chips) 
Seat 2: Rocky4444423 ($2.29 in chips) 
Seat 4: nagaElf ($2.02 in chips) 
Seat 5: dusttaker ($2.17 in chips) 
Seat 6: polly727 ($2.53 in chips) 
Seat 7: tutanpoker ($2.10 in chips) 
Seat 8: trinche12 ($3.67 in chips) 
Seat 9: pisike649 ($1.98 in chips) 
pisike649: posts small blind $0.01
Dorex2007: posts big blind $0.02
*** HOLE CARDS ***
Dealt to Dorex2007 [3c 7d]
Rocky4444423: folds 
nagaElf: folds 
dusttaker: folds 
polly727: raises $0.06 to $0.08
tutanpoker: calls $0.08
trinche12: folds 
pisike649: raises $0.20 to $0.28
Dorex2007: folds 
polly727: calls $0.20
tutanpoker: folds 
*** FLOP *** [5h Qs 9c]
pisike649: checks 
MarBal08 joins the table at seat #3 
polly727: checks 
*** TURN *** [5h Qs 9c] [5c]
pisike649: bets $0.25
polly727: folds 
Uncalled bet ($0.25) returned to pisike649
pisike649 collected $0.64 from pot
pisike649: doesn't show hand 
*** SUMMARY ***
Total pot $0.66 | Rake $0.02 
Board [5h Qs 9c 5c]
Seat 1: Dorex2007 (big blind) folded before Flop
Seat 2: Rocky4444423 folded before Flop (didn't bet)
Seat 4: nagaElf folded before Flop (didn't bet)
Seat 5: dusttaker folded before Flop (didn't bet)
Seat 6: polly727 folded on the Turn
Seat 7: tutanpoker folded before Flop
Seat 8: trinche12 (button) folded before Flop (didn't bet)
Seat 9: pisike649 (small blind) collected ($0.64)



PokerStars Hand #224157638387:  Hold'em No Limit ($0.01/$0.02 USD) - 2021/02/23 18:12:52 PT [2021/02/23 21:12:52 ET]
Table 'Kythera IV' 9-max Seat #9 is the button
Seat 1: Dorex2007 ($3.41 in chips) 
Seat 2: Rocky4444423 ($2.29 in chips) 
Seat 4: nagaElf ($2.02 in chips) 
Seat 5: dusttaker ($2.17 in chips) 
Seat 6: polly727 ($2.25 in chips) 
Seat 7: tutanpoker ($2.02 in chips) 
Seat 8: trinche12 ($3.67 in chips) 
Seat 9: pisike649 ($2.34 in chips) 
Dorex2007: posts small blind $0.01
Rocky4444423: posts big blind $0.02
MarBal08: sits out 
*** HOLE CARDS ***
Dealt to Dorex2007 [9c Qd]
nagaElf: folds 
dusttaker: folds 
polly727: folds 
tutanpoker: folds 
trinche12: raises $0.04 to $0.06
pisike649: folds 
Dorex2007: folds 
Rocky4444423: calls $0.04
*** FLOP *** [6h Ts As]
Rocky4444423: checks 
trinche12: checks 
*** TURN *** [6h Ts As] [5s]
Rocky4444423: checks 
trinche12: checks 
*** RIVER *** [6h Ts As 5s] [2d]
Rocky4444423: checks 
trinche12: checks 
*** SHOW DOWN ***
Rocky4444423: shows [Jd Qh] (high card Ace)
trinche12: shows [4d 4c] (a pair of Fours)
trinche12 collected $0.13 from pot
*** SUMMARY ***
Total pot $0.13 | Rake $0 
Board [6h Ts As 5s 2d]
Seat 1: Dorex2007 (small blind) folded before Flop
Seat 2: Rocky4444423 (big blind) showed [Jd Qh] and lost with high card Ace
Seat 4: nagaElf folded before Flop (didn't bet)
Seat 5: dusttaker folded before Flop (didn't bet)
Seat 6: polly727 folded before Flop (didn't bet)
Seat 7: tutanpoker folded before Flop (didn't bet)
Seat 8: trinche12 showed [4d 4c] and won ($0.13) with a pair of Fours
Seat 9: pisike649 (button) folded before Flop (didn't bet)



PokerStars Hand #224157654458:  Hold'em No Limit ($0.01/$0.02 USD) - 2021/02/23 18:13:46 PT [2021/02/23 21:13:46 ET]
Table 'Kythera IV' 9-max Seat #1 is the button
Seat 1: Dorex2007 ($3.40 in chips) 
Seat 2: Rocky4444423 ($2.23 in chips) 
Seat 3: MarBal08 ($0.80 in chips) 
Seat 4: nagaElf ($2.02 in chips) 
Seat 5: dusttaker ($2.17 in chips) 
Seat 6: polly727 ($2.25 in chips) 
Seat 7: tutanpoker ($2.02 in chips) 
Seat 8: trinche12 ($3.74 in chips) 
Seat 9: pisike649 ($2.34 in chips) 
Rocky4444423: posts small blind $0.01
MarBal08: posts big blind $0.02
*** HOLE CARDS ***
Dealt to Dorex2007 [8s 7h]
nagaElf: folds 
dusttaker: folds 
polly727: folds 
tutanpoker: folds 
trinche12: folds 
pisike649: raises $0.02 to $0.04
Dorex2007: folds 
Rocky4444423: calls $0.03
MarBal08: folds 
*** FLOP *** [Ad Tc Ah]
Rocky4444423: checks 
pisike649: checks 
*** TURN *** [Ad Tc Ah] [3s]
Rocky4444423: bets $0.02
pisike649: calls $0.02
*** RIVER *** [Ad Tc Ah 3s] [7d]
Rocky4444423: bets $0.06
pisike649: folds 
Uncalled bet ($0.06) returned to Rocky4444423
Rocky4444423 collected $0.14 from pot
*** SUMMARY ***
Total pot $0.14 | Rake $0 
Board [Ad Tc Ah 3s 7d]
Seat 1: Dorex2007 (button) folded before Flop (didn't bet)
Seat 2: Rocky4444423 (small blind) collected ($0.14)
Seat 3: MarBal08 (big blind) folded before Flop
Seat 4: nagaElf folded before Flop (didn't bet)
Seat 5: dusttaker folded before Flop (didn't bet)
Seat 6: polly727 folded before Flop (didn't bet)
Seat 7: tutanpoker folded before Flop (didn't bet)
Seat 8: trinche12 folded before Flop (didn't bet)
Seat 9: pisike649 folded on the River



PokerStars Hand #224157672600:  Hold'em No Limit ($0.01/$0.02 USD) - 2021/02/23 18:14:38 PT [2021/02/23 21:14:38 ET]
Table 'Kythera IV' 9-max Seat #2 is the button
Seat 1: Dorex2007 ($3.40 in chips) 
Seat 2: Rocky4444423 ($2.31 in chips) 
Seat 3: MarBal08 ($0.78 in chips) 
Seat 4: nagaElf ($2.02 in chips) 
Seat 5: dusttaker ($2.17 in chips) 
Seat 6: polly727 ($2.25 in chips) 
Seat 7: tutanpoker ($2.02 in chips) 
Seat 8: trinche12 ($3.74 in chips) 
Seat 9: pisike649 ($2.28 in chips) 
MarBal08: posts small blind $0.01
nagaElf: posts big blind $0.02
*** HOLE CARDS ***
Dealt to Dorex2007 [2h 4d]
dusttaker: folds 
polly727: folds 
tutanpoker: folds 
dusttaker leaves the table
trinche12: raises $0.06 to $0.08
pisike649: folds 
Dorex2007: folds 
rpawis joins the table at seat #5 
Rocky4444423: folds 
MarBal08: folds 
nagaElf: folds 
Uncalled bet ($0.06) returned to trinche12
trinche12 collected $0.05 from pot
trinche12: doesn't show hand 
*** SUMMARY ***
Total pot $0.05 | Rake $0 
Seat 1: Dorex2007 folded before Flop (didn't bet)
Seat 2: Rocky4444423 (button) folded before Flop (didn't bet)
Seat 3: MarBal08 (small blind) folded before Flop
Seat 4: nagaElf (big blind) folded before Flop
Seat 5: dusttaker folded before Flop (didn't bet)
Seat 6: polly727 folded before Flop (didn't bet)
Seat 7: tutanpoker folded before Flop (didn't bet)
Seat 8: trinche12 collected ($0.05)
Seat 9: pisike649 folded before Flop (didn't bet)



PokerStars Hand #224157685359:  Hold'em No Limit ($0.01/$0.02 USD) - 2021/02/23 18:15:21 PT [2021/02/23 21:15:21 ET]
Table 'Kythera IV' 9-max Seat #3 is the button
Seat 1: Dorex2007 ($3.40 in chips) 
Seat 2: Rocky4444423 ($2.31 in chips) 
Seat 3: MarBal08 ($0.77 in chips) 
Seat 4: nagaElf ($2 in chips) 
Seat 5: rpawis ($2 in chips) 
Seat 6: polly727 ($2.25 in chips) 
Seat 7: tutanpoker ($2.02 in chips) 
Seat 8: trinche12 ($3.77 in chips) 
Seat 9: pisike649 ($2.28 in chips) 
nagaElf: posts small blind $0.01
rpawis: posts big blind $0.02
*** HOLE CARDS ***
Dealt to Dorex2007 [7d 4h]
polly727: folds 
tutanpoker: folds 
trinche12: folds 
pisike649: folds 
Dorex2007: folds 
Rocky4444423: calls $0.02
MarBal08: calls $0.02
nagaElf: calls $0.01
rpawis: checks 
*** FLOP *** [Js 8c 9d]
nagaElf: checks 
rpawis: checks 
Rocky4444423: checks 
MarBal08: checks 
*** TURN *** [Js 8c 9d] [2s]
nagaElf: checks 
rpawis: checks 
Rocky4444423: checks 
MarBal08: checks 
*** RIVER *** [Js 8c 9d 2s] [4s]
nagaElf: checks 
rpawis: checks 
Rocky4444423: checks 
MarBal08: checks 
*** SHOW DOWN ***
nagaElf: shows [2d Qh] (a pair of Deuces)
rpawis: mucks hand 
Rocky4444423: mucks hand 
MarBal08: mucks hand 
nagaElf collected $0.08 from pot
*** SUMMARY ***
Total pot $0.08 | Rake $0 
Board [Js 8c 9d 2s 4s]
Seat 1: Dorex2007 folded before Flop (didn't bet)
Seat 2: Rocky4444423 mucked [As Qd]
Seat 3: MarBal08 (button) mucked [5d 3d]
Seat 4: nagaElf (small blind) showed [2d Qh] and won ($0.08) with a pair of Deuces
Seat 5: rpawis (big blind) mucked [2c 3s]
Seat 6: polly727 folded before Flop (didn't bet)
Seat 7: tutanpoker folded before Flop (didn't bet)
Seat 8: trinche12 folded before Flop (didn't bet)
Seat 9: pisike649 folded before Flop (didn't bet)



PokerStars Hand #224157704515:  Hold'em No Limit ($0.01/$0.02 USD) - 2021/02/23 18:16:25 PT [2021/02/23 21:16:25 ET]
Table 'Kythera IV' 9-max Seat #4 is the button
Seat 1: Dorex2007 ($3.40 in chips) 
Seat 2: Rocky4444423 ($2.29 in chips) 
Seat 3: MarBal08 ($0.75 in chips) 
Seat 4: nagaElf ($2.06 in chips) 
Seat 5: rpawis ($1.98 in chips) 
Seat 6: polly727 ($2.25 in chips) 
Seat 7: tutanpoker ($2.02 in chips) 
Seat 8: trinche12 ($3.77 in chips) 
Seat 9: pisike649 ($2.28 in chips) 
rpawis: posts small blind $0.01
polly727: posts big blind $0.02
*** HOLE CARDS ***
Dealt to Dorex2007 [As Kd]
tutanpoker: folds 
trinche12: folds 
pisike649: folds 
Dorex2007: raises $0.06 to $0.08
Rocky4444423: folds 
MarBal08: folds 
nagaElf: folds 
rpawis: folds 
polly727: folds 
Uncalled bet ($0.06) returned to Dorex2007
Dorex2007 collected $0.05 from pot
Dorex2007: doesn't show hand 
*** SUMMARY ***
Total pot $0.05 | Rake $0 
Seat 1: Dorex2007 collected ($0.05)
Seat 2: Rocky4444423 folded before Flop (didn't bet)
Seat 3: MarBal08 folded before Flop (didn't bet)
Seat 4: nagaElf (button) folded before Flop (didn't bet)
Seat 5: rpawis (small blind) folded before Flop
Seat 6: polly727 (big blind) folded before Flop
Seat 7: tutanpoker folded before Flop (didn't bet)
Seat 8: trinche12 folded before Flop (didn't bet)
Seat 9: pisike649 folded before Flop (didn't bet)



PokerStars Hand #224157712005:  Hold'em No Limit ($0.01/$0.02 USD) - 2021/02/23 18:16:49 PT [2021/02/23 21:16:49 ET]
Table 'Kythera IV' 9-max Seat #5 is the button
Seat 1: Dorex2007 ($3.43 in chips) 
Seat 2: Rocky4444423 ($2.29 in chips) 
Seat 3: MarBal08 ($0.75 in chips) 
Seat 4: nagaElf ($2.06 in chips) 
Seat 5: rpawis ($1.97 in chips) 
Seat 6: polly727 ($2.23 in chips) 
Seat 7: tutanpoker ($2.02 in chips) 
Seat 8: trinche12 ($3.77 in chips) 
Seat 9: pisike649 ($2.28 in chips) 
polly727: posts small blind $0.01
tutanpoker: posts big blind $0.02
*** HOLE CARDS ***
Dealt to Dorex2007 [4s 2d]
trinche12: folds 
pisike649: folds 
Dorex2007: folds 
Rocky4444423: calls $0.02
MarBal08: folds 
nagaElf: folds 
rpawis: folds 
polly727: folds 
tutanpoker: checks 
*** FLOP *** [9c 7s Js]
tutanpoker: checks 
Rocky4444423: checks 
*** TURN *** [9c 7s Js] [3h]
tutanpoker: checks 
Rocky4444423: bets $0.02
tutanpoker: folds 
Uncalled bet ($0.02) returned to Rocky4444423
Rocky4444423 collected $0.05 from pot
*** SUMMARY ***
Total pot $0.05 | Rake $0 
Board [9c 7s Js 3h]
Seat 1: Dorex2007 folded before Flop (didn't bet)
Seat 2: Rocky4444423 collected ($0.05)
Seat 3: MarBal08 folded before Flop (didn't bet)
Seat 4: nagaElf folded before Flop (didn't bet)
Seat 5: rpawis (button) folded before Flop (didn't bet)
Seat 6: polly727 (small blind) folded before Flop
Seat 7: tutanpoker (big blind) folded on the Turn
Seat 8: trinche12 folded before Flop (didn't bet)
Seat 9: pisike649 folded before Flop (didn't bet)



PokerStars Hand #224157731146:  Hold'em No Limit ($0.01/$0.02 USD) - 2021/02/23 18:17:54 PT [2021/02/23 21:17:54 ET]
Table 'Kythera IV' 9-max Seat #6 is the button
Seat 1: Dorex2007 ($3.43 in chips) 
Seat 2: Rocky4444423 ($2.32 in chips) 
Seat 3: MarBal08 ($0.75 in chips) 
Seat 4: nagaElf ($2.06 in chips) 
Seat 5: rpawis ($1.97 in chips) 
Seat 6: polly727 ($2.22 in chips) 
Seat 7: tutanpoker ($2 in chips) 
Seat 9: pisike649 ($2.28 in chips) 
tutanpoker: posts small blind $0.01
trinche12: is sitting out 
pisike649: posts big blind $0.02
*** HOLE CARDS ***
Dealt to Dorex2007 [Jc Qs]
trinche12 leaves the table
Dorex2007: folds 
Rocky4444423: calls $0.02
Weasel1415 joins the table at seat #8 
MarBal08: folds 
nagaElf: folds 
rpawis: folds 
polly727: raises $0.06 to $0.08
tutanpoker: folds 
pisike649: folds 
Rocky4444423: folds 
Uncalled bet ($0.06) returned to polly727
polly727 collected $0.07 from pot
polly727: doesn't show hand 
*** SUMMARY ***
Total pot $0.07 | Rake $0 
Seat 1: Dorex2007 folded before Flop (didn't bet)
Seat 2: Rocky4444423 folded before Flop
Seat 3: MarBal08 folded before Flop (didn't bet)
Seat 4: nagaElf folded before Flop (didn't bet)
Seat 5: rpawis folded before Flop (didn't bet)
Seat 6: polly727 (button) collected ($0.07)
Seat 7: tutanpoker (small blind) folded before Flop
Seat 9: pisike649 (big blind) folded before Flop



PokerStars Hand #224157752211:  Hold'em No Limit ($0.01/$0.02 USD) - 2021/02/23 18:18:32 PT [2021/02/23 21:18:32 ET]
Table 'Kythera IV' 9-max Seat #7 is the button
Seat 1: Dorex2007 ($3.43 in chips) 
Seat 2: Rocky4444423 ($2.30 in chips) 
Seat 3: MarBal08 ($0.75 in chips) 
Seat 4: nagaElf ($2.06 in chips) 
Seat 5: rpawis ($1.97 in chips) 
Seat 6: polly727 ($2.27 in chips) 
Seat 7: tutanpoker ($2 in chips) 
Seat 9: pisike649 ($2.26 in chips) 
pisike649: posts small blind $0.01
Dorex2007: posts big blind $0.02
*** HOLE CARDS ***
Dealt to Dorex2007 [As Ks]
Rocky4444423 has timed out
Rocky4444423: folds 
MarBal08: folds 
nagaElf: folds 
rpawis: folds 
polly727: folds 
tutanpoker: folds 
pisike649: calls $0.01
Dorex2007: raises $0.04 to $0.06
pisike649: folds 
Uncalled bet ($0.04) returned to Dorex2007
Dorex2007 collected $0.04 from pot
Dorex2007: doesn't show hand 
*** SUMMARY ***
Total pot $0.04 | Rake $0 
Seat 1: Dorex2007 (big blind) collected ($0.04)
Seat 2: Rocky4444423 folded before Flop (didn't bet)
Seat 3: MarBal08 folded before Flop (didn't bet)
Seat 4: nagaElf folded before Flop (didn't bet)
Seat 5: rpawis folded before Flop (didn't bet)
Seat 6: polly727 folded before Flop (didn't bet)
Seat 7: tutanpoker (button) folded before Flop (didn't bet)
Seat 9: pisike649 (small blind) folded before Flop



PokerStars Hand #224157763695:  Hold'em No Limit ($0.01/$0.02 USD) - 2021/02/23 18:19:10 PT [2021/02/23 21:19:10 ET]
Table 'Kythera IV' 9-max Seat #9 is the button
Seat 1: Dorex2007 ($3.45 in chips) 
Seat 2: Rocky4444423 ($2.30 in chips) 
Seat 3: MarBal08 ($0.75 in chips) 
Seat 4: nagaElf ($2.06 in chips) 
Seat 5: rpawis ($1.97 in chips) 
Seat 6: polly727 ($2.27 in chips) 
Seat 7: tutanpoker ($2 in chips) 
Seat 8: Weasel1415 ($1.60 in chips) 
Seat 9: pisike649 ($2.24 in chips) 
Dorex2007: posts small blind $0.01
Rocky4444423: posts big blind $0.02
Weasel1415: posts big blind $0.02
*** HOLE CARDS ***
Dealt to Dorex2007 [Jd 7h]
MarBal08: folds 
nagaElf: raises $0.04 to $0.06
rpawis: folds 
polly727: folds 
tutanpoker: folds 
Weasel1415: calls $0.04
pisike649 has timed out
pisike649: folds 
Dorex2007: folds 
Rocky4444423: calls $0.04
*** FLOP *** [Kc 2h 8d]
Rocky4444423: checks 
nagaElf: bets $0.06
Weasel1415: folds 
Rocky4444423: folds 
Uncalled bet ($0.06) returned to nagaElf
nagaElf collected $0.18 from pot
nagaElf: doesn't show hand 
*** SUMMARY ***
Total pot $0.19 | Rake $0.01 
Board [Kc 2h 8d]
Seat 1: Dorex2007 (small blind) folded before Flop
Seat 2: Rocky4444423 (big blind) folded on the Flop
Seat 3: MarBal08 folded before Flop (didn't bet)
Seat 4: nagaElf collected ($0.18)
Seat 5: rpawis folded before Flop (didn't bet)
Seat 6: polly727 folded before Flop (didn't bet)
Seat 7: tutanpoker folded before Flop (didn't bet)
Seat 8: Weasel1415 folded on the Flop
Seat 9: pisike649 (button) folded before Flop (didn't bet)



PokerStars Hand #224157785206:  Hold'em No Limit ($0.01/$0.02 USD) - 2021/02/23 18:20:04 PT [2021/02/23 21:20:04 ET]
Table 'Kythera IV' 9-max Seat #1 is the button
Seat 1: Dorex2007 ($3.44 in chips) 
Seat 2: Rocky4444423 ($2.24 in chips) 
Seat 3: MarBal08 ($0.75 in chips) 
Seat 4: nagaElf ($2.18 in chips) 
Seat 5: rpawis ($1.97 in chips) 
Seat 6: polly727 ($2.27 in chips) 
Seat 7: tutanpoker ($2 in chips) 
Seat 8: Weasel1415 ($1.54 in chips) 
Rocky4444423: posts small blind $0.01
MarBal08: posts big blind $0.02
*** HOLE CARDS ***
Dealt to Dorex2007 [5d Ah]
nagaElf: raises $0.02 to $0.04
rpawis: folds 
polly727: folds 
tutanpoker: folds 
Weasel1415: calls $0.04
Dorex2007: calls $0.04
Rocky4444423: folds 
MarBal08: folds 
*** FLOP *** [8d 5s 7s]
nagaElf: bets $0.06
Weasel1415: calls $0.06
Dorex2007: calls $0.06
*** TURN *** [8d 5s 7s] [6h]
nagaElf: bets $0.08
Weasel1415: folds 
Dorex2007: raises $0.08 to $0.16
nagaElf: folds 
Uncalled bet ($0.08) returned to Dorex2007
Dorex2007 collected $0.47 from pot
Dorex2007: doesn't show hand 
*** SUMMARY ***
Total pot $0.49 | Rake $0.02 
Board [8d 5s 7s 6h]
Seat 1: Dorex2007 (button) collected ($0.47)
Seat 2: Rocky4444423 (small blind) folded before Flop
Seat 3: MarBal08 (big blind) folded before Flop
Seat 4: nagaElf folded on the Turn
Seat 5: rpawis folded before Flop (didn't bet)
Seat 6: polly727 folded before Flop (didn't bet)
Seat 7: tutanpoker folded before Flop (didn't bet)
Seat 8: Weasel1415 folded on the Turn



PokerStars Hand #224157812676:  Hold'em No Limit ($0.01/$0.02 USD) - 2021/02/23 18:21:24 PT [2021/02/23 21:21:24 ET]
Table 'Kythera IV' 9-max Seat #2 is the button
Seat 1: Dorex2007 ($3.73 in chips) 
Seat 2: Rocky4444423 ($2.23 in chips) 
Seat 3: MarBal08 ($0.73 in chips) 
Seat 4: nagaElf ($2 in chips) 
Seat 5: rpawis ($1.97 in chips) 
Seat 6: polly727 ($2.27 in chips) 
Seat 7: tutanpoker ($2 in chips) 
Seat 8: Weasel1415 ($1.44 in chips) 
MarBal08: posts small blind $0.01
nagaElf: posts big blind $0.02
*** HOLE CARDS ***
Dealt to Dorex2007 [7h 2s]
rpawis: folds 
polly727: folds 
tutanpoker: folds 
Weasel1415: calls $0.02
Dorex2007: folds 
Rocky4444423: folds 
MarBal08: calls $0.01
nagaElf: checks 
*** FLOP *** [Td Ks 4d]
MarBal08: checks 
nagaElf: checks 
Weasel1415: checks 
*** TURN *** [Td Ks 4d] [5s]
MarBal08: checks 
nagaElf: checks 
Weasel1415: bets $0.02
MarBal08: folds 
nagaElf: folds 
Uncalled bet ($0.02) returned to Weasel1415
Weasel1415 collected $0.06 from pot
Weasel1415: doesn't show hand 
*** SUMMARY ***
Total pot $0.06 | Rake $0 
Board [Td Ks 4d 5s]
Seat 1: Dorex2007 folded before Flop (didn't bet)
Seat 2: Rocky4444423 (button) folded before Flop (didn't bet)
Seat 3: MarBal08 (small blind) folded on the Turn
Seat 4: nagaElf (big blind) folded on the Turn
Seat 5: rpawis folded before Flop (didn't bet)
Seat 6: polly727 folded before Flop (didn't bet)
Seat 7: tutanpoker folded before Flop (didn't bet)
Seat 8: Weasel1415 collected ($0.06)



PokerStars Hand #224157826576:  Hold'em No Limit ($0.01/$0.02 USD) - 2021/02/23 18:22:10 PT [2021/02/23 21:22:10 ET]
Table 'Kythera IV' 9-max Seat #3 is the button
Seat 1: Dorex2007 ($3.73 in chips) 
Seat 2: Rocky4444423 ($2.23 in chips) 
Seat 3: MarBal08 ($0.71 in chips) 
Seat 4: nagaElf ($1.98 in chips) 
Seat 5: rpawis ($1.97 in chips) 
Seat 6: polly727 ($2.27 in chips) 
Seat 7: tutanpoker ($2 in chips) 
Seat 8: Weasel1415 ($1.48 in chips) 
Seat 9: pisike649 ($2.24 in chips) 
nagaElf: posts small blind $0.01
rpawis: posts big blind $0.02
*** HOLE CARDS ***
Dealt to Dorex2007 [Jd 5s]
polly727: folds 
tutanpoker: raises $0.04 to $0.06
Weasel1415: calls $0.06
pisike649: calls $0.06
Dorex2007: folds 
Rocky4444423: calls $0.06
MarBal08: folds 
nagaElf: folds 
rpawis: folds 
*** FLOP *** [Qd 6s Ks]
tutanpoker: checks 
Weasel1415: checks 
pisike649: checks 
Rocky4444423: checks 
*** TURN *** [Qd 6s Ks] [Ts]
tutanpoker: checks 
Weasel1415: checks 
pisike649: checks 
Rocky4444423: checks 
*** RIVER *** [Qd 6s Ks Ts] [7s]
tutanpoker: checks 
Weasel1415: checks 
pisike649: checks 
Rocky4444423: bets $0.04
tutanpoker: folds 
Weasel1415: folds 
pisike649: folds 
Uncalled bet ($0.04) returned to Rocky4444423
Rocky4444423 collected $0.26 from pot
*** SUMMARY ***
Total pot $0.27 | Rake $0.01 
Board [Qd 6s Ks Ts 7s]
Seat 1: Dorex2007 folded before Flop (didn't bet)
Seat 2: Rocky4444423 collected ($0.26)
Seat 3: MarBal08 (button) folded before Flop (didn't bet)
Seat 4: nagaElf (small blind) folded before Flop
Seat 5: rpawis (big blind) folded before Flop
Seat 6: polly727 folded before Flop (didn't bet)
Seat 7: tutanpoker folded on the River
Seat 8: Weasel1415 folded on the River
Seat 9: pisike649 folded on the River



PokerStars Hand #224157849823:  Hold'em No Limit ($0.01/$0.02 USD) - 2021/02/23 18:23:28 PT [2021/02/23 21:23:28 ET]
Table 'Kythera IV' 9-max Seat #4 is the button
Seat 1: Dorex2007 ($3.73 in chips) 
Seat 2: Rocky4444423 ($2.43 in chips) 
Seat 3: MarBal08 ($0.71 in chips) 
Seat 4: nagaElf ($1.97 in chips) 
Seat 5: rpawis ($1.95 in chips) 
Seat 6: polly727 ($2.27 in chips) 
Seat 7: tutanpoker ($2 in chips) 
Seat 8: Weasel1415 ($1.42 in chips) 
Seat 9: pisike649 ($2.18 in chips) 
rpawis: posts small blind $0.01
polly727: posts big blind $0.02
*** HOLE CARDS ***
Dealt to Dorex2007 [Kc 6c]
tutanpoker: folds 
Weasel1415: calls $0.02
pisike649: folds 
Dorex2007: folds 
Rocky4444423: folds 
MarBal08: folds 
nagaElf: folds 
rpawis: folds 
polly727: checks 
*** FLOP *** [Qs Kd 5h]
polly727: checks 
Weasel1415: bets $0.02
polly727: calls $0.02
*** TURN *** [Qs Kd 5h] [Kh]
polly727: bets $0.04
Weasel1415: raises $0.04 to $0.08
polly727: folds 
Uncalled bet ($0.04) returned to Weasel1415
Weasel1415 collected $0.16 from pot
Weasel1415: doesn't show hand 
*** SUMMARY ***
Total pot $0.17 | Rake $0.01 
Board [Qs Kd 5h Kh]
Seat 1: Dorex2007 folded before Flop (didn't bet)
Seat 2: Rocky4444423 folded before Flop (didn't bet)
Seat 3: MarBal08 folded before Flop (didn't bet)
Seat 4: nagaElf (button) folded before Flop (didn't bet)
Seat 5: rpawis (small blind) folded before Flop
Seat 6: polly727 (big blind) folded on the Turn
Seat 7: tutanpoker folded before Flop (didn't bet)
Seat 8: Weasel1415 collected ($0.16)
Seat 9: pisike649 folded before Flop (didn't bet)



PokerStars Hand #224157868935:  Hold'em No Limit ($0.01/$0.02 USD) - 2021/02/23 18:24:33 PT [2021/02/23 21:24:33 ET]
Table 'Kythera IV' 9-max Seat #5 is the button
Seat 1: Dorex2007 ($3.73 in chips) 
Seat 2: Rocky4444423 ($2.43 in chips) 
Seat 3: MarBal08 ($0.71 in chips) 
Seat 4: nagaElf ($1.97 in chips) 
Seat 5: rpawis ($1.94 in chips) 
Seat 6: polly727 ($2.19 in chips) 
Seat 7: tutanpoker ($2 in chips) 
Seat 8: Weasel1415 ($1.50 in chips) 
Seat 9: pisike649 ($2.18 in chips) 
polly727: posts small blind $0.01
tutanpoker: posts big blind $0.02
*** HOLE CARDS ***
Dealt to Dorex2007 [7s Qs]
Weasel1415: calls $0.02
pisike649: folds 
Dorex2007: folds 
Rocky4444423: folds 
MarBal08 is disconnected 
MarBal08 is connected 
MarBal08: folds 
nagaElf: folds 
rpawis: folds 
polly727: folds 
tutanpoker: raises $0.06 to $0.08
Weasel1415: calls $0.06
*** FLOP *** [2c 6s Ah]
tutanpoker: checks 
Weasel1415: checks 
*** TURN *** [2c 6s Ah] [9d]
MarBal08 is disconnected 
tutanpoker: checks 
Weasel1415: checks 
*** RIVER *** [2c 6s Ah 9d] [5c]
tutanpoker: checks 
Weasel1415: checks 
*** SHOW DOWN ***
tutanpoker: shows [Th Jh] (high card Ace)
Weasel1415: mucks hand 
tutanpoker collected $0.16 from pot
*** SUMMARY ***
Total pot $0.17 | Rake $0.01 
Board [2c 6s Ah 9d 5c]
Seat 1: Dorex2007 folded before Flop (didn't bet)
Seat 2: Rocky4444423 folded before Flop (didn't bet)
Seat 3: MarBal08 folded before Flop (didn't bet)
Seat 4: nagaElf folded before Flop (didn't bet)
Seat 5: rpawis (button) folded before Flop (didn't bet)
Seat 6: polly727 (small blind) folded before Flop
Seat 7: tutanpoker (big blind) showed [Th Jh] and won ($0.16) with high card Ace
Seat 8: Weasel1415 mucked [8c 4s]
Seat 9: pisike649 folded before Flop (didn't bet)



