PokerStars Hand #223962173902:  Hold'em No Limit ($0.01/$0.02 USD) - 2021/02/18 13:00:34 PT [2021/02/18 16:00:34 ET]
Table 'Liaoning IV' 9-max Seat #5 is the button
Seat 1: Lystana ($2.33 in chips) 
Seat 2: cellist425 ($2 in chips) 
Seat 3: flushmagoo ($1.92 in chips) 
Seat 4: Dorex2007 ($1.50 in chips) 
Seat 5: Sharan628 ($1.67 in chips) 
Seat 6: nikolpoker ($1.62 in chips) 
Seat 7: Sowa1103 ($3.12 in chips) 
Seat 8: Nout5030 ($2.54 in chips) 
Seat 9: Santana Carlos ($2 in chips) 
nikolpoker: posts small blind $0.01
Sowa1103: posts big blind $0.02
Dorex2007: posts big blind $0.02
*** HOLE CARDS ***
Dealt to Dorex2007 [9h Qs]
Nout5030: raises $0.02 to $0.04
Santana Carlos: folds 
Lystana: folds 
cellist425: folds 
flushmagoo: calls $0.04
Dorex2007: folds 
Sharan628: folds 
nikolpoker: calls $0.03
Sowa1103: calls $0.02
*** FLOP *** [Td Kh 3h]
nikolpoker: checks 
Sowa1103: checks 
Nout5030: bets $0.08
flushmagoo: calls $0.08
nikolpoker: folds 
Sowa1103: calls $0.08
*** TURN *** [Td Kh 3h] [Kc]
Sowa1103: checks 
Nout5030: checks 
flushmagoo: bets $0.41
Sowa1103: calls $0.41
Nout5030: folds 
*** RIVER *** [Td Kh 3h Kc] [Ac]
Sowa1103: checks 
flushmagoo: checks 
*** SHOW DOWN ***
Sowa1103: shows [3s 5c] (two pair, Kings and Threes)
flushmagoo: shows [8d Ks] (three of a kind, Kings)
flushmagoo collected $1.20 from pot
*** SUMMARY ***
Total pot $1.24 | Rake $0.04 
Board [Td Kh 3h Kc Ac]
Seat 1: Lystana folded before Flop (didn't bet)
Seat 2: cellist425 folded before Flop (didn't bet)
Seat 3: flushmagoo showed [8d Ks] and won ($1.20) with three of a kind, Kings
Seat 4: Dorex2007 folded before Flop (didn't bet)
Seat 5: Sharan628 (button) folded before Flop (didn't bet)
Seat 6: nikolpoker (small blind) folded on the Flop
Seat 7: Sowa1103 (big blind) showed [3s 5c] and lost with two pair, Kings and Threes
Seat 8: Nout5030 folded on the Turn
Seat 9: Santana Carlos folded before Flop (didn't bet)



PokerStars Hand #223962216416:  Hold'em No Limit ($0.01/$0.02 USD) - 2021/02/18 13:01:40 PT [2021/02/18 16:01:40 ET]
Table 'Liaoning IV' 9-max Seat #6 is the button
Seat 1: Lystana ($2.33 in chips) 
Seat 2: cellist425 ($2 in chips) 
Seat 3: flushmagoo ($2.59 in chips) 
Seat 4: Dorex2007 ($1.48 in chips) 
Seat 5: Sharan628 ($1.67 in chips) 
Seat 6: nikolpoker ($1.58 in chips) 
Seat 7: Sowa1103 ($2.59 in chips) 
Seat 8: Nout5030 ($2.42 in chips) 
Seat 9: Santana Carlos ($2 in chips) 
Sowa1103: posts small blind $0.01
Nout5030: posts big blind $0.02
*** HOLE CARDS ***
Dealt to Dorex2007 [7d Td]
Santana Carlos: calls $0.02
Lystana: folds 
cellist425: folds 
flushmagoo: folds 
Dorex2007: folds 
Sharan628: folds 
nikolpoker: folds 
Sowa1103: calls $0.01
Nout5030: raises $0.06 to $0.08
Santana Carlos: calls $0.06
Sowa1103: calls $0.06
*** FLOP *** [5h Qs 6h]
Sowa1103: bets $0.02
Nout5030: raises $0.23 to $0.25
Santana Carlos: folds 
Sowa1103: calls $0.23
*** TURN *** [5h Qs 6h] [Qd]
Sowa1103: bets $0.02
Nout5030: raises $0.20 to $0.22
Sowa1103: raises $0.20 to $0.42
Nout5030: calls $0.20
*** RIVER *** [5h Qs 6h Qd] [4d]
Sowa1103: bets $1.84 and is all-in
Nout5030: folds 
Uncalled bet ($1.84) returned to Sowa1103
Sowa1103 collected $1.52 from pot
Sowa1103: doesn't show hand 
*** SUMMARY ***
Total pot $1.58 | Rake $0.06 
Board [5h Qs 6h Qd 4d]
Seat 1: Lystana folded before Flop (didn't bet)
Seat 2: cellist425 folded before Flop (didn't bet)
Seat 3: flushmagoo folded before Flop (didn't bet)
Seat 4: Dorex2007 folded before Flop (didn't bet)
Seat 5: Sharan628 folded before Flop (didn't bet)
Seat 6: nikolpoker (button) folded before Flop (didn't bet)
Seat 7: Sowa1103 (small blind) collected ($1.52)
Seat 8: Nout5030 (big blind) folded on the River
Seat 9: Santana Carlos folded on the Flop



PokerStars Hand #223962288987:  Hold'em No Limit ($0.01/$0.02 USD) - 2021/02/18 13:03:18 PT [2021/02/18 16:03:18 ET]
Table 'Liaoning IV' 9-max Seat #7 is the button
Seat 1: Lystana ($2.33 in chips) 
Seat 2: cellist425 ($2 in chips) 
Seat 3: flushmagoo ($2.59 in chips) 
Seat 4: Dorex2007 ($1.48 in chips) 
Seat 5: Sharan628 ($1.67 in chips) 
Seat 6: nikolpoker ($1.58 in chips) 
Seat 7: Sowa1103 ($3.36 in chips) 
Seat 8: Nout5030 ($1.67 in chips) 
Seat 9: Santana Carlos ($2 in chips) 
Nout5030: posts small blind $0.01
Santana Carlos: posts big blind $0.02
*** HOLE CARDS ***
Dealt to Dorex2007 [Ah Kd]
Lystana: folds 
cellist425: folds 
flushmagoo: raises $0.02 to $0.04
Dorex2007: calls $0.04
Sharan628: calls $0.04
nikolpoker: folds 
Sowa1103: folds 
Nout5030: calls $0.03
Santana Carlos: folds 
*** FLOP *** [8s Qh 6s]
Nout5030: checks 
flushmagoo: bets $0.09
Dorex2007: calls $0.09
Sharan628: folds 
Nout5030: folds 
*** TURN *** [8s Qh 6s] [Ac]
flushmagoo: checks 
Dorex2007: bets $0.18
flushmagoo: calls $0.18
*** RIVER *** [8s Qh 6s Ac] [Ad]
flushmagoo: checks 
Dorex2007: checks 
*** SHOW DOWN ***
flushmagoo: shows [Ks 3s] (a pair of Aces)
Dorex2007: shows [Ah Kd] (three of a kind, Aces)
Dorex2007 collected $0.69 from pot
*** SUMMARY ***
Total pot $0.72 | Rake $0.03 
Board [8s Qh 6s Ac Ad]
Seat 1: Lystana folded before Flop (didn't bet)
Seat 2: cellist425 folded before Flop (didn't bet)
Seat 3: flushmagoo showed [Ks 3s] and lost with a pair of Aces
Seat 4: Dorex2007 showed [Ah Kd] and won ($0.69) with three of a kind, Aces
Seat 5: Sharan628 folded on the Flop
Seat 6: nikolpoker folded before Flop (didn't bet)
Seat 7: Sowa1103 (button) folded before Flop (didn't bet)
Seat 8: Nout5030 (small blind) folded on the Flop
Seat 9: Santana Carlos (big blind) folded before Flop



PokerStars Hand #223962340469:  Hold'em No Limit ($0.01/$0.02 USD) - 2021/02/18 13:04:30 PT [2021/02/18 16:04:30 ET]
Table 'Liaoning IV' 9-max Seat #8 is the button
Seat 1: Lystana ($2.33 in chips) 
Seat 2: cellist425 ($2 in chips) 
Seat 3: flushmagoo ($2.28 in chips) 
Seat 4: Dorex2007 ($1.86 in chips) 
Seat 5: Sharan628 ($1.63 in chips) 
Seat 6: nikolpoker ($1.58 in chips) 
Seat 7: Sowa1103 ($3.36 in chips) 
Seat 8: Nout5030 ($1.63 in chips) 
Seat 9: Santana Carlos ($2 in chips) 
Santana Carlos: posts small blind $0.01
Lystana: posts big blind $0.02
*** HOLE CARDS ***
Dealt to Dorex2007 [4c 7c]
cellist425: folds 
flushmagoo: folds 
Dorex2007: folds 
Sharan628: folds 
nikolpoker: folds 
Sowa1103: calls $0.02
Nout5030: raises $0.04 to $0.06
Santana Carlos: folds 
Lystana: folds 
Sowa1103: calls $0.04
*** FLOP *** [Td 8h 7s]
Sowa1103: checks 
Nout5030: bets $0.07
Sowa1103: calls $0.07
*** TURN *** [Td 8h 7s] [9h]
Sowa1103: bets $0.14
Nout5030: folds 
Uncalled bet ($0.14) returned to Sowa1103
Sowa1103 collected $0.28 from pot
Sowa1103: doesn't show hand 
*** SUMMARY ***
Total pot $0.29 | Rake $0.01 
Board [Td 8h 7s 9h]
Seat 1: Lystana (big blind) folded before Flop
Seat 2: cellist425 folded before Flop (didn't bet)
Seat 3: flushmagoo folded before Flop (didn't bet)
Seat 4: Dorex2007 folded before Flop (didn't bet)
Seat 5: Sharan628 folded before Flop (didn't bet)
Seat 6: nikolpoker folded before Flop (didn't bet)
Seat 7: Sowa1103 collected ($0.28)
Seat 8: Nout5030 (button) folded on the Turn
Seat 9: Santana Carlos (small blind) folded before Flop



PokerStars Hand #223962386397:  Hold'em No Limit ($0.01/$0.02 USD) - 2021/02/18 13:05:33 PT [2021/02/18 16:05:33 ET]
Table 'Liaoning IV' 9-max Seat #9 is the button
Seat 1: Lystana ($2.31 in chips) 
Seat 2: cellist425 ($2 in chips) 
Seat 3: flushmagoo ($2.28 in chips) 
Seat 4: Dorex2007 ($1.86 in chips) 
Seat 5: Sharan628 ($1.63 in chips) 
Seat 6: nikolpoker ($1.58 in chips) 
Seat 7: Sowa1103 ($3.51 in chips) 
Seat 8: Nout5030 ($1.50 in chips) 
Seat 9: Santana Carlos ($2 in chips) 
Lystana: posts small blind $0.01
cellist425: posts big blind $0.02
*** HOLE CARDS ***
Dealt to Dorex2007 [2h 7d]
flushmagoo: folds 
Dorex2007: folds 
Sharan628: raises $0.05 to $0.07
nikolpoker: folds 
Sowa1103: calls $0.07
Nout5030: folds 
Santana Carlos: folds 
Lystana: folds 
cellist425: folds 
*** FLOP *** [Kh 5c 8h]
Sharan628: checks 
Sowa1103: bets $0.02
Sharan628: raises $0.20 to $0.22
Sowa1103: calls $0.20
*** TURN *** [Kh 5c 8h] [Jh]
Sharan628: bets $1.34 and is all-in
Sowa1103: calls $1.34
*** RIVER *** [Kh 5c 8h Jh] [Qs]
*** SHOW DOWN ***
Sharan628: shows [Kc Kd] (three of a kind, Kings)
Sowa1103: shows [5h Qc] (two pair, Queens and Fives)
Sharan628 collected $3.17 from pot
Sowa1103 cashed out the hand for $0.63 | Cash Out Fee $0.01
*** SUMMARY ***
Total pot $3.29 | Rake $0.12 
Board [Kh 5c 8h Jh Qs]
Seat 1: Lystana (small blind) folded before Flop
Seat 2: cellist425 (big blind) folded before Flop
Seat 3: flushmagoo folded before Flop (didn't bet)
Seat 4: Dorex2007 folded before Flop (didn't bet)
Seat 5: Sharan628 showed [Kc Kd] and won ($3.17) with three of a kind, Kings
Seat 6: nikolpoker folded before Flop (didn't bet)
Seat 7: Sowa1103 showed [5h Qc] and lost with two pair, Queens and Fives (cashed out).
Seat 8: Nout5030 folded before Flop (didn't bet)
Seat 9: Santana Carlos (button) folded before Flop (didn't bet)



PokerStars Hand #223962429473:  Hold'em No Limit ($0.01/$0.02 USD) - 2021/02/18 13:06:33 PT [2021/02/18 16:06:33 ET]
Table 'Liaoning IV' 9-max Seat #1 is the button
Seat 1: Lystana ($2.30 in chips) 
Seat 2: cellist425 ($2 in chips) 
Seat 3: flushmagoo ($2.28 in chips) 
Seat 4: Dorex2007 ($1.86 in chips) 
Seat 5: Sharan628 ($3.17 in chips) 
Seat 6: nikolpoker ($1.58 in chips) 
Seat 7: Sowa1103 ($2.51 in chips) 
Seat 8: Nout5030 ($1.50 in chips) 
Seat 9: Santana Carlos ($2 in chips) 
cellist425: posts small blind $0.01
flushmagoo: posts big blind $0.02
*** HOLE CARDS ***
Dealt to Dorex2007 [4s 5h]
Dorex2007: folds 
Sharan628: folds 
nikolpoker: folds 
Sowa1103: folds 
Nout5030: raises $0.04 to $0.06
Santana Carlos: folds 
Lystana: folds 
cellist425: calls $0.05
flushmagoo: calls $0.04
*** FLOP *** [9s 6c 7c]
cellist425: checks 
flushmagoo: checks 
Nout5030: checks 
*** TURN *** [9s 6c 7c] [Jc]
cellist425: checks 
flushmagoo: bets $0.09
Nout5030: folds 
cellist425: folds 
Uncalled bet ($0.09) returned to flushmagoo
flushmagoo collected $0.17 from pot
flushmagoo: doesn't show hand 
*** SUMMARY ***
Total pot $0.18 | Rake $0.01 
Board [9s 6c 7c Jc]
Seat 1: Lystana (button) folded before Flop (didn't bet)
Seat 2: cellist425 (small blind) folded on the Turn
Seat 3: flushmagoo (big blind) collected ($0.17)
Seat 4: Dorex2007 folded before Flop (didn't bet)
Seat 5: Sharan628 folded before Flop (didn't bet)
Seat 6: nikolpoker folded before Flop (didn't bet)
Seat 7: Sowa1103 folded before Flop (didn't bet)
Seat 8: Nout5030 folded on the Turn
Seat 9: Santana Carlos folded before Flop (didn't bet)



PokerStars Hand #223962484379:  Hold'em No Limit ($0.01/$0.02 USD) - 2021/02/18 13:07:50 PT [2021/02/18 16:07:50 ET]
Table 'Liaoning IV' 9-max Seat #2 is the button
Seat 1: Lystana ($2.30 in chips) 
Seat 2: cellist425 ($2 in chips) 
Seat 3: flushmagoo ($2.39 in chips) 
Seat 4: Dorex2007 ($1.86 in chips) 
Seat 5: Sharan628 ($3.17 in chips) 
Seat 6: nikolpoker ($1.58 in chips) 
Seat 7: Sowa1103 ($2.51 in chips) 
Seat 8: Nout5030 ($1.44 in chips) 
Seat 9: Santana Carlos ($2 in chips) 
flushmagoo: posts small blind $0.01
Dorex2007: posts big blind $0.02
*** HOLE CARDS ***
Dealt to Dorex2007 [Th 6c]
Sharan628: folds 
nikolpoker: folds 
Sowa1103: calls $0.02
Nout5030: raises $0.02 to $0.04
Santana Carlos: calls $0.04
Lystana: folds 
cellist425: calls $0.04
flushmagoo: calls $0.03
Dorex2007: folds 
Sowa1103: calls $0.02
*** FLOP *** [3s Ad Qd]
flushmagoo: checks 
Sowa1103: bets $0.02
Nout5030: calls $0.02
Santana Carlos: raises $0.14 to $0.16
cellist425: folds 
flushmagoo: calls $0.16
Sowa1103: raises $0.14 to $0.30
Nout5030: folds 
Santana Carlos: calls $0.14
flushmagoo: calls $0.14
*** TURN *** [3s Ad Qd] [Ah]
flushmagoo: checks 
Sowa1103: bets $1.10
Santana Carlos: raises $0.56 to $1.66 and is all-in
flushmagoo: folds 
Sowa1103: calls $0.56
*** RIVER *** [3s Ad Qd Ah] [4d]
*** SHOW DOWN ***
Sowa1103: shows [Qc 7h] (two pair, Aces and Queens)
Santana Carlos: shows [3c As] (a full house, Aces full of Threes)
Santana Carlos collected $4.30 from pot
*** SUMMARY ***
Total pot $4.46 | Rake $0.16 
Board [3s Ad Qd Ah 4d]
Seat 1: Lystana folded before Flop (didn't bet)
Seat 2: cellist425 (button) folded on the Flop
Seat 3: flushmagoo (small blind) folded on the Turn
Seat 4: Dorex2007 (big blind) folded before Flop
Seat 5: Sharan628 folded before Flop (didn't bet)
Seat 6: nikolpoker folded before Flop (didn't bet)
Seat 7: Sowa1103 showed [Qc 7h] and lost with two pair, Aces and Queens
Seat 8: Nout5030 folded on the Flop
Seat 9: Santana Carlos showed [3c As] and won ($4.30) with a full house, Aces full of Threes



PokerStars Hand #223962548714:  Hold'em No Limit ($0.01/$0.02 USD) - 2021/02/18 13:09:20 PT [2021/02/18 16:09:20 ET]
Table 'Liaoning IV' 9-max Seat #3 is the button
Seat 1: Lystana ($2.30 in chips) 
Seat 2: cellist425 ($2 in chips) 
Seat 3: flushmagoo ($2.05 in chips) 
Seat 4: Dorex2007 ($1.84 in chips) 
Seat 5: Sharan628 ($3.17 in chips) 
Seat 6: nikolpoker ($1.58 in chips) 
Seat 7: Sowa1103 ($0.51 in chips) 
Seat 8: Nout5030 ($1.38 in chips) 
Seat 9: Santana Carlos ($4.30 in chips) 
Dorex2007: posts small blind $0.01
Sharan628: posts big blind $0.02
*** HOLE CARDS ***
Dealt to Dorex2007 [5c 6h]
nikolpoker: folds 
Sowa1103: raises $0.49 to $0.51 and is all-in
Nout5030: folds 
Santana Carlos: folds 
Lystana: folds 
cellist425: folds 
nikolpoker leaves the table
flushmagoo: folds 
Dorex2007: folds 
Sharan628: calls $0.49
*** FLOP *** [4c 3c 7c]
*** TURN *** [4c 3c 7c] [2d]
ejit420 joins the table at seat #6 
*** RIVER *** [4c 3c 7c 2d] [Ad]
*** SHOW DOWN ***
Sharan628: shows [Kh Ah] (a pair of Aces)
Sowa1103: shows [8d 9d] (high card Ace)
Sharan628 collected $0.99 from pot
Sowa1103 cashed out the hand for $0.37
*** SUMMARY ***
Total pot $1.03 | Rake $0.04 
Board [4c 3c 7c 2d Ad]
Seat 1: Lystana folded before Flop (didn't bet)
Seat 2: cellist425 folded before Flop (didn't bet)
Seat 3: flushmagoo (button) folded before Flop (didn't bet)
Seat 4: Dorex2007 (small blind) folded before Flop
Seat 5: Sharan628 (big blind) showed [Kh Ah] and won ($0.99) with a pair of Aces
Seat 6: nikolpoker folded before Flop (didn't bet)
Seat 7: Sowa1103 showed [8d 9d] and lost with high card Ace (cashed out).
Seat 8: Nout5030 folded before Flop (didn't bet)
Seat 9: Santana Carlos folded before Flop (didn't bet)



PokerStars Hand #223962572127:  Hold'em No Limit ($0.01/$0.02 USD) - 2021/02/18 13:09:53 PT [2021/02/18 16:09:53 ET]
Table 'Liaoning IV' 9-max Seat #4 is the button
Seat 1: Lystana ($2.30 in chips) 
Seat 2: cellist425 ($2 in chips) 
Seat 3: flushmagoo ($2.05 in chips) 
Seat 4: Dorex2007 ($1.83 in chips) 
Seat 5: Sharan628 ($3.65 in chips) 
Seat 6: ejit420 ($1.60 in chips) 
Seat 7: Sowa1103 ($0.37 in chips) 
Seat 8: Nout5030 ($1.38 in chips) 
Seat 9: Santana Carlos ($4.30 in chips) 
Sharan628: posts small blind $0.01
ejit420: posts big blind $0.02
*** HOLE CARDS ***
Dealt to Dorex2007 [7s 3c]
Sowa1103: raises $0.35 to $0.37 and is all-in
Nout5030: raises $1.01 to $1.38 and is all-in
Santana Carlos: raises $1.01 to $2.39
Lystana: folds 
cellist425: folds 
flushmagoo: folds 
Dorex2007: folds 
Sharan628: folds 
ejit420: folds 
Uncalled bet ($1.01) returned to Santana Carlos
*** FLOP *** [Jh 8s Kh]
*** TURN *** [Jh 8s Kh] [2c]
*** RIVER *** [Jh 8s Kh 2c] [Tc]
*** SHOW DOWN ***
Nout5030: shows [Ad Jd] (a pair of Jacks)
Santana Carlos: shows [Ah Ac] (a pair of Aces)
Santana Carlos collected $1.95 from side pot
Sowa1103: shows [Kc 8d] (two pair, Kings and Eights)
Sowa1103 cashed out the hand for $0.13
*** SUMMARY ***
Total pot $3.16 Main pot $1.10. Side pot $1.95. | Rake $0.11 
Board [Jh 8s Kh 2c Tc]
Seat 1: Lystana folded before Flop (didn't bet)
Seat 2: cellist425 folded before Flop (didn't bet)
Seat 3: flushmagoo folded before Flop (didn't bet)
Seat 4: Dorex2007 (button) folded before Flop (didn't bet)
Seat 5: Sharan628 (small blind) folded before Flop
Seat 6: ejit420 (big blind) folded before Flop
Seat 7: Sowa1103 showed [Kc 8d] and won ($1.10) with two pair, Kings and Eights (pot not awarded as player cashed out)
Seat 8: Nout5030 showed [Ad Jd] and lost with a pair of Jacks
Seat 9: Santana Carlos showed [Ah Ac] and won ($1.95) with a pair of Aces



PokerStars Hand #223962596147:  Hold'em No Limit ($0.01/$0.02 USD) - 2021/02/18 13:10:26 PT [2021/02/18 16:10:26 ET]
Table 'Liaoning IV' 9-max Seat #5 is the button
Seat 1: Lystana ($2.30 in chips) 
Seat 2: cellist425 ($2 in chips) 
Seat 3: flushmagoo ($2.05 in chips) 
Seat 4: Dorex2007 ($1.83 in chips) 
Seat 5: Sharan628 ($3.64 in chips) 
Seat 6: ejit420 ($1.58 in chips) 
Seat 7: Sowa1103 ($0.13 in chips) 
Seat 9: Santana Carlos ($4.87 in chips) 
ejit420: posts small blind $0.01
Sowa1103: posts big blind $0.02
*** HOLE CARDS ***
Dealt to Dorex2007 [As 4d]
Nout5030 leaves the table
Santana Carlos: folds 
Lystana: folds 
cellist425: folds 
flushmagoo: folds 
ps.dimas joins the table at seat #8 
Dorex2007: folds 
Sharan628: folds 
ejit420: folds 
Uncalled bet ($0.01) returned to Sowa1103
Sowa1103 collected $0.02 from pot
Sowa1103: doesn't show hand 
*** SUMMARY ***
Total pot $0.02 | Rake $0 
Seat 1: Lystana folded before Flop (didn't bet)
Seat 2: cellist425 folded before Flop (didn't bet)
Seat 3: flushmagoo folded before Flop (didn't bet)
Seat 4: Dorex2007 folded before Flop (didn't bet)
Seat 5: Sharan628 (button) folded before Flop (didn't bet)
Seat 6: ejit420 (small blind) folded before Flop
Seat 7: Sowa1103 (big blind) collected ($0.02)
Seat 9: Santana Carlos folded before Flop (didn't bet)



PokerStars Hand #223962609833:  Hold'em No Limit ($0.01/$0.02 USD) - 2021/02/18 13:10:46 PT [2021/02/18 16:10:46 ET]
Table 'Liaoning IV' 9-max Seat #6 is the button
Seat 1: Lystana ($2.30 in chips) 
Seat 2: cellist425 ($2 in chips) 
Seat 3: flushmagoo ($2.05 in chips) 
Seat 4: Dorex2007 ($1.83 in chips) 
Seat 5: Sharan628 ($3.64 in chips) 
Seat 6: ejit420 ($1.57 in chips) 
Seat 7: Sowa1103 ($0.14 in chips) 
Seat 8: ps.dimas ($2 in chips) 
Seat 9: Santana Carlos ($4.87 in chips) 
Sowa1103: posts small blind $0.01
ps.dimas: posts big blind $0.02
*** HOLE CARDS ***
Dealt to Dorex2007 [Kc 5h]
Santana Carlos: raises $0.02 to $0.04
Lystana: folds 
cellist425: calls $0.04
flushmagoo: calls $0.04
Dorex2007: folds 
Sharan628: folds 
ejit420: calls $0.04
Sowa1103: raises $0.10 to $0.14 and is all-in
ps.dimas: calls $0.12
Santana Carlos: calls $0.10
cellist425: calls $0.10
flushmagoo: folds 
ejit420: folds 
*** FLOP *** [2d 3c 4h]
ps.dimas: bets $0.62
Santana Carlos: calls $0.62
cellist425: raises $1.24 to $1.86 and is all-in
ps.dimas: calls $1.24 and is all-in
Santana Carlos: folds 
cellist425 has timed out
*** TURN *** [2d 3c 4h] [7s]
*** RIVER *** [2d 3c 4h 7s] [Qs]
*** SHOW DOWN ***
ps.dimas: shows [9c 9d] (a pair of Nines)
cellist425: shows [7h 7d] (three of a kind, Sevens)
cellist425 collected $4.19 from side pot
Sowa1103: shows [2s Kd] (a pair of Deuces)
cellist425 collected $0.62 from main pot
Sowa1103 cashed out the hand for $0.13
ps.dimas cashed out the hand for $4.11 | Cash Out Fee $0.04
*** SUMMARY ***
Total pot $4.98 Main pot $0.62. Side pot $4.19. | Rake $0.17 
Board [2d 3c 4h 7s Qs]
Seat 1: Lystana folded before Flop (didn't bet)
Seat 2: cellist425 showed [7h 7d] and won ($4.81) with three of a kind, Sevens
Seat 3: flushmagoo folded before Flop
Seat 4: Dorex2007 folded before Flop (didn't bet)
Seat 5: Sharan628 folded before Flop (didn't bet)
Seat 6: ejit420 (button) folded before Flop
Seat 7: Sowa1103 (small blind) showed [2s Kd] and lost with a pair of Deuces (cashed out).
Seat 8: ps.dimas (big blind) showed [9c 9d] and lost with a pair of Nines (cashed out).
Seat 9: Santana Carlos folded on the Flop



