PokerStars Hand #237483405989:  Hold'em No Limit ($0.02/$0.05 USD) - 2022/07/20 16:38:17 PT [2022/07/20 19:38:17 ET]
Table 'Aspasia' 9-max Seat #7 is the button
Seat 1: montreal555 ($5 in chips) 
Seat 3: shtshot250 ($6.77 in chips) 
Seat 4: dvdhmstar ($9.19 in chips) 
Seat 5: Dorex2007 ($5 in chips) 
Seat 6: DeckchairDave ($5.36 in chips) 
Seat 7: Badaui_Ricado ($1.57 in chips) 
Seat 8: AdrianCDLP ($3.40 in chips) 
Seat 9: Almanza63 ($5 in chips) 
AdrianCDLP: posts small blind $0.02
Almanza63: posts big blind $0.05
Dorex2007: posts big blind $0.05
*** HOLE CARDS ***
Dealt to Dorex2007 [9d 4c]
montreal555: folds 
shtshot250: folds 
dvdhmstar: raises $0.05 to $0.10
Dorex2007: folds 
DeckchairDave: folds 
Badaui_Ricado: folds 
AdrianCDLP: folds 
Almanza63: calls $0.05
*** FLOP *** [Td 5d As]
Almanza63: checks 
dvdhmstar: bets $0.15
Almanza63: calls $0.15
*** TURN *** [Td 5d As] [2h]
Almanza63: checks 
dvdhmstar: bets $0.27
Almanza63: calls $0.27
*** RIVER *** [Td 5d As 2h] [2d]
Almanza63: checks 
dvdhmstar: checks 
*** SHOW DOWN ***
Almanza63: shows [Kh Ac] (two pair, Aces and Deuces)
dvdhmstar: mucks hand 
Almanza63 collected $1.06 from pot
*** SUMMARY ***
Total pot $1.11 | Rake $0.05 
Board [Td 5d As 2h 2d]
Seat 1: montreal555 folded before Flop (didn't bet)
Seat 3: shtshot250 folded before Flop (didn't bet)
Seat 4: dvdhmstar mucked [8h Ah]
Seat 5: Dorex2007 folded before Flop (didn't bet)
Seat 6: DeckchairDave folded before Flop (didn't bet)
Seat 7: Badaui_Ricado (button) folded before Flop (didn't bet)
Seat 8: AdrianCDLP (small blind) folded before Flop
Seat 9: Almanza63 (big blind) showed [Kh Ac] and won ($1.06) with two pair, Aces and Deuces



PokerStars Hand #237483419826:  Hold'em No Limit ($0.02/$0.05 USD) - 2022/07/20 16:39:12 PT [2022/07/20 19:39:12 ET]
Table 'Aspasia' 9-max Seat #8 is the button
Seat 1: montreal555 ($5 in chips) 
Seat 3: shtshot250 ($6.77 in chips) 
Seat 4: dvdhmstar ($8.67 in chips) 
Seat 5: Dorex2007 ($5 in chips) 
Seat 6: DeckchairDave ($5.36 in chips) 
Seat 7: Badaui_Ricado ($1.57 in chips) 
Seat 8: AdrianCDLP ($3.38 in chips) 
Seat 9: Almanza63 ($5.54 in chips) 
Almanza63: posts small blind $0.02
montreal555: posts big blind $0.05
*** HOLE CARDS ***
Dealt to Dorex2007 [9s Ah]
shtshot250: raises $0.12 to $0.17
dvdhmstar: folds 
Dorex2007: folds 
DeckchairDave: folds 
Badaui_Ricado: folds 
AdrianCDLP: folds 
Almanza63: calls $0.15
montreal555: folds 
*** FLOP *** [6d 4h 3c]
Almanza63: checks 
shtshot250: bets $0.37
Almanza63: folds 
Uncalled bet ($0.37) returned to shtshot250
shtshot250 collected $0.37 from pot
*** SUMMARY ***
Total pot $0.39 | Rake $0.02 
Board [6d 4h 3c]
Seat 1: montreal555 (big blind) folded before Flop
Seat 3: shtshot250 collected ($0.37)
Seat 4: dvdhmstar folded before Flop (didn't bet)
Seat 5: Dorex2007 folded before Flop (didn't bet)
Seat 6: DeckchairDave folded before Flop (didn't bet)
Seat 7: Badaui_Ricado folded before Flop (didn't bet)
Seat 8: AdrianCDLP (button) folded before Flop (didn't bet)
Seat 9: Almanza63 (small blind) folded on the Flop



PokerStars Hand #237483430666:  Hold'em No Limit ($0.02/$0.05 USD) - 2022/07/20 16:39:55 PT [2022/07/20 19:39:55 ET]
Table 'Aspasia' 9-max Seat #9 is the button
Seat 1: montreal555 ($4.95 in chips) 
Seat 3: shtshot250 ($6.97 in chips) 
Seat 4: dvdhmstar ($8.67 in chips) 
Seat 5: Dorex2007 ($5 in chips) 
Seat 6: DeckchairDave ($5.36 in chips) 
Seat 7: Badaui_Ricado ($1.57 in chips) 
Seat 8: AdrianCDLP ($3.38 in chips) 
Seat 9: Almanza63 ($5.37 in chips) 
montreal555: posts small blind $0.02
shtshot250: posts big blind $0.05
*** HOLE CARDS ***
Dealt to Dorex2007 [4s 2s]
dvdhmstar: folds 
Dorex2007: folds 
DeckchairDave: folds 
Badaui_Ricado: folds 
AdrianCDLP: raises $0.10 to $0.15
Almanza63: folds 
montreal555: folds 
shtshot250: calls $0.10
*** FLOP *** [3s Jc 6d]
shtshot250: bets $0.31
AdrianCDLP: calls $0.31
*** TURN *** [3s Jc 6d] [3h]
shtshot250: checks 
AdrianCDLP: bets $0.15
shtshot250: raises $0.15 to $0.30
AdrianCDLP: calls $0.15
*** RIVER *** [3s Jc 6d 3h] [7s]
shtshot250: bets $1.48
AdrianCDLP: folds 
Uncalled bet ($1.48) returned to shtshot250
shtshot250 collected $1.48 from pot
*** SUMMARY ***
Total pot $1.54 | Rake $0.06 
Board [3s Jc 6d 3h 7s]
Seat 1: montreal555 (small blind) folded before Flop
Seat 3: shtshot250 (big blind) collected ($1.48)
Seat 4: dvdhmstar folded before Flop (didn't bet)
Seat 5: Dorex2007 folded before Flop (didn't bet)
Seat 6: DeckchairDave folded before Flop (didn't bet)
Seat 7: Badaui_Ricado folded before Flop (didn't bet)
Seat 8: AdrianCDLP folded on the River
Seat 9: Almanza63 (button) folded before Flop (didn't bet)



PokerStars Hand #237483448856:  Hold'em No Limit ($0.02/$0.05 USD) - 2022/07/20 16:41:08 PT [2022/07/20 19:41:08 ET]
Table 'Aspasia' 9-max Seat #1 is the button
Seat 1: montreal555 ($4.93 in chips) 
Seat 3: shtshot250 ($7.69 in chips) 
Seat 4: dvdhmstar ($8.67 in chips) 
Seat 5: Dorex2007 ($5 in chips) 
Seat 6: DeckchairDave ($5.36 in chips) 
Seat 7: Badaui_Ricado ($1.57 in chips) 
Seat 8: AdrianCDLP ($2.62 in chips) 
Seat 9: Almanza63 ($5.37 in chips) 
shtshot250: posts small blind $0.02
dvdhmstar: posts big blind $0.05
*** HOLE CARDS ***
Dealt to Dorex2007 [9d Th]
Dorex2007: folds 
DeckchairDave: raises $0.15 to $0.20
Badaui_Ricado: folds 
AdrianCDLP: calls $0.20
Almanza63: folds 
montreal555: folds 
shtshot250: calls $0.18
dvdhmstar: calls $0.15
*** FLOP *** [3s Ac Jh]
shtshot250: checks 
dvdhmstar: checks 
DeckchairDave: checks 
AdrianCDLP: checks 
*** TURN *** [3s Ac Jh] [Qh]
shtshot250: bets $0.77
dvdhmstar: folds 
DeckchairDave: folds 
AdrianCDLP: raises $1.65 to $2.42 and is all-in
shtshot250: calls $1.65
AdrianCDLP has timed out
*** RIVER *** [3s Ac Jh Qh] [6h]
*** SHOW DOWN ***
shtshot250: shows [Kh Tc] (a straight, Ten to Ace)
AdrianCDLP: shows [Ad Ts] (a pair of Aces)
shtshot250 collected $5.41 from pot
*** SUMMARY ***
Total pot $5.64 | Rake $0.23 
Board [3s Ac Jh Qh 6h]
Seat 1: montreal555 (button) folded before Flop (didn't bet)
Seat 3: shtshot250 (small blind) showed [Kh Tc] and won ($5.41) with a straight, Ten to Ace
Seat 4: dvdhmstar (big blind) folded on the Turn
Seat 5: Dorex2007 folded before Flop (didn't bet)
Seat 6: DeckchairDave folded on the Turn
Seat 7: Badaui_Ricado folded before Flop (didn't bet)
Seat 8: AdrianCDLP showed [Ad Ts] and lost with a pair of Aces
Seat 9: Almanza63 folded before Flop (didn't bet)



PokerStars Hand #237483464270:  Hold'em No Limit ($0.02/$0.05 USD) - 2022/07/20 16:42:09 PT [2022/07/20 19:42:09 ET]
Table 'Aspasia' 9-max Seat #3 is the button
Seat 1: montreal555 ($4.93 in chips) 
Seat 3: shtshot250 ($10.48 in chips) 
Seat 4: dvdhmstar ($8.47 in chips) 
Seat 5: Dorex2007 ($5 in chips) 
Seat 6: DeckchairDave ($5.16 in chips) 
Seat 7: Badaui_Ricado ($1.57 in chips) 
Seat 9: Almanza63 ($5.37 in chips) 
dvdhmstar: posts small blind $0.02
Dorex2007: posts big blind $0.05
*** HOLE CARDS ***
Dealt to Dorex2007 [Js 9h]
DeckchairDave: folds 
Badaui_Ricado: calls $0.05
Almanza63: raises $0.10 to $0.15
montreal555: calls $0.15
shtshot250: folds 
dvdhmstar: calls $0.13
Dorex2007: folds 
Badaui_Ricado: calls $0.10
*** FLOP *** [Jc 3d 3h]
dvdhmstar: checks 
Badaui_Ricado: bets $0.30
Almanza63: folds 
montreal555: folds 
dvdhmstar: folds 
Uncalled bet ($0.30) returned to Badaui_Ricado
Badaui_Ricado collected $0.62 from pot
*** SUMMARY ***
Total pot $0.65 | Rake $0.03 
Board [Jc 3d 3h]
Seat 1: montreal555 folded on the Flop
Seat 3: shtshot250 (button) folded before Flop (didn't bet)
Seat 4: dvdhmstar (small blind) folded on the Flop
Seat 5: Dorex2007 (big blind) folded before Flop
Seat 6: DeckchairDave folded before Flop (didn't bet)
Seat 7: Badaui_Ricado collected ($0.62)
Seat 9: Almanza63 folded on the Flop



PokerStars Hand #237483478448:  Hold'em No Limit ($0.02/$0.05 USD) - 2022/07/20 16:43:06 PT [2022/07/20 19:43:06 ET]
Table 'Aspasia' 9-max Seat #4 is the button
Seat 1: montreal555 ($4.78 in chips) 
Seat 3: shtshot250 ($10.48 in chips) 
Seat 4: dvdhmstar ($8.32 in chips) 
Seat 5: Dorex2007 ($5 in chips) 
Seat 6: DeckchairDave ($5.16 in chips) 
Seat 7: Badaui_Ricado ($2.04 in chips) 
Seat 8: AdrianCDLP ($3.50 in chips) 
Seat 9: Almanza63 ($5.22 in chips) 
Dorex2007: posts small blind $0.02
DeckchairDave: posts big blind $0.05
*** HOLE CARDS ***
Dealt to Dorex2007 [2c 2d]
Badaui_Ricado: folds 
AdrianCDLP: folds 
Almanza63: folds 
montreal555: calls $0.05
shtshot250: folds 
dvdhmstar: folds 
Dorex2007: calls $0.03
DeckchairDave: raises $0.05 to $0.10
montreal555: calls $0.05
Dorex2007: calls $0.05
*** FLOP *** [Kd 2s 5s]
Dorex2007: checks 
DeckchairDave: bets $0.15
montreal555: raises $0.15 to $0.30
Dorex2007: raises $0.15 to $0.45
DeckchairDave: folds 
montreal555: calls $0.15
*** TURN *** [Kd 2s 5s] [Jc]
Dorex2007: bets $1.29
montreal555: calls $1.29
*** RIVER *** [Kd 2s 5s Jc] [Tc]
Dorex2007: bets $2.51
montreal555: raises $0.43 to $2.94 and is all-in
Dorex2007: calls $0.43
*** SHOW DOWN ***
montreal555: shows [As Qs] (a straight, Ten to Ace)
Dorex2007: shows [2c 2d] (three of a kind, Deuces)
montreal555 collected $9.40 from pot
*** SUMMARY ***
Total pot $9.81 | Rake $0.41 
Board [Kd 2s 5s Jc Tc]
Seat 1: montreal555 showed [As Qs] and won ($9.40) with a straight, Ten to Ace
Seat 3: shtshot250 folded before Flop (didn't bet)
Seat 4: dvdhmstar (button) folded before Flop (didn't bet)
Seat 5: Dorex2007 (small blind) showed [2c 2d] and lost with three of a kind, Deuces
Seat 6: DeckchairDave (big blind) folded on the Flop
Seat 7: Badaui_Ricado folded before Flop (didn't bet)
Seat 8: AdrianCDLP folded before Flop (didn't bet)
Seat 9: Almanza63 folded before Flop (didn't bet)



PokerStars Hand #237483502132:  Hold'em No Limit ($0.02/$0.05 USD) - 2022/07/20 16:44:26 PT [2022/07/20 19:44:26 ET]
Table 'Aspasia' 9-max Seat #5 is the button
Seat 1: montreal555 ($9.40 in chips) 
Seat 3: shtshot250 ($10.48 in chips) 
Seat 4: dvdhmstar ($8.32 in chips) 
Seat 5: Dorex2007 ($5 in chips) 
Seat 6: DeckchairDave ($4.91 in chips) 
Seat 7: Badaui_Ricado ($2.04 in chips) 
Seat 8: AdrianCDLP ($3.50 in chips) 
Seat 9: Almanza63 ($5.22 in chips) 
DeckchairDave: posts small blind $0.02
Badaui_Ricado: posts big blind $0.05
*** HOLE CARDS ***
Dealt to Dorex2007 [Qs 5h]
AdrianCDLP: raises $0.10 to $0.15
Almanza63: calls $0.15
montreal555: folds 
shtshot250: calls $0.15
dvdhmstar: folds 
Dorex2007: folds 
DeckchairDave: folds 
Badaui_Ricado: folds 
*** FLOP *** [6h Tc 2d]
AdrianCDLP: bets $0.25
Almanza63: calls $0.25
shtshot250: folds 
*** TURN *** [6h Tc 2d] [8c]
AdrianCDLP: checks 
Almanza63: checks 
*** RIVER *** [6h Tc 2d 8c] [3s]
AdrianCDLP: checks 
Almanza63: checks 
*** SHOW DOWN ***
AdrianCDLP: shows [8s 7c] (a pair of Eights)
Almanza63: mucks hand 
AdrianCDLP collected $0.98 from pot
*** SUMMARY ***
Total pot $1.02 | Rake $0.04 
Board [6h Tc 2d 8c 3s]
Seat 1: montreal555 folded before Flop (didn't bet)
Seat 3: shtshot250 folded on the Flop
Seat 4: dvdhmstar folded before Flop (didn't bet)
Seat 5: Dorex2007 (button) folded before Flop (didn't bet)
Seat 6: DeckchairDave (small blind) folded before Flop
Seat 7: Badaui_Ricado (big blind) folded before Flop
Seat 8: AdrianCDLP showed [8s 7c] and won ($0.98) with a pair of Eights
Seat 9: Almanza63 mucked [Qh Jh]



PokerStars Hand #237483518640:  Hold'em No Limit ($0.02/$0.05 USD) - 2022/07/20 16:45:32 PT [2022/07/20 19:45:32 ET]
Table 'Aspasia' 9-max Seat #6 is the button
Seat 1: montreal555 ($9.40 in chips) 
Seat 3: shtshot250 ($10.33 in chips) 
Seat 4: dvdhmstar ($8.32 in chips) 
Seat 5: Dorex2007 ($5 in chips) 
Seat 6: DeckchairDave ($4.89 in chips) 
Seat 7: Badaui_Ricado ($1.99 in chips) 
Seat 8: AdrianCDLP ($4.08 in chips) 
Seat 9: Almanza63 ($4.82 in chips) 
Badaui_Ricado: posts small blind $0.02
AdrianCDLP: posts big blind $0.05
*** HOLE CARDS ***
Dealt to Dorex2007 [2d 7c]
Almanza63: folds 
montreal555: folds 
shtshot250: folds 
dvdhmstar: folds 
Dorex2007: folds 
DeckchairDave: raises $0.07 to $0.12
Badaui_Ricado: folds 
AdrianCDLP: calls $0.07
*** FLOP *** [Kd 2h Qh]
AdrianCDLP: checks 
DeckchairDave: checks 
*** TURN *** [Kd 2h Qh] [6h]
AdrianCDLP: bets $0.10
DeckchairDave: raises $0.15 to $0.25
AdrianCDLP: calls $0.15
*** RIVER *** [Kd 2h Qh 6h] [6c]
AdrianCDLP: checks 
DeckchairDave: bets $0.50
AdrianCDLP: folds 
Uncalled bet ($0.50) returned to DeckchairDave
DeckchairDave collected $0.73 from pot
*** SUMMARY ***
Total pot $0.76 | Rake $0.03 
Board [Kd 2h Qh 6h 6c]
Seat 1: montreal555 folded before Flop (didn't bet)
Seat 3: shtshot250 folded before Flop (didn't bet)
Seat 4: dvdhmstar folded before Flop (didn't bet)
Seat 5: Dorex2007 folded before Flop (didn't bet)
Seat 6: DeckchairDave (button) collected ($0.73)
Seat 7: Badaui_Ricado (small blind) folded before Flop
Seat 8: AdrianCDLP (big blind) folded on the River
Seat 9: Almanza63 folded before Flop (didn't bet)



PokerStars Hand #237483543218:  Hold'em No Limit ($0.02/$0.05 USD) - 2022/07/20 16:47:09 PT [2022/07/20 19:47:09 ET]
Table 'Aspasia' 9-max Seat #7 is the button
Seat 1: montreal555 ($9.40 in chips) 
Seat 3: shtshot250 ($10.33 in chips) 
Seat 4: dvdhmstar ($8.32 in chips) 
Seat 5: Dorex2007 ($5 in chips) 
Seat 6: DeckchairDave ($5.25 in chips) 
Seat 7: Badaui_Ricado ($1.97 in chips) 
Seat 8: AdrianCDLP ($3.71 in chips) 
Seat 9: Almanza63 ($4.82 in chips) 
AdrianCDLP: posts small blind $0.02
Almanza63: posts big blind $0.05
*** HOLE CARDS ***
Dealt to Dorex2007 [7c 4c]
montreal555: folds 
shtshot250: raises $0.12 to $0.17
dvdhmstar: folds 
Dorex2007: folds 
DeckchairDave: folds 
Badaui_Ricado: calls $0.17
AdrianCDLP: calls $0.15
Almanza63: folds 
*** FLOP *** [4d 5d 9s]
AdrianCDLP: checks 
shtshot250: bets $0.54
Badaui_Ricado: folds 
AdrianCDLP: folds 
Uncalled bet ($0.54) returned to shtshot250
shtshot250 collected $0.54 from pot
*** SUMMARY ***
Total pot $0.56 | Rake $0.02 
Board [4d 5d 9s]
Seat 1: montreal555 folded before Flop (didn't bet)
Seat 3: shtshot250 collected ($0.54)
Seat 4: dvdhmstar folded before Flop (didn't bet)
Seat 5: Dorex2007 folded before Flop (didn't bet)
Seat 6: DeckchairDave folded before Flop (didn't bet)
Seat 7: Badaui_Ricado (button) folded on the Flop
Seat 8: AdrianCDLP (small blind) folded on the Flop
Seat 9: Almanza63 (big blind) folded before Flop



PokerStars Hand #237483556954:  Hold'em No Limit ($0.02/$0.05 USD) - 2022/07/20 16:48:02 PT [2022/07/20 19:48:02 ET]
Table 'Aspasia' 9-max Seat #8 is the button
Seat 1: montreal555 ($9.40 in chips) 
Seat 3: shtshot250 ($10.70 in chips) 
Seat 4: dvdhmstar ($8.32 in chips) 
Seat 5: Dorex2007 ($5 in chips) 
Seat 6: DeckchairDave ($5.25 in chips) 
Seat 7: Badaui_Ricado ($1.80 in chips) 
Seat 8: AdrianCDLP ($3.54 in chips) 
Seat 9: Almanza63 ($4.77 in chips) 
Almanza63: posts small blind $0.02
montreal555: posts big blind $0.05
*** HOLE CARDS ***
Dealt to Dorex2007 [Ac Ks]
shtshot250: folds 
dvdhmstar: folds 
Dorex2007: raises $0.10 to $0.15
DeckchairDave: folds 
Badaui_Ricado: folds 
AdrianCDLP: folds 
Almanza63: folds 
montreal555: folds 
Uncalled bet ($0.10) returned to Dorex2007
Dorex2007 collected $0.12 from pot
*** SUMMARY ***
Total pot $0.12 | Rake $0 
Seat 1: montreal555 (big blind) folded before Flop
Seat 3: shtshot250 folded before Flop (didn't bet)
Seat 4: dvdhmstar folded before Flop (didn't bet)
Seat 5: Dorex2007 collected ($0.12)
Seat 6: DeckchairDave folded before Flop (didn't bet)
Seat 7: Badaui_Ricado folded before Flop (didn't bet)
Seat 8: AdrianCDLP (button) folded before Flop (didn't bet)
Seat 9: Almanza63 (small blind) folded before Flop



PokerStars Hand #237483562964:  Hold'em No Limit ($0.02/$0.05 USD) - 2022/07/20 16:48:27 PT [2022/07/20 19:48:27 ET]
Table 'Aspasia' 9-max Seat #9 is the button
Seat 1: montreal555 ($9.35 in chips) 
Seat 4: dvdhmstar ($8.32 in chips) 
Seat 5: Dorex2007 ($5.07 in chips) 
Seat 6: DeckchairDave ($5.25 in chips) 
Seat 7: Badaui_Ricado ($1.80 in chips) 
Seat 8: AdrianCDLP ($3.54 in chips) 
Seat 9: Almanza63 ($4.75 in chips) 
montreal555: posts small blind $0.02
dvdhmstar: posts big blind $0.05
*** HOLE CARDS ***
Dealt to Dorex2007 [Jh 6d]
Dorex2007: folds 
DeckchairDave: raises $0.05 to $0.10
Badaui_Ricado: folds 
AdrianCDLP: calls $0.10
Almanza63: folds 
montreal555: folds 
dvdhmstar: calls $0.05
*** FLOP *** [Ts 9s 3c]
dvdhmstar: checks 
DeckchairDave: checks 
AdrianCDLP: checks 
*** TURN *** [Ts 9s 3c] [3d]
dvdhmstar: bets $0.15
DeckchairDave: calls $0.15
AdrianCDLP: calls $0.15
*** RIVER *** [Ts 9s 3c 3d] [Ad]
dvdhmstar: checks 
DeckchairDave: bets $0.25
AdrianCDLP: calls $0.25
dvdhmstar: calls $0.25
*** SHOW DOWN ***
DeckchairDave: shows [4s Ah] (two pair, Aces and Threes)
AdrianCDLP: shows [Qc Ac] (two pair, Aces and Threes - Queen kicker)
dvdhmstar: mucks hand 
AdrianCDLP collected $1.46 from pot
WeNaSo_07 leaves the table
*** SUMMARY ***
Total pot $1.52 | Rake $0.06 
Board [Ts 9s 3c 3d Ad]
Seat 1: montreal555 (small blind) folded before Flop
Seat 4: dvdhmstar (big blind) mucked [Jd Th]
Seat 5: Dorex2007 folded before Flop (didn't bet)
Seat 6: DeckchairDave showed [4s Ah] and lost with two pair, Aces and Threes
Seat 7: Badaui_Ricado folded before Flop (didn't bet)
Seat 8: AdrianCDLP showed [Qc Ac] and won ($1.46) with two pair, Aces and Threes
Seat 9: Almanza63 (button) folded before Flop (didn't bet)



PokerStars Hand #237483581882:  Hold'em No Limit ($0.02/$0.05 USD) - 2022/07/20 16:49:40 PT [2022/07/20 19:49:40 ET]
Table 'Aspasia' 9-max Seat #1 is the button
Seat 1: montreal555 ($9.33 in chips) 
Seat 4: dvdhmstar ($7.82 in chips) 
Seat 5: Dorex2007 ($5.07 in chips) 
Seat 6: DeckchairDave ($4.75 in chips) 
Seat 7: Badaui_Ricado ($1.80 in chips) 
Seat 8: AdrianCDLP ($4.50 in chips) 
Seat 9: Almanza63 ($4.75 in chips) 
dvdhmstar: posts small blind $0.02
Dorex2007: posts big blind $0.05
*** HOLE CARDS ***
Dealt to Dorex2007 [9h 5c]
DeckchairDave: raises $0.05 to $0.10
Badaui_Ricado: folds 
AdrianCDLP: folds 
Almanza63: folds 
montreal555: folds 
dvdhmstar: calls $0.08
Dorex2007: folds 
*** FLOP *** [9c 6h 3d]
dvdhmstar: bets $0.10
DeckchairDave: folds 
Uncalled bet ($0.10) returned to dvdhmstar
dvdhmstar collected $0.24 from pot
*** SUMMARY ***
Total pot $0.25 | Rake $0.01 
Board [9c 6h 3d]
Seat 1: montreal555 (button) folded before Flop (didn't bet)
Seat 4: dvdhmstar (small blind) collected ($0.24)
Seat 5: Dorex2007 (big blind) folded before Flop
Seat 6: DeckchairDave folded on the Flop
Seat 7: Badaui_Ricado folded before Flop (didn't bet)
Seat 8: AdrianCDLP folded before Flop (didn't bet)
Seat 9: Almanza63 folded before Flop (didn't bet)



PokerStars Hand #237483589020:  Hold'em No Limit ($0.02/$0.05 USD) - 2022/07/20 16:50:09 PT [2022/07/20 19:50:09 ET]
Table 'Aspasia' 9-max Seat #4 is the button
Seat 1: montreal555 ($9.33 in chips) 
Seat 4: dvdhmstar ($7.96 in chips) 
Seat 5: Dorex2007 ($5.02 in chips) 
Seat 6: DeckchairDave ($4.65 in chips) 
Seat 7: Badaui_Ricado ($1.80 in chips) 
Seat 8: AdrianCDLP ($4.50 in chips) 
Seat 9: Almanza63 ($4.75 in chips) 
Dorex2007: posts small blind $0.02
DeckchairDave: posts big blind $0.05
*** HOLE CARDS ***
Dealt to Dorex2007 [7s 6d]
Badaui_Ricado: folds 
AdrianCDLP: raises $0.10 to $0.15
Almanza63: folds 
montreal555: folds 
dvdhmstar: folds 
Dorex2007: folds 
DeckchairDave: raises $0.20 to $0.35
AdrianCDLP: calls $0.20
*** FLOP *** [8s 6c 6s]
DeckchairDave: checks 
yusuftkd754 joins the table at seat #2 
AdrianCDLP: checks 
*** TURN *** [8s 6c 6s] [3s]
DeckchairDave: bets $0.25
AdrianCDLP: calls $0.25
*** RIVER *** [8s 6c 6s 3s] [Td]
DeckchairDave: checks 
AdrianCDLP: checks 
*** SHOW DOWN ***
DeckchairDave: shows [Ac Qc] (a pair of Sixes)
AdrianCDLP: shows [Qh Ad] (a pair of Sixes)
DeckchairDave collected $0.59 from pot
AdrianCDLP collected $0.58 from pot
*** SUMMARY ***
Total pot $1.22 | Rake $0.05 
Board [8s 6c 6s 3s Td]
Seat 1: montreal555 folded before Flop (didn't bet)
Seat 4: dvdhmstar (button) folded before Flop (didn't bet)
Seat 5: Dorex2007 (small blind) folded before Flop
Seat 6: DeckchairDave (big blind) showed [Ac Qc] and won ($0.59) with a pair of Sixes
Seat 7: Badaui_Ricado folded before Flop (didn't bet)
Seat 8: AdrianCDLP showed [Qh Ad] and won ($0.58) with a pair of Sixes
Seat 9: Almanza63 folded before Flop (didn't bet)



PokerStars Hand #237483612613:  Hold'em No Limit ($0.02/$0.05 USD) - 2022/07/20 16:51:09 PT [2022/07/20 19:51:09 ET]
Table 'Aspasia' 9-max Seat #5 is the button
Seat 1: montreal555 ($9.33 in chips) 
Seat 4: dvdhmstar ($7.96 in chips) 
Seat 5: Dorex2007 ($5 in chips) 
Seat 6: DeckchairDave ($4.64 in chips) 
Seat 7: Badaui_Ricado ($1.80 in chips) 
Seat 8: AdrianCDLP ($4.48 in chips) 
Seat 9: Almanza63 ($4.75 in chips) 
DeckchairDave: posts small blind $0.02
Badaui_Ricado: posts big blind $0.05
yusuftkd754: sits out 
*** HOLE CARDS ***
Dealt to Dorex2007 [5s Qc]
AdrianCDLP: folds 
Almanza63: folds 
montreal555: calls $0.05
dvdhmstar: folds 
Dorex2007: folds 
DeckchairDave: raises $0.15 to $0.20
Badaui_Ricado: folds 
montreal555: calls $0.15
*** FLOP *** [9d 2c Jh]
DeckchairDave: checks 
montreal555: checks 
*** TURN *** [9d 2c Jh] [2h]
DeckchairDave: checks 
montreal555: bets $0.15
DeckchairDave: calls $0.15
*** RIVER *** [9d 2c Jh 2h] [6c]
DeckchairDave: checks 
montreal555: checks 
*** SHOW DOWN ***
DeckchairDave: shows [9h 9s] (a full house, Nines full of Deuces)
montreal555: mucks hand 
DeckchairDave collected $0.72 from pot
*** SUMMARY ***
Total pot $0.75 | Rake $0.03 
Board [9d 2c Jh 2h 6c]
Seat 1: montreal555 mucked [3s 3c]
Seat 4: dvdhmstar folded before Flop (didn't bet)
Seat 5: Dorex2007 (button) folded before Flop (didn't bet)
Seat 6: DeckchairDave (small blind) showed [9h 9s] and won ($0.72) with a full house, Nines full of Deuces
Seat 7: Badaui_Ricado (big blind) folded before Flop
Seat 8: AdrianCDLP folded before Flop (didn't bet)
Seat 9: Almanza63 folded before Flop (didn't bet)



PokerStars Hand #237483625631:  Hold'em No Limit ($0.02/$0.05 USD) - 2022/07/20 16:52:02 PT [2022/07/20 19:52:02 ET]
Table 'Aspasia' 9-max Seat #6 is the button
Seat 1: montreal555 ($8.98 in chips) 
Seat 4: dvdhmstar ($7.96 in chips) 
Seat 5: Dorex2007 ($5 in chips) 
Seat 6: DeckchairDave ($5.01 in chips) 
Seat 7: Badaui_Ricado ($1.75 in chips) 
Seat 8: AdrianCDLP ($4.48 in chips) 
Seat 9: Almanza63 ($4.75 in chips) 
Badaui_Ricado: posts small blind $0.02
AdrianCDLP: posts big blind $0.05
yusuftkd754: sits out 
*** HOLE CARDS ***
Dealt to Dorex2007 [4h Kc]
Almanza63: folds 
montreal555: folds 
dvdhmstar: raises $0.05 to $0.10
yusuftkd754 leaves the table
Dorex2007: folds 
DeckchairDave: folds 
Badaui_Ricado: folds 
AdrianCDLP: calls $0.05
*** FLOP *** [5s Tc 3h]
AdrianCDLP: bets $0.10
dvdhmstar: calls $0.10
*** TURN *** [5s Tc 3h] [Qd]
AdrianCDLP: checks 
dvdhmstar: checks 
*** RIVER *** [5s Tc 3h Qd] [8s]
AdrianCDLP: bets $0.40
dvdhmstar: folds 
Uncalled bet ($0.40) returned to AdrianCDLP
AdrianCDLP collected $0.40 from pot
*** SUMMARY ***
Total pot $0.42 | Rake $0.02 
Board [5s Tc 3h Qd 8s]
Seat 1: montreal555 folded before Flop (didn't bet)
Seat 4: dvdhmstar folded on the River
Seat 5: Dorex2007 folded before Flop (didn't bet)
Seat 6: DeckchairDave (button) folded before Flop (didn't bet)
Seat 7: Badaui_Ricado (small blind) folded before Flop
Seat 8: AdrianCDLP (big blind) collected ($0.40)
Seat 9: Almanza63 folded before Flop (didn't bet)



PokerStars Hand #237483636907:  Hold'em No Limit ($0.02/$0.05 USD) - 2022/07/20 16:52:48 PT [2022/07/20 19:52:48 ET]
Table 'Aspasia' 9-max Seat #7 is the button
Seat 1: montreal555 ($8.98 in chips) 
Seat 4: dvdhmstar ($7.76 in chips) 
Seat 5: Dorex2007 ($5 in chips) 
Seat 6: DeckchairDave ($5.01 in chips) 
Seat 7: Badaui_Ricado ($1.73 in chips) 
Seat 8: AdrianCDLP ($4.68 in chips) 
Seat 9: Almanza63 ($4.75 in chips) 
AdrianCDLP: posts small blind $0.02
Almanza63: posts big blind $0.05
*** HOLE CARDS ***
Dealt to Dorex2007 [2s Ts]
montreal555: folds 
dvdhmstar: folds 
Dorex2007: folds 
bullingaround joins the table at seat #2 
DeckchairDave: folds 
Badaui_Ricado: folds 
AdrianCDLP: calls $0.03
Almanza63: checks 
*** FLOP *** [8d Kd 3d]
AdrianCDLP: bets $0.10
Almanza63: folds 
Uncalled bet ($0.10) returned to AdrianCDLP
AdrianCDLP collected $0.10 from pot
*** SUMMARY ***
Total pot $0.10 | Rake $0 
Board [8d Kd 3d]
Seat 1: montreal555 folded before Flop (didn't bet)
Seat 4: dvdhmstar folded before Flop (didn't bet)
Seat 5: Dorex2007 folded before Flop (didn't bet)
Seat 6: DeckchairDave folded before Flop (didn't bet)
Seat 7: Badaui_Ricado (button) folded before Flop (didn't bet)
Seat 8: AdrianCDLP (small blind) collected ($0.10)
Seat 9: Almanza63 (big blind) folded on the Flop



PokerStars Hand #237483645662:  Hold'em No Limit ($0.02/$0.05 USD) - 2022/07/20 16:53:24 PT [2022/07/20 19:53:24 ET]
Table 'Aspasia' 9-max Seat #8 is the button
Seat 1: montreal555 ($8.98 in chips) 
Seat 4: dvdhmstar ($7.76 in chips) 
Seat 5: Dorex2007 ($5 in chips) 
Seat 6: DeckchairDave ($5.01 in chips) 
Seat 7: Badaui_Ricado ($1.73 in chips) 
Seat 8: AdrianCDLP ($4.73 in chips) 
Seat 9: Almanza63 ($4.70 in chips) 
Almanza63: posts small blind $0.02
montreal555: posts big blind $0.05
bullingaround: sits out 
*** HOLE CARDS ***
Dealt to Dorex2007 [9s Ts]
dvdhmstar: raises $0.05 to $0.10
Dorex2007: calls $0.10
DeckchairDave: folds 
Badaui_Ricado: calls $0.10
AdrianCDLP: calls $0.10
Almanza63: calls $0.08
montreal555: folds 
*** FLOP *** [7h 2d 3c]
Almanza63: checks 
dvdhmstar: checks 
Dorex2007: checks 
Badaui_Ricado: checks 
AdrianCDLP: checks 
*** TURN *** [7h 2d 3c] [4s]
Almanza63: checks 
dvdhmstar: checks 
Dorex2007: checks 
Badaui_Ricado: checks 
AdrianCDLP: bets $0.20
Almanza63: folds 
dvdhmstar: folds 
Dorex2007: folds 
Badaui_Ricado: folds 
Uncalled bet ($0.20) returned to AdrianCDLP
AdrianCDLP collected $0.53 from pot
*** SUMMARY ***
Total pot $0.55 | Rake $0.02 
Board [7h 2d 3c 4s]
Seat 1: montreal555 (big blind) folded before Flop
Seat 4: dvdhmstar folded on the Turn
Seat 5: Dorex2007 folded on the Turn
Seat 6: DeckchairDave folded before Flop (didn't bet)
Seat 7: Badaui_Ricado folded on the Turn
Seat 8: AdrianCDLP (button) collected ($0.53)
Seat 9: Almanza63 (small blind) folded on the Turn



PokerStars Hand #237483666540:  Hold'em No Limit ($0.02/$0.05 USD) - 2022/07/20 16:54:50 PT [2022/07/20 19:54:50 ET]
Table 'Aspasia' 9-max Seat #9 is the button
Seat 1: montreal555 ($8.93 in chips) 
Seat 2: bullingaround ($4 in chips) 
Seat 4: dvdhmstar ($7.66 in chips) 
Seat 5: Dorex2007 ($5 in chips) 
Seat 6: DeckchairDave ($5.01 in chips) 
Seat 7: Badaui_Ricado ($1.63 in chips) 
Seat 8: AdrianCDLP ($5.16 in chips) 
Seat 9: Almanza63 ($4.60 in chips) 
montreal555: posts small blind $0.02
bullingaround: posts big blind $0.05
*** HOLE CARDS ***
Dealt to Dorex2007 [Ts Kd]
dvdhmstar: folds 
Dorex2007: raises $0.05 to $0.10
DeckchairDave: calls $0.10
Badaui_Ricado: folds 
AdrianCDLP: folds 
Almanza63: calls $0.10
montreal555: folds 
bullingaround: calls $0.05
*** FLOP *** [7d As 6s]
bullingaround: checks 
Dorex2007: checks 
DeckchairDave: checks 
Almanza63: bets $0.26
bullingaround: folds 
Dorex2007: folds 
DeckchairDave: folds 
Uncalled bet ($0.26) returned to Almanza63
Almanza63 collected $0.40 from pot
*** SUMMARY ***
Total pot $0.42 | Rake $0.02 
Board [7d As 6s]
Seat 1: montreal555 (small blind) folded before Flop
Seat 2: bullingaround (big blind) folded on the Flop
Seat 4: dvdhmstar folded before Flop (didn't bet)
Seat 5: Dorex2007 folded on the Flop
Seat 6: DeckchairDave folded on the Flop
Seat 7: Badaui_Ricado folded before Flop (didn't bet)
Seat 8: AdrianCDLP folded before Flop (didn't bet)
Seat 9: Almanza63 (button) collected ($0.40)



PokerStars Hand #237483680466:  Hold'em No Limit ($0.02/$0.05 USD) - 2022/07/20 16:55:55 PT [2022/07/20 19:55:55 ET]
Table 'Aspasia' 9-max Seat #1 is the button
Seat 1: montreal555 ($8.91 in chips) 
Seat 2: bullingaround ($3.90 in chips) 
Seat 3: shtshot250 ($10.70 in chips) 
Seat 4: dvdhmstar ($7.66 in chips) 
Seat 5: Dorex2007 ($5 in chips) 
Seat 6: DeckchairDave ($4.91 in chips) 
Seat 7: Badaui_Ricado ($1.63 in chips) 
Seat 8: AdrianCDLP ($5.16 in chips) 
Seat 9: Almanza63 ($4.90 in chips) 
bullingaround: posts small blind $0.02
shtshot250: posts big blind $0.05
*** HOLE CARDS ***
Dealt to Dorex2007 [8s 2c]
dvdhmstar: raises $0.05 to $0.10
Dorex2007: folds 
DeckchairDave: folds 
Badaui_Ricado: folds 
AdrianCDLP: folds 
Almanza63: folds 
montreal555: folds 
bullingaround: folds 
shtshot250: folds 
Uncalled bet ($0.05) returned to dvdhmstar
dvdhmstar collected $0.12 from pot
*** SUMMARY ***
Total pot $0.12 | Rake $0 
Seat 1: montreal555 (button) folded before Flop (didn't bet)
Seat 2: bullingaround (small blind) folded before Flop
Seat 3: shtshot250 (big blind) folded before Flop
Seat 4: dvdhmstar collected ($0.12)
Seat 5: Dorex2007 folded before Flop (didn't bet)
Seat 6: DeckchairDave folded before Flop (didn't bet)
Seat 7: Badaui_Ricado folded before Flop (didn't bet)
Seat 8: AdrianCDLP folded before Flop (didn't bet)
Seat 9: Almanza63 folded before Flop (didn't bet)



PokerStars Hand #237483687692:  Hold'em No Limit ($0.02/$0.05 USD) - 2022/07/20 16:56:29 PT [2022/07/20 19:56:29 ET]
Table 'Aspasia' 9-max Seat #2 is the button
Seat 1: montreal555 ($8.91 in chips) 
Seat 2: bullingaround ($3.88 in chips) 
Seat 3: shtshot250 ($10.65 in chips) 
Seat 4: dvdhmstar ($7.73 in chips) 
Seat 5: Dorex2007 ($5 in chips) 
Seat 6: DeckchairDave ($4.91 in chips) 
Seat 7: Badaui_Ricado ($1.63 in chips) 
Seat 8: AdrianCDLP ($5.16 in chips) 
Seat 9: Almanza63 ($4.90 in chips) 
shtshot250: posts small blind $0.02
dvdhmstar: posts big blind $0.05
*** HOLE CARDS ***
Dealt to Dorex2007 [3h 8s]
Dorex2007: folds 
DeckchairDave: raises $0.12 to $0.17
Badaui_Ricado: folds 
AdrianCDLP: folds 
Almanza63: calls $0.17
montreal555: folds 
bullingaround: folds 
shtshot250: calls $0.15
dvdhmstar: folds 
*** FLOP *** [8d 7s 5h]
shtshot250: checks 
DeckchairDave: bets $0.45
Almanza63: folds 
shtshot250: calls $0.45
*** TURN *** [8d 7s 5h] [4d]
shtshot250: checks 
DeckchairDave: checks 
*** RIVER *** [8d 7s 5h 4d] [5c]
shtshot250: checks 
DeckchairDave: checks 
*** SHOW DOWN ***
shtshot250: shows [Ah Qd] (a pair of Fives)
DeckchairDave: mucks hand 
shtshot250 collected $1.40 from pot
*** SUMMARY ***
Total pot $1.46 | Rake $0.06 
Board [8d 7s 5h 4d 5c]
Seat 1: montreal555 folded before Flop (didn't bet)
Seat 2: bullingaround (button) folded before Flop (didn't bet)
Seat 3: shtshot250 (small blind) showed [Ah Qd] and won ($1.40) with a pair of Fives
Seat 4: dvdhmstar (big blind) folded before Flop
Seat 5: Dorex2007 folded before Flop (didn't bet)
Seat 6: DeckchairDave mucked [Jd 9c]
Seat 7: Badaui_Ricado folded before Flop (didn't bet)
Seat 8: AdrianCDLP folded before Flop (didn't bet)
Seat 9: Almanza63 folded on the Flop



PokerStars Hand #237483705601:  Hold'em No Limit ($0.02/$0.05 USD) - 2022/07/20 16:57:56 PT [2022/07/20 19:57:56 ET]
Table 'Aspasia' 9-max Seat #3 is the button
Seat 1: montreal555 ($8.91 in chips) 
Seat 2: bullingaround ($3.88 in chips) 
Seat 3: shtshot250 ($11.43 in chips) 
Seat 4: dvdhmstar ($7.68 in chips) 
Seat 5: Dorex2007 ($5 in chips) 
Seat 6: DeckchairDave ($4.29 in chips) 
Seat 7: Badaui_Ricado ($1.63 in chips) 
Seat 8: AdrianCDLP ($5.16 in chips) 
Seat 9: Almanza63 ($4.73 in chips) 
dvdhmstar: posts small blind $0.02
Dorex2007: posts big blind $0.05
*** HOLE CARDS ***
Dealt to Dorex2007 [2h 2d]
DeckchairDave: folds 
Badaui_Ricado: folds 
AdrianCDLP: calls $0.05
Almanza63: folds 
montreal555: folds 
bullingaround: raises $0.05 to $0.10
shtshot250: folds 
dvdhmstar: raises $0.20 to $0.30
Dorex2007: folds 
AdrianCDLP: folds 
bullingaround: calls $0.20
*** FLOP *** [7c 9d 9h]
dvdhmstar: checks 
bullingaround: checks 
*** TURN *** [7c 9d 9h] [8s]
dvdhmstar: bets $0.15
bullingaround: calls $0.15
*** RIVER *** [7c 9d 9h 8s] [Js]
dvdhmstar: checks 
bullingaround: checks 
*** SHOW DOWN ***
dvdhmstar: shows [Kd As] (a pair of Nines)
bullingaround: mucks hand 
dvdhmstar collected $0.96 from pot
*** SUMMARY ***
Total pot $1 | Rake $0.04 
Board [7c 9d 9h 8s Js]
Seat 1: montreal555 folded before Flop (didn't bet)
Seat 2: bullingaround mucked [Qd Ah]
Seat 3: shtshot250 (button) folded before Flop (didn't bet)
Seat 4: dvdhmstar (small blind) showed [Kd As] and won ($0.96) with a pair of Nines
Seat 5: Dorex2007 (big blind) folded before Flop
Seat 6: DeckchairDave folded before Flop (didn't bet)
Seat 7: Badaui_Ricado folded before Flop (didn't bet)
Seat 8: AdrianCDLP folded before Flop
Seat 9: Almanza63 folded before Flop (didn't bet)



PokerStars Hand #237483723829:  Hold'em No Limit ($0.02/$0.05 USD) - 2022/07/20 16:58:58 PT [2022/07/20 19:58:58 ET]
Table 'Aspasia' 9-max Seat #4 is the button
Seat 1: montreal555 ($8.91 in chips) 
Seat 2: bullingaround ($3.43 in chips) 
Seat 4: dvdhmstar ($8.19 in chips) 
Seat 5: Dorex2007 ($5 in chips) 
Seat 6: DeckchairDave ($4.29 in chips) 
Seat 7: Badaui_Ricado ($1.63 in chips) 
Seat 8: AdrianCDLP ($5.11 in chips) 
Seat 9: Almanza63 ($4.73 in chips) 
Dorex2007: posts small blind $0.02
DeckchairDave: posts big blind $0.05
*** HOLE CARDS ***
Dealt to Dorex2007 [Kc 6s]
Badaui_Ricado: folds 
AdrianCDLP: folds 
Almanza63: folds 
montreal555: folds 
bullingaround: folds 
dvdhmstar: raises $0.10 to $0.15
Dorex2007: folds 
DeckchairDave: folds 
Uncalled bet ($0.10) returned to dvdhmstar
dvdhmstar collected $0.12 from pot
*** SUMMARY ***
Total pot $0.12 | Rake $0 
Seat 1: montreal555 folded before Flop (didn't bet)
Seat 2: bullingaround folded before Flop (didn't bet)
Seat 4: dvdhmstar (button) collected ($0.12)
Seat 5: Dorex2007 (small blind) folded before Flop
Seat 6: DeckchairDave (big blind) folded before Flop
Seat 7: Badaui_Ricado folded before Flop (didn't bet)
Seat 8: AdrianCDLP folded before Flop (didn't bet)
Seat 9: Almanza63 folded before Flop (didn't bet)



PokerStars Hand #237483731478:  Hold'em No Limit ($0.02/$0.05 USD) - 2022/07/20 16:59:35 PT [2022/07/20 19:59:35 ET]
Table 'Aspasia' 9-max Seat #5 is the button
Seat 1: montreal555 ($8.91 in chips) 
Seat 2: bullingaround ($3.43 in chips) 
Seat 4: dvdhmstar ($8.26 in chips) 
Seat 5: Dorex2007 ($5 in chips) 
Seat 6: DeckchairDave ($4.24 in chips) 
Seat 7: Badaui_Ricado ($1.63 in chips) 
Seat 8: AdrianCDLP ($5.11 in chips) 
Seat 9: Almanza63 ($4.73 in chips) 
DeckchairDave: posts small blind $0.02
Badaui_Ricado: posts big blind $0.05
*** HOLE CARDS ***
Dealt to Dorex2007 [6s 4h]
AdrianCDLP: calls $0.05
Almanza63: folds 
montreal555: folds 
bullingaround: folds 
dvdhmstar: folds 
Dorex2007: folds 
DeckchairDave: calls $0.03
Badaui_Ricado: checks 
*** FLOP *** [Kd 6d 9h]
DeckchairDave: checks 
Badaui_Ricado: checks 
AdrianCDLP: bets $0.10
DeckchairDave: raises $0.15 to $0.25
Badaui_Ricado: folds 
AdrianCDLP: calls $0.15
*** TURN *** [Kd 6d 9h] [Tc]
DeckchairDave: bets $0.45
AdrianCDLP: calls $0.45
*** RIVER *** [Kd 6d 9h Tc] [Qc]
DeckchairDave: checks 
AdrianCDLP: bets $4.36 and is all-in
DeckchairDave: folds 
Uncalled bet ($4.36) returned to AdrianCDLP
AdrianCDLP collected $1.49 from pot
*** SUMMARY ***
Total pot $1.55 | Rake $0.06 
Board [Kd 6d 9h Tc Qc]
Seat 1: montreal555 folded before Flop (didn't bet)
Seat 2: bullingaround folded before Flop (didn't bet)
Seat 4: dvdhmstar folded before Flop (didn't bet)
Seat 5: Dorex2007 (button) folded before Flop (didn't bet)
Seat 6: DeckchairDave (small blind) folded on the River
Seat 7: Badaui_Ricado (big blind) folded on the Flop
Seat 8: AdrianCDLP collected ($1.49)
Seat 9: Almanza63 folded before Flop (didn't bet)



PokerStars Hand #237483752561:  Hold'em No Limit ($0.02/$0.05 USD) - 2022/07/20 17:01:12 PT [2022/07/20 20:01:12 ET]
Table 'Aspasia' 9-max Seat #6 is the button
Seat 1: montreal555 ($8.91 in chips) 
Seat 2: bullingaround ($3.43 in chips) 
Seat 4: dvdhmstar ($8.26 in chips) 
Seat 5: Dorex2007 ($5 in chips) 
Seat 6: DeckchairDave ($3.49 in chips) 
Seat 7: Badaui_Ricado ($1.58 in chips) 
Seat 8: AdrianCDLP ($5.85 in chips) 
Seat 9: Almanza63 ($4.73 in chips) 
Badaui_Ricado: posts small blind $0.02
AdrianCDLP: posts big blind $0.05
*** HOLE CARDS ***
Dealt to Dorex2007 [5h Ah]
Almanza63: folds 
montreal555: folds 
bullingaround: calls $0.05
dvdhmstar: folds 
Dorex2007: raises $0.10 to $0.15
DeckchairDave: folds 
Badaui_Ricado: folds 
AdrianCDLP: calls $0.10
bullingaround: calls $0.10
*** FLOP *** [Qd 2d Td]
AdrianCDLP: checks 
bullingaround: checks 
Dorex2007: bets $0.22
AdrianCDLP: folds 
bullingaround: calls $0.22
*** TURN *** [Qd 2d Td] [9s]
bullingaround: checks 
Dorex2007: checks 
*** RIVER *** [Qd 2d Td 9s] [4c]
bullingaround: checks 
Dorex2007: bets $0.15
bullingaround: calls $0.15
*** SHOW DOWN ***
Dorex2007: shows [5h Ah] (high card Ace)
bullingaround: shows [Ts Kc] (a pair of Tens)
bullingaround collected $1.16 from pot
*** SUMMARY ***
Total pot $1.21 | Rake $0.05 
Board [Qd 2d Td 9s 4c]
Seat 1: montreal555 folded before Flop (didn't bet)
Seat 2: bullingaround showed [Ts Kc] and won ($1.16) with a pair of Tens
Seat 4: dvdhmstar folded before Flop (didn't bet)
Seat 5: Dorex2007 showed [5h Ah] and lost with high card Ace
Seat 6: DeckchairDave (button) folded before Flop (didn't bet)
Seat 7: Badaui_Ricado (small blind) folded before Flop
Seat 8: AdrianCDLP (big blind) folded on the Flop
Seat 9: Almanza63 folded before Flop (didn't bet)



PokerStars Hand #237483766444:  Hold'em No Limit ($0.02/$0.05 USD) - 2022/07/20 17:02:12 PT [2022/07/20 20:02:12 ET]
Table 'Aspasia' 9-max Seat #7 is the button
Seat 1: montreal555 ($8.91 in chips) 
Seat 2: bullingaround ($4.07 in chips) 
Seat 4: dvdhmstar ($8.26 in chips) 
Seat 5: Dorex2007 ($5 in chips) 
Seat 6: DeckchairDave ($3.49 in chips) 
Seat 7: Badaui_Ricado ($1.56 in chips) 
Seat 8: AdrianCDLP ($5.70 in chips) 
Seat 9: Almanza63 ($4.73 in chips) 
AdrianCDLP: posts small blind $0.02
Almanza63: posts big blind $0.05
*** HOLE CARDS ***
Dealt to Dorex2007 [Qd Kd]
montreal555: calls $0.05
bullingaround: raises $0.05 to $0.10
dvdhmstar: folds 
Dorex2007: calls $0.10
DeckchairDave: folds 
Badaui_Ricado: folds 
AdrianCDLP: calls $0.08
Almanza63: folds 
montreal555: raises $0.55 to $0.65
bullingaround: folds 
Dorex2007: folds 
AdrianCDLP: calls $0.55
*** FLOP *** [9s As Th]
AdrianCDLP: checks 
montreal555: bets $8.26 and is all-in
AdrianCDLP: calls $5.05 and is all-in
Uncalled bet ($3.21) returned to montreal555
*** TURN *** [9s As Th] [6h]
*** RIVER *** [9s As Th 6h] [Kh]
*** SHOW DOWN ***
AdrianCDLP: shows [Ks Qs] (a pair of Kings)
montreal555: shows [Ah Ac] (three of a kind, Aces)
montreal555 collected $11.17 from pot
*** SUMMARY ***
Total pot $11.65 | Rake $0.48 
Board [9s As Th 6h Kh]
Seat 1: montreal555 showed [Ah Ac] and won ($11.17) with three of a kind, Aces
Seat 2: bullingaround folded before Flop
Seat 4: dvdhmstar folded before Flop (didn't bet)
Seat 5: Dorex2007 folded before Flop
Seat 6: DeckchairDave folded before Flop (didn't bet)
Seat 7: Badaui_Ricado (button) folded before Flop (didn't bet)
Seat 8: AdrianCDLP (small blind) showed [Ks Qs] and lost with a pair of Kings
Seat 9: Almanza63 (big blind) folded before Flop



PokerStars Hand #237483783516:  Hold'em No Limit ($0.02/$0.05 USD) - 2022/07/20 17:03:24 PT [2022/07/20 20:03:24 ET]
Table 'Aspasia' 9-max Seat #9 is the button
Seat 1: montreal555 ($14.38 in chips) 
Seat 2: bullingaround ($3.97 in chips) 
Seat 4: dvdhmstar ($8.26 in chips) 
Seat 5: Dorex2007 ($5 in chips) 
Seat 6: DeckchairDave ($3.49 in chips) 
Seat 7: Badaui_Ricado ($1.56 in chips) 
Seat 9: Almanza63 ($4.68 in chips) 
montreal555: posts small blind $0.02
bullingaround: posts big blind $0.05
*** HOLE CARDS ***
Dealt to Dorex2007 [6h Kd]
dvdhmstar: folds 
Dorex2007: folds 
DeckchairDave: folds 
Badaui_Ricado: calls $0.05
Almanza63 has timed out
Almanza63: folds 
montreal555: folds 
bullingaround: checks 
*** FLOP *** [5s 2s Jc]
bullingaround: checks 
Badaui_Ricado: checks 
*** TURN *** [5s 2s Jc] [Ad]
bullingaround: bets $0.10
Badaui_Ricado: folds 
Uncalled bet ($0.10) returned to bullingaround
bullingaround collected $0.12 from pot
*** SUMMARY ***
Total pot $0.12 | Rake $0 
Board [5s 2s Jc Ad]
Seat 1: montreal555 (small blind) folded before Flop
Seat 2: bullingaround (big blind) collected ($0.12)
Seat 4: dvdhmstar folded before Flop (didn't bet)
Seat 5: Dorex2007 folded before Flop (didn't bet)
Seat 6: DeckchairDave folded before Flop (didn't bet)
Seat 7: Badaui_Ricado folded on the Turn
Seat 9: Almanza63 (button) folded before Flop (didn't bet)



PokerStars Hand #237483792881:  Hold'em No Limit ($0.02/$0.05 USD) - 2022/07/20 17:04:03 PT [2022/07/20 20:04:03 ET]
Table 'Aspasia' 9-max Seat #1 is the button
Seat 1: montreal555 ($14.36 in chips) 
Seat 2: bullingaround ($4.04 in chips) 
Seat 4: dvdhmstar ($8.26 in chips) 
Seat 5: Dorex2007 ($5 in chips) 
Seat 6: DeckchairDave ($3.49 in chips) 
Seat 7: Badaui_Ricado ($1.51 in chips) 
Seat 8: AdrianCDLP ($3.50 in chips) 
Seat 9: Almanza63 ($4.68 in chips) 
bullingaround: posts small blind $0.02
dvdhmstar: posts big blind $0.05
*** HOLE CARDS ***
Dealt to Dorex2007 [4c Kd]
Dorex2007: folds 
DeckchairDave: folds 
Badaui_Ricado: folds 
AdrianCDLP: calls $0.05
Almanza63: folds 
montreal555: folds 
bullingaround: folds 
dvdhmstar: checks 
*** FLOP *** [4s Ac 7c]
dvdhmstar: checks 
AdrianCDLP: bets $0.10
dvdhmstar: calls $0.10
*** TURN *** [4s Ac 7c] [Th]
dvdhmstar: checks 
AdrianCDLP: bets $0.25
dvdhmstar: folds 
Uncalled bet ($0.25) returned to AdrianCDLP
AdrianCDLP collected $0.31 from pot
*** SUMMARY ***
Total pot $0.32 | Rake $0.01 
Board [4s Ac 7c Th]
Seat 1: montreal555 (button) folded before Flop (didn't bet)
Seat 2: bullingaround (small blind) folded before Flop
Seat 4: dvdhmstar (big blind) folded on the Turn
Seat 5: Dorex2007 folded before Flop (didn't bet)
Seat 6: DeckchairDave folded before Flop (didn't bet)
Seat 7: Badaui_Ricado folded before Flop (didn't bet)
Seat 8: AdrianCDLP collected ($0.31)
Seat 9: Almanza63 folded before Flop (didn't bet)



PokerStars Hand #237483803942:  Hold'em No Limit ($0.02/$0.05 USD) - 2022/07/20 17:04:50 PT [2022/07/20 20:04:50 ET]
Table 'Aspasia' 9-max Seat #2 is the button
Seat 1: montreal555 ($14.36 in chips) 
Seat 2: bullingaround ($4.02 in chips) 
Seat 4: dvdhmstar ($8.11 in chips) 
Seat 5: Dorex2007 ($5 in chips) 
Seat 6: DeckchairDave ($3.49 in chips) 
Seat 7: Badaui_Ricado ($1.51 in chips) 
Seat 8: AdrianCDLP ($3.66 in chips) 
Seat 9: Almanza63 ($4.68 in chips) 
dvdhmstar: posts small blind $0.02
Dorex2007: posts big blind $0.05
*** HOLE CARDS ***
Dealt to Dorex2007 [Th 4d]
DeckchairDave: folds 
Badaui_Ricado: folds 
AdrianCDLP: folds 
Almanza63: folds 
montreal555: folds 
bullingaround: folds 
dvdhmstar: calls $0.03
Dorex2007: checks 
*** FLOP *** [8d Tc 2c]
dvdhmstar: checks 
Dorex2007: checks 
*** TURN *** [8d Tc 2c] [Ks]
dvdhmstar: checks 
Dorex2007: checks 
*** RIVER *** [8d Tc 2c Ks] [9d]
dvdhmstar: bets $0.05
Dorex2007: calls $0.05
*** SHOW DOWN ***
dvdhmstar: shows [5s 9s] (a pair of Nines)
Dorex2007: shows [Th 4d] (a pair of Tens)
Dorex2007 collected $0.19 from pot
*** SUMMARY ***
Total pot $0.20 | Rake $0.01 
Board [8d Tc 2c Ks 9d]
Seat 1: montreal555 folded before Flop (didn't bet)
Seat 2: bullingaround (button) folded before Flop (didn't bet)
Seat 4: dvdhmstar (small blind) showed [5s 9s] and lost with a pair of Nines
Seat 5: Dorex2007 (big blind) showed [Th 4d] and won ($0.19) with a pair of Tens
Seat 6: DeckchairDave folded before Flop (didn't bet)
Seat 7: Badaui_Ricado folded before Flop (didn't bet)
Seat 8: AdrianCDLP folded before Flop (didn't bet)
Seat 9: Almanza63 folded before Flop (didn't bet)



PokerStars Hand #237483816574:  Hold'em No Limit ($0.02/$0.05 USD) - 2022/07/20 17:05:43 PT [2022/07/20 20:05:43 ET]
Table 'Aspasia' 9-max Seat #4 is the button
Seat 1: montreal555 ($14.36 in chips) 
Seat 2: bullingaround ($4.02 in chips) 
Seat 4: dvdhmstar ($8.01 in chips) 
Seat 5: Dorex2007 ($5.09 in chips) 
Seat 6: DeckchairDave ($3.49 in chips) 
Seat 7: Badaui_Ricado ($1.51 in chips) 
Seat 8: AdrianCDLP ($3.66 in chips) 
Seat 9: Almanza63 ($4.68 in chips) 
Dorex2007: posts small blind $0.02
DeckchairDave: posts big blind $0.05
*** HOLE CARDS ***
Dealt to Dorex2007 [Tc 9s]
Badaui_Ricado: folds 
AdrianCDLP: folds 
Almanza63: folds 
montreal555: folds 
bullingaround: raises $0.05 to $0.10
dvdhmstar: folds 
Dorex2007: folds 
DeckchairDave: calls $0.05
*** FLOP *** [4s 8h 2c]
DeckchairDave: checks 
bullingaround: bets $0.10
DeckchairDave: raises $0.15 to $0.25
bullingaround: calls $0.15
*** TURN *** [4s 8h 2c] [8d]
DeckchairDave: bets $0.25
bullingaround: folds 
Uncalled bet ($0.25) returned to DeckchairDave
DeckchairDave collected $0.69 from pot
*** SUMMARY ***
Total pot $0.72 | Rake $0.03 
Board [4s 8h 2c 8d]
Seat 1: montreal555 folded before Flop (didn't bet)
Seat 2: bullingaround folded on the Turn
Seat 4: dvdhmstar (button) folded before Flop (didn't bet)
Seat 5: Dorex2007 (small blind) folded before Flop
Seat 6: DeckchairDave (big blind) collected ($0.69)
Seat 7: Badaui_Ricado folded before Flop (didn't bet)
Seat 8: AdrianCDLP folded before Flop (didn't bet)
Seat 9: Almanza63 folded before Flop (didn't bet)



PokerStars Hand #237483828536:  Hold'em No Limit ($0.02/$0.05 USD) - 2022/07/20 17:06:33 PT [2022/07/20 20:06:33 ET]
Table 'Aspasia' 9-max Seat #5 is the button
Seat 1: montreal555 ($14.36 in chips) 
Seat 2: bullingaround ($3.67 in chips) 
Seat 4: dvdhmstar ($8.01 in chips) 
Seat 5: Dorex2007 ($5.07 in chips) 
Seat 6: DeckchairDave ($3.83 in chips) 
Seat 7: Badaui_Ricado ($1.51 in chips) 
Seat 8: AdrianCDLP ($3.66 in chips) 
Seat 9: Almanza63 ($4.68 in chips) 
DeckchairDave: posts small blind $0.02
Badaui_Ricado: posts big blind $0.05
*** HOLE CARDS ***
Dealt to Dorex2007 [7d 4s]
AdrianCDLP: folds 
Almanza63: folds 
montreal555: folds 
bullingaround: folds 
dvdhmstar: folds 
Dorex2007: folds 
DeckchairDave: calls $0.03
Badaui_Ricado: checks 
*** FLOP *** [Th 3h Ah]
DeckchairDave: bets $0.05
Badaui_Ricado: calls $0.05
*** TURN *** [Th 3h Ah] [8h]
DeckchairDave: bets $0.05
Badaui_Ricado: calls $0.05
*** RIVER *** [Th 3h Ah 8h] [Kh]
DeckchairDave: bets $0.35
Badaui_Ricado: calls $0.35
*** SHOW DOWN ***
DeckchairDave: shows [7c 2c] (a flush, Ace high)
Badaui_Ricado: shows [Ac 5c] (a flush, Ace high)
DeckchairDave collected $0.48 from pot
Badaui_Ricado collected $0.48 from pot
*** SUMMARY ***
Total pot $1 | Rake $0.04 
Board [Th 3h Ah 8h Kh]
Seat 1: montreal555 folded before Flop (didn't bet)
Seat 2: bullingaround folded before Flop (didn't bet)
Seat 4: dvdhmstar folded before Flop (didn't bet)
Seat 5: Dorex2007 (button) folded before Flop (didn't bet)
Seat 6: DeckchairDave (small blind) showed [7c 2c] and won ($0.48) with a flush, Ace high
Seat 7: Badaui_Ricado (big blind) showed [Ac 5c] and won ($0.48) with a flush, Ace high
Seat 8: AdrianCDLP folded before Flop (didn't bet)
Seat 9: Almanza63 folded before Flop (didn't bet)



PokerStars Hand #237483840581:  Hold'em No Limit ($0.02/$0.05 USD) - 2022/07/20 17:07:25 PT [2022/07/20 20:07:25 ET]
Table 'Aspasia' 9-max Seat #6 is the button
Seat 1: montreal555 ($14.36 in chips) 
Seat 2: bullingaround ($3.67 in chips) 
Seat 4: dvdhmstar ($8.01 in chips) 
Seat 5: Dorex2007 ($5.07 in chips) 
Seat 6: DeckchairDave ($3.81 in chips) 
Seat 7: Badaui_Ricado ($1.49 in chips) 
Seat 8: AdrianCDLP ($3.66 in chips) 
Seat 9: Almanza63 ($4.68 in chips) 
Badaui_Ricado: posts small blind $0.02
AdrianCDLP: posts big blind $0.05
*** HOLE CARDS ***
Dealt to Dorex2007 [4h 5d]
Almanza63: folds 
montreal555: folds 
bullingaround: calls $0.05
dvdhmstar: folds 
Dorex2007: folds 
DeckchairDave: raises $0.15 to $0.20
Badaui_Ricado: folds 
AdrianCDLP: folds 
bullingaround: calls $0.15
*** FLOP *** [As 8d 7h]
bullingaround: checks 
DeckchairDave: checks 
*** TURN *** [As 8d 7h] [8c]
bullingaround: checks 
DeckchairDave: bets $0.10
bullingaround: folds 
Uncalled bet ($0.10) returned to DeckchairDave
DeckchairDave collected $0.45 from pot
*** SUMMARY ***
Total pot $0.47 | Rake $0.02 
Board [As 8d 7h 8c]
Seat 1: montreal555 folded before Flop (didn't bet)
Seat 2: bullingaround folded on the Turn
Seat 4: dvdhmstar folded before Flop (didn't bet)
Seat 5: Dorex2007 folded before Flop (didn't bet)
Seat 6: DeckchairDave (button) collected ($0.45)
Seat 7: Badaui_Ricado (small blind) folded before Flop
Seat 8: AdrianCDLP (big blind) folded before Flop
Seat 9: Almanza63 folded before Flop (didn't bet)



PokerStars Hand #237483849052:  Hold'em No Limit ($0.02/$0.05 USD) - 2022/07/20 17:08:01 PT [2022/07/20 20:08:01 ET]
Table 'Aspasia' 9-max Seat #7 is the button
Seat 1: montreal555 ($14.36 in chips) 
Seat 2: bullingaround ($3.47 in chips) 
Seat 4: dvdhmstar ($8.01 in chips) 
Seat 5: Dorex2007 ($5.07 in chips) 
Seat 6: DeckchairDave ($4.06 in chips) 
Seat 7: Badaui_Ricado ($1.47 in chips) 
Seat 8: AdrianCDLP ($3.61 in chips) 
Seat 9: Almanza63 ($4.68 in chips) 
AdrianCDLP: posts small blind $0.02
Almanza63: posts big blind $0.05
*** HOLE CARDS ***
Dealt to Dorex2007 [Qc 2d]
montreal555: folds 
bullingaround: folds 
dvdhmstar: folds 
Dorex2007: folds 
DeckchairDave: folds 
Badaui_Ricado: folds 
AdrianCDLP: raises $0.10 to $0.15
Almanza63: folds 
Uncalled bet ($0.10) returned to AdrianCDLP
AdrianCDLP collected $0.10 from pot
*** SUMMARY ***
Total pot $0.10 | Rake $0 
Seat 1: montreal555 folded before Flop (didn't bet)
Seat 2: bullingaround folded before Flop (didn't bet)
Seat 4: dvdhmstar folded before Flop (didn't bet)
Seat 5: Dorex2007 folded before Flop (didn't bet)
Seat 6: DeckchairDave folded before Flop (didn't bet)
Seat 7: Badaui_Ricado (button) folded before Flop (didn't bet)
Seat 8: AdrianCDLP (small blind) collected ($0.10)
Seat 9: Almanza63 (big blind) folded before Flop



PokerStars Hand #237483853764:  Hold'em No Limit ($0.02/$0.05 USD) - 2022/07/20 17:08:21 PT [2022/07/20 20:08:21 ET]
Table 'Aspasia' 9-max Seat #8 is the button
Seat 1: montreal555 ($14.36 in chips) 
Seat 2: bullingaround ($3.47 in chips) 
Seat 4: dvdhmstar ($8.01 in chips) 
Seat 5: Dorex2007 ($5.07 in chips) 
Seat 6: DeckchairDave ($4.06 in chips) 
Seat 7: Badaui_Ricado ($1.47 in chips) 
Seat 8: AdrianCDLP ($3.66 in chips) 
Seat 9: Almanza63 ($4.63 in chips) 
Almanza63: posts small blind $0.02
montreal555: posts big blind $0.05
*** HOLE CARDS ***
Dealt to Dorex2007 [Ad 7d]
bullingaround: raises $0.10 to $0.15
dvdhmstar: folds 
Dorex2007: calls $0.15
DeckchairDave: folds 
Badaui_Ricado: folds 
AdrianCDLP: folds 
Almanza63: folds 
montreal555: calls $0.10
*** FLOP *** [Ah As Qd]
montreal555: checks 
bullingaround: checks 
Dorex2007: checks 
*** TURN *** [Ah As Qd] [Kc]
montreal555: checks 
bullingaround: bets $0.05
Dorex2007: calls $0.05
montreal555: folds 
*** RIVER *** [Ah As Qd Kc] [4d]
bullingaround: bets $0.25
Dorex2007: raises $0.30 to $0.55
bullingaround: calls $0.30
*** SHOW DOWN ***
Dorex2007: shows [Ad 7d] (three of a kind, Aces)
bullingaround: shows [Ac Jc] (three of a kind, Aces)
bullingaround collected $0.80 from pot
Dorex2007 collected $0.80 from pot
*** SUMMARY ***
Total pot $1.67 | Rake $0.07 
Board [Ah As Qd Kc 4d]
Seat 1: montreal555 (big blind) folded on the Turn
Seat 2: bullingaround showed [Ac Jc] and won ($0.80) with three of a kind, Aces
Seat 4: dvdhmstar folded before Flop (didn't bet)
Seat 5: Dorex2007 showed [Ad 7d] and won ($0.80) with three of a kind, Aces
Seat 6: DeckchairDave folded before Flop (didn't bet)
Seat 7: Badaui_Ricado folded before Flop (didn't bet)
Seat 8: AdrianCDLP (button) folded before Flop (didn't bet)
Seat 9: Almanza63 (small blind) folded before Flop



PokerStars Hand #237483868570:  Hold'em No Limit ($0.02/$0.05 USD) - 2022/07/20 17:09:25 PT [2022/07/20 20:09:25 ET]
Table 'Aspasia' 9-max Seat #9 is the button
Seat 1: montreal555 ($14.21 in chips) 
Seat 2: bullingaround ($3.52 in chips) 
Seat 4: dvdhmstar ($8.01 in chips) 
Seat 5: Dorex2007 ($5.12 in chips) 
Seat 6: DeckchairDave ($4.06 in chips) 
Seat 7: Badaui_Ricado ($1.47 in chips) 
Seat 8: AdrianCDLP ($3.66 in chips) 
Seat 9: Almanza63 ($4.61 in chips) 
montreal555: posts small blind $0.02
bullingaround: posts big blind $0.05
*** HOLE CARDS ***
Dealt to Dorex2007 [8c 8d]
dvdhmstar: folds 
Dorex2007: calls $0.05
DeckchairDave: calls $0.05
Badaui_Ricado: folds 
AdrianCDLP: calls $0.05
Almanza63: calls $0.05
montreal555: folds 
bullingaround: checks 
*** FLOP *** [3c 9s 9c]
bullingaround: checks 
Dorex2007: checks 
DeckchairDave: checks 
AdrianCDLP: checks 
Almanza63: checks 
*** TURN *** [3c 9s 9c] [3s]
bullingaround: checks 
Dorex2007: bets $0.13
DeckchairDave: calls $0.13
AdrianCDLP: calls $0.13
Almanza63: folds 
bullingaround: folds 
*** RIVER *** [3c 9s 9c 3s] [Kd]
Dorex2007: checks 
DeckchairDave: bets $0.25
AdrianCDLP: folds 
Dorex2007: calls $0.25
*** SHOW DOWN ***
DeckchairDave: shows [Qc 9h] (a full house, Nines full of Threes)
Dorex2007: mucks hand 
DeckchairDave collected $1.11 from pot
*** SUMMARY ***
Total pot $1.16 | Rake $0.05 
Board [3c 9s 9c 3s Kd]
Seat 1: montreal555 (small blind) folded before Flop
Seat 2: bullingaround (big blind) folded on the Turn
Seat 4: dvdhmstar folded before Flop (didn't bet)
Seat 5: Dorex2007 mucked [8c 8d]
Seat 6: DeckchairDave showed [Qc 9h] and won ($1.11) with a full house, Nines full of Threes
Seat 7: Badaui_Ricado folded before Flop (didn't bet)
Seat 8: AdrianCDLP folded on the River
Seat 9: Almanza63 (button) folded on the Turn



PokerStars Hand #237483887850:  Hold'em No Limit ($0.02/$0.05 USD) - 2022/07/20 17:10:48 PT [2022/07/20 20:10:48 ET]
Table 'Aspasia' 9-max Seat #1 is the button
Seat 1: montreal555 ($14.19 in chips) 
Seat 2: bullingaround ($3.47 in chips) 
Seat 3: shtshot250 ($11.43 in chips) 
Seat 4: dvdhmstar ($8.01 in chips) 
Seat 5: Dorex2007 ($5 in chips) 
Seat 6: DeckchairDave ($4.74 in chips) 
Seat 7: Badaui_Ricado ($1.47 in chips) 
Seat 8: AdrianCDLP ($3.48 in chips) 
Seat 9: Almanza63 ($4.56 in chips) 
bullingaround: posts small blind $0.02
shtshot250: posts big blind $0.05
*** HOLE CARDS ***
Dealt to Dorex2007 [4h Kc]
dvdhmstar: folds 
Dorex2007: folds 
DeckchairDave: folds 
Badaui_Ricado: folds 
AdrianCDLP: calls $0.05
Almanza63: folds 
montreal555: folds 
bullingaround: calls $0.03
shtshot250: raises $0.15 to $0.20
AdrianCDLP: calls $0.15
bullingaround: folds 
*** FLOP *** [2s 8h 5h]
shtshot250: bets $0.43
AdrianCDLP: folds 
Uncalled bet ($0.43) returned to shtshot250
shtshot250 collected $0.43 from pot
*** SUMMARY ***
Total pot $0.45 | Rake $0.02 
Board [2s 8h 5h]
Seat 1: montreal555 (button) folded before Flop (didn't bet)
Seat 2: bullingaround (small blind) folded before Flop
Seat 3: shtshot250 (big blind) collected ($0.43)
Seat 4: dvdhmstar folded before Flop (didn't bet)
Seat 5: Dorex2007 folded before Flop (didn't bet)
Seat 6: DeckchairDave folded before Flop (didn't bet)
Seat 7: Badaui_Ricado folded before Flop (didn't bet)
Seat 8: AdrianCDLP folded on the Flop
Seat 9: Almanza63 folded before Flop (didn't bet)



PokerStars Hand #237483896837:  Hold'em No Limit ($0.02/$0.05 USD) - 2022/07/20 17:11:26 PT [2022/07/20 20:11:26 ET]
Table 'Aspasia' 9-max Seat #2 is the button
Seat 1: montreal555 ($14.19 in chips) 
Seat 2: bullingaround ($3.42 in chips) 
Seat 3: shtshot250 ($11.66 in chips) 
Seat 4: dvdhmstar ($8.01 in chips) 
Seat 5: Dorex2007 ($5 in chips) 
Seat 6: DeckchairDave ($4.74 in chips) 
Seat 7: Badaui_Ricado ($1.47 in chips) 
Seat 8: AdrianCDLP ($3.28 in chips) 
Seat 9: Almanza63 ($4.56 in chips) 
shtshot250: posts small blind $0.02
dvdhmstar: posts big blind $0.05
*** HOLE CARDS ***
Dealt to Dorex2007 [Qh Kh]
Dorex2007: raises $0.05 to $0.10
DeckchairDave: folds 
Badaui_Ricado: calls $0.10
AdrianCDLP: folds 
Almanza63: folds 
montreal555: folds 
bullingaround: folds 
shtshot250: folds 
dvdhmstar: folds 
*** FLOP *** [5d 3s Js]
Dorex2007: bets $0.13
Badaui_Ricado: calls $0.13
*** TURN *** [5d 3s Js] [6c]
Dorex2007: checks 
Badaui_Ricado: checks 
*** RIVER *** [5d 3s Js 6c] [7c]
Dorex2007: bets $0.20
Badaui_Ricado: folds 
Uncalled bet ($0.20) returned to Dorex2007
Dorex2007 collected $0.51 from pot
*** SUMMARY ***
Total pot $0.53 | Rake $0.02 
Board [5d 3s Js 6c 7c]
Seat 1: montreal555 folded before Flop (didn't bet)
Seat 2: bullingaround (button) folded before Flop (didn't bet)
Seat 3: shtshot250 (small blind) folded before Flop
Seat 4: dvdhmstar (big blind) folded before Flop
Seat 5: Dorex2007 collected ($0.51)
Seat 6: DeckchairDave folded before Flop (didn't bet)
Seat 7: Badaui_Ricado folded on the River
Seat 8: AdrianCDLP folded before Flop (didn't bet)
Seat 9: Almanza63 folded before Flop (didn't bet)



PokerStars Hand #237483906504:  Hold'em No Limit ($0.02/$0.05 USD) - 2022/07/20 17:12:07 PT [2022/07/20 20:12:07 ET]
Table 'Aspasia' 9-max Seat #3 is the button
Seat 1: montreal555 ($14.19 in chips) 
Seat 2: bullingaround ($3.42 in chips) 
Seat 3: shtshot250 ($11.64 in chips) 
Seat 4: dvdhmstar ($7.96 in chips) 
Seat 5: Dorex2007 ($5.28 in chips) 
Seat 6: DeckchairDave ($4.74 in chips) 
Seat 7: Badaui_Ricado ($1.24 in chips) 
Seat 8: AdrianCDLP ($3.28 in chips) 
Seat 9: Almanza63 ($4.56 in chips) 
dvdhmstar: posts small blind $0.02
Dorex2007: posts big blind $0.05
*** HOLE CARDS ***
Dealt to Dorex2007 [8h 3s]
DeckchairDave: raises $0.10 to $0.15
Badaui_Ricado: calls $0.15
AdrianCDLP: folds 
Almanza63: folds 
montreal555: folds 
bullingaround: folds 
shtshot250: raises $0.55 to $0.70
dvdhmstar: folds 
Dorex2007: folds 
DeckchairDave: calls $0.55
Badaui_Ricado: raises $0.54 to $1.24 and is all-in
shtshot250: calls $0.54
DeckchairDave: calls $0.54
*** FLOP *** [9h Ah 2d]
DeckchairDave: checks 
shtshot250: bets $3.63
DeckchairDave: calls $3.50 and is all-in
Uncalled bet ($0.13) returned to shtshot250
*** TURN *** [9h Ah 2d] [6h]
*** RIVER *** [9h Ah 2d 6h] [5s]
*** SHOW DOWN ***
DeckchairDave: shows [Js Jc] (a pair of Jacks)
shtshot250: shows [Ac As] (three of a kind, Aces)
shtshot250 collected $6.71 from side pot
Badaui_Ricado: shows [9d 9s] (three of a kind, Nines)
shtshot250 collected $3.63 from main pot
*** SUMMARY ***
Total pot $10.79 Main pot $3.63. Side pot $6.71. | Rake $0.45 
Board [9h Ah 2d 6h 5s]
Seat 1: montreal555 folded before Flop (didn't bet)
Seat 2: bullingaround folded before Flop (didn't bet)
Seat 3: shtshot250 (button) showed [Ac As] and won ($10.34) with three of a kind, Aces
Seat 4: dvdhmstar (small blind) folded before Flop
Seat 5: Dorex2007 (big blind) folded before Flop
Seat 6: DeckchairDave showed [Js Jc] and lost with a pair of Jacks
Seat 7: Badaui_Ricado showed [9d 9s] and lost with three of a kind, Nines
Seat 8: AdrianCDLP folded before Flop (didn't bet)
Seat 9: Almanza63 folded before Flop (didn't bet)



PokerStars Hand #237483922158:  Hold'em No Limit ($0.02/$0.05 USD) - 2022/07/20 17:13:14 PT [2022/07/20 20:13:14 ET]
Table 'Aspasia' 9-max Seat #4 is the button
Seat 1: montreal555 ($14.19 in chips) 
Seat 2: bullingaround ($3.42 in chips) 
Seat 3: shtshot250 ($17.24 in chips) 
Seat 4: dvdhmstar ($7.94 in chips) 
Seat 5: Dorex2007 ($5.23 in chips) 
Seat 8: AdrianCDLP ($3.28 in chips) 
Seat 9: Almanza63 ($4.56 in chips) 
Dorex2007: posts small blind $0.02
AdrianCDLP: posts big blind $0.05
*** HOLE CARDS ***
Dealt to Dorex2007 [3s 4s]
WeNaSo_07 joins the table at seat #6 
Badaui_Ricado leaves the table
Almanza63: folds 
montreal555: folds 
bullingaround: folds 
shtshot250: folds 
dvdhmstar: folds 
Dorex2007: folds 
Uncalled bet ($0.03) returned to AdrianCDLP
AdrianCDLP collected $0.04 from pot
*** SUMMARY ***
Total pot $0.04 | Rake $0 
Seat 1: montreal555 folded before Flop (didn't bet)
Seat 2: bullingaround folded before Flop (didn't bet)
Seat 3: shtshot250 folded before Flop (didn't bet)
Seat 4: dvdhmstar (button) folded before Flop (didn't bet)
Seat 5: Dorex2007 (small blind) folded before Flop
Seat 8: AdrianCDLP (big blind) collected ($0.04)
Seat 9: Almanza63 folded before Flop (didn't bet)



PokerStars Hand #237483926498:  Hold'em No Limit ($0.02/$0.05 USD) - 2022/07/20 17:13:32 PT [2022/07/20 20:13:32 ET]
Table 'Aspasia' 9-max Seat #5 is the button
Seat 1: montreal555 ($14.19 in chips) 
Seat 2: bullingaround ($3.42 in chips) 
Seat 3: shtshot250 ($17.24 in chips) 
Seat 4: dvdhmstar ($7.94 in chips) 
Seat 5: Dorex2007 ($5.21 in chips) 
Seat 8: AdrianCDLP ($3.30 in chips) 
Seat 9: Almanza63 ($4.56 in chips) 
AdrianCDLP: posts small blind $0.02
Almanza63: posts big blind $0.05
*** HOLE CARDS ***
Dealt to Dorex2007 [Ad 4d]
montreal555: folds 
bullingaround: folds 
shtshot250: calls $0.05
davegoa joins the table at seat #7 
dvdhmstar: folds 
Dorex2007: calls $0.05
AdrianCDLP: calls $0.03
Almanza63: checks 
*** FLOP *** [Qd 8d 6c]
AdrianCDLP: checks 
Almanza63: bets $0.10
shtshot250: calls $0.10
Dorex2007: calls $0.10
AdrianCDLP: folds 
*** TURN *** [Qd 8d 6c] [4h]
Almanza63: bets $0.27
shtshot250: calls $0.27
Dorex2007: calls $0.27
*** RIVER *** [Qd 8d 6c 4h] [Jd]
Almanza63: checks 
AdrianCDLP leaves the table
shtshot250: checks 
Dorex2007: bets $0.63
MelchiorF1 joins the table at seat #8 
Almanza63: folds 
shtshot250: folds 
Uncalled bet ($0.63) returned to Dorex2007
Dorex2007 collected $1.26 from pot
*** SUMMARY ***
Total pot $1.31 | Rake $0.05 
Board [Qd 8d 6c 4h Jd]
Seat 1: montreal555 folded before Flop (didn't bet)
Seat 2: bullingaround folded before Flop (didn't bet)
Seat 3: shtshot250 folded on the River
Seat 4: dvdhmstar folded before Flop (didn't bet)
Seat 5: Dorex2007 (button) collected ($1.26)
Seat 8: AdrianCDLP (small blind) folded on the Flop
Seat 9: Almanza63 (big blind) folded on the River



PokerStars Hand #237483949572:  Hold'em No Limit ($0.02/$0.05 USD) - 2022/07/20 17:15:02 PT [2022/07/20 20:15:02 ET]
Table 'Aspasia' 9-max Seat #9 is the button
Seat 1: montreal555 ($14.19 in chips) 
Seat 2: bullingaround ($3.42 in chips) 
Seat 3: shtshot250 ($16.82 in chips) 
Seat 4: dvdhmstar ($7.94 in chips) 
Seat 5: Dorex2007 ($6.05 in chips) 
Seat 9: Almanza63 ($5 in chips) 
montreal555: posts small blind $0.02
bullingaround: posts big blind $0.05
WeNaSo_07: sits out 
davegoa: sits out 
MelchiorF1: sits out 
*** HOLE CARDS ***
Dealt to Dorex2007 [2d Kd]
shtshot250: folds 
dvdhmstar: raises $0.10 to $0.15
Dorex2007: folds 
Almanza63: folds 
montreal555: folds 
bullingaround: calls $0.10
*** FLOP *** [7s 3h 2h]
bullingaround: checks 
dvdhmstar: bets $0.31
bullingaround: calls $0.31
*** TURN *** [7s 3h 2h] [6c]
bullingaround: checks 
dvdhmstar: bets $0.90
bullingaround: calls $0.90
*** RIVER *** [7s 3h 2h 6c] [Qh]
bullingaround: checks 
dvdhmstar: checks 
*** SHOW DOWN ***
bullingaround: shows [5c 6d] (a pair of Sixes)
dvdhmstar: shows [Jc Js] (a pair of Jacks)
dvdhmstar collected $2.63 from pot
*** SUMMARY ***
Total pot $2.74 | Rake $0.11 
Board [7s 3h 2h 6c Qh]
Seat 1: montreal555 (small blind) folded before Flop
Seat 2: bullingaround (big blind) showed [5c 6d] and lost with a pair of Sixes
Seat 3: shtshot250 folded before Flop (didn't bet)
Seat 4: dvdhmstar showed [Jc Js] and won ($2.63) with a pair of Jacks
Seat 5: Dorex2007 folded before Flop (didn't bet)
Seat 9: Almanza63 (button) folded before Flop (didn't bet)



PokerStars Hand #237483960598:  Hold'em No Limit ($0.02/$0.05 USD) - 2022/07/20 17:15:50 PT [2022/07/20 20:15:50 ET]
Table 'Aspasia' 9-max Seat #1 is the button
Seat 1: montreal555 ($14.17 in chips) 
Seat 2: bullingaround ($2.06 in chips) 
Seat 3: shtshot250 ($16.82 in chips) 
Seat 4: dvdhmstar ($9.21 in chips) 
Seat 5: Dorex2007 ($6.05 in chips) 
Seat 9: Almanza63 ($5 in chips) 
bullingaround: posts small blind $0.02
shtshot250: posts big blind $0.05
WeNaSo_07: sits out 
davegoa: sits out 
MelchiorF1: sits out 
*** HOLE CARDS ***
Dealt to Dorex2007 [Kd Th]
dvdhmstar: folds 
Dorex2007: folds 
Almanza63: folds 
montreal555: folds 
bullingaround: folds 
Uncalled bet ($0.03) returned to shtshot250
shtshot250 collected $0.04 from pot
*** SUMMARY ***
Total pot $0.04 | Rake $0 
Seat 1: montreal555 (button) folded before Flop (didn't bet)
Seat 2: bullingaround (small blind) folded before Flop
Seat 3: shtshot250 (big blind) collected ($0.04)
Seat 4: dvdhmstar folded before Flop (didn't bet)
Seat 5: Dorex2007 folded before Flop (didn't bet)
Seat 9: Almanza63 folded before Flop (didn't bet)



PokerStars Hand #237483963542:  Hold'em No Limit ($0.02/$0.05 USD) - 2022/07/20 17:16:02 PT [2022/07/20 20:16:02 ET]
Table 'Aspasia' 9-max Seat #2 is the button
Seat 1: montreal555 ($14.17 in chips) 
Seat 2: bullingaround ($2.04 in chips) 
Seat 3: shtshot250 ($16.84 in chips) 
Seat 4: dvdhmstar ($9.21 in chips) 
Seat 5: Dorex2007 ($6.05 in chips) 
Seat 9: Almanza63 ($5 in chips) 
shtshot250: posts small blind $0.02
dvdhmstar: posts big blind $0.05
WeNaSo_07: sits out 
davegoa: sits out 
MelchiorF1: sits out 
*** HOLE CARDS ***
Dealt to Dorex2007 [7h 5h]
Dorex2007: folds 
Almanza63: folds 
montreal555: folds 
bullingaround: raises $0.05 to $0.10
shtshot250: folds 
dvdhmstar: folds 
Uncalled bet ($0.05) returned to bullingaround
bullingaround collected $0.12 from pot
*** SUMMARY ***
Total pot $0.12 | Rake $0 
Seat 1: montreal555 folded before Flop (didn't bet)
Seat 2: bullingaround (button) collected ($0.12)
Seat 3: shtshot250 (small blind) folded before Flop
Seat 4: dvdhmstar (big blind) folded before Flop
Seat 5: Dorex2007 folded before Flop (didn't bet)
Seat 9: Almanza63 folded before Flop (didn't bet)



PokerStars Hand #237483968364:  Hold'em No Limit ($0.02/$0.05 USD) - 2022/07/20 17:16:23 PT [2022/07/20 20:16:23 ET]
Table 'Aspasia' 9-max Seat #3 is the button
Seat 1: montreal555 ($14.17 in chips) 
Seat 2: bullingaround ($2.11 in chips) 
Seat 3: shtshot250 ($16.82 in chips) 
Seat 4: dvdhmstar ($9.16 in chips) 
Seat 5: Dorex2007 ($6.05 in chips) 
Seat 9: Almanza63 ($5 in chips) 
dvdhmstar: posts small blind $0.02
Dorex2007: posts big blind $0.05
WeNaSo_07: sits out 
davegoa: sits out 
MelchiorF1: sits out 
*** HOLE CARDS ***
Dealt to Dorex2007 [3d 3s]
Almanza63: folds 
montreal555: folds 
bullingaround: folds 
shtshot250: calls $0.05
dvdhmstar: folds 
Dorex2007: checks 
*** FLOP *** [9c 2d 5d]
Dorex2007: checks 
shtshot250: checks 
*** TURN *** [9c 2d 5d] [Js]
Dorex2007: bets $0.06
shtshot250: calls $0.06
*** RIVER *** [9c 2d 5d Js] [Kh]
Dorex2007: checks 
shtshot250: checks 
*** SHOW DOWN ***
Dorex2007: shows [3d 3s] (a pair of Threes)
shtshot250: mucks hand 
Dorex2007 collected $0.23 from pot
*** SUMMARY ***
Total pot $0.24 | Rake $0.01 
Board [9c 2d 5d Js Kh]
Seat 1: montreal555 folded before Flop (didn't bet)
Seat 2: bullingaround folded before Flop (didn't bet)
Seat 3: shtshot250 (button) mucked [2h 4h]
Seat 4: dvdhmstar (small blind) folded before Flop
Seat 5: Dorex2007 (big blind) showed [3d 3s] and won ($0.23) with a pair of Threes
Seat 9: Almanza63 folded before Flop (didn't bet)



PokerStars Hand #237483976617:  Hold'em No Limit ($0.02/$0.05 USD) - 2022/07/20 17:16:58 PT [2022/07/20 20:16:58 ET]
Table 'Aspasia' 9-max Seat #4 is the button
Seat 1: montreal555 ($14.17 in chips) 
Seat 2: bullingaround ($2.11 in chips) 
Seat 3: shtshot250 ($16.71 in chips) 
Seat 4: dvdhmstar ($9.14 in chips) 
Seat 5: Dorex2007 ($6.17 in chips) 
Seat 6: WeNaSo_07 ($2.50 in chips) 
Seat 9: Almanza63 ($5 in chips) 
Dorex2007: posts small blind $0.02
WeNaSo_07: posts big blind $0.05
davegoa: sits out 
MelchiorF1: sits out 
*** HOLE CARDS ***
Dealt to Dorex2007 [3d 6d]
Almanza63: folds 
montreal555: folds 
bullingaround: raises $0.05 to $0.10
shtshot250: folds 
dvdhmstar: calls $0.10
Dorex2007: folds 
WeNaSo_07: folds 
*** FLOP *** [Js 7d 7c]
bullingaround: bets $0.10
dvdhmstar: calls $0.10
*** TURN *** [Js 7d 7c] [6s]
bullingaround: bets $0.20
dvdhmstar: calls $0.20
*** RIVER *** [Js 7d 7c 6s] [7h]
bullingaround: checks 
dvdhmstar: checks 
*** SHOW DOWN ***
bullingaround: shows [Ac 4h] (three of a kind, Sevens)
dvdhmstar: shows [Jc Qc] (a full house, Sevens full of Jacks)
dvdhmstar collected $0.83 from pot
*** SUMMARY ***
Total pot $0.87 | Rake $0.04 
Board [Js 7d 7c 6s 7h]
Seat 1: montreal555 folded before Flop (didn't bet)
Seat 2: bullingaround showed [Ac 4h] and lost with three of a kind, Sevens
Seat 3: shtshot250 folded before Flop (didn't bet)
Seat 4: dvdhmstar (button) showed [Jc Qc] and won ($0.83) with a full house, Sevens full of Jacks
Seat 5: Dorex2007 (small blind) folded before Flop
Seat 6: WeNaSo_07 (big blind) folded before Flop
Seat 9: Almanza63 folded before Flop (didn't bet)



PokerStars Hand #237483986335:  Hold'em No Limit ($0.02/$0.05 USD) - 2022/07/20 17:17:40 PT [2022/07/20 20:17:40 ET]
Table 'Aspasia' 9-max Seat #5 is the button
Seat 1: montreal555 ($14.17 in chips) 
Seat 2: bullingaround ($1.71 in chips) 
Seat 3: shtshot250 ($16.71 in chips) 
Seat 4: dvdhmstar ($9.57 in chips) 
Seat 5: Dorex2007 ($6.15 in chips) 
Seat 6: WeNaSo_07 ($2.50 in chips) 
Seat 7: davegoa ($5 in chips) 
Seat 9: Almanza63 ($5 in chips) 
WeNaSo_07: posts small blind $0.02
davegoa: posts big blind $0.05
MelchiorF1: sits out 
*** HOLE CARDS ***
Dealt to Dorex2007 [Jc Js]
Almanza63: folds 
montreal555: folds 
bullingaround: raises $0.05 to $0.10
shtshot250: raises $0.27 to $0.37
dvdhmstar: folds 
Dorex2007: calls $0.37
WeNaSo_07: folds 
davegoa: calls $0.32
bullingaround: calls $0.27
*** FLOP *** [8d Qc Kc]
davegoa: checks 
bullingaround: checks 
shtshot250: checks 
Dorex2007: checks 
*** TURN *** [8d Qc Kc] [5s]
davegoa: bets $0.56
bullingaround: calls $0.56
shtshot250: calls $0.56
Dorex2007: folds 
*** RIVER *** [8d Qc Kc 5s] [Tc]
davegoa: checks 
bullingaround: checks 
shtshot250: bets $3.05
davegoa: folds 
bullingaround: folds 
Uncalled bet ($3.05) returned to shtshot250
shtshot250 collected $3.05 from pot
*** SUMMARY ***
Total pot $3.18 | Rake $0.13 
Board [8d Qc Kc 5s Tc]
Seat 1: montreal555 folded before Flop (didn't bet)
Seat 2: bullingaround folded on the River
Seat 3: shtshot250 collected ($3.05)
Seat 4: dvdhmstar folded before Flop (didn't bet)
Seat 5: Dorex2007 (button) folded on the Turn
Seat 6: WeNaSo_07 (small blind) folded before Flop
Seat 7: davegoa (big blind) folded on the River
Seat 9: Almanza63 folded before Flop (didn't bet)



PokerStars Hand #237484003826:  Hold'em No Limit ($0.02/$0.05 USD) - 2022/07/20 17:18:55 PT [2022/07/20 20:18:55 ET]
Table 'Aspasia' 9-max Seat #6 is the button
Seat 1: montreal555 ($14.17 in chips) 
Seat 2: bullingaround ($0.78 in chips) 
Seat 4: dvdhmstar ($9.57 in chips) 
Seat 5: Dorex2007 ($5.78 in chips) 
Seat 6: WeNaSo_07 ($2.50 in chips) 
Seat 7: davegoa ($5 in chips) 
Seat 8: MelchiorF1 ($5 in chips) 
Seat 9: Almanza63 ($5 in chips) 
davegoa: posts small blind $0.02
MelchiorF1: posts big blind $0.05
*** HOLE CARDS ***
Dealt to Dorex2007 [3d Ad]
Almanza63: folds 
montreal555: folds 
bullingaround: folds 
dvdhmstar: raises $0.05 to $0.10
Dorex2007: calls $0.10
WeNaSo_07: calls $0.10
davegoa: folds 
MelchiorF1: calls $0.05
*** FLOP *** [6d Ks 6s]
MelchiorF1: checks 
dvdhmstar: bets $0.20
Dorex2007: folds 
WeNaSo_07: folds 
MelchiorF1: folds 
Uncalled bet ($0.20) returned to dvdhmstar
dvdhmstar collected $0.40 from pot
*** SUMMARY ***
Total pot $0.42 | Rake $0.02 
Board [6d Ks 6s]
Seat 1: montreal555 folded before Flop (didn't bet)
Seat 2: bullingaround folded before Flop (didn't bet)
Seat 4: dvdhmstar collected ($0.40)
Seat 5: Dorex2007 folded on the Flop
Seat 6: WeNaSo_07 (button) folded on the Flop
Seat 7: davegoa (small blind) folded before Flop
Seat 8: MelchiorF1 (big blind) folded on the Flop
Seat 9: Almanza63 folded before Flop (didn't bet)



PokerStars Hand #237484027424:  Hold'em No Limit ($0.02/$0.05 USD) - 2022/07/20 17:19:43 PT [2022/07/20 20:19:43 ET]
Table 'Aspasia' 9-max Seat #7 is the button
Seat 1: montreal555 ($14.17 in chips) 
Seat 2: bullingaround ($0.78 in chips) 
Seat 4: dvdhmstar ($9.87 in chips) 
Seat 5: Dorex2007 ($5.68 in chips) 
Seat 6: WeNaSo_07 ($2.50 in chips) 
Seat 7: davegoa ($5 in chips) 
Seat 8: MelchiorF1 ($5 in chips) 
Seat 9: Almanza63 ($5 in chips) 
MelchiorF1: posts small blind $0.02
Almanza63: posts big blind $0.05
*** HOLE CARDS ***
Dealt to Dorex2007 [6d Js]
montreal555: folds 
bullingaround: calls $0.05
dvdhmstar: folds 
Dorex2007: folds 
WeNaSo_07: folds 
davegoa: folds 
MelchiorF1: folds 
Almanza63: checks 
*** FLOP *** [Qd Qh Ah]
Almanza63: checks 
bullingaround: checks 
*** TURN *** [Qd Qh Ah] [6h]
Almanza63: checks 
bullingaround: checks 
*** RIVER *** [Qd Qh Ah 6h] [Tc]
Almanza63: bets $0.15
bullingaround: folds 
Uncalled bet ($0.15) returned to Almanza63
Almanza63 collected $0.12 from pot
*** SUMMARY ***
Total pot $0.12 | Rake $0 
Board [Qd Qh Ah 6h Tc]
Seat 1: montreal555 folded before Flop (didn't bet)
Seat 2: bullingaround folded on the River
Seat 4: dvdhmstar folded before Flop (didn't bet)
Seat 5: Dorex2007 folded before Flop (didn't bet)
Seat 6: WeNaSo_07 folded before Flop (didn't bet)
Seat 7: davegoa (button) folded before Flop (didn't bet)
Seat 8: MelchiorF1 (small blind) folded before Flop
Seat 9: Almanza63 (big blind) collected ($0.12)



PokerStars Hand #237484048037:  Hold'em No Limit ($0.02/$0.05 USD) - 2022/07/20 17:21:06 PT [2022/07/20 20:21:06 ET]
Table 'Aspasia' 9-max Seat #8 is the button
Seat 1: montreal555 ($14.17 in chips) 
Seat 2: bullingaround ($0.73 in chips) 
Seat 4: dvdhmstar ($9.87 in chips) 
Seat 5: Dorex2007 ($5.68 in chips) 
Seat 6: WeNaSo_07 ($2.50 in chips) 
Seat 7: davegoa ($5 in chips) 
Seat 8: MelchiorF1 ($5 in chips) 
Seat 9: Almanza63 ($5.07 in chips) 
Almanza63: posts small blind $0.02
montreal555: posts big blind $0.05
*** HOLE CARDS ***
Dealt to Dorex2007 [As 3s]
bullingaround: folds 
dvdhmstar: folds 
Dorex2007: raises $0.05 to $0.10
WeNaSo_07: folds 
davegoa: calls $0.10
MelchiorF1: calls $0.10
Almanza63: raises $0.35 to $0.45
montreal555: folds 
Dorex2007: folds 
davegoa: folds 
bullingaround is disconnected 
MelchiorF1: folds 
Uncalled bet ($0.35) returned to Almanza63
Almanza63 collected $0.45 from pot
*** SUMMARY ***
Total pot $0.45 | Rake $0 
Seat 1: montreal555 (big blind) folded before Flop
Seat 2: bullingaround folded before Flop (didn't bet)
Seat 4: dvdhmstar folded before Flop (didn't bet)
Seat 5: Dorex2007 folded before Flop
Seat 6: WeNaSo_07 folded before Flop (didn't bet)
Seat 7: davegoa folded before Flop
Seat 8: MelchiorF1 (button) folded before Flop
Seat 9: Almanza63 (small blind) collected ($0.45)



PokerStars Hand #237484058774:  Hold'em No Limit ($0.02/$0.05 USD) - 2022/07/20 17:21:53 PT [2022/07/20 20:21:53 ET]
Table 'Aspasia' 9-max Seat #9 is the button
Seat 1: montreal555 ($14.12 in chips) 
Seat 4: dvdhmstar ($9.87 in chips) 
Seat 5: Dorex2007 ($5.58 in chips) 
Seat 6: WeNaSo_07 ($2.50 in chips) 
Seat 7: davegoa ($5 in chips) 
Seat 8: MelchiorF1 ($5 in chips) 
Seat 9: Almanza63 ($5.42 in chips) 
montreal555: posts small blind $0.02
bullingaround has timed out while disconnected
bullingaround: is sitting out 
dvdhmstar: posts big blind $0.05
*** HOLE CARDS ***
Dealt to Dorex2007 [Js Qc]
Dorex2007: calls $0.05
WeNaSo_07: folds 
davegoa: folds 
MelchiorF1: folds 
Almanza63: raises $0.14 to $0.19
montreal555: folds 
dvdhmstar: folds 
Dorex2007: folds 
Uncalled bet ($0.14) returned to Almanza63
Almanza63 collected $0.17 from pot
*** SUMMARY ***
Total pot $0.17 | Rake $0 
Seat 1: montreal555 (small blind) folded before Flop
Seat 4: dvdhmstar (big blind) folded before Flop
Seat 5: Dorex2007 folded before Flop
Seat 6: WeNaSo_07 folded before Flop (didn't bet)
Seat 7: davegoa folded before Flop (didn't bet)
Seat 8: MelchiorF1 folded before Flop (didn't bet)
Seat 9: Almanza63 (button) collected ($0.17)



PokerStars Hand #237484066449:  Hold'em No Limit ($0.02/$0.05 USD) - 2022/07/20 17:22:26 PT [2022/07/20 20:22:26 ET]
Table 'Aspasia' 9-max Seat #1 is the button
Seat 1: montreal555 ($14.10 in chips) 
Seat 4: dvdhmstar ($9.82 in chips) 
Seat 5: Dorex2007 ($5.53 in chips) 
Seat 6: WeNaSo_07 ($2.50 in chips) 
Seat 7: davegoa ($5 in chips) 
Seat 8: MelchiorF1 ($5 in chips) 
Seat 9: Almanza63 ($5.54 in chips) 
dvdhmstar: posts small blind $0.02
Dorex2007: posts big blind $0.05
*** HOLE CARDS ***
Dealt to Dorex2007 [2h 9h]
WeNaSo_07: folds 
davegoa: raises $0.07 to $0.12
MelchiorF1: folds 
Almanza63: folds 
montreal555: folds 
dvdhmstar: folds 
Dorex2007: folds 
Uncalled bet ($0.07) returned to davegoa
davegoa collected $0.12 from pot
*** SUMMARY ***
Total pot $0.12 | Rake $0 
Seat 1: montreal555 (button) folded before Flop (didn't bet)
Seat 4: dvdhmstar (small blind) folded before Flop
Seat 5: Dorex2007 (big blind) folded before Flop
Seat 6: WeNaSo_07 folded before Flop (didn't bet)
Seat 7: davegoa collected ($0.12)
Seat 8: MelchiorF1 folded before Flop (didn't bet)
Seat 9: Almanza63 folded before Flop (didn't bet)



PokerStars Hand #237484069924:  Hold'em No Limit ($0.02/$0.05 USD) - 2022/07/20 17:22:41 PT [2022/07/20 20:22:41 ET]
Table 'Aspasia' 9-max Seat #4 is the button
Seat 1: montreal555 ($14.10 in chips) 
Seat 4: dvdhmstar ($9.80 in chips) 
Seat 5: Dorex2007 ($5.48 in chips) 
Seat 6: WeNaSo_07 ($2.50 in chips) 
Seat 7: davegoa ($5.07 in chips) 
Seat 8: MelchiorF1 ($5 in chips) 
Seat 9: Almanza63 ($5.54 in chips) 
Dorex2007: posts small blind $0.02
WeNaSo_07: posts big blind $0.05
*** HOLE CARDS ***
Dealt to Dorex2007 [9s 6h]
davegoa: folds 
MelchiorF1: folds 
Almanza63: folds 
montreal555: folds 
dvdhmstar: raises $0.10 to $0.15
Dorex2007: folds 
WeNaSo_07: folds 
Uncalled bet ($0.10) returned to dvdhmstar
dvdhmstar collected $0.12 from pot
*** SUMMARY ***
Total pot $0.12 | Rake $0 
Seat 1: montreal555 folded before Flop (didn't bet)
Seat 4: dvdhmstar (button) collected ($0.12)
Seat 5: Dorex2007 (small blind) folded before Flop
Seat 6: WeNaSo_07 (big blind) folded before Flop
Seat 7: davegoa folded before Flop (didn't bet)
Seat 8: MelchiorF1 folded before Flop (didn't bet)
Seat 9: Almanza63 folded before Flop (didn't bet)



PokerStars Hand #237484073731:  Hold'em No Limit ($0.02/$0.05 USD) - 2022/07/20 17:22:58 PT [2022/07/20 20:22:58 ET]
Table 'Aspasia' 9-max Seat #5 is the button
Seat 1: montreal555 ($14.10 in chips) 
Seat 4: dvdhmstar ($9.87 in chips) 
Seat 5: Dorex2007 ($5.46 in chips) 
Seat 6: WeNaSo_07 ($2.50 in chips) 
Seat 7: davegoa ($5.07 in chips) 
Seat 8: MelchiorF1 ($5 in chips) 
Seat 9: Almanza63 ($5.54 in chips) 
WeNaSo_07: posts small blind $0.02
davegoa: posts big blind $0.05
*** HOLE CARDS ***
Dealt to Dorex2007 [9c Qd]
MelchiorF1: folds 
Almanza63: folds 
montreal555: folds 
dvdhmstar: folds 
Dorex2007: raises $0.10 to $0.15
WeNaSo_07: folds 
davegoa: folds 
Uncalled bet ($0.10) returned to Dorex2007
Dorex2007 collected $0.12 from pot
*** SUMMARY ***
Total pot $0.12 | Rake $0 
Seat 1: montreal555 folded before Flop (didn't bet)
Seat 4: dvdhmstar folded before Flop (didn't bet)
Seat 5: Dorex2007 (button) collected ($0.12)
Seat 6: WeNaSo_07 (small blind) folded before Flop
Seat 7: davegoa (big blind) folded before Flop
Seat 8: MelchiorF1 folded before Flop (didn't bet)
Seat 9: Almanza63 folded before Flop (didn't bet)



PokerStars Hand #237484077958:  Hold'em No Limit ($0.02/$0.05 USD) - 2022/07/20 17:23:16 PT [2022/07/20 20:23:16 ET]
Table 'Aspasia' 9-max Seat #6 is the button
Seat 1: montreal555 ($14.10 in chips) 
Seat 4: dvdhmstar ($9.87 in chips) 
Seat 5: Dorex2007 ($5.53 in chips) 
Seat 6: WeNaSo_07 ($2.50 in chips) 
Seat 7: davegoa ($5.02 in chips) 
Seat 8: MelchiorF1 ($5 in chips) 
Seat 9: Almanza63 ($5.54 in chips) 
davegoa: posts small blind $0.02
MelchiorF1: posts big blind $0.05
*** HOLE CARDS ***
Dealt to Dorex2007 [Qd 3h]
Almanza63: folds 
montreal555: folds 
dvdhmstar: folds 
Dorex2007: folds 
WeNaSo_07: raises $0.10 to $0.15
davegoa: folds 
MelchiorF1: folds 
Uncalled bet ($0.10) returned to WeNaSo_07
WeNaSo_07 collected $0.12 from pot
*** SUMMARY ***
Total pot $0.12 | Rake $0 
Seat 1: montreal555 folded before Flop (didn't bet)
Seat 4: dvdhmstar folded before Flop (didn't bet)
Seat 5: Dorex2007 folded before Flop (didn't bet)
Seat 6: WeNaSo_07 (button) collected ($0.12)
Seat 7: davegoa (small blind) folded before Flop
Seat 8: MelchiorF1 (big blind) folded before Flop
Seat 9: Almanza63 folded before Flop (didn't bet)



PokerStars Hand #237484084811:  Hold'em No Limit ($0.02/$0.05 USD) - 2022/07/20 17:23:46 PT [2022/07/20 20:23:46 ET]
Table 'Aspasia' 9-max Seat #7 is the button
Seat 1: montreal555 ($14.10 in chips) 
Seat 4: dvdhmstar ($9.87 in chips) 
Seat 5: Dorex2007 ($5.53 in chips) 
Seat 6: WeNaSo_07 ($2.57 in chips) 
Seat 7: davegoa ($5 in chips) 
Seat 8: MelchiorF1 ($5 in chips) 
Seat 9: Almanza63 ($5.54 in chips) 
MelchiorF1: posts small blind $0.02
Almanza63: posts big blind $0.05
*** HOLE CARDS ***
Dealt to Dorex2007 [Kc 8s]
montreal555: folds 
dvdhmstar: raises $0.05 to $0.10
Dorex2007: folds 
WeNaSo_07: folds 
davegoa: folds 
MelchiorF1: folds 
Almanza63: calls $0.05
*** FLOP *** [Jd 2c 3c]
Almanza63: checks 
dvdhmstar: bets $0.10
Almanza63: folds 
Uncalled bet ($0.10) returned to dvdhmstar
dvdhmstar collected $0.21 from pot
*** SUMMARY ***
Total pot $0.22 | Rake $0.01 
Board [Jd 2c 3c]
Seat 1: montreal555 folded before Flop (didn't bet)
Seat 4: dvdhmstar collected ($0.21)
Seat 5: Dorex2007 folded before Flop (didn't bet)
Seat 6: WeNaSo_07 folded before Flop (didn't bet)
Seat 7: davegoa (button) folded before Flop (didn't bet)
Seat 8: MelchiorF1 (small blind) folded before Flop
Seat 9: Almanza63 (big blind) folded on the Flop



PokerStars Hand #237484094502:  Hold'em No Limit ($0.02/$0.05 USD) - 2022/07/20 17:24:28 PT [2022/07/20 20:24:28 ET]
Table 'Aspasia' 9-max Seat #8 is the button
Seat 1: montreal555 ($14.10 in chips) 
Seat 4: dvdhmstar ($9.98 in chips) 
Seat 5: Dorex2007 ($5.53 in chips) 
Seat 6: WeNaSo_07 ($2.57 in chips) 
Seat 7: davegoa ($5 in chips) 
Seat 8: MelchiorF1 ($5 in chips) 
Seat 9: Almanza63 ($5.44 in chips) 
Almanza63: posts small blind $0.02
montreal555: posts big blind $0.05
*** HOLE CARDS ***
Dealt to Dorex2007 [8d 5c]
dvdhmstar: raises $0.05 to $0.10
Dorex2007: folds 
WeNaSo_07: folds 
davegoa: folds 
MelchiorF1: folds 
Almanza63: calls $0.08
montreal555: folds 
*** FLOP *** [6d 7d 3h]
Almanza63: checks 
dvdhmstar: bets $0.12
Almanza63: folds 
Uncalled bet ($0.12) returned to dvdhmstar
dvdhmstar collected $0.24 from pot
*** SUMMARY ***
Total pot $0.25 | Rake $0.01 
Board [6d 7d 3h]
Seat 1: montreal555 (big blind) folded before Flop
Seat 4: dvdhmstar collected ($0.24)
Seat 5: Dorex2007 folded before Flop (didn't bet)
Seat 6: WeNaSo_07 folded before Flop (didn't bet)
Seat 7: davegoa folded before Flop (didn't bet)
Seat 8: MelchiorF1 (button) folded before Flop (didn't bet)
Seat 9: Almanza63 (small blind) folded on the Flop



PokerStars Hand #237484110798:  Hold'em No Limit ($0.02/$0.05 USD) - 2022/07/20 17:25:17 PT [2022/07/20 20:25:17 ET]
Table 'Aspasia' 9-max Seat #9 is the button
Seat 1: montreal555 ($14.05 in chips) 
Seat 4: dvdhmstar ($10.12 in chips) 
Seat 5: Dorex2007 ($5.53 in chips) 
Seat 6: WeNaSo_07 ($2.57 in chips) 
Seat 7: davegoa ($5 in chips) 
Seat 8: MelchiorF1 ($5 in chips) 
Seat 9: Almanza63 ($5.34 in chips) 
montreal555: posts small blind $0.02
dvdhmstar: posts big blind $0.05
*** HOLE CARDS ***
Dealt to Dorex2007 [8d 8s]
Dorex2007: calls $0.05
WeNaSo_07: folds 
davegoa: folds 
MelchiorF1: folds 
Almanza63: folds 
montreal555: calls $0.03
dvdhmstar: checks 
*** FLOP *** [4d 6d Kc]
montreal555: checks 
dvdhmstar: checks 
Dorex2007: checks 
*** TURN *** [4d 6d Kc] [7d]
montreal555: checks 
dvdhmstar: bets $0.10
Dorex2007: calls $0.10
montreal555: folds 
*** RIVER *** [4d 6d Kc 7d] [5h]
dvdhmstar: bets $0.15
Dorex2007: calls $0.15
*** SHOW DOWN ***
dvdhmstar: shows [3d Th] (a straight, Three to Seven)
Dorex2007: shows [8d 8s] (a straight, Four to Eight)
Dorex2007 collected $0.62 from pot
*** SUMMARY ***
Total pot $0.65 | Rake $0.03 
Board [4d 6d Kc 7d 5h]
Seat 1: montreal555 (small blind) folded on the Turn
Seat 4: dvdhmstar (big blind) showed [3d Th] and lost with a straight, Three to Seven
Seat 5: Dorex2007 showed [8d 8s] and won ($0.62) with a straight, Four to Eight
Seat 6: WeNaSo_07 folded before Flop (didn't bet)
Seat 7: davegoa folded before Flop (didn't bet)
Seat 8: MelchiorF1 folded before Flop (didn't bet)
Seat 9: Almanza63 (button) folded before Flop (didn't bet)



PokerStars Hand #237484125511:  Hold'em No Limit ($0.02/$0.05 USD) - 2022/07/20 17:26:22 PT [2022/07/20 20:26:22 ET]
Table 'Aspasia' 9-max Seat #1 is the button
Seat 1: montreal555 ($14 in chips) 
Seat 4: dvdhmstar ($9.82 in chips) 
Seat 5: Dorex2007 ($5.85 in chips) 
Seat 6: WeNaSo_07 ($2.57 in chips) 
Seat 7: davegoa ($5 in chips) 
Seat 8: MelchiorF1 ($5 in chips) 
Seat 9: Almanza63 ($5.34 in chips) 
dvdhmstar: posts small blind $0.02
Dorex2007: posts big blind $0.05
*** HOLE CARDS ***
Dealt to Dorex2007 [4d 5h]
WeNaSo_07: folds 
davegoa: folds 
MelchiorF1: folds 
Almanza63: folds 
montreal555: folds 
dvdhmstar: calls $0.03
Dorex2007: checks 
*** FLOP *** [5s 3s 8c]
dvdhmstar: checks 
Dorex2007: checks 
*** TURN *** [5s 3s 8c] [7s]
dvdhmstar: checks 
Dorex2007: bets $0.10
dvdhmstar: folds 
Uncalled bet ($0.10) returned to Dorex2007
Dorex2007 collected $0.10 from pot
*** SUMMARY ***
Total pot $0.10 | Rake $0 
Board [5s 3s 8c 7s]
Seat 1: montreal555 (button) folded before Flop (didn't bet)
Seat 4: dvdhmstar (small blind) folded on the Turn
Seat 5: Dorex2007 (big blind) collected ($0.10)
Seat 6: WeNaSo_07 folded before Flop (didn't bet)
Seat 7: davegoa folded before Flop (didn't bet)
Seat 8: MelchiorF1 folded before Flop (didn't bet)
Seat 9: Almanza63 folded before Flop (didn't bet)



PokerStars Hand #237484140054:  Hold'em No Limit ($0.02/$0.05 USD) - 2022/07/20 17:27:25 PT [2022/07/20 20:27:25 ET]
Table 'Aspasia' 9-max Seat #4 is the button
Seat 1: montreal555 ($14 in chips) 
Seat 4: dvdhmstar ($9.77 in chips) 
Seat 5: Dorex2007 ($5.90 in chips) 
Seat 6: WeNaSo_07 ($2.57 in chips) 
Seat 7: davegoa ($5 in chips) 
Seat 8: MelchiorF1 ($5 in chips) 
Seat 9: Almanza63 ($5.34 in chips) 
Dorex2007: posts small blind $0.02
WeNaSo_07: posts big blind $0.05
*** HOLE CARDS ***
Dealt to Dorex2007 [6d Kh]
davegoa: folds 
MelchiorF1: raises $0.10 to $0.15
Almanza63: folds 
montreal555: calls $0.15
dvdhmstar: folds 
Dorex2007: folds 
WeNaSo_07: folds 
*** FLOP *** [8c 3c Qs]
MelchiorF1: checks 
montreal555: checks 
*** TURN *** [8c 3c Qs] [5s]
MelchiorF1: bets $0.11
montreal555: folds 
Uncalled bet ($0.11) returned to MelchiorF1
MelchiorF1 collected $0.35 from pot
*** SUMMARY ***
Total pot $0.37 | Rake $0.02 
Board [8c 3c Qs 5s]
Seat 1: montreal555 folded on the Turn
Seat 4: dvdhmstar (button) folded before Flop (didn't bet)
Seat 5: Dorex2007 (small blind) folded before Flop
Seat 6: WeNaSo_07 (big blind) folded before Flop
Seat 7: davegoa folded before Flop (didn't bet)
Seat 8: MelchiorF1 collected ($0.35)
Seat 9: Almanza63 folded before Flop (didn't bet)



PokerStars Hand #237484151331:  Hold'em No Limit ($0.02/$0.05 USD) - 2022/07/20 17:28:14 PT [2022/07/20 20:28:14 ET]
Table 'Aspasia' 9-max Seat #5 is the button
Seat 1: montreal555 ($13.85 in chips) 
Seat 4: dvdhmstar ($9.77 in chips) 
Seat 5: Dorex2007 ($5.88 in chips) 
Seat 6: WeNaSo_07 ($2.52 in chips) 
Seat 7: davegoa ($5 in chips) 
Seat 8: MelchiorF1 ($5.20 in chips) 
Seat 9: Almanza63 ($5.34 in chips) 
WeNaSo_07: posts small blind $0.02
davegoa: posts big blind $0.05
*** HOLE CARDS ***
Dealt to Dorex2007 [3h Kd]
MelchiorF1: folds 
Almanza63: folds 
montreal555: folds 
dvdhmstar: folds 
Dorex2007: folds 
WeNaSo_07: raises $0.10 to $0.15
davegoa: folds 
Uncalled bet ($0.10) returned to WeNaSo_07
WeNaSo_07 collected $0.10 from pot
*** SUMMARY ***
Total pot $0.10 | Rake $0 
Seat 1: montreal555 folded before Flop (didn't bet)
Seat 4: dvdhmstar folded before Flop (didn't bet)
Seat 5: Dorex2007 (button) folded before Flop (didn't bet)
Seat 6: WeNaSo_07 (small blind) collected ($0.10)
Seat 7: davegoa (big blind) folded before Flop
Seat 8: MelchiorF1 folded before Flop (didn't bet)
Seat 9: Almanza63 folded before Flop (didn't bet)



PokerStars Hand #237484156417:  Hold'em No Limit ($0.02/$0.05 USD) - 2022/07/20 17:28:36 PT [2022/07/20 20:28:36 ET]
Table 'Aspasia' 9-max Seat #6 is the button
Seat 1: montreal555 ($13.85 in chips) 
Seat 4: dvdhmstar ($9.77 in chips) 
Seat 5: Dorex2007 ($5.88 in chips) 
Seat 6: WeNaSo_07 ($2.57 in chips) 
Seat 7: davegoa ($5 in chips) 
Seat 8: MelchiorF1 ($5.20 in chips) 
Seat 9: Almanza63 ($5.34 in chips) 
davegoa: posts small blind $0.02
MelchiorF1: posts big blind $0.05
shtshot250: sits out 
*** HOLE CARDS ***
Dealt to Dorex2007 [7s 7c]
Almanza63: folds 
montreal555: folds 
dvdhmstar: folds 
Dorex2007: calls $0.05
WeNaSo_07: folds 
davegoa: raises $0.15 to $0.20
MelchiorF1: folds 
Dorex2007: folds 
Uncalled bet ($0.15) returned to davegoa
davegoa collected $0.15 from pot
*** SUMMARY ***
Total pot $0.15 | Rake $0 
Seat 1: montreal555 folded before Flop (didn't bet)
Seat 4: dvdhmstar folded before Flop (didn't bet)
Seat 5: Dorex2007 folded before Flop
Seat 6: WeNaSo_07 (button) folded before Flop (didn't bet)
Seat 7: davegoa (small blind) collected ($0.15)
Seat 8: MelchiorF1 (big blind) folded before Flop
Seat 9: Almanza63 folded before Flop (didn't bet)



PokerStars Hand #237484164643:  Hold'em No Limit ($0.02/$0.05 USD) - 2022/07/20 17:29:12 PT [2022/07/20 20:29:12 ET]
Table 'Aspasia' 9-max Seat #7 is the button
Seat 1: montreal555 ($13.85 in chips) 
Seat 4: dvdhmstar ($9.77 in chips) 
Seat 5: Dorex2007 ($5.83 in chips) 
Seat 6: WeNaSo_07 ($2.57 in chips) 
Seat 7: davegoa ($5.10 in chips) 
Seat 8: MelchiorF1 ($5.15 in chips) 
Seat 9: Almanza63 ($5.34 in chips) 
MelchiorF1: posts small blind $0.02
Almanza63: posts big blind $0.05
shtshot250: sits out 
*** HOLE CARDS ***
Dealt to Dorex2007 [Qd Jd]
montreal555: folds 
dvdhmstar: folds 
Dorex2007: raises $0.05 to $0.10
WeNaSo_07: folds 
davegoa: folds 
MelchiorF1: folds 
Almanza63: folds 
Uncalled bet ($0.05) returned to Dorex2007
Dorex2007 collected $0.12 from pot
*** SUMMARY ***
Total pot $0.12 | Rake $0 
Seat 1: montreal555 folded before Flop (didn't bet)
Seat 4: dvdhmstar folded before Flop (didn't bet)
Seat 5: Dorex2007 collected ($0.12)
Seat 6: WeNaSo_07 folded before Flop (didn't bet)
Seat 7: davegoa (button) folded before Flop (didn't bet)
Seat 8: MelchiorF1 (small blind) folded before Flop
Seat 9: Almanza63 (big blind) folded before Flop



PokerStars Hand #237484174450:  Hold'em No Limit ($0.02/$0.05 USD) - 2022/07/20 17:29:55 PT [2022/07/20 20:29:55 ET]
Table 'Aspasia' 9-max Seat #8 is the button
Seat 1: montreal555 ($13.85 in chips) 
Seat 4: dvdhmstar ($9.77 in chips) 
Seat 5: Dorex2007 ($5.90 in chips) 
Seat 6: WeNaSo_07 ($2.57 in chips) 
Seat 7: davegoa ($5.10 in chips) 
Seat 8: MelchiorF1 ($5.13 in chips) 
Seat 9: Almanza63 ($5.29 in chips) 
Almanza63: posts small blind $0.02
montreal555: posts big blind $0.05
shtshot250: sits out 
*** HOLE CARDS ***
Dealt to Dorex2007 [Kh 2s]
dvdhmstar: folds 
Dorex2007: folds 
WeNaSo_07: folds 
davegoa: folds 
MelchiorF1: raises $0.10 to $0.15
Almanza63: folds 
montreal555: folds 
Uncalled bet ($0.10) returned to MelchiorF1
MelchiorF1 collected $0.12 from pot
*** SUMMARY ***
Total pot $0.12 | Rake $0 
Seat 1: montreal555 (big blind) folded before Flop
Seat 4: dvdhmstar folded before Flop (didn't bet)
Seat 5: Dorex2007 folded before Flop (didn't bet)
Seat 6: WeNaSo_07 folded before Flop (didn't bet)
Seat 7: davegoa folded before Flop (didn't bet)
Seat 8: MelchiorF1 (button) collected ($0.12)
Seat 9: Almanza63 (small blind) folded before Flop



PokerStars Hand #237484180026:  Hold'em No Limit ($0.02/$0.05 USD) - 2022/07/20 17:30:19 PT [2022/07/20 20:30:19 ET]
Table 'Aspasia' 9-max Seat #9 is the button
Seat 1: montreal555 ($13.80 in chips) 
Seat 3: shtshot250 ($18.83 in chips) 
Seat 4: dvdhmstar ($9.77 in chips) 
Seat 5: Dorex2007 ($5.90 in chips) 
Seat 6: WeNaSo_07 ($2.57 in chips) 
Seat 7: davegoa ($5.10 in chips) 
Seat 8: MelchiorF1 ($5.20 in chips) 
Seat 9: Almanza63 ($5.27 in chips) 
montreal555: posts small blind $0.02
shtshot250: posts big blind $0.05
*** HOLE CARDS ***
Dealt to Dorex2007 [9h 3d]
dvdhmstar: folds 
Dorex2007: folds 
WeNaSo_07: folds 
davegoa: raises $0.07 to $0.12
MelchiorF1: folds 
Almanza63: folds 
montreal555: folds 
shtshot250: folds 
Uncalled bet ($0.07) returned to davegoa
davegoa collected $0.12 from pot
*** SUMMARY ***
Total pot $0.12 | Rake $0 
Seat 1: montreal555 (small blind) folded before Flop
Seat 3: shtshot250 (big blind) folded before Flop
Seat 4: dvdhmstar folded before Flop (didn't bet)
Seat 5: Dorex2007 folded before Flop (didn't bet)
Seat 6: WeNaSo_07 folded before Flop (didn't bet)
Seat 7: davegoa collected ($0.12)
Seat 8: MelchiorF1 folded before Flop (didn't bet)
Seat 9: Almanza63 (button) folded before Flop (didn't bet)



PokerStars Hand #237484184233:  Hold'em No Limit ($0.02/$0.05 USD) - 2022/07/20 17:30:37 PT [2022/07/20 20:30:37 ET]
Table 'Aspasia' 9-max Seat #1 is the button
Seat 1: montreal555 ($13.78 in chips) 
Seat 3: shtshot250 ($18.78 in chips) 
Seat 4: dvdhmstar ($9.77 in chips) 
Seat 5: Dorex2007 ($5.90 in chips) 
Seat 6: WeNaSo_07 ($2.57 in chips) 
Seat 7: davegoa ($5.17 in chips) 
Seat 8: MelchiorF1 ($5.20 in chips) 
Seat 9: Almanza63 ($5.27 in chips) 
shtshot250: posts small blind $0.02
dvdhmstar: posts big blind $0.05
*** HOLE CARDS ***
Dealt to Dorex2007 [9s 2c]
Dorex2007: folds 
WeNaSo_07: folds 
davegoa: folds 
MelchiorF1: folds 
MelchiorF1 leaves the table
Almanza63: folds 
montreal555: folds 
shtshot250: folds 
Uncalled bet ($0.03) returned to dvdhmstar
dvdhmstar collected $0.04 from pot
*** SUMMARY ***
Total pot $0.04 | Rake $0 
Seat 1: montreal555 (button) folded before Flop (didn't bet)
Seat 3: shtshot250 (small blind) folded before Flop
Seat 4: dvdhmstar (big blind) collected ($0.04)
Seat 5: Dorex2007 folded before Flop (didn't bet)
Seat 6: WeNaSo_07 folded before Flop (didn't bet)
Seat 7: davegoa folded before Flop (didn't bet)
Seat 8: MelchiorF1 folded before Flop (didn't bet)
Seat 9: Almanza63 folded before Flop (didn't bet)



PokerStars Hand #237484188995:  Hold'em No Limit ($0.02/$0.05 USD) - 2022/07/20 17:30:58 PT [2022/07/20 20:30:58 ET]
Table 'Aspasia' 9-max Seat #3 is the button
Seat 1: montreal555 ($13.78 in chips) 
Seat 3: shtshot250 ($18.76 in chips) 
Seat 4: dvdhmstar ($9.79 in chips) 
Seat 5: Dorex2007 ($5.90 in chips) 
Seat 6: WeNaSo_07 ($2.57 in chips) 
Seat 7: davegoa ($5.17 in chips) 
Seat 9: Almanza63 ($5.27 in chips) 
dvdhmstar: posts small blind $0.02
Dorex2007: posts big blind $0.05
*** HOLE CARDS ***
Dealt to Dorex2007 [Td 3h]
WeNaSo_07: folds 
davegoa: folds 
Almanza63: folds 
montreal555: folds 
shtshot250: folds 
MelchiorF1 joins the table at seat #8 
dvdhmstar: raises $0.05 to $0.10
Dorex2007: folds 
Uncalled bet ($0.05) returned to dvdhmstar
dvdhmstar collected $0.10 from pot
*** SUMMARY ***
Total pot $0.10 | Rake $0 
Seat 1: montreal555 folded before Flop (didn't bet)
Seat 3: shtshot250 (button) folded before Flop (didn't bet)
Seat 4: dvdhmstar (small blind) collected ($0.10)
Seat 5: Dorex2007 (big blind) folded before Flop
Seat 6: WeNaSo_07 folded before Flop (didn't bet)
Seat 7: davegoa folded before Flop (didn't bet)
Seat 9: Almanza63 folded before Flop (didn't bet)



PokerStars Hand #237484192122:  Hold'em No Limit ($0.02/$0.05 USD) - 2022/07/20 17:31:12 PT [2022/07/20 20:31:12 ET]
Table 'Aspasia' 9-max Seat #4 is the button
Seat 1: montreal555 ($13.78 in chips) 
Seat 3: shtshot250 ($18.76 in chips) 
Seat 4: dvdhmstar ($9.84 in chips) 
Seat 5: Dorex2007 ($5.85 in chips) 
Seat 6: WeNaSo_07 ($2.57 in chips) 
Seat 7: davegoa ($5.17 in chips) 
Seat 9: Almanza63 ($5.27 in chips) 
Dorex2007: posts small blind $0.02
WeNaSo_07: posts big blind $0.05
MelchiorF1: sits out 
*** HOLE CARDS ***
Dealt to Dorex2007 [2h Th]
davegoa: folds 
Almanza63: folds 
montreal555: folds 
shtshot250: raises $0.12 to $0.17
dvdhmstar: folds 
Dorex2007: folds 
WeNaSo_07: folds 
Uncalled bet ($0.12) returned to shtshot250
shtshot250 collected $0.12 from pot
*** SUMMARY ***
Total pot $0.12 | Rake $0 
Seat 1: montreal555 folded before Flop (didn't bet)
Seat 3: shtshot250 collected ($0.12)
Seat 4: dvdhmstar (button) folded before Flop (didn't bet)
Seat 5: Dorex2007 (small blind) folded before Flop
Seat 6: WeNaSo_07 (big blind) folded before Flop
Seat 7: davegoa folded before Flop (didn't bet)
Seat 9: Almanza63 folded before Flop (didn't bet)



PokerStars Hand #237484197340:  Hold'em No Limit ($0.02/$0.05 USD) - 2022/07/20 17:31:35 PT [2022/07/20 20:31:35 ET]
Table 'Aspasia' 9-max Seat #5 is the button
Seat 1: montreal555 ($13.78 in chips) 
Seat 3: shtshot250 ($18.83 in chips) 
Seat 4: dvdhmstar ($9.84 in chips) 
Seat 5: Dorex2007 ($5.83 in chips) 
Seat 6: WeNaSo_07 ($2.52 in chips) 
Seat 7: davegoa ($5.17 in chips) 
Seat 9: Almanza63 ($5.27 in chips) 
WeNaSo_07: posts small blind $0.02
davegoa: posts big blind $0.05
MelchiorF1: sits out 
*** HOLE CARDS ***
Dealt to Dorex2007 [Jc 7d]
Almanza63: folds 
montreal555: folds 
shtshot250: folds 
bullingaround leaves the table
dvdhmstar: raises $0.05 to $0.10
Dorex2007: folds 
WeNaSo_07: calls $0.08
davegoa: folds 
*** FLOP *** [5d 2c 3c]
WeNaSo_07: checks 
dvdhmstar: bets $0.12
Andre9708 joins the table at seat #2 
WeNaSo_07: calls $0.12
*** TURN *** [5d 2c 3c] [3s]
WeNaSo_07: checks 
dvdhmstar: checks 
*** RIVER *** [5d 2c 3c 3s] [5c]
WeNaSo_07: bets $0.28
dvdhmstar: calls $0.28
*** SHOW DOWN ***
WeNaSo_07: shows [Td Th] (two pair, Tens and Fives)
dvdhmstar: mucks hand 
WeNaSo_07 collected $1.01 from pot
*** SUMMARY ***
Total pot $1.05 | Rake $0.04 
Board [5d 2c 3c 3s 5c]
Seat 1: montreal555 folded before Flop (didn't bet)
Seat 3: shtshot250 folded before Flop (didn't bet)
Seat 4: dvdhmstar mucked [As 7s]
Seat 5: Dorex2007 (button) folded before Flop (didn't bet)
Seat 6: WeNaSo_07 (small blind) showed [Td Th] and won ($1.01) with two pair, Tens and Fives
Seat 7: davegoa (big blind) folded before Flop
Seat 9: Almanza63 folded before Flop (didn't bet)



PokerStars Hand #237484214339:  Hold'em No Limit ($0.02/$0.05 USD) - 2022/07/20 17:32:51 PT [2022/07/20 20:32:51 ET]
Table 'Aspasia' 9-max Seat #6 is the button
Seat 1: montreal555 ($13.78 in chips) 
Seat 3: shtshot250 ($18.83 in chips) 
Seat 4: dvdhmstar ($9.34 in chips) 
Seat 5: Dorex2007 ($5.83 in chips) 
Seat 6: WeNaSo_07 ($3.03 in chips) 
Seat 7: davegoa ($5.12 in chips) 
Seat 8: MelchiorF1 ($5.20 in chips) 
Seat 9: Almanza63 ($5.27 in chips) 
davegoa: posts small blind $0.02
MelchiorF1: posts big blind $0.05
Andre9708: sits out 
*** HOLE CARDS ***
Dealt to Dorex2007 [Tc 6h]
Almanza63: folds 
montreal555: calls $0.05
shtshot250: raises $0.17 to $0.22
dvdhmstar: folds 
Dorex2007: folds 
WeNaSo_07: folds 
davegoa: folds 
MelchiorF1: folds 
montreal555: calls $0.17
*** FLOP *** [9s Jc Qs]
montreal555: checks 
shtshot250: bets $0.49
montreal555: folds 
Uncalled bet ($0.49) returned to shtshot250
shtshot250 collected $0.49 from pot
*** SUMMARY ***
Total pot $0.51 | Rake $0.02 
Board [9s Jc Qs]
Seat 1: montreal555 folded on the Flop
Seat 3: shtshot250 collected ($0.49)
Seat 4: dvdhmstar folded before Flop (didn't bet)
Seat 5: Dorex2007 folded before Flop (didn't bet)
Seat 6: WeNaSo_07 (button) folded before Flop (didn't bet)
Seat 7: davegoa (small blind) folded before Flop
Seat 8: MelchiorF1 (big blind) folded before Flop
Seat 9: Almanza63 folded before Flop (didn't bet)



PokerStars Hand #237484222345:  Hold'em No Limit ($0.02/$0.05 USD) - 2022/07/20 17:33:26 PT [2022/07/20 20:33:26 ET]
Table 'Aspasia' 9-max Seat #7 is the button
Seat 1: montreal555 ($13.56 in chips) 
Seat 3: shtshot250 ($19.10 in chips) 
Seat 4: dvdhmstar ($9.34 in chips) 
Seat 5: Dorex2007 ($5.83 in chips) 
Seat 6: WeNaSo_07 ($3.03 in chips) 
Seat 7: davegoa ($5.10 in chips) 
Seat 8: MelchiorF1 ($5.15 in chips) 
Seat 9: Almanza63 ($5.27 in chips) 
MelchiorF1: posts small blind $0.02
Almanza63: posts big blind $0.05
Andre9708: sits out 
*** HOLE CARDS ***
Dealt to Dorex2007 [6s As]
montreal555: folds 
shtshot250: folds 
dvdhmstar: folds 
Dorex2007: raises $0.05 to $0.10
WeNaSo_07: folds 
davegoa: folds 
MelchiorF1: calls $0.08
Almanza63: calls $0.05
*** FLOP *** [6h 2s Th]
MelchiorF1: checks 
Almanza63: checks 
Dorex2007: bets $0.29
MelchiorF1: folds 
Almanza63: folds 
Uncalled bet ($0.29) returned to Dorex2007
Dorex2007 collected $0.29 from pot
*** SUMMARY ***
Total pot $0.30 | Rake $0.01 
Board [6h 2s Th]
Seat 1: montreal555 folded before Flop (didn't bet)
Seat 3: shtshot250 folded before Flop (didn't bet)
Seat 4: dvdhmstar folded before Flop (didn't bet)
Seat 5: Dorex2007 collected ($0.29)
Seat 6: WeNaSo_07 folded before Flop (didn't bet)
Seat 7: davegoa (button) folded before Flop (didn't bet)
Seat 8: MelchiorF1 (small blind) folded on the Flop
Seat 9: Almanza63 (big blind) folded on the Flop



PokerStars Hand #237484235194:  Hold'em No Limit ($0.02/$0.05 USD) - 2022/07/20 17:34:23 PT [2022/07/20 20:34:23 ET]
Table 'Aspasia' 9-max Seat #8 is the button
Seat 1: montreal555 ($13.56 in chips) 
Seat 3: shtshot250 ($19.10 in chips) 
Seat 4: dvdhmstar ($9.34 in chips) 
Seat 5: Dorex2007 ($6.02 in chips) 
Seat 6: WeNaSo_07 ($3.03 in chips) 
Seat 7: davegoa ($5.10 in chips) 
Seat 8: MelchiorF1 ($5.05 in chips) 
Seat 9: Almanza63 ($5.17 in chips) 
Almanza63: posts small blind $0.02
montreal555: posts big blind $0.05
Andre9708: sits out 
*** HOLE CARDS ***
Dealt to Dorex2007 [Qc Jh]
shtshot250: folds 
dvdhmstar: folds 
Dorex2007: folds 
WeNaSo_07: folds 
davegoa: folds 
MelchiorF1: folds 
Almanza63: raises $0.10 to $0.15
montreal555: folds 
Uncalled bet ($0.10) returned to Almanza63
Almanza63 collected $0.10 from pot
*** SUMMARY ***
Total pot $0.10 | Rake $0 
Seat 1: montreal555 (big blind) folded before Flop
Seat 3: shtshot250 folded before Flop (didn't bet)
Seat 4: dvdhmstar folded before Flop (didn't bet)
Seat 5: Dorex2007 folded before Flop (didn't bet)
Seat 6: WeNaSo_07 folded before Flop (didn't bet)
Seat 7: davegoa folded before Flop (didn't bet)
Seat 8: MelchiorF1 (button) folded before Flop (didn't bet)
Seat 9: Almanza63 (small blind) collected ($0.10)



PokerStars Hand #237484243540:  Hold'em No Limit ($0.02/$0.05 USD) - 2022/07/20 17:35:01 PT [2022/07/20 20:35:01 ET]
Table 'Aspasia' 9-max Seat #9 is the button
Seat 1: montreal555 ($13.51 in chips) 
Seat 2: Andre9708 ($2 in chips) 
Seat 3: shtshot250 ($19.10 in chips) 
Seat 4: dvdhmstar ($9.34 in chips) 
Seat 5: Dorex2007 ($6.02 in chips) 
Seat 6: WeNaSo_07 ($3.03 in chips) 
Seat 7: davegoa ($5.10 in chips) 
Seat 8: MelchiorF1 ($5.05 in chips) 
Seat 9: Almanza63 ($5.22 in chips) 
montreal555: posts small blind $0.02
Andre9708: posts big blind $0.05
*** HOLE CARDS ***
Dealt to Dorex2007 [6s Ah]
shtshot250: folds 
dvdhmstar: folds 
Dorex2007: folds 
WeNaSo_07: folds 
davegoa: folds 
MelchiorF1: folds 
Almanza63 has timed out
Almanza63: folds 
montreal555: folds 
Uncalled bet ($0.03) returned to Andre9708
Andre9708 collected $0.04 from pot
*** SUMMARY ***
Total pot $0.04 | Rake $0 
Seat 1: montreal555 (small blind) folded before Flop
Seat 2: Andre9708 (big blind) collected ($0.04)
Seat 3: shtshot250 folded before Flop (didn't bet)
Seat 4: dvdhmstar folded before Flop (didn't bet)
Seat 5: Dorex2007 folded before Flop (didn't bet)
Seat 6: WeNaSo_07 folded before Flop (didn't bet)
Seat 7: davegoa folded before Flop (didn't bet)
Seat 8: MelchiorF1 folded before Flop (didn't bet)
Seat 9: Almanza63 (button) folded before Flop (didn't bet)



PokerStars Hand #237484251347:  Hold'em No Limit ($0.02/$0.05 USD) - 2022/07/20 17:35:37 PT [2022/07/20 20:35:37 ET]
Table 'Aspasia' 9-max Seat #1 is the button
Seat 1: montreal555 ($13.49 in chips) 
Seat 3: shtshot250 ($19.10 in chips) 
Seat 4: dvdhmstar ($9.34 in chips) 
Seat 5: Dorex2007 ($6.02 in chips) 
Seat 6: WeNaSo_07 ($3.03 in chips) 
Seat 7: davegoa ($5.10 in chips) 
Seat 8: MelchiorF1 ($5.05 in chips) 
Andre9708 is disconnected 
Andre9708 has timed out while disconnected
Andre9708: is sitting out 
shtshot250: posts small blind $0.02
dvdhmstar: posts big blind $0.05
*** HOLE CARDS ***
Dealt to Dorex2007 [9c 6h]
Dorex2007: folds 
WeNaSo_07: folds 
davegoa: folds 
MelchiorF1: folds 
montreal555: folds 
shtshot250: folds 
Uncalled bet ($0.03) returned to dvdhmstar
dvdhmstar collected $0.04 from pot
*** SUMMARY ***
Total pot $0.04 | Rake $0 
Seat 1: montreal555 (button) folded before Flop (didn't bet)
Seat 3: shtshot250 (small blind) folded before Flop
Seat 4: dvdhmstar (big blind) collected ($0.04)
Seat 5: Dorex2007 folded before Flop (didn't bet)
Seat 6: WeNaSo_07 folded before Flop (didn't bet)
Seat 7: davegoa folded before Flop (didn't bet)
Seat 8: MelchiorF1 folded before Flop (didn't bet)



PokerStars Hand #237484256272:  Hold'em No Limit ($0.02/$0.05 USD) - 2022/07/20 17:35:59 PT [2022/07/20 20:35:59 ET]
Table 'Aspasia' 9-max Seat #3 is the button
Seat 1: montreal555 ($13.49 in chips) 
Seat 3: shtshot250 ($19.08 in chips) 
Seat 4: dvdhmstar ($9.36 in chips) 
Seat 5: Dorex2007 ($6.02 in chips) 
Seat 6: WeNaSo_07 ($3.03 in chips) 
Seat 7: davegoa ($5.10 in chips) 
Seat 8: MelchiorF1 ($5.05 in chips) 
Seat 9: Almanza63 ($5.22 in chips) 
dvdhmstar: posts small blind $0.02
Dorex2007: posts big blind $0.05
Andre9708: sits out 
*** HOLE CARDS ***
Dealt to Dorex2007 [5s 9h]
WeNaSo_07: folds 
davegoa: folds 
MelchiorF1: folds 
Almanza63: raises $0.20 to $0.25
montreal555: folds 
shtshot250: raises $0.57 to $0.82
dvdhmstar: folds 
Dorex2007: folds 
Almanza63: calls $0.57
*** FLOP *** [Qd 3c 4d]
Almanza63: checks 
shtshot250: checks 
*** TURN *** [Qd 3c 4d] [9c]
Almanza63: bets $1.64
shtshot250: calls $1.64
*** RIVER *** [Qd 3c 4d 9c] [5d]
Almanza63: bets $2.76 and is all-in
shtshot250: folds 
Uncalled bet ($2.76) returned to Almanza63
Almanza63 collected $4.78 from pot
*** SUMMARY ***
Total pot $4.99 | Rake $0.21 
Board [Qd 3c 4d 9c 5d]
Seat 1: montreal555 folded before Flop (didn't bet)
Seat 3: shtshot250 (button) folded on the River
Seat 4: dvdhmstar (small blind) folded before Flop
Seat 5: Dorex2007 (big blind) folded before Flop
Seat 6: WeNaSo_07 folded before Flop (didn't bet)
Seat 7: davegoa folded before Flop (didn't bet)
Seat 8: MelchiorF1 folded before Flop (didn't bet)
Seat 9: Almanza63 collected ($4.78)



PokerStars Hand #237484265441:  Hold'em No Limit ($0.02/$0.05 USD) - 2022/07/20 17:36:40 PT [2022/07/20 20:36:40 ET]
Table 'Aspasia' 9-max Seat #4 is the button
Seat 1: montreal555 ($13.49 in chips) 
Seat 3: shtshot250 ($16.62 in chips) 
Seat 4: dvdhmstar ($9.34 in chips) 
Seat 5: Dorex2007 ($5.97 in chips) 
Seat 6: WeNaSo_07 ($3.03 in chips) 
Seat 7: davegoa ($5.10 in chips) 
Seat 8: MelchiorF1 ($5.05 in chips) 
Seat 9: Almanza63 ($7.54 in chips) 
Dorex2007: posts small blind $0.02
WeNaSo_07: posts big blind $0.05
Andre9708: sits out 
*** HOLE CARDS ***
Dealt to Dorex2007 [Qd 7s]
davegoa: folds 
MelchiorF1: folds 
Almanza63: folds 
montreal555: folds 
shtshot250: folds 
shtshot250 leaves the table
dvdhmstar: folds 
Dorex2007: folds 
Uncalled bet ($0.03) returned to WeNaSo_07
WeNaSo_07 collected $0.04 from pot
*** SUMMARY ***
Total pot $0.04 | Rake $0 
Seat 1: montreal555 folded before Flop (didn't bet)
Seat 3: shtshot250 folded before Flop (didn't bet)
Seat 4: dvdhmstar (button) folded before Flop (didn't bet)
Seat 5: Dorex2007 (small blind) folded before Flop
Seat 6: WeNaSo_07 (big blind) collected ($0.04)
Seat 7: davegoa folded before Flop (didn't bet)
Seat 8: MelchiorF1 folded before Flop (didn't bet)
Seat 9: Almanza63 folded before Flop (didn't bet)



PokerStars Hand #237484267875:  Hold'em No Limit ($0.02/$0.05 USD) - 2022/07/20 17:36:51 PT [2022/07/20 20:36:51 ET]
Table 'Aspasia' 9-max Seat #5 is the button
Seat 1: montreal555 ($13.49 in chips) 
Seat 4: dvdhmstar ($9.34 in chips) 
Seat 5: Dorex2007 ($5.95 in chips) 
Seat 6: WeNaSo_07 ($3.05 in chips) 
Seat 7: davegoa ($5.10 in chips) 
Seat 8: MelchiorF1 ($5.05 in chips) 
Seat 9: Almanza63 ($7.54 in chips) 
WeNaSo_07: posts small blind $0.02
davegoa: posts big blind $0.05
Andre9708: sits out 
*** HOLE CARDS ***
Dealt to Dorex2007 [5c 3h]
MelchiorF1: folds 
Almanza63: folds 
montreal555: folds 
dvdhmstar: folds 
Dorex2007: folds 
WeNaSo_07: folds 
Uncalled bet ($0.03) returned to davegoa
davegoa collected $0.04 from pot
*** SUMMARY ***
Total pot $0.04 | Rake $0 
Seat 1: montreal555 folded before Flop (didn't bet)
Seat 4: dvdhmstar folded before Flop (didn't bet)
Seat 5: Dorex2007 (button) folded before Flop (didn't bet)
Seat 6: WeNaSo_07 (small blind) folded before Flop
Seat 7: davegoa (big blind) collected ($0.04)
Seat 8: MelchiorF1 folded before Flop (didn't bet)
Seat 9: Almanza63 folded before Flop (didn't bet)



PokerStars Hand #237484273214:  Hold'em No Limit ($0.02/$0.05 USD) - 2022/07/20 17:37:15 PT [2022/07/20 20:37:15 ET]
Table 'Aspasia' 9-max Seat #6 is the button
Seat 1: montreal555 ($13.49 in chips) 
Seat 4: dvdhmstar ($9.34 in chips) 
Seat 5: Dorex2007 ($5.95 in chips) 
Seat 6: WeNaSo_07 ($3.03 in chips) 
Seat 7: davegoa ($5.12 in chips) 
Seat 8: MelchiorF1 ($5.05 in chips) 
Seat 9: Almanza63 ($7.54 in chips) 
davegoa: posts small blind $0.02
MelchiorF1: posts big blind $0.05
Andre9708: sits out 
*** HOLE CARDS ***
Dealt to Dorex2007 [7c 2h]
Almanza63: folds 
montreal555: folds 
dvdhmstar: folds 
Dorex2007: folds 
WeNaSo_07: folds 
davegoa: folds 
Uncalled bet ($0.03) returned to MelchiorF1
MelchiorF1 collected $0.04 from pot
*** SUMMARY ***
Total pot $0.04 | Rake $0 
Seat 1: montreal555 folded before Flop (didn't bet)
Seat 4: dvdhmstar folded before Flop (didn't bet)
Seat 5: Dorex2007 folded before Flop (didn't bet)
Seat 6: WeNaSo_07 (button) folded before Flop (didn't bet)
Seat 7: davegoa (small blind) folded before Flop
Seat 8: MelchiorF1 (big blind) collected ($0.04)
Seat 9: Almanza63 folded before Flop (didn't bet)



PokerStars Hand #237484281007:  Hold'em No Limit ($0.02/$0.05 USD) - 2022/07/20 17:37:50 PT [2022/07/20 20:37:50 ET]
Table 'Aspasia' 9-max Seat #7 is the button
Seat 1: montreal555 ($13.49 in chips) 
Seat 4: dvdhmstar ($9.34 in chips) 
Seat 5: Dorex2007 ($5.95 in chips) 
Seat 6: WeNaSo_07 ($3.03 in chips) 
Seat 7: davegoa ($5.10 in chips) 
Seat 8: MelchiorF1 ($5.07 in chips) 
Seat 9: Almanza63 ($7.54 in chips) 
MelchiorF1: posts small blind $0.02
Almanza63: posts big blind $0.05
Andre9708: sits out 
*** HOLE CARDS ***
Dealt to Dorex2007 [7d Kc]
montreal555: calls $0.05
dvdhmstar: folds 
Dorex2007: folds 
WeNaSo_07: folds 
davegoa: folds 
MelchiorF1: folds 
Almanza63: checks 
*** FLOP *** [3s Jh 9s]
Almanza63: bets $0.15
montreal555: folds 
Uncalled bet ($0.15) returned to Almanza63
Almanza63 collected $0.12 from pot
*** SUMMARY ***
Total pot $0.12 | Rake $0 
Board [3s Jh 9s]
Seat 1: montreal555 folded on the Flop
Seat 4: dvdhmstar folded before Flop (didn't bet)
Seat 5: Dorex2007 folded before Flop (didn't bet)
Seat 6: WeNaSo_07 folded before Flop (didn't bet)
Seat 7: davegoa (button) folded before Flop (didn't bet)
Seat 8: MelchiorF1 (small blind) folded before Flop
Seat 9: Almanza63 (big blind) collected ($0.12)



PokerStars Hand #237484286689:  Hold'em No Limit ($0.02/$0.05 USD) - 2022/07/20 17:38:16 PT [2022/07/20 20:38:16 ET]
Table 'Aspasia' 9-max Seat #8 is the button
Seat 1: montreal555 ($13.44 in chips) 
Seat 4: dvdhmstar ($9.34 in chips) 
Seat 5: Dorex2007 ($5.95 in chips) 
Seat 6: WeNaSo_07 ($3.03 in chips) 
Seat 7: davegoa ($5.10 in chips) 
Seat 8: MelchiorF1 ($5.05 in chips) 
Seat 9: Almanza63 ($7.61 in chips) 
Almanza63: posts small blind $0.02
montreal555: posts big blind $0.05
Andre9708: sits out 
*** HOLE CARDS ***
Dealt to Dorex2007 [4c Jh]
dvdhmstar: folds 
Shevcuk joins the table at seat #3 
Dorex2007: folds 
WeNaSo_07: folds 
davegoa: folds 
MelchiorF1: folds 
Almanza63: raises $0.15 to $0.20
montreal555: raises $0.40 to $0.60
Almanza63: folds 
Uncalled bet ($0.40) returned to montreal555
montreal555 collected $0.40 from pot
*** SUMMARY ***
Total pot $0.40 | Rake $0 
Seat 1: montreal555 (big blind) collected ($0.40)
Seat 4: dvdhmstar folded before Flop (didn't bet)
Seat 5: Dorex2007 folded before Flop (didn't bet)
Seat 6: WeNaSo_07 folded before Flop (didn't bet)
Seat 7: davegoa folded before Flop (didn't bet)
Seat 8: MelchiorF1 (button) folded before Flop (didn't bet)
Seat 9: Almanza63 (small blind) folded before Flop



PokerStars Hand #237484302990:  Hold'em No Limit ($0.02/$0.05 USD) - 2022/07/20 17:38:56 PT [2022/07/20 20:38:56 ET]
Table 'Aspasia' 9-max Seat #9 is the button
Seat 1: montreal555 ($13.64 in chips) 
Seat 2: Andre9708 ($2.02 in chips) 
Seat 4: dvdhmstar ($9.34 in chips) 
Seat 5: Dorex2007 ($5.95 in chips) 
Seat 6: WeNaSo_07 ($3.03 in chips) 
Seat 7: davegoa ($5.10 in chips) 
Seat 8: MelchiorF1 ($5.05 in chips) 
Seat 9: Almanza63 ($7.41 in chips) 
montreal555: posts small blind $0.02
Andre9708: posts big blind $0.05
Shevcuk: sits out 
*** HOLE CARDS ***
Dealt to Dorex2007 [3c Kd]
dvdhmstar: folds 
Dorex2007: folds 
WeNaSo_07: folds 
davegoa: folds 
MelchiorF1: folds 
Almanza63: raises $0.15 to $0.20
montreal555: folds 
Andre9708: calls $0.15
*** FLOP *** [Qh 8c Kh]
Andre9708: checks 
Almanza63: bets $0.20
Andre9708: folds 
Uncalled bet ($0.20) returned to Almanza63
Almanza63 collected $0.40 from pot
*** SUMMARY ***
Total pot $0.42 | Rake $0.02 
Board [Qh 8c Kh]
Seat 1: montreal555 (small blind) folded before Flop
Seat 2: Andre9708 (big blind) folded on the Flop
Seat 4: dvdhmstar folded before Flop (didn't bet)
Seat 5: Dorex2007 folded before Flop (didn't bet)
Seat 6: WeNaSo_07 folded before Flop (didn't bet)
Seat 7: davegoa folded before Flop (didn't bet)
Seat 8: MelchiorF1 folded before Flop (didn't bet)
Seat 9: Almanza63 (button) collected ($0.40)



PokerStars Hand #237484312370:  Hold'em No Limit ($0.02/$0.05 USD) - 2022/07/20 17:39:38 PT [2022/07/20 20:39:38 ET]
Table 'Aspasia' 9-max Seat #1 is the button
Seat 1: montreal555 ($13.62 in chips) 
Seat 2: Andre9708 ($1.82 in chips) 
Seat 3: Shevcuk ($5 in chips) 
Seat 4: dvdhmstar ($9.34 in chips) 
Seat 5: Dorex2007 ($5.95 in chips) 
Seat 6: WeNaSo_07 ($3.03 in chips) 
Seat 7: davegoa ($5.10 in chips) 
Seat 8: MelchiorF1 ($5.05 in chips) 
Seat 9: Almanza63 ($7.61 in chips) 
Andre9708: posts small blind $0.02
Shevcuk: posts big blind $0.05
*** HOLE CARDS ***
Dealt to Dorex2007 [3c 2d]
dvdhmstar: calls $0.05
Dorex2007: folds 
WeNaSo_07: folds 
davegoa: folds 
MelchiorF1: folds 
Almanza63: folds 
montreal555: folds 
Andre9708: calls $0.03
Shevcuk: checks 
*** FLOP *** [As 9s Kd]
Andre9708: bets $0.05
Shevcuk: folds 
dvdhmstar: folds 
Uncalled bet ($0.05) returned to Andre9708
Andre9708 collected $0.14 from pot
*** SUMMARY ***
Total pot $0.15 | Rake $0.01 
Board [As 9s Kd]
Seat 1: montreal555 (button) folded before Flop (didn't bet)
Seat 2: Andre9708 (small blind) collected ($0.14)
Seat 3: Shevcuk (big blind) folded on the Flop
Seat 4: dvdhmstar folded on the Flop
Seat 5: Dorex2007 folded before Flop (didn't bet)
Seat 6: WeNaSo_07 folded before Flop (didn't bet)
Seat 7: davegoa folded before Flop (didn't bet)
Seat 8: MelchiorF1 folded before Flop (didn't bet)
Seat 9: Almanza63 folded before Flop (didn't bet)



PokerStars Hand #237484319205:  Hold'em No Limit ($0.02/$0.05 USD) - 2022/07/20 17:40:09 PT [2022/07/20 20:40:09 ET]
Table 'Aspasia' 9-max Seat #2 is the button
Seat 1: montreal555 ($13.62 in chips) 
Seat 2: Andre9708 ($1.91 in chips) 
Seat 3: Shevcuk ($5 in chips) 
Seat 4: dvdhmstar ($9.29 in chips) 
Seat 5: Dorex2007 ($5.95 in chips) 
Seat 6: WeNaSo_07 ($3.03 in chips) 
Seat 7: davegoa ($5.10 in chips) 
Seat 8: MelchiorF1 ($5.05 in chips) 
Seat 9: Almanza63 ($7.61 in chips) 
Shevcuk: posts small blind $0.02
dvdhmstar: posts big blind $0.05
*** HOLE CARDS ***
Dealt to Dorex2007 [Tc Qh]
Dorex2007: calls $0.05
WeNaSo_07: folds 
davegoa: folds 
MelchiorF1: folds 
Almanza63: folds 
montreal555: folds 
Andre9708: folds 
Shevcuk: folds 
dvdhmstar: checks 
*** FLOP *** [3d 5h Jc]
dvdhmstar: checks 
Dorex2007: checks 
*** TURN *** [3d 5h Jc] [3c]
dvdhmstar: checks 
Dorex2007: checks 
*** RIVER *** [3d 5h Jc 3c] [9d]
dvdhmstar: checks 
Dorex2007: checks 
*** SHOW DOWN ***
dvdhmstar: shows [2d Qs] (a pair of Threes)
Dorex2007: shows [Tc Qh] (a pair of Threes - Queen+Jack+Ten kicker)
Dorex2007 collected $0.12 from pot
*** SUMMARY ***
Total pot $0.12 | Rake $0 
Board [3d 5h Jc 3c 9d]
Seat 1: montreal555 folded before Flop (didn't bet)
Seat 2: Andre9708 (button) folded before Flop (didn't bet)
Seat 3: Shevcuk (small blind) folded before Flop
Seat 4: dvdhmstar (big blind) showed [2d Qs] and lost with a pair of Threes
Seat 5: Dorex2007 showed [Tc Qh] and won ($0.12) with a pair of Threes
Seat 6: WeNaSo_07 folded before Flop (didn't bet)
Seat 7: davegoa folded before Flop (didn't bet)
Seat 8: MelchiorF1 folded before Flop (didn't bet)
Seat 9: Almanza63 folded before Flop (didn't bet)



PokerStars Hand #237484336577:  Hold'em No Limit ($0.02/$0.05 USD) - 2022/07/20 17:40:55 PT [2022/07/20 20:40:55 ET]
Table 'Aspasia' 9-max Seat #3 is the button
Seat 1: montreal555 ($13.62 in chips) 
Seat 2: Andre9708 ($1.91 in chips) 
Seat 3: Shevcuk ($5 in chips) 
Seat 4: dvdhmstar ($9.24 in chips) 
Seat 5: Dorex2007 ($6.02 in chips) 
Seat 6: WeNaSo_07 ($3.03 in chips) 
Seat 7: davegoa ($5.10 in chips) 
Seat 8: MelchiorF1 ($5.05 in chips) 
Seat 9: Almanza63 ($7.61 in chips) 
dvdhmstar: posts small blind $0.02
Dorex2007: posts big blind $0.05
*** HOLE CARDS ***
Dealt to Dorex2007 [2c 9s]
WeNaSo_07: folds 
davegoa: folds 
MelchiorF1: folds 
Almanza63: raises $0.15 to $0.20
montreal555: folds 
Andre9708: folds 
Shevcuk: folds 
dvdhmstar: folds 
Dorex2007: folds 
Uncalled bet ($0.15) returned to Almanza63
Almanza63 collected $0.12 from pot
*** SUMMARY ***
Total pot $0.12 | Rake $0 
Seat 1: montreal555 folded before Flop (didn't bet)
Seat 2: Andre9708 folded before Flop (didn't bet)
Seat 3: Shevcuk (button) folded before Flop (didn't bet)
Seat 4: dvdhmstar (small blind) folded before Flop
Seat 5: Dorex2007 (big blind) folded before Flop
Seat 6: WeNaSo_07 folded before Flop (didn't bet)
Seat 7: davegoa folded before Flop (didn't bet)
Seat 8: MelchiorF1 folded before Flop (didn't bet)
Seat 9: Almanza63 collected ($0.12)



PokerStars Hand #237484341915:  Hold'em No Limit ($0.02/$0.05 USD) - 2022/07/20 17:41:19 PT [2022/07/20 20:41:19 ET]
Table 'Aspasia' 9-max Seat #4 is the button
Seat 1: montreal555 ($13.62 in chips) 
Seat 2: Andre9708 ($1.91 in chips) 
Seat 3: Shevcuk ($5 in chips) 
Seat 4: dvdhmstar ($9.22 in chips) 
Seat 5: Dorex2007 ($5.97 in chips) 
Seat 6: WeNaSo_07 ($3.03 in chips) 
Seat 7: davegoa ($5.10 in chips) 
Seat 8: MelchiorF1 ($5.05 in chips) 
Seat 9: Almanza63 ($7.68 in chips) 
Dorex2007: posts small blind $0.02
WeNaSo_07: posts big blind $0.05
*** HOLE CARDS ***
Dealt to Dorex2007 [2d 3s]
davegoa: folds 
MelchiorF1: folds 
Almanza63 has timed out
Almanza63: folds 
montreal555: folds 
Andre9708: folds 
Shevcuk: folds 
dvdhmstar: folds 
Dorex2007: folds 
Uncalled bet ($0.03) returned to WeNaSo_07
WeNaSo_07 collected $0.04 from pot
*** SUMMARY ***
Total pot $0.04 | Rake $0 
Seat 1: montreal555 folded before Flop (didn't bet)
Seat 2: Andre9708 folded before Flop (didn't bet)
Seat 3: Shevcuk folded before Flop (didn't bet)
Seat 4: dvdhmstar (button) folded before Flop (didn't bet)
Seat 5: Dorex2007 (small blind) folded before Flop
Seat 6: WeNaSo_07 (big blind) collected ($0.04)
Seat 7: davegoa folded before Flop (didn't bet)
Seat 8: MelchiorF1 folded before Flop (didn't bet)
Seat 9: Almanza63 folded before Flop (didn't bet)



PokerStars Hand #237484348941:  Hold'em No Limit ($0.02/$0.05 USD) - 2022/07/20 17:41:51 PT [2022/07/20 20:41:51 ET]
Table 'Aspasia' 9-max Seat #5 is the button
Seat 1: montreal555 ($13.62 in chips) 
Seat 2: Andre9708 ($1.91 in chips) 
Seat 3: Shevcuk ($5 in chips) 
Seat 4: dvdhmstar ($9.22 in chips) 
Seat 5: Dorex2007 ($5.95 in chips) 
Seat 6: WeNaSo_07 ($3.05 in chips) 
Seat 7: davegoa ($5.10 in chips) 
Seat 8: MelchiorF1 ($5.05 in chips) 
Seat 9: Almanza63 ($7.68 in chips) 
WeNaSo_07: posts small blind $0.02
davegoa: posts big blind $0.05
*** HOLE CARDS ***
Dealt to Dorex2007 [Th Js]
MelchiorF1: folds 
Almanza63: folds 
montreal555: folds 
Andre9708: folds 
Shevcuk: folds 
dvdhmstar: raises $0.05 to $0.10
Dorex2007: calls $0.10
WeNaSo_07: folds 
davegoa: folds 
*** FLOP *** [3c 9d 6c]
dvdhmstar: bets $0.15
Dorex2007: folds 
Uncalled bet ($0.15) returned to dvdhmstar
dvdhmstar collected $0.26 from pot
*** SUMMARY ***
Total pot $0.27 | Rake $0.01 
Board [3c 9d 6c]
Seat 1: montreal555 folded before Flop (didn't bet)
Seat 2: Andre9708 folded before Flop (didn't bet)
Seat 3: Shevcuk folded before Flop (didn't bet)
Seat 4: dvdhmstar collected ($0.26)
Seat 5: Dorex2007 (button) folded on the Flop
Seat 6: WeNaSo_07 (small blind) folded before Flop
Seat 7: davegoa (big blind) folded before Flop
Seat 8: MelchiorF1 folded before Flop (didn't bet)
Seat 9: Almanza63 folded before Flop (didn't bet)



PokerStars Hand #237484361713:  Hold'em No Limit ($0.02/$0.05 USD) - 2022/07/20 17:42:33 PT [2022/07/20 20:42:33 ET]
Table 'Aspasia' 9-max Seat #6 is the button
Seat 1: montreal555 ($13.62 in chips) 
Seat 2: Andre9708 ($1.91 in chips) 
Seat 3: Shevcuk ($5 in chips) 
Seat 4: dvdhmstar ($9.38 in chips) 
Seat 5: Dorex2007 ($5.85 in chips) 
Seat 6: WeNaSo_07 ($3.03 in chips) 
Seat 7: davegoa ($5.05 in chips) 
Seat 8: MelchiorF1 ($5.05 in chips) 
Seat 9: Almanza63 ($7.68 in chips) 
davegoa: posts small blind $0.02
MelchiorF1: posts big blind $0.05
*** HOLE CARDS ***
Dealt to Dorex2007 [Ts 9h]
Almanza63: raises $0.15 to $0.20
montreal555: folds 
Andre9708: folds 
Shevcuk: folds 
dvdhmstar: folds 
Dorex2007: folds 
WeNaSo_07: folds 
davegoa: folds 
MelchiorF1: folds 
Uncalled bet ($0.15) returned to Almanza63
Almanza63 collected $0.12 from pot
*** SUMMARY ***
Total pot $0.12 | Rake $0 
Seat 1: montreal555 folded before Flop (didn't bet)
Seat 2: Andre9708 folded before Flop (didn't bet)
Seat 3: Shevcuk folded before Flop (didn't bet)
Seat 4: dvdhmstar folded before Flop (didn't bet)
Seat 5: Dorex2007 folded before Flop (didn't bet)
Seat 6: WeNaSo_07 (button) folded before Flop (didn't bet)
Seat 7: davegoa (small blind) folded before Flop
Seat 8: MelchiorF1 (big blind) folded before Flop
Seat 9: Almanza63 collected ($0.12)



PokerStars Hand #237484367615:  Hold'em No Limit ($0.02/$0.05 USD) - 2022/07/20 17:43:00 PT [2022/07/20 20:43:00 ET]
Table 'Aspasia' 9-max Seat #7 is the button
Seat 1: montreal555 ($13.62 in chips) 
Seat 2: Andre9708 ($1.91 in chips) 
Seat 3: Shevcuk ($5 in chips) 
Seat 4: dvdhmstar ($9.38 in chips) 
Seat 5: Dorex2007 ($5.85 in chips) 
Seat 6: WeNaSo_07 ($3.03 in chips) 
Seat 7: davegoa ($5.03 in chips) 
Seat 8: MelchiorF1 ($5 in chips) 
Seat 9: Almanza63 ($7.75 in chips) 
MelchiorF1: posts small blind $0.02
Almanza63: posts big blind $0.05
*** HOLE CARDS ***
Dealt to Dorex2007 [7d Jd]
montreal555: folds 
Andre9708: folds 
Shevcuk: folds 
dvdhmstar: folds 
Dorex2007: folds 
WeNaSo_07: folds 
davegoa: raises $0.07 to $0.12
MelchiorF1: folds 
Almanza63: folds 
Uncalled bet ($0.07) returned to davegoa
davegoa collected $0.12 from pot
*** SUMMARY ***
Total pot $0.12 | Rake $0 
Seat 1: montreal555 folded before Flop (didn't bet)
Seat 2: Andre9708 folded before Flop (didn't bet)
Seat 3: Shevcuk folded before Flop (didn't bet)
Seat 4: dvdhmstar folded before Flop (didn't bet)
Seat 5: Dorex2007 folded before Flop (didn't bet)
Seat 6: WeNaSo_07 folded before Flop (didn't bet)
Seat 7: davegoa (button) collected ($0.12)
Seat 8: MelchiorF1 (small blind) folded before Flop
Seat 9: Almanza63 (big blind) folded before Flop



PokerStars Hand #237484373875:  Hold'em No Limit ($0.02/$0.05 USD) - 2022/07/20 17:43:28 PT [2022/07/20 20:43:28 ET]
Table 'Aspasia' 9-max Seat #8 is the button
Seat 1: montreal555 ($13.62 in chips) 
Seat 2: Andre9708 ($1.91 in chips) 
Seat 3: Shevcuk ($5 in chips) 
Seat 4: dvdhmstar ($9.38 in chips) 
Seat 5: Dorex2007 ($5.85 in chips) 
Seat 6: WeNaSo_07 ($3.03 in chips) 
Seat 7: davegoa ($5.10 in chips) 
Seat 8: MelchiorF1 ($5 in chips) 
Seat 9: Almanza63 ($7.70 in chips) 
Almanza63: posts small blind $0.02
montreal555: posts big blind $0.05
*** HOLE CARDS ***
Dealt to Dorex2007 [4h Td]
Andre9708: folds 
Shevcuk: folds 
dvdhmstar: folds 
Dorex2007: folds 
WeNaSo_07: folds 
davegoa: folds 
MelchiorF1: folds 
Almanza63: raises $0.10 to $0.15
montreal555: folds 
Uncalled bet ($0.10) returned to Almanza63
Almanza63 collected $0.10 from pot
*** SUMMARY ***
Total pot $0.10 | Rake $0 
Seat 1: montreal555 (big blind) folded before Flop
Seat 2: Andre9708 folded before Flop (didn't bet)
Seat 3: Shevcuk folded before Flop (didn't bet)
Seat 4: dvdhmstar folded before Flop (didn't bet)
Seat 5: Dorex2007 folded before Flop (didn't bet)
Seat 6: WeNaSo_07 folded before Flop (didn't bet)
Seat 7: davegoa folded before Flop (didn't bet)
Seat 8: MelchiorF1 (button) folded before Flop (didn't bet)
Seat 9: Almanza63 (small blind) collected ($0.10)



PokerStars Hand #237484380713:  Hold'em No Limit ($0.02/$0.05 USD) - 2022/07/20 17:43:59 PT [2022/07/20 20:43:59 ET]
Table 'Aspasia' 9-max Seat #9 is the button
Seat 1: montreal555 ($13.57 in chips) 
Seat 2: Andre9708 ($1.91 in chips) 
Seat 3: Shevcuk ($5 in chips) 
Seat 4: dvdhmstar ($9.38 in chips) 
Seat 5: Dorex2007 ($5.85 in chips) 
Seat 6: WeNaSo_07 ($3.03 in chips) 
Seat 7: davegoa ($5.10 in chips) 
Seat 8: MelchiorF1 ($5 in chips) 
Seat 9: Almanza63 ($7.75 in chips) 
montreal555: posts small blind $0.02
Andre9708: posts big blind $0.05
*** HOLE CARDS ***
Dealt to Dorex2007 [5c 9h]
Shevcuk: folds 
dvdhmstar: folds 
Dorex2007: folds 
WeNaSo_07: folds 
davegoa: raises $0.07 to $0.12
MelchiorF1: folds 
Almanza63: folds 
montreal555: folds 
Andre9708: raises $0.07 to $0.19
davegoa: calls $0.07
*** FLOP *** [Ts 6s Td]
Andre9708: bets $1.72 and is all-in
davegoa: calls $1.72
*** TURN *** [Ts 6s Td] [5h]
*** RIVER *** [Ts 6s Td 5h] [3d]
*** SHOW DOWN ***
Andre9708: shows [As 7s] (a pair of Tens)
davegoa: shows [Jc Js] (two pair, Jacks and Tens)
davegoa collected $3.68 from pot
*** SUMMARY ***
Total pot $3.84 | Rake $0.16 
Board [Ts 6s Td 5h 3d]
Seat 1: montreal555 (small blind) folded before Flop
Seat 2: Andre9708 (big blind) showed [As 7s] and lost with a pair of Tens
Seat 3: Shevcuk folded before Flop (didn't bet)
Seat 4: dvdhmstar folded before Flop (didn't bet)
Seat 5: Dorex2007 folded before Flop (didn't bet)
Seat 6: WeNaSo_07 folded before Flop (didn't bet)
Seat 7: davegoa showed [Jc Js] and won ($3.68) with two pair, Jacks and Tens
Seat 8: MelchiorF1 folded before Flop (didn't bet)
Seat 9: Almanza63 (button) folded before Flop (didn't bet)



PokerStars Hand #237484395187:  Hold'em No Limit ($0.02/$0.05 USD) - 2022/07/20 17:45:06 PT [2022/07/20 20:45:06 ET]
Table 'Aspasia' 9-max Seat #1 is the button
Seat 1: montreal555 ($13.55 in chips) 
Seat 3: Shevcuk ($5 in chips) 
Seat 4: dvdhmstar ($9.38 in chips) 
Seat 5: Dorex2007 ($5.85 in chips) 
Seat 6: WeNaSo_07 ($3.03 in chips) 
Seat 7: davegoa ($6.87 in chips) 
Seat 8: MelchiorF1 ($5 in chips) 
Seat 9: Almanza63 ($7.75 in chips) 
Shevcuk: posts small blind $0.02
dvdhmstar: posts big blind $0.05
*** HOLE CARDS ***
Dealt to Dorex2007 [Qh Js]
Andre9708 leaves the table
Dorex2007 has timed out
Dorex2007: folds 
WeNaSo_07: folds 
davegoa: folds 
MelchiorF1: folds 
Almanza63: raises $0.07 to $0.12
montreal555: folds 
Shevcuk: folds 
patof132406 joins the table at seat #2 
dvdhmstar: calls $0.07
*** FLOP *** [6c 7d Jd]
dvdhmstar: bets $0.10
Almanza63: folds 
Uncalled bet ($0.10) returned to dvdhmstar
dvdhmstar collected $0.25 from pot
*** SUMMARY ***
Total pot $0.26 | Rake $0.01 
Board [6c 7d Jd]
Seat 1: montreal555 (button) folded before Flop (didn't bet)
Seat 3: Shevcuk (small blind) folded before Flop
Seat 4: dvdhmstar (big blind) collected ($0.25)
Seat 5: Dorex2007 folded before Flop (didn't bet)
Seat 6: WeNaSo_07 folded before Flop (didn't bet)
Seat 7: davegoa folded before Flop (didn't bet)
Seat 8: MelchiorF1 folded before Flop (didn't bet)
Seat 9: Almanza63 folded on the Flop



PokerStars Hand #237484404694:  Hold'em No Limit ($0.02/$0.05 USD) - 2022/07/20 17:45:50 PT [2022/07/20 20:45:50 ET]
Table 'Aspasia' 9-max Seat #3 is the button
Seat 1: montreal555 ($13.55 in chips) 
Seat 2: patof132406 ($5 in chips) 
Seat 3: Shevcuk ($5 in chips) 
Seat 4: dvdhmstar ($9.51 in chips) 
Seat 5: Dorex2007 ($5.85 in chips) 
Seat 6: WeNaSo_07 ($3.03 in chips) 
Seat 7: davegoa ($6.87 in chips) 
Seat 8: MelchiorF1 ($5 in chips) 
Seat 9: Almanza63 ($7.63 in chips) 
dvdhmstar: posts small blind $0.02
Dorex2007: posts big blind $0.05
patof132406: posts big blind $0.05
*** HOLE CARDS ***
Dealt to Dorex2007 [Jc As]
WeNaSo_07: folds 
davegoa: folds 
MelchiorF1: folds 
Almanza63: folds 
montreal555: folds 
patof132406: raises $0.05 to $0.10
Shevcuk: calls $0.10
dvdhmstar: folds 
Dorex2007: calls $0.05
*** FLOP *** [Tc 4h 6c]
Dorex2007: checks 
patof132406: checks 
Shevcuk: bets $0.23
Dorex2007: folds 
patof132406: folds 
Uncalled bet ($0.23) returned to Shevcuk
patof132406 leaves the table
Shevcuk collected $0.31 from pot
*** SUMMARY ***
Total pot $0.32 | Rake $0.01 
Board [Tc 4h 6c]
Seat 1: montreal555 folded before Flop (didn't bet)
Seat 2: patof132406 folded on the Flop
Seat 3: Shevcuk (button) collected ($0.31)
Seat 4: dvdhmstar (small blind) folded before Flop
Seat 5: Dorex2007 (big blind) folded on the Flop
Seat 6: WeNaSo_07 folded before Flop (didn't bet)
Seat 7: davegoa folded before Flop (didn't bet)
Seat 8: MelchiorF1 folded before Flop (didn't bet)
Seat 9: Almanza63 folded before Flop (didn't bet)



PokerStars Hand #237484413611:  Hold'em No Limit ($0.02/$0.05 USD) - 2022/07/20 17:46:31 PT [2022/07/20 20:46:31 ET]
Table 'Aspasia' 9-max Seat #4 is the button
Seat 1: montreal555 ($13.55 in chips) 
Seat 3: Shevcuk ($5.21 in chips) 
Seat 4: dvdhmstar ($9.49 in chips) 
Seat 5: Dorex2007 ($5.75 in chips) 
Seat 6: WeNaSo_07 ($3.03 in chips) 
Seat 7: davegoa ($6.87 in chips) 
Seat 8: MelchiorF1 ($5 in chips) 
Seat 9: Almanza63 ($7.63 in chips) 
Dorex2007: posts small blind $0.02
WeNaSo_07: posts big blind $0.05
*** HOLE CARDS ***
Dealt to Dorex2007 [Jc 3d]
davegoa: folds 
MelchiorF1: folds 
Almanza63: folds 
montreal555: calls $0.05
Shevcuk: folds 
dvdhmstar: folds 
Dorex2007: folds 
WeNaSo_07: checks 
*** FLOP *** [Ad 8s 6d]
WeNaSo_07: checks 
hamzathebest joins the table at seat #2 
montreal555: bets $0.05
WeNaSo_07: folds 
Uncalled bet ($0.05) returned to montreal555
montreal555 collected $0.12 from pot
*** SUMMARY ***
Total pot $0.12 | Rake $0 
Board [Ad 8s 6d]
Seat 1: montreal555 collected ($0.12)
Seat 3: Shevcuk folded before Flop (didn't bet)
Seat 4: dvdhmstar (button) folded before Flop (didn't bet)
Seat 5: Dorex2007 (small blind) folded before Flop
Seat 6: WeNaSo_07 (big blind) folded on the Flop
Seat 7: davegoa folded before Flop (didn't bet)
Seat 8: MelchiorF1 folded before Flop (didn't bet)
Seat 9: Almanza63 folded before Flop (didn't bet)



PokerStars Hand #237484420413:  Hold'em No Limit ($0.02/$0.05 USD) - 2022/07/20 17:47:02 PT [2022/07/20 20:47:02 ET]
Table 'Aspasia' 9-max Seat #5 is the button
Seat 1: montreal555 ($13.62 in chips) 
Seat 2: hamzathebest ($2 in chips) 
Seat 3: Shevcuk ($5.21 in chips) 
Seat 4: dvdhmstar ($9.49 in chips) 
Seat 5: Dorex2007 ($5.73 in chips) 
Seat 6: WeNaSo_07 ($2.98 in chips) 
Seat 7: davegoa ($6.87 in chips) 
Seat 8: MelchiorF1 ($5 in chips) 
Seat 9: Almanza63 ($7.63 in chips) 
WeNaSo_07: posts small blind $0.02
davegoa: posts big blind $0.05
hamzathebest: posts big blind $0.05
*** HOLE CARDS ***
Dealt to Dorex2007 [2d 7s]
MelchiorF1: folds 
Almanza63: folds 
montreal555: folds 
hamzathebest: checks 
Shevcuk: folds 
dvdhmstar: folds 
Dorex2007: folds 
WeNaSo_07: raises $0.19 to $0.24
davegoa: folds 
hamzathebest: folds 
Uncalled bet ($0.19) returned to WeNaSo_07
WeNaSo_07 collected $0.15 from pot
*** SUMMARY ***
Total pot $0.15 | Rake $0 
Seat 1: montreal555 folded before Flop (didn't bet)
Seat 2: hamzathebest folded before Flop (didn't bet)
Seat 3: Shevcuk folded before Flop (didn't bet)
Seat 4: dvdhmstar folded before Flop (didn't bet)
Seat 5: Dorex2007 (button) folded before Flop (didn't bet)
Seat 6: WeNaSo_07 (small blind) collected ($0.15)
Seat 7: davegoa (big blind) folded before Flop
Seat 8: MelchiorF1 folded before Flop (didn't bet)
Seat 9: Almanza63 folded before Flop (didn't bet)



PokerStars Hand #237484427289:  Hold'em No Limit ($0.02/$0.05 USD) - 2022/07/20 17:47:35 PT [2022/07/20 20:47:35 ET]
Table 'Aspasia' 9-max Seat #6 is the button
Seat 1: montreal555 ($13.62 in chips) 
Seat 2: hamzathebest ($1.95 in chips) 
Seat 3: Shevcuk ($5.21 in chips) 
Seat 4: dvdhmstar ($9.49 in chips) 
Seat 5: Dorex2007 ($5.73 in chips) 
Seat 6: WeNaSo_07 ($3.08 in chips) 
Seat 7: davegoa ($6.82 in chips) 
Seat 8: MelchiorF1 ($5 in chips) 
Seat 9: Almanza63 ($7.63 in chips) 
davegoa: posts small blind $0.02
MelchiorF1: posts big blind $0.05
*** HOLE CARDS ***
Dealt to Dorex2007 [Qd Js]
Almanza63: folds 
montreal555: folds 
hamzathebest: folds 
Shevcuk: folds 
dvdhmstar: folds 
Dorex2007: folds 
WeNaSo_07: folds 
davegoa: folds 
Uncalled bet ($0.03) returned to MelchiorF1
MelchiorF1 collected $0.04 from pot
*** SUMMARY ***
Total pot $0.04 | Rake $0 
Seat 1: montreal555 folded before Flop (didn't bet)
Seat 2: hamzathebest folded before Flop (didn't bet)
Seat 3: Shevcuk folded before Flop (didn't bet)
Seat 4: dvdhmstar folded before Flop (didn't bet)
Seat 5: Dorex2007 folded before Flop (didn't bet)
Seat 6: WeNaSo_07 (button) folded before Flop (didn't bet)
Seat 7: davegoa (small blind) folded before Flop
Seat 8: MelchiorF1 (big blind) collected ($0.04)
Seat 9: Almanza63 folded before Flop (didn't bet)



PokerStars Hand #237484432945:  Hold'em No Limit ($0.02/$0.05 USD) - 2022/07/20 17:48:01 PT [2022/07/20 20:48:01 ET]
Table 'Aspasia' 9-max Seat #7 is the button
Seat 1: montreal555 ($13.62 in chips) 
Seat 2: hamzathebest ($1.95 in chips) 
Seat 3: Shevcuk ($5.21 in chips) 
Seat 4: dvdhmstar ($9.49 in chips) 
Seat 5: Dorex2007 ($5.73 in chips) 
Seat 6: WeNaSo_07 ($3.08 in chips) 
Seat 7: davegoa ($6.80 in chips) 
Seat 8: MelchiorF1 ($5.02 in chips) 
Seat 9: Almanza63 ($7.63 in chips) 
MelchiorF1: posts small blind $0.02
Almanza63: posts big blind $0.05
*** HOLE CARDS ***
Dealt to Dorex2007 [7s Jd]
montreal555: folds 
hamzathebest: folds 
Shevcuk: folds 
dvdhmstar: raises $0.05 to $0.10
Dorex2007: folds 
WeNaSo_07: calls $0.10
davegoa: folds 
MelchiorF1: folds 
Almanza63: folds 
*** FLOP *** [Ks 9d 6s]
dvdhmstar: bets $0.10
WeNaSo_07: folds 
Uncalled bet ($0.10) returned to dvdhmstar
dvdhmstar collected $0.26 from pot
*** SUMMARY ***
Total pot $0.27 | Rake $0.01 
Board [Ks 9d 6s]
Seat 1: montreal555 folded before Flop (didn't bet)
Seat 2: hamzathebest folded before Flop (didn't bet)
Seat 3: Shevcuk folded before Flop (didn't bet)
Seat 4: dvdhmstar collected ($0.26)
Seat 5: Dorex2007 folded before Flop (didn't bet)
Seat 6: WeNaSo_07 folded on the Flop
Seat 7: davegoa (button) folded before Flop (didn't bet)
Seat 8: MelchiorF1 (small blind) folded before Flop
Seat 9: Almanza63 (big blind) folded before Flop



PokerStars Hand #237484442738:  Hold'em No Limit ($0.02/$0.05 USD) - 2022/07/20 17:48:47 PT [2022/07/20 20:48:47 ET]
Table 'Aspasia' 9-max Seat #8 is the button
Seat 1: montreal555 ($13.62 in chips) 
Seat 2: hamzathebest ($1.95 in chips) 
Seat 3: Shevcuk ($5.21 in chips) 
Seat 4: dvdhmstar ($9.65 in chips) 
Seat 5: Dorex2007 ($5.73 in chips) 
Seat 6: WeNaSo_07 ($2.98 in chips) 
Seat 7: davegoa ($6.80 in chips) 
Seat 8: MelchiorF1 ($5 in chips) 
Seat 9: Almanza63 ($7.58 in chips) 
Almanza63: posts small blind $0.02
montreal555: posts big blind $0.05
*** HOLE CARDS ***
Dealt to Dorex2007 [2c 4s]
hamzathebest: folds 
Shevcuk: raises $0.15 to $0.20
dvdhmstar: folds 
Dorex2007: folds 
WeNaSo_07: folds 
davegoa: folds 
MelchiorF1: folds 
Almanza63: folds 
montreal555: folds 
Uncalled bet ($0.15) returned to Shevcuk
Shevcuk collected $0.12 from pot
*** SUMMARY ***
Total pot $0.12 | Rake $0 
Seat 1: montreal555 (big blind) folded before Flop
Seat 2: hamzathebest folded before Flop (didn't bet)
Seat 3: Shevcuk collected ($0.12)
Seat 4: dvdhmstar folded before Flop (didn't bet)
Seat 5: Dorex2007 folded before Flop (didn't bet)
Seat 6: WeNaSo_07 folded before Flop (didn't bet)
Seat 7: davegoa folded before Flop (didn't bet)
Seat 8: MelchiorF1 (button) folded before Flop (didn't bet)
Seat 9: Almanza63 (small blind) folded before Flop



PokerStars Hand #237484448288:  Hold'em No Limit ($0.02/$0.05 USD) - 2022/07/20 17:49:13 PT [2022/07/20 20:49:13 ET]
Table 'Aspasia' 9-max Seat #9 is the button
Seat 1: montreal555 ($13.57 in chips) 
Seat 3: Shevcuk ($5.28 in chips) 
Seat 4: dvdhmstar ($9.65 in chips) 
Seat 5: Dorex2007 ($5.73 in chips) 
Seat 6: WeNaSo_07 ($2.98 in chips) 
Seat 7: davegoa ($6.80 in chips) 
Seat 8: MelchiorF1 ($5 in chips) 
Seat 9: Almanza63 ($7.56 in chips) 
montreal555: posts small blind $0.02
Shevcuk: posts big blind $0.05
*** HOLE CARDS ***
Dealt to Dorex2007 [5s 7h]
dvdhmstar: raises $0.05 to $0.10
Dorex2007: folds 
WeNaSo_07: folds 
davegoa: folds 
MelchiorF1: folds 
Almanza63: calls $0.10
montreal555: folds 
Shevcuk: folds 
*** FLOP *** [Jh 6d Ad]
dvdhmstar: bets $0.10
Almanza63: calls $0.10
*** TURN *** [Jh 6d Ad] [3d]
dvdhmstar: bets $0.10
Almanza63: raises $0.29 to $0.39
dvdhmstar: folds 
Uncalled bet ($0.29) returned to Almanza63
Almanza63 collected $0.64 from pot
*** SUMMARY ***
Total pot $0.67 | Rake $0.03 
Board [Jh 6d Ad 3d]
Seat 1: montreal555 (small blind) folded before Flop
Seat 3: Shevcuk (big blind) folded before Flop
Seat 4: dvdhmstar folded on the Turn
Seat 5: Dorex2007 folded before Flop (didn't bet)
Seat 6: WeNaSo_07 folded before Flop (didn't bet)
Seat 7: davegoa folded before Flop (didn't bet)
Seat 8: MelchiorF1 folded before Flop (didn't bet)
Seat 9: Almanza63 (button) collected ($0.64)



PokerStars Hand #237484462513:  Hold'em No Limit ($0.02/$0.05 USD) - 2022/07/20 17:50:19 PT [2022/07/20 20:50:19 ET]
Table 'Aspasia' 9-max Seat #1 is the button
Seat 1: montreal555 ($13.55 in chips) 
Seat 3: Shevcuk ($5.23 in chips) 
Seat 4: dvdhmstar ($9.35 in chips) 
Seat 5: Dorex2007 ($5.73 in chips) 
Seat 6: WeNaSo_07 ($2.98 in chips) 
Seat 7: davegoa ($6.80 in chips) 
Seat 8: MelchiorF1 ($5 in chips) 
Seat 9: Almanza63 ($7.90 in chips) 
Shevcuk: posts small blind $0.02
dvdhmstar: posts big blind $0.05
*** HOLE CARDS ***
Dealt to Dorex2007 [Qh 8h]
Dorex2007: folds 
WeNaSo_07: folds 
davegoa: folds 
MelchiorF1: folds 
Almanza63: folds 
montreal555: calls $0.05
Shevcuk: calls $0.03
dvdhmstar: checks 
*** FLOP *** [Th Kh Ad]
Shevcuk: bets $0.09
dvdhmstar: folds 
montreal555: calls $0.09
*** TURN *** [Th Kh Ad] [Qs]
Shevcuk: checks 
montreal555: bets $0.15
Shevcuk: calls $0.15
*** RIVER *** [Th Kh Ad Qs] [2c]
Shevcuk: checks 
montreal555: checks 
*** SHOW DOWN ***
Shevcuk: shows [6h 7h] (high card Ace)
montreal555: shows [Qd Kd] (two pair, Kings and Queens)
montreal555 collected $0.60 from pot
*** SUMMARY ***
Total pot $0.63 | Rake $0.03 
Board [Th Kh Ad Qs 2c]
Seat 1: montreal555 (button) showed [Qd Kd] and won ($0.60) with two pair, Kings and Queens
Seat 3: Shevcuk (small blind) showed [6h 7h] and lost with high card Ace
Seat 4: dvdhmstar (big blind) folded on the Flop
Seat 5: Dorex2007 folded before Flop (didn't bet)
Seat 6: WeNaSo_07 folded before Flop (didn't bet)
Seat 7: davegoa folded before Flop (didn't bet)
Seat 8: MelchiorF1 folded before Flop (didn't bet)
Seat 9: Almanza63 folded before Flop (didn't bet)



PokerStars Hand #237484477191:  Hold'em No Limit ($0.02/$0.05 USD) - 2022/07/20 17:51:27 PT [2022/07/20 20:51:27 ET]
Table 'Aspasia' 9-max Seat #3 is the button
Seat 1: montreal555 ($13.86 in chips) 
Seat 2: hamzathebest ($1.95 in chips) 
Seat 3: Shevcuk ($5 in chips) 
Seat 4: dvdhmstar ($9.30 in chips) 
Seat 5: Dorex2007 ($5.73 in chips) 
Seat 6: WeNaSo_07 ($2.98 in chips) 
Seat 7: davegoa ($6.80 in chips) 
Seat 8: MelchiorF1 ($5 in chips) 
Seat 9: Almanza63 ($7.90 in chips) 
dvdhmstar: posts small blind $0.02
Dorex2007: posts big blind $0.05
hamzathebest: posts small & big blinds $0.07
*** HOLE CARDS ***
Dealt to Dorex2007 [2c Kc]
WeNaSo_07: folds 
davegoa: folds 
MelchiorF1: folds 
Almanza63: folds 
montreal555: folds 
hamzathebest: checks 
Shevcuk: raises $0.10 to $0.15
dvdhmstar: folds 
Dorex2007: folds 
hamzathebest: folds 
Uncalled bet ($0.10) returned to Shevcuk
Shevcuk collected $0.19 from pot
*** SUMMARY ***
Total pot $0.19 | Rake $0 
Seat 1: montreal555 folded before Flop (didn't bet)
Seat 2: hamzathebest folded before Flop (didn't bet)
Seat 3: Shevcuk (button) collected ($0.19)
Seat 4: dvdhmstar (small blind) folded before Flop
Seat 5: Dorex2007 (big blind) folded before Flop
Seat 6: WeNaSo_07 folded before Flop (didn't bet)
Seat 7: davegoa folded before Flop (didn't bet)
Seat 8: MelchiorF1 folded before Flop (didn't bet)
Seat 9: Almanza63 folded before Flop (didn't bet)



PokerStars Hand #237484483187:  Hold'em No Limit ($0.02/$0.05 USD) - 2022/07/20 17:51:54 PT [2022/07/20 20:51:54 ET]
Table 'Aspasia' 9-max Seat #4 is the button
Seat 1: montreal555 ($13.86 in chips) 
Seat 2: hamzathebest ($1.88 in chips) 
Seat 3: Shevcuk ($5.14 in chips) 
Seat 4: dvdhmstar ($9.28 in chips) 
Seat 5: Dorex2007 ($5.68 in chips) 
Seat 6: WeNaSo_07 ($2.98 in chips) 
Seat 7: davegoa ($6.80 in chips) 
Seat 8: MelchiorF1 ($5 in chips) 
Seat 9: Almanza63 ($7.90 in chips) 
Dorex2007: posts small blind $0.02
WeNaSo_07: posts big blind $0.05
*** HOLE CARDS ***
Dealt to Dorex2007 [4s 3s]
davegoa: folds 
MelchiorF1: folds 
Almanza63: folds 
montreal555: calls $0.05
hamzathebest: calls $0.05
Shevcuk: folds 
dvdhmstar: folds 
Dorex2007: folds 
WeNaSo_07: raises $0.27 to $0.32
montreal555: calls $0.27
hamzathebest: folds 
*** FLOP *** [Kd 5s 7c]
WeNaSo_07: checks 
montreal555: bets $0.68
WeNaSo_07: folds 
Uncalled bet ($0.68) returned to montreal555
montreal555 collected $0.68 from pot
*** SUMMARY ***
Total pot $0.71 | Rake $0.03 
Board [Kd 5s 7c]
Seat 1: montreal555 collected ($0.68)
Seat 2: hamzathebest folded before Flop
Seat 3: Shevcuk folded before Flop (didn't bet)
Seat 4: dvdhmstar (button) folded before Flop (didn't bet)
Seat 5: Dorex2007 (small blind) folded before Flop
Seat 6: WeNaSo_07 (big blind) folded on the Flop
Seat 7: davegoa folded before Flop (didn't bet)
Seat 8: MelchiorF1 folded before Flop (didn't bet)
Seat 9: Almanza63 folded before Flop (didn't bet)



PokerStars Hand #237484492294:  Hold'em No Limit ($0.02/$0.05 USD) - 2022/07/20 17:52:37 PT [2022/07/20 20:52:37 ET]
Table 'Aspasia' 9-max Seat #5 is the button
Seat 1: montreal555 ($14.22 in chips) 
Seat 2: hamzathebest ($1.83 in chips) 
Seat 3: Shevcuk ($5.14 in chips) 
Seat 4: dvdhmstar ($9.28 in chips) 
Seat 5: Dorex2007 ($5.66 in chips) 
Seat 6: WeNaSo_07 ($2.66 in chips) 
Seat 8: MelchiorF1 ($5 in chips) 
Seat 9: Almanza63 ($7.90 in chips) 
WeNaSo_07: posts small blind $0.02
davegoa: is sitting out 
davegoa leaves the table
MelchiorF1: posts big blind $0.05
*** HOLE CARDS ***
Dealt to Dorex2007 [Qc 3c]
Almanza63: folds 
montreal555: folds 
hamzathebest: folds 
Shevcuk: raises $0.13 to $0.18
dvdhmstar: folds 
Dorex2007: folds 
WeNaSo_07: folds 
MelchiorF1: folds 
Uncalled bet ($0.13) returned to Shevcuk
Shevcuk collected $0.12 from pot
*** SUMMARY ***
Total pot $0.12 | Rake $0 
Seat 1: montreal555 folded before Flop (didn't bet)
Seat 2: hamzathebest folded before Flop (didn't bet)
Seat 3: Shevcuk collected ($0.12)
Seat 4: dvdhmstar folded before Flop (didn't bet)
Seat 5: Dorex2007 (button) folded before Flop (didn't bet)
Seat 6: WeNaSo_07 (small blind) folded before Flop
Seat 8: MelchiorF1 (big blind) folded before Flop
Seat 9: Almanza63 folded before Flop (didn't bet)



PokerStars Hand #237484497830:  Hold'em No Limit ($0.02/$0.05 USD) - 2022/07/20 17:53:04 PT [2022/07/20 20:53:04 ET]
Table 'Aspasia' 9-max Seat #6 is the button
Seat 1: montreal555 ($14.22 in chips) 
Seat 2: hamzathebest ($1.83 in chips) 
Seat 3: Shevcuk ($5.21 in chips) 
Seat 4: dvdhmstar ($9.28 in chips) 
Seat 5: Dorex2007 ($5.66 in chips) 
Seat 6: WeNaSo_07 ($2.64 in chips) 
Seat 8: MelchiorF1 ($5 in chips) 
Seat 9: Almanza63 ($7.90 in chips) 
MelchiorF1: posts small blind $0.02
Almanza63: posts big blind $0.05
*** HOLE CARDS ***
Dealt to Dorex2007 [6s 2h]
montreal555: folds 
hamzathebest: calls $0.05
Shevcuk: folds 
dvdhmstar: folds 
Dorex2007: folds 
WeNaSo_07: folds 
MelchiorF1: raises $0.10 to $0.15
Almanza63: folds 
hamzathebest: raises $1.68 to $1.83 and is all-in
WeNaSo_07 leaves the table
MelchiorF1: calls $1.68
*** FLOP *** [Qd Ah Js]
*** TURN *** [Qd Ah Js] [Td]
*** RIVER *** [Qd Ah Js Td] [Jh]
*** SHOW DOWN ***
MelchiorF1: shows [Qs Qc] (a full house, Queens full of Jacks)
hamzathebest: shows [3s Ks] (a straight, Ten to Ace)
MelchiorF1 collected $3.56 from pot
*** SUMMARY ***
Total pot $3.71 | Rake $0.15 
Board [Qd Ah Js Td Jh]
Seat 1: montreal555 folded before Flop (didn't bet)
Seat 2: hamzathebest showed [3s Ks] and lost with a straight, Ten to Ace
Seat 3: Shevcuk folded before Flop (didn't bet)
Seat 4: dvdhmstar folded before Flop (didn't bet)
Seat 5: Dorex2007 folded before Flop (didn't bet)
Seat 6: WeNaSo_07 (button) folded before Flop (didn't bet)
Seat 8: MelchiorF1 (small blind) showed [Qs Qc] and won ($3.56) with a full house, Queens full of Jacks
Seat 9: Almanza63 (big blind) folded before Flop



PokerStars Hand #237484508053:  Hold'em No Limit ($0.02/$0.05 USD) - 2022/07/20 17:53:52 PT [2022/07/20 20:53:52 ET]
Table 'Aspasia' 9-max Seat #8 is the button
Seat 1: montreal555 ($14.22 in chips) 
Seat 3: Shevcuk ($5.21 in chips) 
Seat 4: dvdhmstar ($9.28 in chips) 
Seat 5: Dorex2007 ($5.66 in chips) 
Seat 8: MelchiorF1 ($6.73 in chips) 
Seat 9: Almanza63 ($7.85 in chips) 
Almanza63: posts small blind $0.02
montreal555: posts big blind $0.05
*** HOLE CARDS ***
Dealt to Dorex2007 [2s 3s]
Shevcuk: folds 
hamzathebest leaves the table
dvdhmstar: folds 
Dorex2007: folds 
MelchiorF1: folds 
Almanza63: folds 
Uncalled bet ($0.03) returned to montreal555
montreal555 collected $0.04 from pot
*** SUMMARY ***
Total pot $0.04 | Rake $0 
Seat 1: montreal555 (big blind) collected ($0.04)
Seat 3: Shevcuk folded before Flop (didn't bet)
Seat 4: dvdhmstar folded before Flop (didn't bet)
Seat 5: Dorex2007 folded before Flop (didn't bet)
Seat 8: MelchiorF1 (button) folded before Flop (didn't bet)
Seat 9: Almanza63 (small blind) folded before Flop



PokerStars Hand #237484510785:  Hold'em No Limit ($0.02/$0.05 USD) - 2022/07/20 17:54:05 PT [2022/07/20 20:54:05 ET]
Table 'Aspasia' 9-max Seat #9 is the button
Seat 1: montreal555 ($14.24 in chips) 
Seat 4: dvdhmstar ($9.28 in chips) 
Seat 5: Dorex2007 ($5.66 in chips) 
Seat 8: MelchiorF1 ($6.73 in chips) 
Seat 9: Almanza63 ($7.83 in chips) 
montreal555: posts small blind $0.02
Shevcuk: is sitting out 
dvdhmstar: posts big blind $0.05
*** HOLE CARDS ***
Dealt to Dorex2007 [Jd 5s]
Dorex2007: folds 
MelchiorF1: folds 
Almanza63: raises $0.10 to $0.15
montreal555: folds 
dvdhmstar: folds 
Uncalled bet ($0.10) returned to Almanza63
Almanza63 collected $0.12 from pot
*** SUMMARY ***
Total pot $0.12 | Rake $0 
Seat 1: montreal555 (small blind) folded before Flop
Seat 4: dvdhmstar (big blind) folded before Flop
Seat 5: Dorex2007 folded before Flop (didn't bet)
Seat 8: MelchiorF1 folded before Flop (didn't bet)
Seat 9: Almanza63 (button) collected ($0.12)



PokerStars Hand #237484514101:  Hold'em No Limit ($0.02/$0.05 USD) - 2022/07/20 17:54:20 PT [2022/07/20 20:54:20 ET]
Table 'Aspasia' 9-max Seat #1 is the button
Seat 1: montreal555 ($14.22 in chips) 
Seat 4: dvdhmstar ($9.23 in chips) 
Seat 5: Dorex2007 ($5.66 in chips) 
Seat 8: MelchiorF1 ($6.73 in chips) 
Seat 9: Almanza63 ($7.90 in chips) 
dvdhmstar: posts small blind $0.02
Dorex2007: posts big blind $0.05
*** HOLE CARDS ***
Dealt to Dorex2007 [Js Kh]
MelchiorF1: folds 
Almanza63: folds 
montreal555: folds 
Shevcuk leaves the table
dvdhmstar: calls $0.03
Dorex2007: checks 
*** FLOP *** [9h 5d 4d]
dvdhmstar: bets $0.05
Dorex2007: folds 
Uncalled bet ($0.05) returned to dvdhmstar
MelchiorF1 leaves the table
dvdhmstar collected $0.10 from pot
*** SUMMARY ***
Total pot $0.10 | Rake $0 
Board [9h 5d 4d]
Seat 1: montreal555 (button) folded before Flop (didn't bet)
Seat 4: dvdhmstar (small blind) collected ($0.10)
Seat 5: Dorex2007 (big blind) folded on the Flop
Seat 8: MelchiorF1 folded before Flop (didn't bet)
Seat 9: Almanza63 folded before Flop (didn't bet)



PokerStars Hand #237484523449:  Hold'em No Limit ($0.02/$0.05 USD) - 2022/07/20 17:54:40 PT [2022/07/20 20:54:40 ET]
Table 'Aspasia' 9-max Seat #4 is the button
Seat 1: montreal555 ($14.22 in chips) 
Seat 4: dvdhmstar ($9.28 in chips) 
Seat 5: Dorex2007 ($5.61 in chips) 
Seat 9: Almanza63 ($7.90 in chips) 
Dorex2007: posts small blind $0.02
Almanza63: posts big blind $0.05
*** HOLE CARDS ***
Dealt to Dorex2007 [Jc 5d]
montreal555: folds 
dvdhmstar: folds 
Dorex2007: folds 
Uncalled bet ($0.03) returned to Almanza63
Almanza63 collected $0.04 from pot
*** SUMMARY ***
Total pot $0.04 | Rake $0 
Seat 1: montreal555 folded before Flop (didn't bet)
Seat 4: dvdhmstar (button) folded before Flop (didn't bet)
Seat 5: Dorex2007 (small blind) folded before Flop
Seat 9: Almanza63 (big blind) collected ($0.04)



PokerStars Hand #237484525205:  Hold'em No Limit ($0.02/$0.05 USD) - 2022/07/20 17:54:48 PT [2022/07/20 20:54:48 ET]
Table 'Aspasia' 9-max Seat #5 is the button
Seat 1: montreal555 ($14.22 in chips) 
Seat 4: dvdhmstar ($9.28 in chips) 
Seat 5: Dorex2007 ($5.59 in chips) 
montreal555: posts small blind $0.02
dvdhmstar: posts big blind $0.05
*** HOLE CARDS ***
Dealt to Dorex2007 [5d Ac]
Dorex2007: folds 
Almanza63 leaves the table
montreal555: folds 
Uncalled bet ($0.03) returned to dvdhmstar
dvdhmstar collected $0.04 from pot
*** SUMMARY ***
Total pot $0.04 | Rake $0 
Seat 1: montreal555 (small blind) folded before Flop
Seat 4: dvdhmstar (big blind) collected ($0.04)
Seat 5: Dorex2007 (button) folded before Flop (didn't bet)



