PokerStars Hand #237653556431: Tournament #3448293441, $0.92+$0.08 USD Hold'em No Limit - Level I (10/20) - 2022/07/28 21:23:45 PT [2022/07/29 0:23:45 ET]
Table '3448293441 1' 3-max Seat #1 is the button
Seat 1: lazik17 (500 in chips) 
Seat 2: Dorex2007 (500 in chips) 
Seat 3: Ecletico622 (500 in chips) 
Dorex2007: posts small blind 10
Ecletico622: posts big blind 20
*** HOLE CARDS ***
Dealt to Dorex2007 [Td 7h]
lazik17 has timed out
lazik17: folds 
lazik17 is sitting out
lazik17 has returned
Dorex2007: calls 10
Ecletico622: checks 
*** FLOP *** [7d 2s 6d]
Dorex2007: bets 27
Ecletico622: folds 
Uncalled bet (27) returned to Dorex2007
Dorex2007 collected 40 from pot
Dorex2007: doesn't show hand 
*** SUMMARY ***
Total pot 40 | Rake 0 
Board [7d 2s 6d]
Seat 1: lazik17 (button) folded before Flop (didn't bet)
Seat 2: Dorex2007 (small blind) collected (40)
Seat 3: Ecletico622 (big blind) folded on the Flop



PokerStars Hand #237653559755: Tournament #3448293441, $0.92+$0.08 USD Hold'em No Limit - Level I (10/20) - 2022/07/28 21:24:11 PT [2022/07/29 0:24:11 ET]
Table '3448293441 1' 3-max Seat #2 is the button
Seat 1: lazik17 (500 in chips) 
Seat 2: Dorex2007 (520 in chips) 
Seat 3: Ecletico622 (480 in chips) 
Ecletico622: posts small blind 10
lazik17: posts big blind 20
*** HOLE CARDS ***
Dealt to Dorex2007 [8d Js]
Dorex2007: folds 
Ecletico622: calls 10
lazik17: checks 
*** FLOP *** [As 3c 2c]
Ecletico622: checks 
lazik17: checks 
*** TURN *** [As 3c 2c] [4d]
Ecletico622: checks 
lazik17: bets 40
Ecletico622: folds 
Uncalled bet (40) returned to lazik17
lazik17 collected 40 from pot
lazik17: doesn't show hand 
*** SUMMARY ***
Total pot 40 | Rake 0 
Board [As 3c 2c 4d]
Seat 1: lazik17 (big blind) collected (40)
Seat 2: Dorex2007 (button) folded before Flop (didn't bet)
Seat 3: Ecletico622 (small blind) folded on the Turn



PokerStars Hand #237653562051: Tournament #3448293441, $0.92+$0.08 USD Hold'em No Limit - Level I (10/20) - 2022/07/28 21:24:30 PT [2022/07/29 0:24:30 ET]
Table '3448293441 1' 3-max Seat #3 is the button
Seat 1: lazik17 (520 in chips) 
Seat 2: Dorex2007 (520 in chips) 
Seat 3: Ecletico622 (460 in chips) 
lazik17: posts small blind 10
Dorex2007: posts big blind 20
*** HOLE CARDS ***
Dealt to Dorex2007 [Td Jc]
Ecletico622: folds 
lazik17: calls 10
Dorex2007: checks 
*** FLOP *** [5d Th Js]
lazik17: checks 
Dorex2007: bets 20
lazik17: folds 
Uncalled bet (20) returned to Dorex2007
Dorex2007 collected 40 from pot
Dorex2007: doesn't show hand 
*** SUMMARY ***
Total pot 40 | Rake 0 
Board [5d Th Js]
Seat 1: lazik17 (small blind) folded on the Flop
Seat 2: Dorex2007 (big blind) collected (40)
Seat 3: Ecletico622 (button) folded before Flop (didn't bet)



PokerStars Hand #237653564194: Tournament #3448293441, $0.92+$0.08 USD Hold'em No Limit - Level I (10/20) - 2022/07/28 21:24:47 PT [2022/07/29 0:24:47 ET]
Table '3448293441 1' 3-max Seat #1 is the button
Seat 1: lazik17 (500 in chips) 
Seat 2: Dorex2007 (540 in chips) 
Seat 3: Ecletico622 (460 in chips) 
Dorex2007: posts small blind 10
Ecletico622: posts big blind 20
*** HOLE CARDS ***
Dealt to Dorex2007 [Ts Qc]
lazik17: folds 
Dorex2007: calls 10
Ecletico622: checks 
*** FLOP *** [Kh Qd Ad]
Dorex2007: checks 
Ecletico622: bets 20
Dorex2007: calls 20
*** TURN *** [Kh Qd Ad] [3h]
Dorex2007: checks 
Ecletico622: checks 
*** RIVER *** [Kh Qd Ad 3h] [2h]
Dorex2007: bets 40
Ecletico622: folds 
Uncalled bet (40) returned to Dorex2007
Dorex2007 collected 80 from pot
Dorex2007: doesn't show hand 
*** SUMMARY ***
Total pot 80 | Rake 0 
Board [Kh Qd Ad 3h 2h]
Seat 1: lazik17 (button) folded before Flop (didn't bet)
Seat 2: Dorex2007 (small blind) collected (80)
Seat 3: Ecletico622 (big blind) folded on the River



PokerStars Hand #237653567511: Tournament #3448293441, $0.92+$0.08 USD Hold'em No Limit - Level I (10/20) - 2022/07/28 21:25:12 PT [2022/07/29 0:25:12 ET]
Table '3448293441 1' 3-max Seat #2 is the button
Seat 1: lazik17 (500 in chips) 
Seat 2: Dorex2007 (580 in chips) 
Seat 3: Ecletico622 (420 in chips) 
Ecletico622: posts small blind 10
lazik17: posts big blind 20
*** HOLE CARDS ***
Dealt to Dorex2007 [Qc Td]
Dorex2007: calls 20
Ecletico622: calls 10
lazik17: checks 
*** FLOP *** [Qs 6c Qh]
Ecletico622: checks 
lazik17: checks 
Dorex2007: bets 20
Ecletico622: folds 
lazik17: calls 20
*** TURN *** [Qs 6c Qh] [Qd]
lazik17: checks 
Dorex2007: bets 100
lazik17: raises 360 to 460 and is all-in
Dorex2007: calls 360
*** RIVER *** [Qs 6c Qh Qd] [5c]
*** SHOW DOWN ***
lazik17: shows [6s Tc] (a full house, Queens full of Sixes)
Dorex2007: shows [Qc Td] (four of a kind, Queens)
Dorex2007 collected 1020 from pot
lazik17 finished the tournament in 3rd place
*** SUMMARY ***
Total pot 1020 | Rake 0 
Board [Qs 6c Qh Qd 5c]
Seat 1: lazik17 (big blind) showed [6s Tc] and lost with a full house, Queens full of Sixes
Seat 2: Dorex2007 (button) showed [Qc Td] and won (1020) with four of a kind, Queens
Seat 3: Ecletico622 (small blind) folded on the Flop



PokerStars Hand #237653572279: Tournament #3448293441, $0.92+$0.08 USD Hold'em No Limit - Level I (10/20) - 2022/07/28 21:25:50 PT [2022/07/29 0:25:50 ET]
Table '3448293441 1' 3-max Seat #3 is the button
Seat 2: Dorex2007 (1100 in chips) 
Seat 3: Ecletico622 (400 in chips) 
Ecletico622: posts small blind 10
Dorex2007: posts big blind 20
*** HOLE CARDS ***
Dealt to Dorex2007 [8s 7c]
Ecletico622: raises 20 to 40
Dorex2007: calls 20
*** FLOP *** [9s Th Jd]
Dorex2007: checks 
Ecletico622: checks 
*** TURN *** [9s Th Jd] [As]
Dorex2007: checks 
Ecletico622: checks 
*** RIVER *** [9s Th Jd As] [Tc]
Dorex2007: bets 80
Ecletico622: folds 
Uncalled bet (80) returned to Dorex2007
Dorex2007 collected 80 from pot
Dorex2007: doesn't show hand 
*** SUMMARY ***
Total pot 80 | Rake 0 
Board [9s Th Jd As Tc]
Seat 2: Dorex2007 (big blind) collected (80)
Seat 3: Ecletico622 (button) (small blind) folded on the River



PokerStars Hand #237653574898: Tournament #3448293441, $0.92+$0.08 USD Hold'em No Limit - Level I (10/20) - 2022/07/28 21:26:10 PT [2022/07/29 0:26:10 ET]
Table '3448293441 1' 3-max Seat #2 is the button
Seat 2: Dorex2007 (1140 in chips) 
Seat 3: Ecletico622 (360 in chips) 
Dorex2007: posts small blind 10
Ecletico622: posts big blind 20
*** HOLE CARDS ***
Dealt to Dorex2007 [6h 5d]
Dorex2007: calls 10
Ecletico622: checks 
*** FLOP *** [8d 8h Ac]
Ecletico622: checks 
Dorex2007: checks 
*** TURN *** [8d 8h Ac] [3s]
Ecletico622: checks 
Dorex2007: bets 20
Ecletico622: folds 
Uncalled bet (20) returned to Dorex2007
Dorex2007 collected 40 from pot
Dorex2007: doesn't show hand 
*** SUMMARY ***
Total pot 40 | Rake 0 
Board [8d 8h Ac 3s]
Seat 2: Dorex2007 (button) (small blind) collected (40)
Seat 3: Ecletico622 (big blind) folded on the Turn



PokerStars Hand #237653580784: Tournament #3448293441, $0.92+$0.08 USD Hold'em No Limit - Level II (15/30) - 2022/07/28 21:26:57 PT [2022/07/29 0:26:57 ET]
Table '3448293441 1' 3-max Seat #3 is the button
Seat 2: Dorex2007 (1160 in chips) 
Seat 3: Ecletico622 (340 in chips) 
Ecletico622: posts small blind 15
Dorex2007: posts big blind 30
*** HOLE CARDS ***
Dealt to Dorex2007 [Ah Qs]
Ecletico622: raises 310 to 340 and is all-in
Dorex2007: calls 310
*** FLOP *** [5s 4h 2h]
*** TURN *** [5s 4h 2h] [Js]
*** RIVER *** [5s 4h 2h Js] [Qd]
*** SHOW DOWN ***
Dorex2007: shows [Ah Qs] (a pair of Queens)
Ecletico622: shows [8h 8s] (a pair of Eights)
Dorex2007 collected 680 from pot
Ecletico622 finished the tournament in 2nd place
Dorex2007 wins the tournament and receives $3.00 - congratulations!
*** SUMMARY ***
Total pot 680 | Rake 0 
Board [5s 4h 2h Js Qd]
Seat 2: Dorex2007 (big blind) showed [Ah Qs] and won (680) with a pair of Queens
Seat 3: Ecletico622 (button) (small blind) showed [8h 8s] and lost with a pair of Eights



