PokerStars Hand #233014866245:  Hold'em No Limit ($0.01/$0.02 USD) - 2022/01/10 13:27:06 PT [2022/01/10 16:27:06 ET]
Table 'Mercury VI' 9-max Seat #5 is the button
Seat 2: Andreyses62 ($1.84 in chips) 
Seat 3: RodrigoFroilan ($1.48 in chips) 
Seat 4: Dorex2007 ($2 in chips) 
Seat 5: Coa Car ($1.97 in chips) 
Seat 6: tiho101 ($0.21 in chips) 
Seat 7: IvkaMike ($2.17 in chips) 
Seat 8: vova osa ($0.74 in chips) 
Seat 9: superjod218 ($2 in chips) 
tiho101: posts small blind $0.01
IvkaMike: posts big blind $0.02
SharkArtur1: sits out 
Dorex2007: posts big blind $0.02
*** HOLE CARDS ***
Dealt to Dorex2007 [3s 7s]
vova osa: folds 
superjod218: folds 
Andreyses62: folds 
RodrigoFroilan: calls $0.02
Dorex2007: checks 
Coa Car: raises $0.04 to $0.06
tiho101: folds 
IvkaMike: folds 
RodrigoFroilan: calls $0.04
Dorex2007: folds 
*** FLOP *** [Qd Ad Jd]
RodrigoFroilan: checks 
Coa Car: bets $0.10
RodrigoFroilan: folds 
Uncalled bet ($0.10) returned to Coa Car
Coa Car collected $0.16 from pot
*** SUMMARY ***
Total pot $0.17 | Rake $0.01 
Board [Qd Ad Jd]
Seat 2: Andreyses62 folded before Flop (didn't bet)
Seat 3: RodrigoFroilan folded on the Flop
Seat 4: Dorex2007 folded before Flop (didn't bet)
Seat 5: Coa Car (button) collected ($0.16)
Seat 6: tiho101 (small blind) folded before Flop
Seat 7: IvkaMike (big blind) folded before Flop
Seat 8: vova osa folded before Flop (didn't bet)
Seat 9: superjod218 folded before Flop (didn't bet)



PokerStars Hand #233014901164:  Hold'em No Limit ($0.01/$0.02 USD) - 2022/01/10 13:27:59 PT [2022/01/10 16:27:59 ET]
Table 'Mercury VI' 9-max Seat #6 is the button
Seat 2: Andreyses62 ($1.84 in chips) 
Seat 3: RodrigoFroilan ($1.42 in chips) 
Seat 4: Dorex2007 ($2 in chips) 
Seat 5: Coa Car ($2.07 in chips) 
Seat 6: tiho101 ($0.20 in chips) 
Seat 7: IvkaMike ($2.15 in chips) 
Seat 8: vova osa ($0.74 in chips) 
Seat 9: superjod218 ($2 in chips) 
IvkaMike: posts small blind $0.01
vova osa: posts big blind $0.02
SharkArtur1: sits out 
*** HOLE CARDS ***
Dealt to Dorex2007 [Qs Th]
superjod218: folds 
Andreyses62: folds 
RodrigoFroilan: folds 
Dorex2007: folds 
Coa Car: folds 
tiho101: folds 
IvkaMike: calls $0.01
vova osa: checks 
*** FLOP *** [Kd Kh Ac]
IvkaMike: checks 
vova osa: checks 
*** TURN *** [Kd Kh Ac] [Tc]
IvkaMike: checks 
vova osa: checks 
*** RIVER *** [Kd Kh Ac Tc] [Js]
IvkaMike: bets $0.12
vova osa: folds 
Uncalled bet ($0.12) returned to IvkaMike
IvkaMike collected $0.04 from pot
IvkaMike: doesn't show hand 
*** SUMMARY ***
Total pot $0.04 | Rake $0 
Board [Kd Kh Ac Tc Js]
Seat 2: Andreyses62 folded before Flop (didn't bet)
Seat 3: RodrigoFroilan folded before Flop (didn't bet)
Seat 4: Dorex2007 folded before Flop (didn't bet)
Seat 5: Coa Car folded before Flop (didn't bet)
Seat 6: tiho101 (button) folded before Flop (didn't bet)
Seat 7: IvkaMike (small blind) collected ($0.04)
Seat 8: vova osa (big blind) folded on the River
Seat 9: superjod218 folded before Flop (didn't bet)



PokerStars Hand #233014932053:  Hold'em No Limit ($0.01/$0.02 USD) - 2022/01/10 13:28:46 PT [2022/01/10 16:28:46 ET]
Table 'Mercury VI' 9-max Seat #7 is the button
Seat 2: Andreyses62 ($1.84 in chips) 
Seat 3: RodrigoFroilan ($1.42 in chips) 
Seat 4: Dorex2007 ($2 in chips) 
Seat 5: Coa Car ($2.07 in chips) 
Seat 6: tiho101 ($0.20 in chips) 
Seat 7: IvkaMike ($2.17 in chips) 
Seat 8: vova osa ($0.72 in chips) 
Seat 9: superjod218 ($2 in chips) 
vova osa: posts small blind $0.01
superjod218: posts big blind $0.02
SharkArtur1: sits out 
*** HOLE CARDS ***
Dealt to Dorex2007 [8h Ts]
Andreyses62: folds 
RodrigoFroilan: calls $0.02
Dorex2007: folds 
Coa Car: raises $0.04 to $0.06
tiho101: folds 
IvkaMike: folds 
vova osa: folds 
superjod218: folds 
RodrigoFroilan: calls $0.04
*** FLOP *** [4c 2s 7c]
RodrigoFroilan: checks 
Coa Car: bets $0.10
RodrigoFroilan: folds 
Uncalled bet ($0.10) returned to Coa Car
Coa Car collected $0.14 from pot
*** SUMMARY ***
Total pot $0.15 | Rake $0.01 
Board [4c 2s 7c]
Seat 2: Andreyses62 folded before Flop (didn't bet)
Seat 3: RodrigoFroilan folded on the Flop
Seat 4: Dorex2007 folded before Flop (didn't bet)
Seat 5: Coa Car collected ($0.14)
Seat 6: tiho101 folded before Flop (didn't bet)
Seat 7: IvkaMike (button) folded before Flop (didn't bet)
Seat 8: vova osa (small blind) folded before Flop
Seat 9: superjod218 (big blind) folded before Flop



PokerStars Hand #233014968312:  Hold'em No Limit ($0.01/$0.02 USD) - 2022/01/10 13:29:41 PT [2022/01/10 16:29:41 ET]
Table 'Mercury VI' 9-max Seat #8 is the button
Seat 1: SharkArtur1 ($2 in chips) 
Seat 2: Andreyses62 ($1.84 in chips) 
Seat 3: RodrigoFroilan ($1.36 in chips) 
Seat 4: Dorex2007 ($2 in chips) 
Seat 5: Coa Car ($2.15 in chips) 
Seat 6: tiho101 ($0.20 in chips) 
Seat 7: IvkaMike ($2.17 in chips) 
Seat 8: vova osa ($0.71 in chips) 
Seat 9: superjod218 ($2 in chips) 
superjod218: posts small blind $0.01
SharkArtur1: posts big blind $0.02
*** HOLE CARDS ***
Dealt to Dorex2007 [4d 2d]
Andreyses62: raises $0.04 to $0.06
RodrigoFroilan: folds 
Dorex2007: calls $0.06
Coa Car: folds 
tiho101: folds 
IvkaMike: folds 
vova osa: folds 
superjod218: folds 
SharkArtur1: raises $0.20 to $0.26
Andreyses62: folds 
Dorex2007: folds 
Uncalled bet ($0.20) returned to SharkArtur1
SharkArtur1 collected $0.19 from pot
*** SUMMARY ***
Total pot $0.19 | Rake $0 
Seat 1: SharkArtur1 (big blind) collected ($0.19)
Seat 2: Andreyses62 folded before Flop
Seat 3: RodrigoFroilan folded before Flop (didn't bet)
Seat 4: Dorex2007 folded before Flop
Seat 5: Coa Car folded before Flop (didn't bet)
Seat 6: tiho101 folded before Flop (didn't bet)
Seat 7: IvkaMike folded before Flop (didn't bet)
Seat 8: vova osa (button) folded before Flop (didn't bet)
Seat 9: superjod218 (small blind) folded before Flop



PokerStars Hand #233014987122:  Hold'em No Limit ($0.01/$0.02 USD) - 2022/01/10 13:30:10 PT [2022/01/10 16:30:10 ET]
Table 'Mercury VI' 9-max Seat #9 is the button
Seat 1: SharkArtur1 ($2.13 in chips) 
Seat 2: Andreyses62 ($1.78 in chips) 
Seat 3: RodrigoFroilan ($1.36 in chips) 
Seat 4: Dorex2007 ($2 in chips) 
Seat 5: Coa Car ($2.15 in chips) 
Seat 6: tiho101 ($0.20 in chips) 
Seat 7: IvkaMike ($2.17 in chips) 
Seat 8: vova osa ($0.71 in chips) 
Seat 9: superjod218 ($2 in chips) 
SharkArtur1: posts small blind $0.01
Andreyses62: posts big blind $0.02
*** HOLE CARDS ***
Dealt to Dorex2007 [4s 4h]
RodrigoFroilan: folds 
Dorex2007: calls $0.02
Coa Car: folds 
tiho101: folds 
IvkaMike: folds 
vova osa: folds 
superjod218: folds 
SharkArtur1: folds 
Andreyses62: raises $0.04 to $0.06
Dorex2007: calls $0.04
*** FLOP *** [Qh 2c 7d]
Andreyses62: checks 
Dorex2007: checks 
*** TURN *** [Qh 2c 7d] [3d]
Andreyses62: checks 
Dorex2007: checks 
*** RIVER *** [Qh 2c 7d 3d] [Ts]
Andreyses62: bets $0.07
Dorex2007: raises $0.11 to $0.18
Andreyses62: folds 
Uncalled bet ($0.11) returned to Dorex2007
Dorex2007 collected $0.26 from pot
Dorex2007: doesn't show hand 
*** SUMMARY ***
Total pot $0.27 | Rake $0.01 
Board [Qh 2c 7d 3d Ts]
Seat 1: SharkArtur1 (small blind) folded before Flop
Seat 2: Andreyses62 (big blind) folded on the River
Seat 3: RodrigoFroilan folded before Flop (didn't bet)
Seat 4: Dorex2007 collected ($0.26)
Seat 5: Coa Car folded before Flop (didn't bet)
Seat 6: tiho101 folded before Flop (didn't bet)
Seat 7: IvkaMike folded before Flop (didn't bet)
Seat 8: vova osa folded before Flop (didn't bet)
Seat 9: superjod218 (button) folded before Flop (didn't bet)



PokerStars Hand #233015022952:  Hold'em No Limit ($0.01/$0.02 USD) - 2022/01/10 13:31:04 PT [2022/01/10 16:31:04 ET]
Table 'Mercury VI' 9-max Seat #1 is the button
Seat 1: SharkArtur1 ($2.12 in chips) 
Seat 2: Andreyses62 ($1.65 in chips) 
Seat 3: RodrigoFroilan ($1.36 in chips) 
Seat 4: Dorex2007 ($2.13 in chips) 
Seat 5: Coa Car ($2.15 in chips) 
Seat 6: tiho101 ($0.20 in chips) 
Seat 7: IvkaMike ($2.17 in chips) 
Seat 8: vova osa ($0.71 in chips) 
Seat 9: superjod218 ($2 in chips) 
Andreyses62: posts small blind $0.01
RodrigoFroilan: posts big blind $0.02
*** HOLE CARDS ***
Dealt to Dorex2007 [3s Kh]
Dorex2007: folds 
Coa Car: folds 
tiho101: folds 
IvkaMike: folds 
vova osa: folds 
superjod218: folds 
SharkArtur1: folds 
Andreyses62: raises $0.04 to $0.06
RodrigoFroilan: folds 
Uncalled bet ($0.04) returned to Andreyses62
Andreyses62 collected $0.04 from pot
*** SUMMARY ***
Total pot $0.04 | Rake $0 
Seat 1: SharkArtur1 (button) folded before Flop (didn't bet)
Seat 2: Andreyses62 (small blind) collected ($0.04)
Seat 3: RodrigoFroilan (big blind) folded before Flop
Seat 4: Dorex2007 folded before Flop (didn't bet)
Seat 5: Coa Car folded before Flop (didn't bet)
Seat 6: tiho101 folded before Flop (didn't bet)
Seat 7: IvkaMike folded before Flop (didn't bet)
Seat 8: vova osa folded before Flop (didn't bet)
Seat 9: superjod218 folded before Flop (didn't bet)



PokerStars Hand #233015037238:  Hold'em No Limit ($0.01/$0.02 USD) - 2022/01/10 13:31:25 PT [2022/01/10 16:31:25 ET]
Table 'Mercury VI' 9-max Seat #2 is the button
Seat 1: SharkArtur1 ($2.12 in chips) 
Seat 2: Andreyses62 ($1.67 in chips) 
Seat 3: RodrigoFroilan ($1.34 in chips) 
Seat 4: Dorex2007 ($2.13 in chips) 
Seat 5: Coa Car ($2.15 in chips) 
Seat 6: tiho101 ($0.20 in chips) 
Seat 7: IvkaMike ($2.17 in chips) 
Seat 8: vova osa ($0.71 in chips) 
Seat 9: superjod218 ($2 in chips) 
RodrigoFroilan: posts small blind $0.01
Dorex2007: posts big blind $0.02
*** HOLE CARDS ***
Dealt to Dorex2007 [2h Tc]
Coa Car: folds 
tiho101: calls $0.02
IvkaMike: raises $0.04 to $0.06
vova osa: folds 
superjod218: folds 
SharkArtur1: folds 
Andreyses62: folds 
RodrigoFroilan: folds 
Dorex2007: folds 
tiho101: calls $0.04
*** FLOP *** [Qc Qs Qd]
tiho101: checks 
IvkaMike: bets $0.14
tiho101: folds 
Uncalled bet ($0.14) returned to IvkaMike
IvkaMike collected $0.14 from pot
IvkaMike: doesn't show hand 
*** SUMMARY ***
Total pot $0.15 | Rake $0.01 
Board [Qc Qs Qd]
Seat 1: SharkArtur1 folded before Flop (didn't bet)
Seat 2: Andreyses62 (button) folded before Flop (didn't bet)
Seat 3: RodrigoFroilan (small blind) folded before Flop
Seat 4: Dorex2007 (big blind) folded before Flop
Seat 5: Coa Car folded before Flop (didn't bet)
Seat 6: tiho101 folded on the Flop
Seat 7: IvkaMike collected ($0.14)
Seat 8: vova osa folded before Flop (didn't bet)
Seat 9: superjod218 folded before Flop (didn't bet)



PokerStars Hand #233015073134:  Hold'em No Limit ($0.01/$0.02 USD) - 2022/01/10 13:32:19 PT [2022/01/10 16:32:19 ET]
Table 'Mercury VI' 9-max Seat #3 is the button
Seat 1: SharkArtur1 ($2.12 in chips) 
Seat 2: Andreyses62 ($1.67 in chips) 
Seat 3: RodrigoFroilan ($1.33 in chips) 
Seat 4: Dorex2007 ($2.11 in chips) 
Seat 5: Coa Car ($2.15 in chips) 
Seat 6: tiho101 ($0.14 in chips) 
Seat 7: IvkaMike ($2.25 in chips) 
Seat 8: vova osa ($0.71 in chips) 
Seat 9: superjod218 ($2 in chips) 
Dorex2007: posts small blind $0.01
Coa Car: posts big blind $0.02
*** HOLE CARDS ***
Dealt to Dorex2007 [7s Qc]
tiho101: folds 
IvkaMike: folds 
vova osa: folds 
superjod218: folds 
SharkArtur1: folds 
Andreyses62: raises $0.04 to $0.06
RodrigoFroilan: folds 
Dorex2007: folds 
Coa Car: folds 
Uncalled bet ($0.04) returned to Andreyses62
Andreyses62 collected $0.05 from pot
*** SUMMARY ***
Total pot $0.05 | Rake $0 
Seat 1: SharkArtur1 folded before Flop (didn't bet)
Seat 2: Andreyses62 collected ($0.05)
Seat 3: RodrigoFroilan (button) folded before Flop (didn't bet)
Seat 4: Dorex2007 (small blind) folded before Flop
Seat 5: Coa Car (big blind) folded before Flop
Seat 6: tiho101 folded before Flop (didn't bet)
Seat 7: IvkaMike folded before Flop (didn't bet)
Seat 8: vova osa folded before Flop (didn't bet)
Seat 9: superjod218 folded before Flop (didn't bet)



PokerStars Hand #233015081275:  Hold'em No Limit ($0.01/$0.02 USD) - 2022/01/10 13:32:32 PT [2022/01/10 16:32:32 ET]
Table 'Mercury VI' 9-max Seat #4 is the button
Seat 1: SharkArtur1 ($2.12 in chips) 
Seat 2: Andreyses62 ($1.70 in chips) 
Seat 3: RodrigoFroilan ($1.33 in chips) 
Seat 4: Dorex2007 ($2.10 in chips) 
Seat 5: Coa Car ($2.13 in chips) 
Seat 6: tiho101 ($0.14 in chips) 
Seat 7: IvkaMike ($2.25 in chips) 
Seat 8: vova osa ($0.71 in chips) 
Seat 9: superjod218 ($2 in chips) 
Coa Car: posts small blind $0.01
tiho101: posts big blind $0.02
*** HOLE CARDS ***
Dealt to Dorex2007 [6h 6s]
IvkaMike: folds 
vova osa: folds 
superjod218: folds 
SharkArtur1: calls $0.02
Andreyses62: raises $0.04 to $0.06
RodrigoFroilan: folds 
Dorex2007: folds 
Coa Car: folds 
tiho101: folds 
SharkArtur1: calls $0.04
*** FLOP *** [7h Ad As]
SharkArtur1: bets $0.08
Andreyses62: folds 
Uncalled bet ($0.08) returned to SharkArtur1
SharkArtur1 collected $0.14 from pot
*** SUMMARY ***
Total pot $0.15 | Rake $0.01 
Board [7h Ad As]
Seat 1: SharkArtur1 collected ($0.14)
Seat 2: Andreyses62 folded on the Flop
Seat 3: RodrigoFroilan folded before Flop (didn't bet)
Seat 4: Dorex2007 (button) folded before Flop (didn't bet)
Seat 5: Coa Car (small blind) folded before Flop
Seat 6: tiho101 (big blind) folded before Flop
Seat 7: IvkaMike folded before Flop (didn't bet)
Seat 8: vova osa folded before Flop (didn't bet)
Seat 9: superjod218 folded before Flop (didn't bet)



PokerStars Hand #233015110263:  Hold'em No Limit ($0.01/$0.02 USD) - 2022/01/10 13:33:16 PT [2022/01/10 16:33:16 ET]
Table 'Mercury VI' 9-max Seat #5 is the button
Seat 1: SharkArtur1 ($2.20 in chips) 
Seat 2: Andreyses62 ($1.64 in chips) 
Seat 3: RodrigoFroilan ($1.33 in chips) 
Seat 4: Dorex2007 ($2.10 in chips) 
Seat 5: Coa Car ($2.12 in chips) 
Seat 6: tiho101 ($0.12 in chips) 
Seat 7: IvkaMike ($2.25 in chips) 
Seat 8: vova osa ($0.71 in chips) 
Seat 9: superjod218 ($2 in chips) 
tiho101: posts small blind $0.01
IvkaMike: posts big blind $0.02
*** HOLE CARDS ***
Dealt to Dorex2007 [5c Qs]
vova osa: folds 
superjod218: folds 
SharkArtur1: calls $0.02
Andreyses62: folds 
RodrigoFroilan: folds 
Dorex2007: folds 
Coa Car: folds 
tiho101: calls $0.01
IvkaMike: checks 
*** FLOP *** [Ah 7h Qh]
tiho101: checks 
IvkaMike: checks 
vova osa leaves the table
Andreyses62 leaves the table
SharkArtur1: bets $0.03
tiho101: folds 
IvkaMike: calls $0.03
*** TURN *** [Ah 7h Qh] [3c]
IvkaMike: checks 
SharkArtur1: bets $0.06
IvkaMike: raises $0.06 to $0.12
SharkArtur1: calls $0.06
*** RIVER *** [Ah 7h Qh 3c] [Qc]
IvkaMike: checks 
SharkArtur1: bets $0.35
IvkaMike: folds 
Uncalled bet ($0.35) returned to SharkArtur1
SharkArtur1 collected $0.35 from pot
*** SUMMARY ***
Total pot $0.36 | Rake $0.01 
Board [Ah 7h Qh 3c Qc]
Seat 1: SharkArtur1 collected ($0.35)
Seat 2: Andreyses62 folded before Flop (didn't bet)
Seat 3: RodrigoFroilan folded before Flop (didn't bet)
Seat 4: Dorex2007 folded before Flop (didn't bet)
Seat 5: Coa Car (button) folded before Flop (didn't bet)
Seat 6: tiho101 (small blind) folded on the Flop
Seat 7: IvkaMike (big blind) folded on the River
Seat 8: vova osa folded before Flop (didn't bet)
Seat 9: superjod218 folded before Flop (didn't bet)



PokerStars Hand #233015165234:  Hold'em No Limit ($0.01/$0.02 USD) - 2022/01/10 13:34:40 PT [2022/01/10 16:34:40 ET]
Table 'Mercury VI' 9-max Seat #6 is the button
Seat 1: SharkArtur1 ($2.38 in chips) 
Seat 3: RodrigoFroilan ($1.33 in chips) 
Seat 4: Dorex2007 ($2.10 in chips) 
Seat 5: Coa Car ($2.12 in chips) 
Seat 6: tiho101 ($0.10 in chips) 
Seat 7: IvkaMike ($2.08 in chips) 
Seat 9: superjod218 ($2 in chips) 
IvkaMike: posts small blind $0.01
superjod218: posts big blind $0.02
*** HOLE CARDS ***
Dealt to Dorex2007 [7s 6d]
SharkArtur1: folds 
RodrigoFroilan: folds 
Dorex2007: folds 
Coa Car: folds 
tiho101: folds 
IvkaMike: calls $0.01
superjod218: checks 
*** FLOP *** [5c Tc Ad]
IvkaMike: checks 
superjod218: checks 
*** TURN *** [5c Tc Ad] [4c]
IvkaMike: checks 
superjod218: checks 
*** RIVER *** [5c Tc Ad 4c] [Kd]
IvkaMike: checks 
superjod218: checks 
*** SHOW DOWN ***
IvkaMike: shows [7h Jd] (high card Ace)
superjod218: shows [4h 2s] (a pair of Fours)
superjod218 collected $0.04 from pot
*** SUMMARY ***
Total pot $0.04 | Rake $0 
Board [5c Tc Ad 4c Kd]
Seat 1: SharkArtur1 folded before Flop (didn't bet)
Seat 3: RodrigoFroilan folded before Flop (didn't bet)
Seat 4: Dorex2007 folded before Flop (didn't bet)
Seat 5: Coa Car folded before Flop (didn't bet)
Seat 6: tiho101 (button) folded before Flop (didn't bet)
Seat 7: IvkaMike (small blind) showed [7h Jd] and lost with high card Ace
Seat 9: superjod218 (big blind) showed [4h 2s] and won ($0.04) with a pair of Fours



PokerStars Hand #233015186485:  Hold'em No Limit ($0.01/$0.02 USD) - 2022/01/10 13:35:12 PT [2022/01/10 16:35:12 ET]
Table 'Mercury VI' 9-max Seat #7 is the button
Seat 1: SharkArtur1 ($2.38 in chips) 
Seat 3: RodrigoFroilan ($1.33 in chips) 
Seat 4: Dorex2007 ($2.10 in chips) 
Seat 5: Coa Car ($2.12 in chips) 
Seat 6: tiho101 ($0.10 in chips) 
Seat 7: IvkaMike ($2.06 in chips) 
Seat 9: superjod218 ($2.02 in chips) 
superjod218: posts small blind $0.01
SharkArtur1: posts big blind $0.02
*** HOLE CARDS ***
Dealt to Dorex2007 [Ks Js]
RodrigoFroilan: folds 
Dorex2007: raises $0.04 to $0.06
Coa Car: folds 
tiho101: folds 
IvkaMike: folds 
superjod218: folds 
SharkArtur1: folds 
Uncalled bet ($0.04) returned to Dorex2007
Dorex2007 collected $0.05 from pot
Dorex2007: doesn't show hand 
*** SUMMARY ***
Total pot $0.05 | Rake $0 
Seat 1: SharkArtur1 (big blind) folded before Flop
Seat 3: RodrigoFroilan folded before Flop (didn't bet)
Seat 4: Dorex2007 collected ($0.05)
Seat 5: Coa Car folded before Flop (didn't bet)
Seat 6: tiho101 folded before Flop (didn't bet)
Seat 7: IvkaMike (button) folded before Flop (didn't bet)
Seat 9: superjod218 (small blind) folded before Flop



PokerStars Hand #233015206303:  Hold'em No Limit ($0.01/$0.02 USD) - 2022/01/10 13:35:43 PT [2022/01/10 16:35:43 ET]
Table 'Mercury VI' 9-max Seat #9 is the button
Seat 1: SharkArtur1 ($2.36 in chips) 
Seat 3: RodrigoFroilan ($1.33 in chips) 
Seat 4: Dorex2007 ($2.13 in chips) 
Seat 5: Coa Car ($2.12 in chips) 
Seat 6: tiho101 ($0.10 in chips) 
Seat 7: IvkaMike ($2.06 in chips) 
Seat 9: superjod218 ($2.01 in chips) 
SharkArtur1: posts small blind $0.01
RodrigoFroilan: posts big blind $0.02
*** HOLE CARDS ***
Dealt to Dorex2007 [Kh 8c]
Dorex2007: folds 
Coa Car: folds 
tiho101: folds 
IvkaMike: raises $0.04 to $0.06
superjod218: folds 
SharkArtur1: folds 
RodrigoFroilan: folds 
Uncalled bet ($0.04) returned to IvkaMike
IvkaMike collected $0.05 from pot
IvkaMike: doesn't show hand 
*** SUMMARY ***
Total pot $0.05 | Rake $0 
Seat 1: SharkArtur1 (small blind) folded before Flop
Seat 3: RodrigoFroilan (big blind) folded before Flop
Seat 4: Dorex2007 folded before Flop (didn't bet)
Seat 5: Coa Car folded before Flop (didn't bet)
Seat 6: tiho101 folded before Flop (didn't bet)
Seat 7: IvkaMike collected ($0.05)
Seat 9: superjod218 (button) folded before Flop (didn't bet)



PokerStars Hand #233015230891:  Hold'em No Limit ($0.01/$0.02 USD) - 2022/01/10 13:36:20 PT [2022/01/10 16:36:20 ET]
Table 'Mercury VI' 9-max Seat #1 is the button
Seat 1: SharkArtur1 ($2.35 in chips) 
Seat 3: RodrigoFroilan ($1.31 in chips) 
Seat 4: Dorex2007 ($2.13 in chips) 
Seat 5: Coa Car ($2.12 in chips) 
Seat 6: tiho101 ($0.10 in chips) 
Seat 7: IvkaMike ($2.09 in chips) 
Seat 9: superjod218 ($2.01 in chips) 
RodrigoFroilan: posts small blind $0.01
Dorex2007: posts big blind $0.02
*** HOLE CARDS ***
Dealt to Dorex2007 [7h Jc]
Coa Car: folds 
tiho101 has timed out
tiho101: folds 
IvkaMike: folds 
superjod218: raises $0.04 to $0.06
SharkArtur1: folds 
RodrigoFroilan: folds 
Dorex2007: folds 
Uncalled bet ($0.04) returned to superjod218
superjod218 collected $0.05 from pot
superjod218: doesn't show hand 
Protean1000 joins the table at seat #8 
*** SUMMARY ***
Total pot $0.05 | Rake $0 
Seat 1: SharkArtur1 (button) folded before Flop (didn't bet)
Seat 3: RodrigoFroilan (small blind) folded before Flop
Seat 4: Dorex2007 (big blind) folded before Flop
Seat 5: Coa Car folded before Flop (didn't bet)
Seat 6: tiho101 folded before Flop (didn't bet)
Seat 7: IvkaMike folded before Flop (didn't bet)
Seat 9: superjod218 collected ($0.05)



PokerStars Hand #233015254379:  Hold'em No Limit ($0.01/$0.02 USD) - 2022/01/10 13:36:53 PT [2022/01/10 16:36:53 ET]
Table 'Mercury VI' 9-max Seat #3 is the button
Seat 1: SharkArtur1 ($2.35 in chips) 
Seat 3: RodrigoFroilan ($1.30 in chips) 
Seat 4: Dorex2007 ($2.11 in chips) 
Seat 5: Coa Car ($2.12 in chips) 
Seat 6: tiho101 ($0.10 in chips) 
Seat 7: IvkaMike ($2.09 in chips) 
Seat 9: superjod218 ($2.04 in chips) 
Dorex2007: posts small blind $0.01
Coa Car: posts big blind $0.02
Protean1000: sits out 
*** HOLE CARDS ***
Dealt to Dorex2007 [7h Qs]
tiho101: folds 
IvkaMike: folds 
superjod218: folds 
SharkArtur1: raises $0.04 to $0.06
RodrigoFroilan: folds 
Dorex2007: folds 
Coa Car: folds 
Uncalled bet ($0.04) returned to SharkArtur1
SharkArtur1 collected $0.05 from pot
*** SUMMARY ***
Total pot $0.05 | Rake $0 
Seat 1: SharkArtur1 collected ($0.05)
Seat 3: RodrigoFroilan (button) folded before Flop (didn't bet)
Seat 4: Dorex2007 (small blind) folded before Flop
Seat 5: Coa Car (big blind) folded before Flop
Seat 6: tiho101 folded before Flop (didn't bet)
Seat 7: IvkaMike folded before Flop (didn't bet)
Seat 9: superjod218 folded before Flop (didn't bet)



PokerStars Hand #233015266767:  Hold'em No Limit ($0.01/$0.02 USD) - 2022/01/10 13:37:12 PT [2022/01/10 16:37:12 ET]
Table 'Mercury VI' 9-max Seat #4 is the button
Seat 1: SharkArtur1 ($2.38 in chips) 
Seat 3: RodrigoFroilan ($1.30 in chips) 
Seat 4: Dorex2007 ($2.10 in chips) 
Seat 5: Coa Car ($2.10 in chips) 
Seat 6: tiho101 ($0.10 in chips) 
Seat 7: IvkaMike ($2.09 in chips) 
Seat 8: Protean1000 ($1.60 in chips) 
Seat 9: superjod218 ($2.04 in chips) 
Coa Car: posts small blind $0.01
tiho101: posts big blind $0.02
Protean1000: posts big blind $0.02
*** HOLE CARDS ***
Dealt to Dorex2007 [7c 9c]
IvkaMike: calls $0.02
Protean1000: checks 
superjod218: folds 
SharkArtur1: calls $0.02
chiedis joins the table at seat #2 
RodrigoFroilan: calls $0.02
Dorex2007: folds 
Coa Car: folds 
tiho101: checks 
*** FLOP *** [Kh 6h 6s]
tiho101: checks 
IvkaMike: checks 
Protean1000: checks 
SharkArtur1: bets $0.06
RodrigoFroilan: calls $0.06
tiho101: folds 
IvkaMike: folds 
Protean1000: folds 
*** TURN *** [Kh 6h 6s] [3d]
SharkArtur1: bets $0.12
Protean1000 said, "alright"
Protean1000 said, "im a british !"
RodrigoFroilan: calls $0.12
*** RIVER *** [Kh 6h 6s 3d] [8d]
SharkArtur1: bets $0.22
Protean1000 said, "i live in chedder"
RodrigoFroilan: folds 
Uncalled bet ($0.22) returned to SharkArtur1
SharkArtur1 collected $0.45 from pot
*** SUMMARY ***
Total pot $0.47 | Rake $0.02 
Board [Kh 6h 6s 3d 8d]
Seat 1: SharkArtur1 collected ($0.45)
Seat 3: RodrigoFroilan folded on the River
Seat 4: Dorex2007 (button) folded before Flop (didn't bet)
Seat 5: Coa Car (small blind) folded before Flop
Seat 6: tiho101 (big blind) folded on the Flop
Seat 7: IvkaMike folded on the Flop
Seat 8: Protean1000 folded on the Flop (didn't bet)
Seat 9: superjod218 folded before Flop (didn't bet)



PokerStars Hand #233015322623:  Hold'em No Limit ($0.01/$0.02 USD) - 2022/01/10 13:38:38 PT [2022/01/10 16:38:38 ET]
Table 'Mercury VI' 9-max Seat #5 is the button
Seat 1: SharkArtur1 ($2.63 in chips) 
Seat 2: chiedis ($2 in chips) 
Seat 3: RodrigoFroilan ($1.10 in chips) 
Seat 4: Dorex2007 ($2.10 in chips) 
Seat 5: Coa Car ($2.09 in chips) 
Seat 6: tiho101 ($0.08 in chips) 
Seat 7: IvkaMike ($2.07 in chips) 
Seat 8: Protean1000 ($1.58 in chips) 
Seat 9: superjod218 ($2.04 in chips) 
tiho101: posts small blind $0.01
IvkaMike: posts big blind $0.02
chiedis: posts big blind $0.02
*** HOLE CARDS ***
Dealt to Dorex2007 [7d Kc]
Protean1000: calls $0.02
superjod218: folds 
Protean1000 said, "cheshire"
SharkArtur1: calls $0.02
chiedis: checks 
Protean1000 said, "not chedder"
RodrigoFroilan: calls $0.02
Dorex2007: folds 
Coa Car: folds 
tiho101: calls $0.01
IvkaMike: checks 
*** FLOP *** [Tc 7c Qd]
tiho101: checks 
IvkaMike: checks 
Protean1000: checks 
SharkArtur1: checks 
chiedis: checks 
RodrigoFroilan: bets $0.06
tiho101: folds 
IvkaMike: folds 
Protean1000: folds 
SharkArtur1: folds 
chiedis: folds 
Uncalled bet ($0.06) returned to RodrigoFroilan
RodrigoFroilan collected $0.12 from pot
RodrigoFroilan: doesn't show hand 
*** SUMMARY ***
Total pot $0.12 | Rake $0 
Board [Tc 7c Qd]
Seat 1: SharkArtur1 folded on the Flop
Seat 2: chiedis folded on the Flop (didn't bet)
Seat 3: RodrigoFroilan collected ($0.12)
Seat 4: Dorex2007 folded before Flop (didn't bet)
Seat 5: Coa Car (button) folded before Flop (didn't bet)
Seat 6: tiho101 (small blind) folded on the Flop
Seat 7: IvkaMike (big blind) folded on the Flop
Seat 8: Protean1000 folded on the Flop
Seat 9: superjod218 folded before Flop (didn't bet)



PokerStars Hand #233015366181:  Hold'em No Limit ($0.01/$0.02 USD) - 2022/01/10 13:39:45 PT [2022/01/10 16:39:45 ET]
Table 'Mercury VI' 9-max Seat #6 is the button
Seat 1: SharkArtur1 ($2.61 in chips) 
Seat 2: chiedis ($1.98 in chips) 
Seat 3: RodrigoFroilan ($1.20 in chips) 
Seat 4: Dorex2007 ($2.10 in chips) 
Seat 5: Coa Car ($2.09 in chips) 
Seat 6: tiho101 ($0.06 in chips) 
Seat 7: IvkaMike ($2.05 in chips) 
Seat 8: Protean1000 ($1.56 in chips) 
Seat 9: superjod218 ($2.04 in chips) 
IvkaMike: posts small blind $0.01
Protean1000: posts big blind $0.02
*** HOLE CARDS ***
Dealt to Dorex2007 [3s Jh]
superjod218: folds 
SharkArtur1: folds 
chiedis: calls $0.02
RodrigoFroilan: folds 
Dorex2007: folds 
Coa Car: folds 
tiho101: folds 
IvkaMike: folds 
Protean1000: checks 
*** FLOP *** [9h Tc 4s]
Protean1000: bets $0.03
chiedis: calls $0.03
*** TURN *** [9h Tc 4s] [2h]
Protean1000: bets $0.06
chiedis: calls $0.06
*** RIVER *** [9h Tc 4s 2h] [3c]
Protean1000: checks 
chiedis: bets $0.14
Protean1000: calls $0.14
*** SHOW DOWN ***
chiedis: shows [8d 7h] (high card Ten)
Protean1000: shows [As 9c] (a pair of Nines)
Protean1000 collected $0.49 from pot
*** SUMMARY ***
Total pot $0.51 | Rake $0.02 
Board [9h Tc 4s 2h 3c]
Seat 1: SharkArtur1 folded before Flop (didn't bet)
Seat 2: chiedis showed [8d 7h] and lost with high card Ten
Seat 3: RodrigoFroilan folded before Flop (didn't bet)
Seat 4: Dorex2007 folded before Flop (didn't bet)
Seat 5: Coa Car folded before Flop (didn't bet)
Seat 6: tiho101 (button) folded before Flop (didn't bet)
Seat 7: IvkaMike (small blind) folded before Flop
Seat 8: Protean1000 (big blind) showed [As 9c] and won ($0.49) with a pair of Nines
Seat 9: superjod218 folded before Flop (didn't bet)



PokerStars Hand #233015389313:  Hold'em No Limit ($0.01/$0.02 USD) - 2022/01/10 13:40:22 PT [2022/01/10 16:40:22 ET]
Table 'Mercury VI' 9-max Seat #7 is the button
Seat 1: SharkArtur1 ($2.61 in chips) 
Seat 2: chiedis ($1.73 in chips) 
Seat 3: RodrigoFroilan ($1.20 in chips) 
Seat 4: Dorex2007 ($2.10 in chips) 
Seat 5: Coa Car ($2.09 in chips) 
Seat 6: tiho101 ($0.06 in chips) 
Seat 7: IvkaMike ($2.04 in chips) 
Seat 8: Protean1000 ($1.80 in chips) 
Seat 9: superjod218 ($2.04 in chips) 
Protean1000: posts small blind $0.01
superjod218: posts big blind $0.02
*** HOLE CARDS ***
Dealt to Dorex2007 [Ts 9h]
SharkArtur1: folds 
chiedis: raises $0.04 to $0.06
RodrigoFroilan: folds 
Dorex2007: folds 
Coa Car: folds 
Protean1000 said, "close one mate"
tiho101: folds 
IvkaMike: calls $0.06
Protean1000: folds 
Coa Car leaves the table
superjod218: folds 
*** FLOP *** [3c Tc Kc]
paul1900 joins the table at seat #5 
chiedis: checks 
IvkaMike: checks 
*** TURN *** [3c Tc Kc] [7h]
chiedis: bets $0.06
IvkaMike: calls $0.06
*** RIVER *** [3c Tc Kc 7h] [8h]
chiedis: checks 
IvkaMike: checks 
*** SHOW DOWN ***
chiedis: shows [As Th] (a pair of Tens)
IvkaMike: mucks hand 
chiedis collected $0.26 from pot
*** SUMMARY ***
Total pot $0.27 | Rake $0.01 
Board [3c Tc Kc 7h 8h]
Seat 1: SharkArtur1 folded before Flop (didn't bet)
Seat 2: chiedis showed [As Th] and won ($0.26) with a pair of Tens
Seat 3: RodrigoFroilan folded before Flop (didn't bet)
Seat 4: Dorex2007 folded before Flop (didn't bet)
Seat 5: Coa Car folded before Flop (didn't bet)
Seat 6: tiho101 folded before Flop (didn't bet)
Seat 7: IvkaMike (button) mucked [Td Qc]
Seat 8: Protean1000 (small blind) folded before Flop
Seat 9: superjod218 (big blind) folded before Flop



PokerStars Hand #233015425101:  Hold'em No Limit ($0.01/$0.02 USD) - 2022/01/10 13:41:18 PT [2022/01/10 16:41:18 ET]
Table 'Mercury VI' 9-max Seat #8 is the button
Seat 1: SharkArtur1 ($2.61 in chips) 
Seat 2: chiedis ($1.87 in chips) 
Seat 3: RodrigoFroilan ($1.20 in chips) 
Seat 4: Dorex2007 ($2.10 in chips) 
Seat 5: paul1900 ($2 in chips) 
Seat 6: tiho101 ($0.06 in chips) 
Seat 7: IvkaMike ($1.92 in chips) 
Seat 8: Protean1000 ($1.79 in chips) 
Seat 9: superjod218 ($2.02 in chips) 
superjod218: posts small blind $0.01
SharkArtur1: posts big blind $0.02
paul1900: posts big blind $0.02
*** HOLE CARDS ***
Dealt to Dorex2007 [4d 6h]
chiedis: calls $0.02
RodrigoFroilan: folds 
Dorex2007: folds 
paul1900: checks 
tiho101: folds 
IvkaMike: raises $0.02 to $0.04
Protean1000: calls $0.04
superjod218: folds 
SharkArtur1: folds 
chiedis: calls $0.02
paul1900: calls $0.02
*** FLOP *** [7d 5h 9c]
chiedis: bets $0.12
paul1900: folds 
IvkaMike: folds 
Protean1000: folds 
Uncalled bet ($0.12) returned to chiedis
chiedis collected $0.18 from pot
chiedis: doesn't show hand 
*** SUMMARY ***
Total pot $0.19 | Rake $0.01 
Board [7d 5h 9c]
Seat 1: SharkArtur1 (big blind) folded before Flop
Seat 2: chiedis collected ($0.18)
Seat 3: RodrigoFroilan folded before Flop (didn't bet)
Seat 4: Dorex2007 folded before Flop (didn't bet)
Seat 5: paul1900 folded on the Flop
Seat 6: tiho101 folded before Flop (didn't bet)
Seat 7: IvkaMike folded on the Flop
Seat 8: Protean1000 (button) folded on the Flop
Seat 9: superjod218 (small blind) folded before Flop



PokerStars Hand #233015461510:  Hold'em No Limit ($0.01/$0.02 USD) - 2022/01/10 13:42:15 PT [2022/01/10 16:42:15 ET]
Table 'Mercury VI' 9-max Seat #9 is the button
Seat 1: SharkArtur1 ($2.59 in chips) 
Seat 2: chiedis ($2.01 in chips) 
Seat 3: RodrigoFroilan ($1.20 in chips) 
Seat 4: Dorex2007 ($2.10 in chips) 
Seat 5: paul1900 ($1.96 in chips) 
Seat 6: tiho101 ($0.06 in chips) 
Seat 7: IvkaMike ($1.88 in chips) 
Seat 8: Protean1000 ($1.75 in chips) 
Seat 9: superjod218 ($2.01 in chips) 
SharkArtur1: posts small blind $0.01
chiedis: posts big blind $0.02
*** HOLE CARDS ***
Dealt to Dorex2007 [Th 5d]
RodrigoFroilan: folds 
Dorex2007 has timed out
Dorex2007: folds 
paul1900: folds 
tiho101: raises $0.04 to $0.06 and is all-in
IvkaMike: calls $0.06
Protean1000: folds 
superjod218: folds 
SharkArtur1: folds 
chiedis: calls $0.04
*** FLOP *** [3d 8c Ad]
chiedis: checks 
IvkaMike: checks 
*** TURN *** [3d 8c Ad] [4d]
chiedis: bets $0.10
IvkaMike: folds 
Uncalled bet ($0.10) returned to chiedis
*** RIVER *** [3d 8c Ad 4d] [Ts]
*** SHOW DOWN ***
chiedis: shows [8d Qd] (a flush, Ace high)
tiho101: shows [2d 2c] (a pair of Deuces)
chiedis cashed out the hand for $0.18
*** SUMMARY ***
Total pot $0.19 | Rake $0.01 
Board [3d 8c Ad 4d Ts]
Seat 1: SharkArtur1 (small blind) folded before Flop
Seat 2: chiedis (big blind) showed [8d Qd] and won ($0.18) with a flush, Ace high (pot not awarded as player cashed out)
Seat 3: RodrigoFroilan folded before Flop (didn't bet)
Seat 4: Dorex2007 folded before Flop (didn't bet)
Seat 5: paul1900 folded before Flop (didn't bet)
Seat 6: tiho101 showed [2d 2c] and lost with a pair of Deuces
Seat 7: IvkaMike folded on the Turn
Seat 8: Protean1000 folded before Flop (didn't bet)
Seat 9: superjod218 (button) folded before Flop (didn't bet)



PokerStars Hand #233015499937:  Hold'em No Limit ($0.01/$0.02 USD) - 2022/01/10 13:43:04 PT [2022/01/10 16:43:04 ET]
Table 'Mercury VI' 9-max Seat #1 is the button
Seat 1: SharkArtur1 ($2.58 in chips) 
Seat 2: chiedis ($2.13 in chips) 
Seat 3: RodrigoFroilan ($1.20 in chips) 
Seat 4: Dorex2007 ($2.10 in chips) 
Seat 5: paul1900 ($1.96 in chips) 
Seat 7: IvkaMike ($1.82 in chips) 
Seat 8: Protean1000 ($1.75 in chips) 
Seat 9: superjod218 ($2.01 in chips) 
chiedis: posts small blind $0.01
RodrigoFroilan: posts big blind $0.02
*** HOLE CARDS ***
Dealt to Dorex2007 [As 9d]
Dorex2007: folds 
paul1900: folds 
IvkaMike: folds 
Protean1000: raises $0.06 to $0.08
superjod218: calls $0.08
SharkArtur1: raises $0.22 to $0.30
chiedis: folds 
RodrigoFroilan: folds 
Protean1000: folds 
superjod218: folds 
Uncalled bet ($0.22) returned to SharkArtur1
SharkArtur1 collected $0.27 from pot
*** SUMMARY ***
Total pot $0.27 | Rake $0 
Seat 1: SharkArtur1 (button) collected ($0.27)
Seat 2: chiedis (small blind) folded before Flop
Seat 3: RodrigoFroilan (big blind) folded before Flop
Seat 4: Dorex2007 folded before Flop (didn't bet)
Seat 5: paul1900 folded before Flop (didn't bet)
Seat 7: IvkaMike folded before Flop (didn't bet)
Seat 8: Protean1000 folded before Flop
Seat 9: superjod218 folded before Flop



PokerStars Hand #233015520865:  Hold'em No Limit ($0.01/$0.02 USD) - 2022/01/10 13:43:36 PT [2022/01/10 16:43:36 ET]
Table 'Mercury VI' 9-max Seat #2 is the button
Seat 1: SharkArtur1 ($2.77 in chips) 
Seat 2: chiedis ($2.12 in chips) 
Seat 3: RodrigoFroilan ($1.18 in chips) 
Seat 4: Dorex2007 ($2.10 in chips) 
Seat 5: paul1900 ($1.96 in chips) 
Seat 6: tiho101 ($0.86 in chips) 
Seat 7: IvkaMike ($1.82 in chips) 
Seat 8: Protean1000 ($1.67 in chips) 
Seat 9: superjod218 ($2 in chips) 
RodrigoFroilan: posts small blind $0.01
Dorex2007: posts big blind $0.02
*** HOLE CARDS ***
Dealt to Dorex2007 [7h Jc]
paul1900: folds 
tiho101: calls $0.02
IvkaMike: folds 
Protean1000: folds 
superjod218: folds 
SharkArtur1: folds 
chiedis: calls $0.02
RodrigoFroilan: calls $0.01
Dorex2007: checks 
*** FLOP *** [Qs Kd Qd]
RodrigoFroilan: checks 
Dorex2007: checks 
tiho101: checks 
chiedis is disconnected 
IvkaMike is disconnected 
chiedis is connected 
chiedis: checks 
*** TURN *** [Qs Kd Qd] [2h]
RodrigoFroilan: bets $0.02
Dorex2007: folds 
tiho101: calls $0.02
chiedis: calls $0.02
*** RIVER *** [Qs Kd Qd 2h] [3d]
RodrigoFroilan: checks 
tiho101: checks 
chiedis: checks 
*** SHOW DOWN ***
RodrigoFroilan: shows [7c 2d] (two pair, Queens and Deuces)
tiho101: shows [4c 4s] (two pair, Queens and Fours)
chiedis: mucks hand 
tiho101 collected $0.14 from pot
*** SUMMARY ***
Total pot $0.14 | Rake $0 
Board [Qs Kd Qd 2h 3d]
Seat 1: SharkArtur1 folded before Flop (didn't bet)
Seat 2: chiedis (button) mucked [2c 5c]
Seat 3: RodrigoFroilan (small blind) showed [7c 2d] and lost with two pair, Queens and Deuces
Seat 4: Dorex2007 (big blind) folded on the Turn
Seat 5: paul1900 folded before Flop (didn't bet)
Seat 6: tiho101 showed [4c 4s] and won ($0.14) with two pair, Queens and Fours
Seat 7: IvkaMike folded before Flop (didn't bet)
Seat 8: Protean1000 folded before Flop (didn't bet)
Seat 9: superjod218 folded before Flop (didn't bet)



PokerStars Hand #233015565716:  Hold'em No Limit ($0.01/$0.02 USD) - 2022/01/10 13:44:46 PT [2022/01/10 16:44:46 ET]
Table 'Mercury VI' 9-max Seat #3 is the button
Seat 1: SharkArtur1 ($2.77 in chips) 
Seat 2: chiedis ($2.08 in chips) 
Seat 3: RodrigoFroilan ($1.14 in chips) 
Seat 4: Dorex2007 ($2.08 in chips) 
Seat 5: paul1900 ($1.96 in chips) 
Seat 6: tiho101 ($0.96 in chips) 
Seat 7: IvkaMike ($1.82 in chips) 
Seat 8: Protean1000 ($1.67 in chips) 
Seat 9: superjod218 ($2 in chips) 
Dorex2007: posts small blind $0.01
paul1900: posts big blind $0.02
*** HOLE CARDS ***
Dealt to Dorex2007 [Jd 7h]
tiho101: folds 
IvkaMike has timed out while disconnected
IvkaMike: folds 
Protean1000: calls $0.02
superjod218: folds 
SharkArtur1: folds 
chiedis: folds 
RodrigoFroilan: folds 
Dorex2007: folds 
paul1900: checks 
*** FLOP *** [3c Ac 9c]
paul1900: bets $0.04
Protean1000: folds 
Uncalled bet ($0.04) returned to paul1900
paul1900 collected $0.05 from pot
paul1900: doesn't show hand 
*** SUMMARY ***
Total pot $0.05 | Rake $0 
Board [3c Ac 9c]
Seat 1: SharkArtur1 folded before Flop (didn't bet)
Seat 2: chiedis folded before Flop (didn't bet)
Seat 3: RodrigoFroilan (button) folded before Flop (didn't bet)
Seat 4: Dorex2007 (small blind) folded before Flop
Seat 5: paul1900 (big blind) collected ($0.05)
Seat 6: tiho101 folded before Flop (didn't bet)
Seat 7: IvkaMike folded before Flop (didn't bet)
Seat 8: Protean1000 folded on the Flop
Seat 9: superjod218 folded before Flop (didn't bet)



PokerStars Hand #233015587916:  Hold'em No Limit ($0.01/$0.02 USD) - 2022/01/10 13:45:21 PT [2022/01/10 16:45:21 ET]
Table 'Mercury VI' 9-max Seat #4 is the button
Seat 1: SharkArtur1 ($2.77 in chips) 
Seat 2: chiedis ($2.08 in chips) 
Seat 3: RodrigoFroilan ($1.14 in chips) 
Seat 4: Dorex2007 ($2.07 in chips) 
Seat 5: paul1900 ($1.99 in chips) 
Seat 6: tiho101 ($0.96 in chips) 
Seat 8: Protean1000 ($1.65 in chips) 
Seat 9: superjod218 ($2 in chips) 
paul1900: posts small blind $0.01
tiho101: posts big blind $0.02
*** HOLE CARDS ***
Dealt to Dorex2007 [Kh 8s]
Protean1000: folds 
superjod218: folds 
SharkArtur1: folds 
chiedis: raises $0.06 to $0.08
RodrigoFroilan: folds 
Dorex2007: folds 
paul1900: folds 
tiho101: calls $0.06
*** FLOP *** [5s Tc 9d]
tiho101: checks 
chiedis: checks 
*** TURN *** [5s Tc 9d] [Jh]
tiho101: checks 
chiedis: bets $0.06
tiho101: calls $0.06
*** RIVER *** [5s Tc 9d Jh] [Jc]
tiho101: checks 
chiedis: checks 
*** SHOW DOWN ***
tiho101: shows [8d Kd] (a pair of Jacks)
chiedis: shows [8h 8c] (two pair, Jacks and Eights)
chiedis collected $0.28 from pot
*** SUMMARY ***
Total pot $0.29 | Rake $0.01 
Board [5s Tc 9d Jh Jc]
Seat 1: SharkArtur1 folded before Flop (didn't bet)
Seat 2: chiedis showed [8h 8c] and won ($0.28) with two pair, Jacks and Eights
Seat 3: RodrigoFroilan folded before Flop (didn't bet)
Seat 4: Dorex2007 (button) folded before Flop (didn't bet)
Seat 5: paul1900 (small blind) folded before Flop
Seat 6: tiho101 (big blind) showed [8d Kd] and lost with a pair of Jacks
Seat 8: Protean1000 folded before Flop (didn't bet)
Seat 9: superjod218 folded before Flop (didn't bet)



PokerStars Hand #233015622086:  Hold'em No Limit ($0.01/$0.02 USD) - 2022/01/10 13:46:13 PT [2022/01/10 16:46:13 ET]
Table 'Mercury VI' 9-max Seat #5 is the button
Seat 1: SharkArtur1 ($2.77 in chips) 
Seat 2: chiedis ($2.22 in chips) 
Seat 3: RodrigoFroilan ($1.14 in chips) 
Seat 4: Dorex2007 ($2.07 in chips) 
Seat 5: paul1900 ($1.98 in chips) 
Seat 6: tiho101 ($0.82 in chips) 
Seat 8: Protean1000 ($1.65 in chips) 
Seat 9: superjod218 ($2 in chips) 
tiho101: posts small blind $0.01
Protean1000: posts big blind $0.02
*** HOLE CARDS ***
Dealt to Dorex2007 [9s 9c]
superjod218: raises $0.04 to $0.06
SharkArtur1: folds 
chiedis: folds 
RodrigoFroilan: folds 
Dorex2007: folds 
paul1900: folds 
tiho101: folds 
Protean1000: raises $0.13 to $0.19
superjod218: calls $0.13
*** FLOP *** [6s Ad Qs]
Protean1000: bets $0.19
superjod218: calls $0.19
*** TURN *** [6s Ad Qs] [Kh]
Protean1000: bets $0.74
superjod218: raises $0.88 to $1.62 and is all-in
Protean1000: calls $0.53 and is all-in
Uncalled bet ($0.35) returned to superjod218
*** RIVER *** [6s Ad Qs Kh] [4d]
*** SHOW DOWN ***
Protean1000: shows [Ac Qd] (two pair, Aces and Queens)
superjod218: shows [Kd As] (two pair, Aces and Kings)
superjod218 collected $3.19 from pot
*** SUMMARY ***
Total pot $3.31 | Rake $0.12 
Board [6s Ad Qs Kh 4d]
Seat 1: SharkArtur1 folded before Flop (didn't bet)
Seat 2: chiedis folded before Flop (didn't bet)
Seat 3: RodrigoFroilan folded before Flop (didn't bet)
Seat 4: Dorex2007 folded before Flop (didn't bet)
Seat 5: paul1900 (button) folded before Flop (didn't bet)
Seat 6: tiho101 (small blind) folded before Flop
Seat 8: Protean1000 (big blind) showed [Ac Qd] and lost with two pair, Aces and Queens
Seat 9: superjod218 showed [Kd As] and won ($3.19) with two pair, Aces and Kings



PokerStars Hand #233015662522:  Hold'em No Limit ($0.01/$0.02 USD) - 2022/01/10 13:47:05 PT [2022/01/10 16:47:05 ET]
Table 'Mercury VI' 9-max Seat #6 is the button
Seat 1: SharkArtur1 ($2.77 in chips) 
Seat 2: chiedis ($2.22 in chips) 
Seat 3: RodrigoFroilan ($1.14 in chips) 
Seat 4: Dorex2007 ($2.07 in chips) 
Seat 5: paul1900 ($1.98 in chips) 
Seat 6: tiho101 ($0.81 in chips) 
Seat 8: Protean1000 ($0.80 in chips) 
Seat 9: superjod218 ($3.54 in chips) 
Protean1000: posts small blind $0.01
superjod218: posts big blind $0.02
*** HOLE CARDS ***
Dealt to Dorex2007 [2h 9h]
Protean1000 said, "well done ffs"
SharkArtur1: folds 
chiedis: folds 
RodrigoFroilan: raises $0.04 to $0.06
Dorex2007: folds 
paul1900: folds 
tiho101: folds 
Protean1000: folds 
superjod218: folds 
Uncalled bet ($0.04) returned to RodrigoFroilan
RodrigoFroilan collected $0.05 from pot
RodrigoFroilan: doesn't show hand 
*** SUMMARY ***
Total pot $0.05 | Rake $0 
Seat 1: SharkArtur1 folded before Flop (didn't bet)
Seat 2: chiedis folded before Flop (didn't bet)
Seat 3: RodrigoFroilan collected ($0.05)
Seat 4: Dorex2007 folded before Flop (didn't bet)
Seat 5: paul1900 folded before Flop (didn't bet)
Seat 6: tiho101 (button) folded before Flop (didn't bet)
Seat 8: Protean1000 (small blind) folded before Flop
Seat 9: superjod218 (big blind) folded before Flop



PokerStars Hand #233015679129:  Hold'em No Limit ($0.01/$0.02 USD) - 2022/01/10 13:47:31 PT [2022/01/10 16:47:31 ET]
Table 'Mercury VI' 9-max Seat #8 is the button
Seat 1: SharkArtur1 ($2.77 in chips) 
Seat 2: chiedis ($2.22 in chips) 
Seat 3: RodrigoFroilan ($1.17 in chips) 
Seat 4: Dorex2007 ($2.07 in chips) 
Seat 5: paul1900 ($1.98 in chips) 
Seat 6: tiho101 ($0.81 in chips) 
Seat 7: IvkaMike ($1.82 in chips) 
Seat 8: Protean1000 ($0.80 in chips) 
Seat 9: superjod218 ($3.52 in chips) 
superjod218: posts small blind $0.01
SharkArtur1: posts big blind $0.02
IvkaMike: posts small & big blinds $0.03
*** HOLE CARDS ***
Dealt to Dorex2007 [6s 9s]
chiedis: raises $0.02 to $0.04
RodrigoFroilan: folds 
Dorex2007: folds 
paul1900: folds 
tiho101: calls $0.04
IvkaMike: folds 
Protean1000: folds 
superjod218: folds 
SharkArtur1: calls $0.02
*** FLOP *** [9h 3d Ks]
SharkArtur1: checks 
chiedis: checks 
tiho101: checks 
*** TURN *** [9h 3d Ks] [Th]
SharkArtur1: bets $0.04
chiedis: folds 
tiho101: calls $0.04
*** RIVER *** [9h 3d Ks Th] [Ah]
SharkArtur1: bets $0.04
tiho101: raises $0.04 to $0.08
SharkArtur1: folds 
Uncalled bet ($0.04) returned to tiho101
tiho101 collected $0.31 from pot
tiho101: doesn't show hand 
*** SUMMARY ***
Total pot $0.32 | Rake $0.01 
Board [9h 3d Ks Th Ah]
Seat 1: SharkArtur1 (big blind) folded on the River
Seat 2: chiedis folded on the Turn
Seat 3: RodrigoFroilan folded before Flop (didn't bet)
Seat 4: Dorex2007 folded before Flop (didn't bet)
Seat 5: paul1900 folded before Flop (didn't bet)
Seat 6: tiho101 collected ($0.31)
Seat 7: IvkaMike folded before Flop (didn't bet)
Seat 8: Protean1000 (button) folded before Flop (didn't bet)
Seat 9: superjod218 (small blind) folded before Flop



PokerStars Hand #233015720095:  Hold'em No Limit ($0.01/$0.02 USD) - 2022/01/10 13:48:34 PT [2022/01/10 16:48:34 ET]
Table 'Mercury VI' 9-max Seat #9 is the button
Seat 1: SharkArtur1 ($2.65 in chips) 
Seat 2: chiedis ($2.18 in chips) 
Seat 3: RodrigoFroilan ($1.17 in chips) 
Seat 4: Dorex2007 ($2.07 in chips) 
Seat 5: paul1900 ($1.98 in chips) 
Seat 6: tiho101 ($1 in chips) 
Seat 7: IvkaMike ($1.79 in chips) 
Seat 8: Protean1000 ($0.80 in chips) 
Seat 9: superjod218 ($3.51 in chips) 
SharkArtur1: posts small blind $0.01
chiedis: posts big blind $0.02
*** HOLE CARDS ***
Dealt to Dorex2007 [4h Jc]
RodrigoFroilan: folds 
Dorex2007: folds 
paul1900: raises $0.02 to $0.04
tiho101: folds 
IvkaMike: calls $0.04
Protean1000: folds 
superjod218: folds 
SharkArtur1: folds 
chiedis: calls $0.02
*** FLOP *** [9c 7c Qh]
chiedis: checks 
paul1900: checks 
IvkaMike: checks 
*** TURN *** [9c 7c Qh] [Kh]
chiedis: checks 
paul1900: bets $0.04
IvkaMike: raises $0.04 to $0.08
chiedis: folds 
paul1900: calls $0.04
*** RIVER *** [9c 7c Qh Kh] [5c]
paul1900: checks 
IvkaMike: bets $0.14
paul1900: calls $0.14
*** SHOW DOWN ***
IvkaMike: shows [Ah Kd] (a pair of Kings)
paul1900: mucks hand 
IvkaMike collected $0.55 from pot
*** SUMMARY ***
Total pot $0.57 | Rake $0.02 
Board [9c 7c Qh Kh 5c]
Seat 1: SharkArtur1 (small blind) folded before Flop
Seat 2: chiedis (big blind) folded on the Turn
Seat 3: RodrigoFroilan folded before Flop (didn't bet)
Seat 4: Dorex2007 folded before Flop (didn't bet)
Seat 5: paul1900 mucked [Ks Jh]
Seat 6: tiho101 folded before Flop (didn't bet)
Seat 7: IvkaMike showed [Ah Kd] and won ($0.55) with a pair of Kings
Seat 8: Protean1000 folded before Flop (didn't bet)
Seat 9: superjod218 (button) folded before Flop (didn't bet)



PokerStars Hand #233015749985:  Hold'em No Limit ($0.01/$0.02 USD) - 2022/01/10 13:49:21 PT [2022/01/10 16:49:21 ET]
Table 'Mercury VI' 9-max Seat #1 is the button
Seat 1: SharkArtur1 ($2.64 in chips) 
Seat 2: chiedis ($2.14 in chips) 
Seat 3: RodrigoFroilan ($1.17 in chips) 
Seat 4: Dorex2007 ($2.07 in chips) 
Seat 5: paul1900 ($1.72 in chips) 
Seat 6: tiho101 ($1 in chips) 
Seat 7: IvkaMike ($2.08 in chips) 
Seat 8: Protean1000 ($0.80 in chips) 
Seat 9: superjod218 ($3.51 in chips) 
chiedis: posts small blind $0.01
RodrigoFroilan: posts big blind $0.02
*** HOLE CARDS ***
Dealt to Dorex2007 [6c Ks]
Dorex2007: folds 
paul1900: folds 
tiho101: folds 
IvkaMike: folds 
IvkaMike leaves the table
Protean1000: folds 
superjod218: folds 
SharkArtur1: raises $0.04 to $0.06
chiedis: calls $0.05
RodrigoFroilan: folds 
*** FLOP *** [2h 9c Ad]
chiedis: checks 
SharkArtur1: bets $0.07
chiedis is disconnected 
ConquestadorG joins the table at seat #7 
chiedis has timed out while disconnected
chiedis: folds 
Uncalled bet ($0.07) returned to SharkArtur1
SharkArtur1 collected $0.14 from pot
*** SUMMARY ***
Total pot $0.14 | Rake $0 
Board [2h 9c Ad]
Seat 1: SharkArtur1 (button) collected ($0.14)
Seat 2: chiedis (small blind) folded on the Flop
Seat 3: RodrigoFroilan (big blind) folded before Flop
Seat 4: Dorex2007 folded before Flop (didn't bet)
Seat 5: paul1900 folded before Flop (didn't bet)
Seat 6: tiho101 folded before Flop (didn't bet)
Seat 7: IvkaMike folded before Flop (didn't bet)
Seat 8: Protean1000 folded before Flop (didn't bet)
Seat 9: superjod218 folded before Flop (didn't bet)



PokerStars Hand #233015809437:  Hold'em No Limit ($0.01/$0.02 USD) - 2022/01/10 13:50:54 PT [2022/01/10 16:50:54 ET]
Table 'Mercury VI' 9-max Seat #3 is the button
Seat 1: SharkArtur1 ($2.72 in chips) 
Seat 3: RodrigoFroilan ($1.15 in chips) 
Seat 4: Dorex2007 ($2.07 in chips) 
Seat 5: paul1900 ($1.72 in chips) 
Seat 6: tiho101 ($1 in chips) 
Seat 8: Protean1000 ($0.80 in chips) 
Seat 9: superjod218 ($3.51 in chips) 
Dorex2007: posts small blind $0.01
paul1900: posts big blind $0.02
ConquestadorG: sits out 
*** HOLE CARDS ***
Dealt to Dorex2007 [9d 3c]
tiho101: folds 
Protean1000: folds 
superjod218: folds 
SharkArtur1: calls $0.02
RodrigoFroilan: folds 
Dorex2007: folds 
paul1900: checks 
*** FLOP *** [Qh 6s Jd]
paul1900: checks 
SharkArtur1: bets $0.02
paul1900: folds 
Uncalled bet ($0.02) returned to SharkArtur1
SharkArtur1 collected $0.05 from pot
*** SUMMARY ***
Total pot $0.05 | Rake $0 
Board [Qh 6s Jd]
Seat 1: SharkArtur1 collected ($0.05)
Seat 3: RodrigoFroilan (button) folded before Flop (didn't bet)
Seat 4: Dorex2007 (small blind) folded before Flop
Seat 5: paul1900 (big blind) folded on the Flop
Seat 6: tiho101 folded before Flop (didn't bet)
Seat 8: Protean1000 folded before Flop (didn't bet)
Seat 9: superjod218 folded before Flop (didn't bet)



PokerStars Hand #233015828516:  Hold'em No Limit ($0.01/$0.02 USD) - 2022/01/10 13:51:24 PT [2022/01/10 16:51:24 ET]
Table 'Mercury VI' 9-max Seat #4 is the button
Seat 1: SharkArtur1 ($2.75 in chips) 
Seat 2: chiedis ($2.08 in chips) 
Seat 3: RodrigoFroilan ($1.15 in chips) 
Seat 4: Dorex2007 ($2.06 in chips) 
Seat 5: paul1900 ($1.70 in chips) 
Seat 7: ConquestadorG ($2 in chips) 
Seat 8: Protean1000 ($0.80 in chips) 
Seat 9: superjod218 ($3.51 in chips) 
paul1900: posts small blind $0.01
tiho101: is sitting out 
tiho101 leaves the table
ConquestadorG: posts big blind $0.02
*** HOLE CARDS ***
Dealt to Dorex2007 [6s 5s]
Protean1000: folds 
superjod218: folds 
SharkArtur1: calls $0.02
chiedis: folds 
RodrigoFroilan: raises $0.02 to $0.04
Dorex2007: folds 
paul1900: folds 
ConquestadorG: folds 
SharkArtur1: calls $0.02
*** FLOP *** [2d 9d Jd]
dkhn.again1337 joins the table at seat #6 
SharkArtur1: checks 
RodrigoFroilan: bets $0.04
SharkArtur1: calls $0.04
*** TURN *** [2d 9d Jd] [8c]
SharkArtur1: checks 
RodrigoFroilan: bets $0.09
SharkArtur1: calls $0.09
*** RIVER *** [2d 9d Jd 8c] [4h]
SharkArtur1: checks 
RodrigoFroilan: bets $0.18
SharkArtur1: folds 
Uncalled bet ($0.18) returned to RodrigoFroilan
RodrigoFroilan collected $0.36 from pot
RodrigoFroilan: doesn't show hand 
*** SUMMARY ***
Total pot $0.37 | Rake $0.01 
Board [2d 9d Jd 8c 4h]
Seat 1: SharkArtur1 folded on the River
Seat 2: chiedis folded before Flop (didn't bet)
Seat 3: RodrigoFroilan collected ($0.36)
Seat 4: Dorex2007 (button) folded before Flop (didn't bet)
Seat 5: paul1900 (small blind) folded before Flop
Seat 7: ConquestadorG (big blind) folded before Flop
Seat 8: Protean1000 folded before Flop (didn't bet)
Seat 9: superjod218 folded before Flop (didn't bet)



PokerStars Hand #233015859236:  Hold'em No Limit ($0.01/$0.02 USD) - 2022/01/10 13:52:13 PT [2022/01/10 16:52:13 ET]
Table 'Mercury VI' 9-max Seat #5 is the button
Seat 1: SharkArtur1 ($2.58 in chips) 
Seat 2: chiedis ($2.08 in chips) 
Seat 3: RodrigoFroilan ($1.34 in chips) 
Seat 4: Dorex2007 ($2.06 in chips) 
Seat 5: paul1900 ($1.69 in chips) 
Seat 7: ConquestadorG ($2 in chips) 
Seat 8: Protean1000 ($0.80 in chips) 
Seat 9: superjod218 ($3.51 in chips) 
ConquestadorG: posts small blind $0.01
Protean1000: posts big blind $0.02
*** HOLE CARDS ***
Dealt to Dorex2007 [Js 7s]
superjod218: folds 
SharkArtur1: folds 
chiedis: folds 
RodrigoFroilan: folds 
Dorex2007: folds 
paul1900: raises $0.02 to $0.04
ConquestadorG: calls $0.03
Protean1000: calls $0.02
*** FLOP *** [Td 3s 8s]
ConquestadorG: bets $0.07
Protean1000: folds 
paul1900: folds 
Uncalled bet ($0.07) returned to ConquestadorG
ConquestadorG collected $0.12 from pot
ConquestadorG: doesn't show hand 
*** SUMMARY ***
Total pot $0.12 | Rake $0 
Board [Td 3s 8s]
Seat 1: SharkArtur1 folded before Flop (didn't bet)
Seat 2: chiedis folded before Flop (didn't bet)
Seat 3: RodrigoFroilan folded before Flop (didn't bet)
Seat 4: Dorex2007 folded before Flop (didn't bet)
Seat 5: paul1900 (button) folded on the Flop
Seat 7: ConquestadorG (small blind) collected ($0.12)
Seat 8: Protean1000 (big blind) folded on the Flop
Seat 9: superjod218 folded before Flop (didn't bet)



PokerStars Hand #233015876184:  Hold'em No Limit ($0.01/$0.02 USD) - 2022/01/10 13:52:39 PT [2022/01/10 16:52:39 ET]
Table 'Mercury VI' 9-max Seat #7 is the button
Seat 1: SharkArtur1 ($2.58 in chips) 
Seat 2: chiedis ($2.08 in chips) 
Seat 3: RodrigoFroilan ($1.34 in chips) 
Seat 4: Dorex2007 ($2.06 in chips) 
Seat 5: paul1900 ($1.65 in chips) 
Seat 7: ConquestadorG ($2.08 in chips) 
Seat 8: Protean1000 ($0.80 in chips) 
Seat 9: superjod218 ($3.51 in chips) 
Protean1000: posts small blind $0.01
superjod218: posts big blind $0.02
dkhn.again1337: sits out 
*** HOLE CARDS ***
Dealt to Dorex2007 [5h 7s]
SharkArtur1: folds 
chiedis: folds 
RodrigoFroilan: folds 
Dorex2007: folds 
paul1900: folds 
ConquestadorG: folds 
Protean1000: raises $0.06 to $0.08
superjod218: folds 
Uncalled bet ($0.06) returned to Protean1000
Protean1000 collected $0.04 from pot
*** SUMMARY ***
Total pot $0.04 | Rake $0 
Seat 1: SharkArtur1 folded before Flop (didn't bet)
Seat 2: chiedis folded before Flop (didn't bet)
Seat 3: RodrigoFroilan folded before Flop (didn't bet)
Seat 4: Dorex2007 folded before Flop (didn't bet)
Seat 5: paul1900 folded before Flop (didn't bet)
Seat 7: ConquestadorG (button) folded before Flop (didn't bet)
Seat 8: Protean1000 (small blind) collected ($0.04)
Seat 9: superjod218 (big blind) folded before Flop



PokerStars Hand #233015890269:  Hold'em No Limit ($0.01/$0.02 USD) - 2022/01/10 13:53:02 PT [2022/01/10 16:53:02 ET]
Table 'Mercury VI' 9-max Seat #8 is the button
Seat 1: SharkArtur1 ($2.58 in chips) 
Seat 2: chiedis ($2.08 in chips) 
Seat 3: RodrigoFroilan ($1.34 in chips) 
Seat 4: Dorex2007 ($2.06 in chips) 
Seat 5: paul1900 ($1.65 in chips) 
Seat 7: ConquestadorG ($2.08 in chips) 
Seat 8: Protean1000 ($0.82 in chips) 
Seat 9: superjod218 ($3.49 in chips) 
superjod218: posts small blind $0.01
SharkArtur1: posts big blind $0.02
dkhn.again1337: sits out 
*** HOLE CARDS ***
Dealt to Dorex2007 [6h 2d]
chiedis: folds 
RodrigoFroilan: folds 
Dorex2007: folds 
paul1900: folds 
ConquestadorG: folds 
Protean1000: raises $0.05 to $0.07
superjod218: folds 
SharkArtur1: folds 
Uncalled bet ($0.05) returned to Protean1000
Protean1000 collected $0.05 from pot
*** SUMMARY ***
Total pot $0.05 | Rake $0 
Seat 1: SharkArtur1 (big blind) folded before Flop
Seat 2: chiedis folded before Flop (didn't bet)
Seat 3: RodrigoFroilan folded before Flop (didn't bet)
Seat 4: Dorex2007 folded before Flop (didn't bet)
Seat 5: paul1900 folded before Flop (didn't bet)
Seat 7: ConquestadorG folded before Flop (didn't bet)
Seat 8: Protean1000 (button) collected ($0.05)
Seat 9: superjod218 (small blind) folded before Flop



PokerStars Hand #233015902502:  Hold'em No Limit ($0.01/$0.02 USD) - 2022/01/10 13:53:21 PT [2022/01/10 16:53:21 ET]
Table 'Mercury VI' 9-max Seat #9 is the button
Seat 1: SharkArtur1 ($2.56 in chips) 
Seat 2: chiedis ($2.08 in chips) 
Seat 3: RodrigoFroilan ($1.34 in chips) 
Seat 4: Dorex2007 ($2.06 in chips) 
Seat 5: paul1900 ($1.65 in chips) 
Seat 7: ConquestadorG ($2.08 in chips) 
Seat 8: Protean1000 ($0.85 in chips) 
Seat 9: superjod218 ($3.48 in chips) 
SharkArtur1: posts small blind $0.01
chiedis: posts big blind $0.02
dkhn.again1337: sits out 
*** HOLE CARDS ***
Dealt to Dorex2007 [3d Ks]
chiedis is disconnected 
RodrigoFroilan: folds 
Dorex2007: folds 
paul1900: calls $0.02
ConquestadorG: folds 
Protean1000: calls $0.02
superjod218: raises $0.08 to $0.10
SharkArtur1: folds 
chiedis is connected 
chiedis: folds 
paul1900: folds 
Protean1000: calls $0.08
*** FLOP *** [8d Jc 3c]
Protean1000: checks 
superjod218: checks 
*** TURN *** [8d Jc 3c] [Ac]
chiedis leaves the table
Protean1000: checks 
superjod218: bets $0.17
Protean1000: folds 
Uncalled bet ($0.17) returned to superjod218
superjod218 collected $0.24 from pot
superjod218: doesn't show hand 
*** SUMMARY ***
Total pot $0.25 | Rake $0.01 
Board [8d Jc 3c Ac]
Seat 1: SharkArtur1 (small blind) folded before Flop
Seat 2: chiedis (big blind) folded before Flop
Seat 3: RodrigoFroilan folded before Flop (didn't bet)
Seat 4: Dorex2007 folded before Flop (didn't bet)
Seat 5: paul1900 folded before Flop
Seat 7: ConquestadorG folded before Flop (didn't bet)
Seat 8: Protean1000 folded on the Turn
Seat 9: superjod218 (button) collected ($0.24)



PokerStars Hand #233015923866:  Hold'em No Limit ($0.01/$0.02 USD) - 2022/01/10 13:53:55 PT [2022/01/10 16:53:55 ET]
Table 'Mercury VI' 9-max Seat #1 is the button
Seat 1: SharkArtur1 ($2.55 in chips) 
Seat 3: RodrigoFroilan ($1.34 in chips) 
Seat 4: Dorex2007 ($2.06 in chips) 
Seat 5: paul1900 ($1.63 in chips) 
Seat 7: ConquestadorG ($2.08 in chips) 
Seat 8: Protean1000 ($0.80 in chips) 
Seat 9: superjod218 ($3.62 in chips) 
RodrigoFroilan: posts small blind $0.01
Dorex2007: posts big blind $0.02
dkhn.again1337: sits out 
*** HOLE CARDS ***
Dealt to Dorex2007 [9c 4h]
paul1900: folds 
ConquestadorG: raises $0.04 to $0.06
Protean1000: folds 
superjod218: folds 
SharkArtur1: folds 
RodrigoFroilan: folds 
Dorex2007: folds 
Uncalled bet ($0.04) returned to ConquestadorG
ConquestadorG collected $0.05 from pot
ConquestadorG: doesn't show hand 
*** SUMMARY ***
Total pot $0.05 | Rake $0 
Seat 1: SharkArtur1 (button) folded before Flop (didn't bet)
Seat 3: RodrigoFroilan (small blind) folded before Flop
Seat 4: Dorex2007 (big blind) folded before Flop
Seat 5: paul1900 folded before Flop (didn't bet)
Seat 7: ConquestadorG collected ($0.05)
Seat 8: Protean1000 folded before Flop (didn't bet)
Seat 9: superjod218 folded before Flop (didn't bet)



PokerStars Hand #233015932415:  Hold'em No Limit ($0.01/$0.02 USD) - 2022/01/10 13:54:08 PT [2022/01/10 16:54:08 ET]
Table 'Mercury VI' 9-max Seat #3 is the button
Seat 1: SharkArtur1 ($2.55 in chips) 
Seat 3: RodrigoFroilan ($1.33 in chips) 
Seat 4: Dorex2007 ($2.04 in chips) 
Seat 5: paul1900 ($1.63 in chips) 
Seat 7: ConquestadorG ($2.11 in chips) 
Seat 8: Protean1000 ($0.80 in chips) 
Seat 9: superjod218 ($3.62 in chips) 
Dorex2007: posts small blind $0.01
paul1900: posts big blind $0.02
dkhn.again1337: sits out 
*** HOLE CARDS ***
Dealt to Dorex2007 [Qd Td]
ps_10-by joins the table at seat #2 
ConquestadorG: folds 
Protean1000: folds 
superjod218: folds 
SharkArtur1: folds 
RodrigoFroilan: folds 
Dorex2007: raises $0.02 to $0.04
paul1900: raises $0.04 to $0.08
Dorex2007: calls $0.04
*** FLOP *** [4c 7s 8c]
Dorex2007: bets $0.10
paul1900: calls $0.10
*** TURN *** [4c 7s 8c] [Js]
Dorex2007: checks 
paul1900: bets $0.14
Dorex2007: folds 
Uncalled bet ($0.14) returned to paul1900
paul1900 collected $0.35 from pot
paul1900: doesn't show hand 
*** SUMMARY ***
Total pot $0.36 | Rake $0.01 
Board [4c 7s 8c Js]
Seat 1: SharkArtur1 folded before Flop (didn't bet)
Seat 3: RodrigoFroilan (button) folded before Flop (didn't bet)
Seat 4: Dorex2007 (small blind) folded on the Turn
Seat 5: paul1900 (big blind) collected ($0.35)
Seat 7: ConquestadorG folded before Flop (didn't bet)
Seat 8: Protean1000 folded before Flop (didn't bet)
Seat 9: superjod218 folded before Flop (didn't bet)



PokerStars Hand #233015958319:  Hold'em No Limit ($0.01/$0.02 USD) - 2022/01/10 13:54:50 PT [2022/01/10 16:54:50 ET]
Table 'Mercury VI' 9-max Seat #4 is the button
Seat 1: SharkArtur1 ($2.55 in chips) 
Seat 3: RodrigoFroilan ($1.33 in chips) 
Seat 4: Dorex2007 ($2 in chips) 
Seat 5: paul1900 ($1.80 in chips) 
Seat 6: dkhn.again1337 ($0.80 in chips) 
Seat 7: ConquestadorG ($2.11 in chips) 
Seat 8: Protean1000 ($0.80 in chips) 
Seat 9: superjod218 ($3.62 in chips) 
paul1900: posts small blind $0.01
dkhn.again1337: posts big blind $0.02
ps_10-by is disconnected 
ps_10-by has timed out while disconnected
ps_10-by: is sitting out 
*** HOLE CARDS ***
Dealt to Dorex2007 [5d Td]
ConquestadorG: folds 
Protean1000: folds 
superjod218: folds 
SharkArtur1: calls $0.02
RodrigoFroilan: folds 
Dorex2007: folds 
paul1900: folds 
dkhn.again1337: checks 
*** FLOP *** [Qs Kd 4h]
dkhn.again1337: checks 
SharkArtur1: bets $0.02
dkhn.again1337: folds 
Uncalled bet ($0.02) returned to SharkArtur1
SharkArtur1 collected $0.05 from pot
*** SUMMARY ***
Total pot $0.05 | Rake $0 
Board [Qs Kd 4h]
Seat 1: SharkArtur1 collected ($0.05)
Seat 3: RodrigoFroilan folded before Flop (didn't bet)
Seat 4: Dorex2007 (button) folded before Flop (didn't bet)
Seat 5: paul1900 (small blind) folded before Flop
Seat 6: dkhn.again1337 (big blind) folded on the Flop
Seat 7: ConquestadorG folded before Flop (didn't bet)
Seat 8: Protean1000 folded before Flop (didn't bet)
Seat 9: superjod218 folded before Flop (didn't bet)



PokerStars Hand #233015980008:  Hold'em No Limit ($0.01/$0.02 USD) - 2022/01/10 13:55:30 PT [2022/01/10 16:55:30 ET]
Table 'Mercury VI' 9-max Seat #5 is the button
Seat 1: SharkArtur1 ($2.58 in chips) 
Seat 3: RodrigoFroilan ($1.33 in chips) 
Seat 4: Dorex2007 ($2 in chips) 
Seat 5: paul1900 ($1.79 in chips) 
Seat 6: dkhn.again1337 ($0.78 in chips) 
Seat 7: ConquestadorG ($2.11 in chips) 
Seat 8: Protean1000 ($0.80 in chips) 
Seat 9: superjod218 ($3.62 in chips) 
dkhn.again1337: posts small blind $0.01
ConquestadorG: posts big blind $0.02
*** HOLE CARDS ***
Dealt to Dorex2007 [6d 8c]
Protean1000: folds 
superjod218: folds 
SharkArtur1: calls $0.02
RodrigoFroilan: folds 
Dorex2007: folds 
paul1900: folds 
dkhn.again1337: folds 
ConquestadorG: checks 
*** FLOP *** [Ah 5h 2s]
ConquestadorG: bets $0.02
SharkArtur1: raises $0.02 to $0.04
ConquestadorG: calls $0.02
*** TURN *** [Ah 5h 2s] [6c]
ConquestadorG: checks 
SharkArtur1: bets $0.08
ConquestadorG: folds 
Uncalled bet ($0.08) returned to SharkArtur1
SharkArtur1 collected $0.13 from pot
*** SUMMARY ***
Total pot $0.13 | Rake $0 
Board [Ah 5h 2s 6c]
Seat 1: SharkArtur1 collected ($0.13)
Seat 3: RodrigoFroilan folded before Flop (didn't bet)
Seat 4: Dorex2007 folded before Flop (didn't bet)
Seat 5: paul1900 (button) folded before Flop (didn't bet)
Seat 6: dkhn.again1337 (small blind) folded before Flop
Seat 7: ConquestadorG (big blind) folded on the Turn
Seat 8: Protean1000 folded before Flop (didn't bet)
Seat 9: superjod218 folded before Flop (didn't bet)



PokerStars Hand #233016000624:  Hold'em No Limit ($0.01/$0.02 USD) - 2022/01/10 13:56:15 PT [2022/01/10 16:56:15 ET]
Table 'Mercury VI' 9-max Seat #6 is the button
Seat 1: SharkArtur1 ($2.65 in chips) 
Seat 3: RodrigoFroilan ($1.33 in chips) 
Seat 4: Dorex2007 ($2 in chips) 
Seat 5: paul1900 ($1.79 in chips) 
Seat 6: dkhn.again1337 ($0.77 in chips) 
Seat 7: ConquestadorG ($2.05 in chips) 
Seat 9: superjod218 ($3.62 in chips) 
ConquestadorG: posts small blind $0.01
Protean1000: is sitting out 
superjod218: posts big blind $0.02
*** HOLE CARDS ***
Dealt to Dorex2007 [Jd Kh]
SharkArtur1: folds 
RodrigoFroilan: folds 
Dorex2007: raises $0.02 to $0.04
paul1900: calls $0.04
dkhn.again1337: folds 
ConquestadorG: folds 
superjod218: folds 
*** FLOP *** [3h Kd 5h]
Dorex2007: bets $0.11
paul1900: folds 
Uncalled bet ($0.11) returned to Dorex2007
Dorex2007 collected $0.11 from pot
Dorex2007: doesn't show hand 
*** SUMMARY ***
Total pot $0.11 | Rake $0 
Board [3h Kd 5h]
Seat 1: SharkArtur1 folded before Flop (didn't bet)
Seat 3: RodrigoFroilan folded before Flop (didn't bet)
Seat 4: Dorex2007 collected ($0.11)
Seat 5: paul1900 folded on the Flop
Seat 6: dkhn.again1337 (button) folded before Flop (didn't bet)
Seat 7: ConquestadorG (small blind) folded before Flop
Seat 9: superjod218 (big blind) folded before Flop



PokerStars Hand #233016013131:  Hold'em No Limit ($0.01/$0.02 USD) - 2022/01/10 13:56:43 PT [2022/01/10 16:56:43 ET]
Table 'Mercury VI' 9-max Seat #7 is the button
Seat 1: SharkArtur1 ($2.65 in chips) 
Seat 3: RodrigoFroilan ($1.33 in chips) 
Seat 4: Dorex2007 ($2.07 in chips) 
Seat 5: paul1900 ($1.75 in chips) 
Seat 6: dkhn.again1337 ($0.77 in chips) 
Seat 7: ConquestadorG ($2.04 in chips) 
Seat 9: superjod218 ($3.60 in chips) 
superjod218: posts small blind $0.01
SharkArtur1: posts big blind $0.02
*** HOLE CARDS ***
Dealt to Dorex2007 [Ks Ts]
RodrigoFroilan: folds 
Dorex2007: folds 
paul1900: folds 
dkhn.again1337: folds 
ConquestadorG: folds 
superjod218: raises $0.04 to $0.06
SharkArtur1: folds 
Uncalled bet ($0.04) returned to superjod218
superjod218 collected $0.04 from pot
superjod218: doesn't show hand 
*** SUMMARY ***
Total pot $0.04 | Rake $0 
Seat 1: SharkArtur1 (big blind) folded before Flop
Seat 3: RodrigoFroilan folded before Flop (didn't bet)
Seat 4: Dorex2007 folded before Flop (didn't bet)
Seat 5: paul1900 folded before Flop (didn't bet)
Seat 6: dkhn.again1337 folded before Flop (didn't bet)
Seat 7: ConquestadorG (button) folded before Flop (didn't bet)
Seat 9: superjod218 (small blind) collected ($0.04)



PokerStars Hand #233016019200:  Hold'em No Limit ($0.01/$0.02 USD) - 2022/01/10 13:56:57 PT [2022/01/10 16:56:57 ET]
Table 'Mercury VI' 9-max Seat #9 is the button
Seat 1: SharkArtur1 ($2.63 in chips) 
Seat 3: RodrigoFroilan ($1.33 in chips) 
Seat 4: Dorex2007 ($2.07 in chips) 
Seat 5: paul1900 ($1.75 in chips) 
Seat 6: dkhn.again1337 ($0.77 in chips) 
Seat 7: ConquestadorG ($2.04 in chips) 
Seat 9: superjod218 ($3.62 in chips) 
SharkArtur1: posts small blind $0.01
RodrigoFroilan: posts big blind $0.02
*** HOLE CARDS ***
Dealt to Dorex2007 [Ts 7d]
Dorex2007: folds 
paul1900: raises $0.04 to $0.06
dkhn.again1337: folds 
ConquestadorG: calls $0.06
superjod218: folds 
SharkArtur1: calls $0.05
RodrigoFroilan: calls $0.04
*** FLOP *** [6c 4h 7s]
SharkArtur1: checks 
RodrigoFroilan: bets $0.12
paul1900: calls $0.12
ConquestadorG: calls $0.12
SharkArtur1: calls $0.12
*** TURN *** [6c 4h 7s] [4d]
SharkArtur1: checks 
RodrigoFroilan: bets $1.15 and is all-in
paul1900: calls $1.15
ConquestadorG: folds 
SharkArtur1: folds 
*** RIVER *** [6c 4h 7s 4d] [3s]
*** SHOW DOWN ***
RodrigoFroilan: shows [6h 7h] (two pair, Sevens and Sixes)
paul1900: shows [9c 9s] (two pair, Nines and Fours)
paul1900 cashed out the hand for $2.61 | Cash Out Fee $0.03
*** SUMMARY ***
Total pot $3.02 | Rake $0.11 
Board [6c 4h 7s 4d 3s]
Seat 1: SharkArtur1 (small blind) folded on the Turn
Seat 3: RodrigoFroilan (big blind) showed [6h 7h] and lost with two pair, Sevens and Sixes
Seat 4: Dorex2007 folded before Flop (didn't bet)
Seat 5: paul1900 showed [9c 9s] and won ($2.91) with two pair, Nines and Fours (pot not awarded as player cashed out)
Seat 6: dkhn.again1337 folded before Flop (didn't bet)
Seat 7: ConquestadorG folded on the Turn
Seat 9: superjod218 (button) folded before Flop (didn't bet)



PokerStars Hand #233016054135:  Hold'em No Limit ($0.01/$0.02 USD) - 2022/01/10 13:58:15 PT [2022/01/10 16:58:15 ET]
Table 'Mercury VI' 9-max Seat #1 is the button
Seat 1: SharkArtur1 ($2.45 in chips) 
Seat 4: Dorex2007 ($2.07 in chips) 
Seat 5: paul1900 ($3.03 in chips) 
Seat 6: dkhn.again1337 ($0.77 in chips) 
Seat 7: ConquestadorG ($2 in chips) 
Seat 9: superjod218 ($3.62 in chips) 
Dorex2007: posts small blind $0.01
paul1900: posts big blind $0.02
*** HOLE CARDS ***
Dealt to Dorex2007 [6s Ks]
dkhn.again1337: folds 
ConquestadorG: folds 
RodrigoFroilan leaves the table
superjod218: folds 
SharkArtur1: folds 
Dorex2007: raises $0.02 to $0.04
paul1900: calls $0.02
*** FLOP *** [Qh Ad Qd]
Dorex2007: checks 
paul1900: checks 
*** TURN *** [Qh Ad Qd] [4s]
Dorex2007: checks 
paul1900: bets $0.04
Protean1000 leaves the table
Dorex2007: calls $0.04
*** RIVER *** [Qh Ad Qd 4s] [8d]
Dorex2007: bets $0.10
paul1900: calls $0.10
*** SHOW DOWN ***
Dorex2007: shows [6s Ks] (a pair of Queens)
paul1900: shows [Kh Qs] (three of a kind, Queens)
paul1900 collected $0.35 from pot
charlypicaro joins the table at seat #8 
*** SUMMARY ***
Total pot $0.36 | Rake $0.01 
Board [Qh Ad Qd 4s 8d]
Seat 1: SharkArtur1 (button) folded before Flop (didn't bet)
Seat 4: Dorex2007 (small blind) showed [6s Ks] and lost with a pair of Queens
Seat 5: paul1900 (big blind) showed [Kh Qs] and won ($0.35) with three of a kind, Queens
Seat 6: dkhn.again1337 folded before Flop (didn't bet)
Seat 7: ConquestadorG folded before Flop (didn't bet)
Seat 9: superjod218 folded before Flop (didn't bet)



PokerStars Hand #233016071705:  Hold'em No Limit ($0.01/$0.02 USD) - 2022/01/10 13:58:53 PT [2022/01/10 16:58:53 ET]
Table 'Mercury VI' 9-max Seat #4 is the button
Seat 1: SharkArtur1 ($2.45 in chips) 
Seat 4: Dorex2007 ($2 in chips) 
Seat 5: paul1900 ($3.20 in chips) 
Seat 6: dkhn.again1337 ($0.77 in chips) 
Seat 7: ConquestadorG ($2 in chips) 
Seat 9: superjod218 ($3.62 in chips) 
paul1900: posts small blind $0.01
dkhn.again1337: posts big blind $0.02
charlypicaro: sits out 
*** HOLE CARDS ***
Dealt to Dorex2007 [7c 5c]
ConquestadorG: raises $0.04 to $0.06
superjod218: folds 
SharkArtur1: folds 
Dorex2007: folds 
paul1900: folds 
dkhn.again1337: folds 
Uncalled bet ($0.04) returned to ConquestadorG
ConquestadorG collected $0.05 from pot
ConquestadorG: doesn't show hand 
*** SUMMARY ***
Total pot $0.05 | Rake $0 
Seat 1: SharkArtur1 folded before Flop (didn't bet)
Seat 4: Dorex2007 (button) folded before Flop (didn't bet)
Seat 5: paul1900 (small blind) folded before Flop
Seat 6: dkhn.again1337 (big blind) folded before Flop
Seat 7: ConquestadorG collected ($0.05)
Seat 9: superjod218 folded before Flop (didn't bet)



PokerStars Hand #233016081672:  Hold'em No Limit ($0.01/$0.02 USD) - 2022/01/10 13:59:16 PT [2022/01/10 16:59:16 ET]
Table 'Mercury VI' 9-max Seat #5 is the button
Seat 1: SharkArtur1 ($2.45 in chips) 
Seat 4: Dorex2007 ($2 in chips) 
Seat 5: paul1900 ($3.19 in chips) 
Seat 6: dkhn.again1337 ($0.75 in chips) 
Seat 7: ConquestadorG ($2.03 in chips) 
Seat 9: superjod218 ($3.62 in chips) 
dkhn.again1337: posts small blind $0.01
ConquestadorG: posts big blind $0.02
charlypicaro: sits out 
*** HOLE CARDS ***
Dealt to Dorex2007 [6d 6s]
superjod218: folds 
SharkArtur1: folds 
Dorex2007: raises $0.02 to $0.04
paul1900: folds 
dkhn.again1337: folds 
ConquestadorG: calls $0.02
*** FLOP *** [Qd Ac Js]
ConquestadorG: bets $0.02
Dorex2007: calls $0.02
*** TURN *** [Qd Ac Js] [8d]
ConquestadorG: bets $0.08
Dorex2007: folds 
Uncalled bet ($0.08) returned to ConquestadorG
ConquestadorG collected $0.13 from pot
ConquestadorG: doesn't show hand 
*** SUMMARY ***
Total pot $0.13 | Rake $0 
Board [Qd Ac Js 8d]
Seat 1: SharkArtur1 folded before Flop (didn't bet)
Seat 4: Dorex2007 folded on the Turn
Seat 5: paul1900 (button) folded before Flop (didn't bet)
Seat 6: dkhn.again1337 (small blind) folded before Flop
Seat 7: ConquestadorG (big blind) collected ($0.13)
Seat 9: superjod218 folded before Flop (didn't bet)



PokerStars Hand #233016093517:  Hold'em No Limit ($0.01/$0.02 USD) - 2022/01/10 13:59:42 PT [2022/01/10 16:59:42 ET]
Table 'Mercury VI' 9-max Seat #6 is the button
Seat 1: SharkArtur1 ($2.45 in chips) 
Seat 4: Dorex2007 ($2 in chips) 
Seat 5: paul1900 ($3.19 in chips) 
Seat 6: dkhn.again1337 ($0.74 in chips) 
Seat 7: ConquestadorG ($2.10 in chips) 
Seat 8: charlypicaro ($2 in chips) 
Seat 9: superjod218 ($3.62 in chips) 
ConquestadorG: posts small blind $0.01
charlypicaro: posts big blind $0.02
*** HOLE CARDS ***
Dealt to Dorex2007 [8c 7s]
superjod218: folds 
SharkArtur1: folds 
Dorex2007: folds 
paul1900: folds 
dkhn.again1337: folds 
ConquestadorG: folds 
Uncalled bet ($0.01) returned to charlypicaro
superjod218 leaves the table
charlypicaro collected $0.02 from pot
charlypicaro: doesn't show hand 
*** SUMMARY ***
Total pot $0.02 | Rake $0 
Seat 1: SharkArtur1 folded before Flop (didn't bet)
Seat 4: Dorex2007 folded before Flop (didn't bet)
Seat 5: paul1900 folded before Flop (didn't bet)
Seat 6: dkhn.again1337 (button) folded before Flop (didn't bet)
Seat 7: ConquestadorG (small blind) folded before Flop
Seat 8: charlypicaro (big blind) collected ($0.02)
Seat 9: superjod218 folded before Flop (didn't bet)



PokerStars Hand #233016096489:  Hold'em No Limit ($0.01/$0.02 USD) - 2022/01/10 13:59:48 PT [2022/01/10 16:59:48 ET]
Table 'Mercury VI' 9-max Seat #7 is the button
Seat 1: SharkArtur1 ($2.45 in chips) 
Seat 4: Dorex2007 ($2 in chips) 
Seat 5: paul1900 ($3.19 in chips) 
Seat 6: dkhn.again1337 ($0.74 in chips) 
Seat 7: ConquestadorG ($2.09 in chips) 
Seat 8: charlypicaro ($2.01 in chips) 
charlypicaro: posts small blind $0.01
SharkArtur1: posts big blind $0.02
*** HOLE CARDS ***
Dealt to Dorex2007 [Jd Kc]
Dorex2007: folds 
paul1900: folds 
dkhn.again1337: folds 
ConquestadorG: folds 
charlypicaro: calls $0.01
SharkArtur1: raises $0.04 to $0.06
paul1900 leaves the table
charlypicaro: calls $0.04
*** FLOP *** [4h Ac 9d]
Roberto42.br joins the table at seat #3 
charlypicaro: checks 
SharkArtur1: checks 
*** TURN *** [4h Ac 9d] [9s]
charlypicaro: checks 
SharkArtur1: checks 
*** RIVER *** [4h Ac 9d 9s] [6c]
charlypicaro: checks 
SharkArtur1: bets $2.39 and is all-in
charlypicaro: folds 
Uncalled bet ($2.39) returned to SharkArtur1
SharkArtur1 collected $0.12 from pot
*** SUMMARY ***
Total pot $0.12 | Rake $0 
Board [4h Ac 9d 9s 6c]
Seat 1: SharkArtur1 (big blind) collected ($0.12)
Seat 4: Dorex2007 folded before Flop (didn't bet)
Seat 5: paul1900 folded before Flop (didn't bet)
Seat 6: dkhn.again1337 folded before Flop (didn't bet)
Seat 7: ConquestadorG (button) folded before Flop (didn't bet)
Seat 8: charlypicaro (small blind) folded on the River



PokerStars Hand #233016110586:  Hold'em No Limit ($0.01/$0.02 USD) - 2022/01/10 14:00:19 PT [2022/01/10 17:00:19 ET]
Table 'Mercury VI' 9-max Seat #8 is the button
Seat 1: SharkArtur1 ($2.51 in chips) 
Seat 3: Roberto42.br ($1.02 in chips) 
Seat 4: Dorex2007 ($2 in chips) 
Seat 6: dkhn.again1337 ($0.74 in chips) 
Seat 7: ConquestadorG ($2.09 in chips) 
Seat 8: charlypicaro ($2 in chips) 
SharkArtur1: posts small blind $0.01
Roberto42.br: posts big blind $0.02
*** HOLE CARDS ***
Dealt to Dorex2007 [Ah Ac]
Dorex2007: raises $0.02 to $0.04
dkhn.again1337: folds 
ConquestadorG: folds 
charlypicaro: folds 
SharkArtur1: calls $0.03
Roberto42.br: calls $0.02
*** FLOP *** [6d 6c 2d]
SharkArtur1: checks 
Roberto42.br: checks 
Dorex2007: bets $0.06
SharkArtur1: folds 
Roberto42.br: folds 
Uncalled bet ($0.06) returned to Dorex2007
Dorex2007 collected $0.12 from pot
Dorex2007: doesn't show hand 
*** SUMMARY ***
Total pot $0.12 | Rake $0 
Board [6d 6c 2d]
Seat 1: SharkArtur1 (small blind) folded on the Flop
Seat 3: Roberto42.br (big blind) folded on the Flop
Seat 4: Dorex2007 collected ($0.12)
Seat 6: dkhn.again1337 folded before Flop (didn't bet)
Seat 7: ConquestadorG folded before Flop (didn't bet)
Seat 8: charlypicaro (button) folded before Flop (didn't bet)



PokerStars Hand #233016125501:  Hold'em No Limit ($0.01/$0.02 USD) - 2022/01/10 14:00:51 PT [2022/01/10 17:00:51 ET]
Table 'Mercury VI' 9-max Seat #1 is the button
Seat 1: SharkArtur1 ($2.47 in chips) 
Seat 3: Roberto42.br ($0.98 in chips) 
Seat 4: Dorex2007 ($2.08 in chips) 
Seat 6: dkhn.again1337 ($0.74 in chips) 
Seat 7: ConquestadorG ($2.09 in chips) 
Seat 8: charlypicaro ($2 in chips) 
Roberto42.br: posts small blind $0.01
Dorex2007: posts big blind $0.02
*** HOLE CARDS ***
Dealt to Dorex2007 [7h 5d]
dkhn.again1337: folds 
ConquestadorG: folds 
charlypicaro: folds 
SharkArtur1: folds 
Roberto42.br: calls $0.01
Dorex2007: checks 
*** FLOP *** [7c 4s Qh]
Roberto42.br: checks 
Dorex2007: checks 
*** TURN *** [7c 4s Qh] [6s]
Roberto42.br: checks 
dkhn.again1337 leaves the table
Dorex2007: checks 
*** RIVER *** [7c 4s Qh 6s] [Kc]
Roberto42.br: checks 
Dorex2007: checks 
*** SHOW DOWN ***
Roberto42.br: shows [As 8s] (high card Ace)
Dorex2007: shows [7h 5d] (a pair of Sevens)
Dorex2007 collected $0.04 from pot
*** SUMMARY ***
Total pot $0.04 | Rake $0 
Board [7c 4s Qh 6s Kc]
Seat 1: SharkArtur1 (button) folded before Flop (didn't bet)
Seat 3: Roberto42.br (small blind) showed [As 8s] and lost with high card Ace
Seat 4: Dorex2007 (big blind) showed [7h 5d] and won ($0.04) with a pair of Sevens
Seat 6: dkhn.again1337 folded before Flop (didn't bet)
Seat 7: ConquestadorG folded before Flop (didn't bet)
Seat 8: charlypicaro folded before Flop (didn't bet)



PokerStars Hand #233016142631:  Hold'em No Limit ($0.01/$0.02 USD) - 2022/01/10 14:01:23 PT [2022/01/10 17:01:23 ET]
Table 'Mercury VI' 9-max Seat #3 is the button
Seat 1: SharkArtur1 ($2.47 in chips) 
Seat 3: Roberto42.br ($0.96 in chips) 
Seat 4: Dorex2007 ($2.10 in chips) 
Seat 7: ConquestadorG ($2.09 in chips) 
Seat 8: charlypicaro ($2 in chips) 
Dorex2007: posts small blind $0.01
ConquestadorG: posts big blind $0.02
*** HOLE CARDS ***
Dealt to Dorex2007 [3c Jh]
charlypicaro: folds 
SharkArtur1: calls $0.02
Roberto42.br: calls $0.02
Dorex2007: folds 
ConquestadorG: checks 
*** FLOP *** [4d 6d Jc]
ConquestadorG: checks 
SharkArtur1: checks 
Roberto42.br: checks 
*** TURN *** [4d 6d Jc] [5c]
ConquestadorG: checks 
SharkArtur1: checks 
Roberto42.br: checks 
*** RIVER *** [4d 6d Jc 5c] [5d]
ConquestadorG: checks 
SharkArtur1: checks 
Roberto42.br: checks 
*** SHOW DOWN ***
ConquestadorG: shows [7c 9d] (a pair of Fives)
SharkArtur1: shows [Ac 7s] (a pair of Fives - Ace kicker)
Roberto42.br: mucks hand 
SharkArtur1 collected $0.07 from pot
*** SUMMARY ***
Total pot $0.07 | Rake $0 
Board [4d 6d Jc 5c 5d]
Seat 1: SharkArtur1 showed [Ac 7s] and won ($0.07) with a pair of Fives
Seat 3: Roberto42.br (button) mucked [Kh Qc]
Seat 4: Dorex2007 (small blind) folded before Flop
Seat 7: ConquestadorG (big blind) showed [7c 9d] and lost with a pair of Fives
Seat 8: charlypicaro folded before Flop (didn't bet)



PokerStars Hand #233016169816:  Hold'em No Limit ($0.01/$0.02 USD) - 2022/01/10 14:02:10 PT [2022/01/10 17:02:10 ET]
Table 'Mercury VI' 9-max Seat #4 is the button
Seat 1: SharkArtur1 ($2.52 in chips) 
Seat 3: Roberto42.br ($0.94 in chips) 
Seat 4: Dorex2007 ($2.09 in chips) 
Seat 7: ConquestadorG ($2.07 in chips) 
Seat 8: charlypicaro ($2 in chips) 
ConquestadorG: posts small blind $0.01
charlypicaro: posts big blind $0.02
*** HOLE CARDS ***
Dealt to Dorex2007 [2c 3c]
SharkArtur1: folds 
Roberto42.br: folds 
Dorex2007: folds 
ConquestadorG: raises $0.04 to $0.06
charlypicaro: calls $0.04
*** FLOP *** [7d 3s Ac]
ConquestadorG: bets $0.07
charlypicaro: folds 
Uncalled bet ($0.07) returned to ConquestadorG
ConquestadorG collected $0.12 from pot
ConquestadorG: doesn't show hand 
*** SUMMARY ***
Total pot $0.12 | Rake $0 
Board [7d 3s Ac]
Seat 1: SharkArtur1 folded before Flop (didn't bet)
Seat 3: Roberto42.br folded before Flop (didn't bet)
Seat 4: Dorex2007 (button) folded before Flop (didn't bet)
Seat 7: ConquestadorG (small blind) collected ($0.12)
Seat 8: charlypicaro (big blind) folded on the Flop



PokerStars Hand #233016190517:  Hold'em No Limit ($0.01/$0.02 USD) - 2022/01/10 14:02:38 PT [2022/01/10 17:02:38 ET]
Table 'Mercury VI' 9-max Seat #7 is the button
Seat 1: SharkArtur1 ($2.52 in chips) 
Seat 3: Roberto42.br ($0.94 in chips) 
Seat 4: Dorex2007 ($2.09 in chips) 
Seat 7: ConquestadorG ($2.13 in chips) 
Seat 8: charlypicaro ($2 in chips) 
charlypicaro: posts small blind $0.01
SharkArtur1: posts big blind $0.02
*** HOLE CARDS ***
Dealt to Dorex2007 [9h Ts]
Roberto42.br: folds 
Dorex2007: folds 
ConquestadorG: folds 
ConquestadorG leaves the table
charlypicaro: folds 
Uncalled bet ($0.01) returned to SharkArtur1
SharkArtur1 collected $0.02 from pot
*** SUMMARY ***
Total pot $0.02 | Rake $0 
Seat 1: SharkArtur1 (big blind) collected ($0.02)
Seat 3: Roberto42.br folded before Flop (didn't bet)
Seat 4: Dorex2007 folded before Flop (didn't bet)
Seat 7: ConquestadorG (button) folded before Flop (didn't bet)
Seat 8: charlypicaro (small blind) folded before Flop



