PokerStars Hand #237985216035:  Hold'em No Limit ($0.02/$0.05 USD) - 2022/08/14 8:39:00 PT [2022/08/14 11:39:00 ET]
Table 'Anacreon II' 9-max Seat #4 is the button
Seat 1: vladimir5421 ($5.66 in chips) 
Seat 2: RealScot ($5 in chips) 
Seat 3: Larry-s1980 ($5.57 in chips) 
Seat 4: AssosManiki ($12.24 in chips) 
Seat 5: 0RB BR0 ($5.72 in chips) 
Seat 6: Dorex2007 ($5 in chips) 
Seat 7: AGVsmarT ($3.84 in chips) 
Seat 8: Sjield ($3.22 in chips) 
Seat 9: gaudinho15 ($5.64 in chips) 
0RB BR0: posts small blind $0.02
Dorex2007: posts big blind $0.05
*** HOLE CARDS ***
Dealt to Dorex2007 [8c 9s]
AGVsmarT: calls $0.05
Sjield: folds 
gaudinho15: folds 
vladimir5421: folds 
RealScot: calls $0.05
Larry-s1980: calls $0.05
AssosManiki: calls $0.05
0RB BR0: calls $0.03
Dorex2007: checks 
*** FLOP *** [Tc 7c Kc]
0RB BR0: checks 
Dorex2007: checks 
AGVsmarT: checks 
RealScot: checks 
Larry-s1980: bets $0.14
AssosManiki: folds 
0RB BR0: folds 
Dorex2007: folds 
AGVsmarT: folds 
RealScot: folds 
Uncalled bet ($0.14) returned to Larry-s1980
Larry-s1980 collected $0.29 from pot
Larry-s1980: doesn't show hand 
*** SUMMARY ***
Total pot $0.30 | Rake $0.01 
Board [Tc 7c Kc]
Seat 1: vladimir5421 folded before Flop (didn't bet)
Seat 2: RealScot folded on the Flop
Seat 3: Larry-s1980 collected ($0.29)
Seat 4: AssosManiki (button) folded on the Flop
Seat 5: 0RB BR0 (small blind) folded on the Flop
Seat 6: Dorex2007 (big blind) folded on the Flop
Seat 7: AGVsmarT folded on the Flop
Seat 8: Sjield folded before Flop (didn't bet)
Seat 9: gaudinho15 folded before Flop (didn't bet)



PokerStars Hand #237985239325:  Hold'em No Limit ($0.02/$0.05 USD) - 2022/08/14 8:40:16 PT [2022/08/14 11:40:16 ET]
Table 'Anacreon II' 9-max Seat #5 is the button
Seat 1: vladimir5421 ($5.66 in chips) 
Seat 2: RealScot ($4.95 in chips) 
Seat 3: Larry-s1980 ($5.81 in chips) 
Seat 4: AssosManiki ($12.19 in chips) 
Seat 5: 0RB BR0 ($5.67 in chips) 
Seat 6: Dorex2007 ($5 in chips) 
Seat 7: AGVsmarT ($3.79 in chips) 
Seat 8: Sjield ($3.22 in chips) 
Seat 9: gaudinho15 ($5.64 in chips) 
Dorex2007: posts small blind $0.02
AGVsmarT: posts big blind $0.05
*** HOLE CARDS ***
Dealt to Dorex2007 [8d Ac]
Sjield: folds 
gaudinho15: folds 
vladimir5421: folds 
RealScot: folds 
Larry-s1980: raises $0.07 to $0.12
AssosManiki: folds 
0RB BR0: folds 
Dorex2007: folds 
AGVsmarT: folds 
Uncalled bet ($0.07) returned to Larry-s1980
Larry-s1980 collected $0.12 from pot
Larry-s1980: doesn't show hand 
*** SUMMARY ***
Total pot $0.12 | Rake $0 
Seat 1: vladimir5421 folded before Flop (didn't bet)
Seat 2: RealScot folded before Flop (didn't bet)
Seat 3: Larry-s1980 collected ($0.12)
Seat 4: AssosManiki folded before Flop (didn't bet)
Seat 5: 0RB BR0 (button) folded before Flop (didn't bet)
Seat 6: Dorex2007 (small blind) folded before Flop
Seat 7: AGVsmarT (big blind) folded before Flop
Seat 8: Sjield folded before Flop (didn't bet)
Seat 9: gaudinho15 folded before Flop (didn't bet)



PokerStars Hand #237985245693:  Hold'em No Limit ($0.02/$0.05 USD) - 2022/08/14 8:40:37 PT [2022/08/14 11:40:37 ET]
Table 'Anacreon II' 9-max Seat #6 is the button
Seat 1: vladimir5421 ($5.66 in chips) 
Seat 2: RealScot ($4.95 in chips) 
Seat 3: Larry-s1980 ($5.88 in chips) 
Seat 4: AssosManiki ($12.19 in chips) 
Seat 5: 0RB BR0 ($5.67 in chips) 
Seat 6: Dorex2007 ($5 in chips) 
Seat 7: AGVsmarT ($3.74 in chips) 
Seat 8: Sjield ($3.22 in chips) 
Seat 9: gaudinho15 ($5.64 in chips) 
AGVsmarT: posts small blind $0.02
Sjield: posts big blind $0.05
*** HOLE CARDS ***
Dealt to Dorex2007 [8h 6s]
gaudinho15: folds 
vladimir5421: folds 
RealScot: folds 
Larry-s1980: folds 
AssosManiki: folds 
0RB BR0: raises $0.10 to $0.15
Dorex2007: folds 
AGVsmarT: calls $0.13
Sjield: folds 
*** FLOP *** [8d 9h Kh]
AGVsmarT: bets $0.15
0RB BR0: calls $0.15
*** TURN *** [8d 9h Kh] [Qc]
AGVsmarT: bets $0.15
0RB BR0: calls $0.15
*** RIVER *** [8d 9h Kh Qc] [4h]
AGVsmarT: bets $0.91
0RB BR0: folds 
Uncalled bet ($0.91) returned to AGVsmarT
AGVsmarT collected $0.91 from pot
*** SUMMARY ***
Total pot $0.95 | Rake $0.04 
Board [8d 9h Kh Qc 4h]
Seat 1: vladimir5421 folded before Flop (didn't bet)
Seat 2: RealScot folded before Flop (didn't bet)
Seat 3: Larry-s1980 folded before Flop (didn't bet)
Seat 4: AssosManiki folded before Flop (didn't bet)
Seat 5: 0RB BR0 folded on the River
Seat 6: Dorex2007 (button) folded before Flop (didn't bet)
Seat 7: AGVsmarT (small blind) collected ($0.91)
Seat 8: Sjield (big blind) folded before Flop
Seat 9: gaudinho15 folded before Flop (didn't bet)



PokerStars Hand #237985258020:  Hold'em No Limit ($0.02/$0.05 USD) - 2022/08/14 8:41:17 PT [2022/08/14 11:41:17 ET]
Table 'Anacreon II' 9-max Seat #7 is the button
Seat 1: vladimir5421 ($5.66 in chips) 
Seat 2: RealScot ($5 in chips) 
Seat 3: Larry-s1980 ($5.88 in chips) 
Seat 4: AssosManiki ($12.19 in chips) 
Seat 5: 0RB BR0 ($5.22 in chips) 
Seat 6: Dorex2007 ($5 in chips) 
Seat 7: AGVsmarT ($4.20 in chips) 
Seat 8: Sjield ($3.17 in chips) 
Seat 9: gaudinho15 ($5.64 in chips) 
Sjield: posts small blind $0.02
gaudinho15: posts big blind $0.05
*** HOLE CARDS ***
Dealt to Dorex2007 [3s 7h]
vladimir5421: folds 
RealScot: folds 
Larry-s1980: folds 
AssosManiki: folds 
0RB BR0: folds 
Dorex2007: folds 
AGVsmarT: folds 
Sjield: raises $0.10 to $0.15
gaudinho15: folds 
Uncalled bet ($0.10) returned to Sjield
Sjield collected $0.10 from pot
Sjield: doesn't show hand 
*** SUMMARY ***
Total pot $0.10 | Rake $0 
Seat 1: vladimir5421 folded before Flop (didn't bet)
Seat 2: RealScot folded before Flop (didn't bet)
Seat 3: Larry-s1980 folded before Flop (didn't bet)
Seat 4: AssosManiki folded before Flop (didn't bet)
Seat 5: 0RB BR0 folded before Flop (didn't bet)
Seat 6: Dorex2007 folded before Flop (didn't bet)
Seat 7: AGVsmarT (button) folded before Flop (didn't bet)
Seat 8: Sjield (small blind) collected ($0.10)
Seat 9: gaudinho15 (big blind) folded before Flop



PokerStars Hand #237985263545:  Hold'em No Limit ($0.02/$0.05 USD) - 2022/08/14 8:41:36 PT [2022/08/14 11:41:36 ET]
Table 'Anacreon II' 9-max Seat #8 is the button
Seat 1: vladimir5421 ($5.66 in chips) 
Seat 2: RealScot ($5 in chips) 
Seat 3: Larry-s1980 ($5.88 in chips) 
Seat 4: AssosManiki ($12.19 in chips) 
Seat 5: 0RB BR0 ($5.22 in chips) 
Seat 6: Dorex2007 ($5 in chips) 
Seat 7: AGVsmarT ($4.20 in chips) 
Seat 8: Sjield ($3.22 in chips) 
Seat 9: gaudinho15 ($5.59 in chips) 
gaudinho15: posts small blind $0.02
vladimir5421: posts big blind $0.05
*** HOLE CARDS ***
Dealt to Dorex2007 [Qh Qc]
RealScot: folds 
Larry-s1980: folds 
AssosManiki: folds 
0RB BR0: calls $0.05
Dorex2007: raises $0.15 to $0.20
AGVsmarT: folds 
Sjield: folds 
gaudinho15: folds 
vladimir5421: folds 
0RB BR0: folds 
Uncalled bet ($0.15) returned to Dorex2007
Dorex2007 collected $0.17 from pot
Dorex2007: doesn't show hand 
*** SUMMARY ***
Total pot $0.17 | Rake $0 
Seat 1: vladimir5421 (big blind) folded before Flop
Seat 2: RealScot folded before Flop (didn't bet)
Seat 3: Larry-s1980 folded before Flop (didn't bet)
Seat 4: AssosManiki folded before Flop (didn't bet)
Seat 5: 0RB BR0 folded before Flop
Seat 6: Dorex2007 collected ($0.17)
Seat 7: AGVsmarT folded before Flop (didn't bet)
Seat 8: Sjield (button) folded before Flop (didn't bet)
Seat 9: gaudinho15 (small blind) folded before Flop



PokerStars Hand #237985271097:  Hold'em No Limit ($0.02/$0.05 USD) - 2022/08/14 8:42:01 PT [2022/08/14 11:42:01 ET]
Table 'Anacreon II' 9-max Seat #9 is the button
Seat 1: vladimir5421 ($5.61 in chips) 
Seat 2: RealScot ($5 in chips) 
Seat 3: Larry-s1980 ($5.88 in chips) 
Seat 4: AssosManiki ($12.19 in chips) 
Seat 5: 0RB BR0 ($5.17 in chips) 
Seat 6: Dorex2007 ($5.12 in chips) 
Seat 7: AGVsmarT ($4.20 in chips) 
Seat 8: Sjield ($3.22 in chips) 
Seat 9: gaudinho15 ($5.57 in chips) 
vladimir5421: posts small blind $0.02
RealScot: posts big blind $0.05
*** HOLE CARDS ***
Dealt to Dorex2007 [Ks 6d]
Larry-s1980: folds 
AssosManiki: folds 
0RB BR0: calls $0.05
Dorex2007: folds 
AGVsmarT: raises $0.10 to $0.15
Sjield: calls $0.15
gaudinho15: folds 
vladimir5421: folds 
RealScot: folds 
0RB BR0: calls $0.10
*** FLOP *** [Kd Qd 2s]
0RB BR0: checks 
AGVsmarT: bets $0.40
Sjield: folds 
0RB BR0: folds 
Uncalled bet ($0.40) returned to AGVsmarT
AGVsmarT collected $0.50 from pot
*** SUMMARY ***
Total pot $0.52 | Rake $0.02 
Board [Kd Qd 2s]
Seat 1: vladimir5421 (small blind) folded before Flop
Seat 2: RealScot (big blind) folded before Flop
Seat 3: Larry-s1980 folded before Flop (didn't bet)
Seat 4: AssosManiki folded before Flop (didn't bet)
Seat 5: 0RB BR0 folded on the Flop
Seat 6: Dorex2007 folded before Flop (didn't bet)
Seat 7: AGVsmarT collected ($0.50)
Seat 8: Sjield folded on the Flop
Seat 9: gaudinho15 (button) folded before Flop (didn't bet)



PokerStars Hand #237985287284:  Hold'em No Limit ($0.02/$0.05 USD) - 2022/08/14 8:42:49 PT [2022/08/14 11:42:49 ET]
Table 'Anacreon II' 9-max Seat #1 is the button
Seat 1: vladimir5421 ($5.59 in chips) 
Seat 2: RealScot ($5 in chips) 
Seat 3: Larry-s1980 ($5.88 in chips) 
Seat 4: AssosManiki ($12.19 in chips) 
Seat 5: 0RB BR0 ($5.02 in chips) 
Seat 6: Dorex2007 ($5.12 in chips) 
Seat 7: AGVsmarT ($4.55 in chips) 
Seat 8: Sjield ($3.07 in chips) 
Seat 9: gaudinho15 ($5.57 in chips) 
RealScot: posts small blind $0.02
Larry-s1980: posts big blind $0.05
*** HOLE CARDS ***
Dealt to Dorex2007 [Kh 4s]
AssosManiki: folds 
0RB BR0: raises $0.05 to $0.10
Dorex2007: folds 
AGVsmarT: folds 
Sjield: folds 
gaudinho15: folds 
vladimir5421: folds 
RealScot: folds 
Larry-s1980: folds 
Uncalled bet ($0.05) returned to 0RB BR0
0RB BR0 collected $0.12 from pot
*** SUMMARY ***
Total pot $0.12 | Rake $0 
Seat 1: vladimir5421 (button) folded before Flop (didn't bet)
Seat 2: RealScot (small blind) folded before Flop
Seat 3: Larry-s1980 (big blind) folded before Flop
Seat 4: AssosManiki folded before Flop (didn't bet)
Seat 5: 0RB BR0 collected ($0.12)
Seat 6: Dorex2007 folded before Flop (didn't bet)
Seat 7: AGVsmarT folded before Flop (didn't bet)
Seat 8: Sjield folded before Flop (didn't bet)
Seat 9: gaudinho15 folded before Flop (didn't bet)



PokerStars Hand #237985293450:  Hold'em No Limit ($0.02/$0.05 USD) - 2022/08/14 8:43:09 PT [2022/08/14 11:43:09 ET]
Table 'Anacreon II' 9-max Seat #2 is the button
Seat 1: vladimir5421 ($5.59 in chips) 
Seat 2: RealScot ($4.98 in chips) 
Seat 3: Larry-s1980 ($5.83 in chips) 
Seat 4: AssosManiki ($12.19 in chips) 
Seat 5: 0RB BR0 ($5.09 in chips) 
Seat 6: Dorex2007 ($5.12 in chips) 
Seat 7: AGVsmarT ($4.55 in chips) 
Seat 8: Sjield ($3.07 in chips) 
Seat 9: gaudinho15 ($5.57 in chips) 
Larry-s1980: posts small blind $0.02
AssosManiki: posts big blind $0.05
*** HOLE CARDS ***
Dealt to Dorex2007 [5h Qh]
0RB BR0: calls $0.05
Dorex2007: folds 
AGVsmarT: folds 
Sjield: folds 
gaudinho15: raises $0.10 to $0.15
vladimir5421: folds 
RealScot: folds 
Larry-s1980: folds 
AssosManiki: folds 
0RB BR0: calls $0.10
*** FLOP *** [Ad 2c Kd]
0RB BR0: checks 
gaudinho15: bets $0.15
0RB BR0: folds 
Uncalled bet ($0.15) returned to gaudinho15
gaudinho15 collected $0.35 from pot
gaudinho15: doesn't show hand 
*** SUMMARY ***
Total pot $0.37 | Rake $0.02 
Board [Ad 2c Kd]
Seat 1: vladimir5421 folded before Flop (didn't bet)
Seat 2: RealScot (button) folded before Flop (didn't bet)
Seat 3: Larry-s1980 (small blind) folded before Flop
Seat 4: AssosManiki (big blind) folded before Flop
Seat 5: 0RB BR0 folded on the Flop
Seat 6: Dorex2007 folded before Flop (didn't bet)
Seat 7: AGVsmarT folded before Flop (didn't bet)
Seat 8: Sjield folded before Flop (didn't bet)
Seat 9: gaudinho15 collected ($0.35)



PokerStars Hand #237985302756:  Hold'em No Limit ($0.02/$0.05 USD) - 2022/08/14 8:43:40 PT [2022/08/14 11:43:40 ET]
Table 'Anacreon II' 9-max Seat #3 is the button
Seat 1: vladimir5421 ($5.59 in chips) 
Seat 2: RealScot ($5 in chips) 
Seat 3: Larry-s1980 ($5.81 in chips) 
Seat 4: AssosManiki ($12.14 in chips) 
Seat 5: 0RB BR0 ($4.94 in chips) 
Seat 6: Dorex2007 ($5.12 in chips) 
Seat 7: AGVsmarT ($4.55 in chips) 
Seat 8: Sjield ($3.07 in chips) 
Seat 9: gaudinho15 ($5.77 in chips) 
AssosManiki: posts small blind $0.02
0RB BR0: posts big blind $0.05
*** HOLE CARDS ***
Dealt to Dorex2007 [3d Qs]
Dorex2007: folds 
AGVsmarT has timed out
AGVsmarT: folds 
Sjield: folds 
gaudinho15: folds 
vladimir5421: raises $0.10 to $0.15
RealScot: folds 
Larry-s1980: folds 
AssosManiki: folds 
0RB BR0: calls $0.10
*** FLOP *** [Jc 7s As]
0RB BR0: checks 
vladimir5421: checks 
*** TURN *** [Jc 7s As] [8d]
0RB BR0: bets $0.05
vladimir5421: folds 
Uncalled bet ($0.05) returned to 0RB BR0
0RB BR0 collected $0.31 from pot
*** SUMMARY ***
Total pot $0.32 | Rake $0.01 
Board [Jc 7s As 8d]
Seat 1: vladimir5421 folded on the Turn
Seat 2: RealScot folded before Flop (didn't bet)
Seat 3: Larry-s1980 (button) folded before Flop (didn't bet)
Seat 4: AssosManiki (small blind) folded before Flop
Seat 5: 0RB BR0 (big blind) collected ($0.31)
Seat 6: Dorex2007 folded before Flop (didn't bet)
Seat 7: AGVsmarT folded before Flop (didn't bet)
Seat 8: Sjield folded before Flop (didn't bet)
Seat 9: gaudinho15 folded before Flop (didn't bet)



PokerStars Hand #237985319365:  Hold'em No Limit ($0.02/$0.05 USD) - 2022/08/14 8:44:35 PT [2022/08/14 11:44:35 ET]
Table 'Anacreon II' 9-max Seat #4 is the button
Seat 1: vladimir5421 ($5.44 in chips) 
Seat 2: RealScot ($5 in chips) 
Seat 3: Larry-s1980 ($5.81 in chips) 
Seat 4: AssosManiki ($12.12 in chips) 
Seat 5: 0RB BR0 ($5.10 in chips) 
Seat 6: Dorex2007 ($5.12 in chips) 
Seat 8: Sjield ($3.07 in chips) 
Seat 9: gaudinho15 ($5.77 in chips) 
0RB BR0: posts small blind $0.02
Dorex2007: posts big blind $0.05
*** HOLE CARDS ***
Dealt to Dorex2007 [Ac Th]
Sjield: folds 
gaudinho15: folds 
vladimir5421: folds 
RealScot: folds 
Larry-s1980: folds 
AssosManiki: raises $0.08 to $0.13
0RB BR0: folds 
Dorex2007: raises $0.22 to $0.35
AssosManiki: folds 
Uncalled bet ($0.22) returned to Dorex2007
Dorex2007 collected $0.28 from pot
Dorex2007: doesn't show hand 
*** SUMMARY ***
Total pot $0.28 | Rake $0 
Seat 1: vladimir5421 folded before Flop (didn't bet)
Seat 2: RealScot folded before Flop (didn't bet)
Seat 3: Larry-s1980 folded before Flop (didn't bet)
Seat 4: AssosManiki (button) folded before Flop
Seat 5: 0RB BR0 (small blind) folded before Flop
Seat 6: Dorex2007 (big blind) collected ($0.28)
Seat 8: Sjield folded before Flop (didn't bet)
Seat 9: gaudinho15 folded before Flop (didn't bet)



PokerStars Hand #237985327698:  Hold'em No Limit ($0.02/$0.05 USD) - 2022/08/14 8:45:02 PT [2022/08/14 11:45:02 ET]
Table 'Anacreon II' 9-max Seat #5 is the button
Seat 1: vladimir5421 ($5.44 in chips) 
Seat 2: RealScot ($5 in chips) 
Seat 3: Larry-s1980 ($5.81 in chips) 
Seat 4: AssosManiki ($11.99 in chips) 
Seat 5: 0RB BR0 ($5.08 in chips) 
Seat 6: Dorex2007 ($5.27 in chips) 
Seat 8: Sjield ($3.07 in chips) 
Seat 9: gaudinho15 ($5.77 in chips) 
Dorex2007: posts small blind $0.02
Sjield: posts big blind $0.05
*** HOLE CARDS ***
Dealt to Dorex2007 [Jd Td]
gaudinho15: folds 
vladimir5421: folds 
RealScot: folds 
Larry-s1980: folds 
AssosManiki: folds 
0RB BR0: folds 
Dorex2007: calls $0.03
Sjield: checks 
*** FLOP *** [7h 5h Kh]
Dorex2007: checks 
Sjield: bets $0.10
Dorex2007: folds 
Uncalled bet ($0.10) returned to Sjield
Sjield collected $0.10 from pot
Sjield: doesn't show hand 
*** SUMMARY ***
Total pot $0.10 | Rake $0 
Board [7h 5h Kh]
Seat 1: vladimir5421 folded before Flop (didn't bet)
Seat 2: RealScot folded before Flop (didn't bet)
Seat 3: Larry-s1980 folded before Flop (didn't bet)
Seat 4: AssosManiki folded before Flop (didn't bet)
Seat 5: 0RB BR0 (button) folded before Flop (didn't bet)
Seat 6: Dorex2007 (small blind) folded on the Flop
Seat 8: Sjield (big blind) collected ($0.10)
Seat 9: gaudinho15 folded before Flop (didn't bet)



PokerStars Hand #237985337898:  Hold'em No Limit ($0.02/$0.05 USD) - 2022/08/14 8:45:33 PT [2022/08/14 11:45:33 ET]
Table 'Anacreon II' 9-max Seat #6 is the button
Seat 1: vladimir5421 ($5.44 in chips) 
Seat 2: RealScot ($5 in chips) 
Seat 3: Larry-s1980 ($5.81 in chips) 
Seat 4: AssosManiki ($11.99 in chips) 
Seat 5: 0RB BR0 ($5.08 in chips) 
Seat 6: Dorex2007 ($5.22 in chips) 
Seat 8: Sjield ($3.12 in chips) 
Sjield: posts small blind $0.02
gaudinho15: is sitting out 
vladimir5421: posts big blind $0.05
*** HOLE CARDS ***
Dealt to Dorex2007 [9c 8d]
RealScot: raises $0.10 to $0.15
Larry-s1980: folds 
AssosManiki: folds 
0RB BR0: folds 
Dorex2007: folds 
Sjield: folds 
vladimir5421: calls $0.10
*** FLOP *** [8s 2h 2c]
vladimir5421: checks 
RealScot: checks 
*** TURN *** [8s 2h 2c] [7c]
vladimir5421: checks 
RealScot: checks 
*** RIVER *** [8s 2h 2c 7c] [5s]
vladimir5421: checks 
RealScot: checks 
*** SHOW DOWN ***
vladimir5421: shows [Js Ts] (a pair of Deuces)
RealScot: shows [As Qh] (a pair of Deuces - Ace kicker)
RealScot collected $0.31 from pot
*** SUMMARY ***
Total pot $0.32 | Rake $0.01 
Board [8s 2h 2c 7c 5s]
Seat 1: vladimir5421 (big blind) showed [Js Ts] and lost with a pair of Deuces
Seat 2: RealScot showed [As Qh] and won ($0.31) with a pair of Deuces
Seat 3: Larry-s1980 folded before Flop (didn't bet)
Seat 4: AssosManiki folded before Flop (didn't bet)
Seat 5: 0RB BR0 folded before Flop (didn't bet)
Seat 6: Dorex2007 (button) folded before Flop (didn't bet)
Seat 8: Sjield (small blind) folded before Flop



PokerStars Hand #237985362557:  Hold'em No Limit ($0.02/$0.05 USD) - 2022/08/14 8:46:53 PT [2022/08/14 11:46:53 ET]
Table 'Anacreon II' 9-max Seat #8 is the button
Seat 1: vladimir5421 ($5.29 in chips) 
Seat 2: RealScot ($5.16 in chips) 
Seat 3: Larry-s1980 ($5.81 in chips) 
Seat 4: AssosManiki ($11.99 in chips) 
Seat 5: 0RB BR0 ($5.08 in chips) 
Seat 6: Dorex2007 ($5.22 in chips) 
Seat 8: Sjield ($3.10 in chips) 
vladimir5421: posts small blind $0.02
RealScot: posts big blind $0.05
AGVsmarT: sits out 
*** HOLE CARDS ***
Dealt to Dorex2007 [3c As]
Larry-s1980: folds 
AssosManiki: folds 
0RB BR0: folds 
Dorex2007: folds 
Sjield: folds 
vladimir5421: folds 
Uncalled bet ($0.03) returned to RealScot
RealScot collected $0.04 from pot
RealScot: doesn't show hand 
*** SUMMARY ***
Total pot $0.04 | Rake $0 
Seat 1: vladimir5421 (small blind) folded before Flop
Seat 2: RealScot (big blind) collected ($0.04)
Seat 3: Larry-s1980 folded before Flop (didn't bet)
Seat 4: AssosManiki folded before Flop (didn't bet)
Seat 5: 0RB BR0 folded before Flop (didn't bet)
Seat 6: Dorex2007 folded before Flop (didn't bet)
Seat 8: Sjield (button) folded before Flop (didn't bet)



PokerStars Hand #237985367200:  Hold'em No Limit ($0.02/$0.05 USD) - 2022/08/14 8:47:07 PT [2022/08/14 11:47:07 ET]
Table 'Anacreon II' 9-max Seat #1 is the button
Seat 1: vladimir5421 ($5.27 in chips) 
Seat 2: RealScot ($5.18 in chips) 
Seat 3: Larry-s1980 ($5.81 in chips) 
Seat 4: AssosManiki ($11.99 in chips) 
Seat 5: 0RB BR0 ($5.08 in chips) 
Seat 6: Dorex2007 ($5.22 in chips) 
Seat 8: Sjield ($3.10 in chips) 
RealScot: posts small blind $0.02
Larry-s1980: posts big blind $0.05
AGVsmarT: sits out 
*** HOLE CARDS ***
Dealt to Dorex2007 [2h 2d]
AssosManiki: folds 
0RB BR0: folds 
Dorex2007: calls $0.05
Sjield: folds 
vladimir5421: raises $0.15 to $0.20
RealScot: folds 
Larry-s1980: folds 
Dorex2007: calls $0.15
*** FLOP *** [8d 5d Kh]
gaudinho15 leaves the table
Dorex2007: checks 
vladimir5421: checks 
*** TURN *** [8d 5d Kh] [7h]
Dorex2007: checks 
vladimir5421: checks 
*** RIVER *** [8d 5d Kh 7h] [8c]
Dorex2007: bets $0.22
vladimir5421: folds 
Uncalled bet ($0.22) returned to Dorex2007
Dorex2007 collected $0.45 from pot
Dorex2007: doesn't show hand 
*** SUMMARY ***
Total pot $0.47 | Rake $0.02 
Board [8d 5d Kh 7h 8c]
Seat 1: vladimir5421 (button) folded on the River
Seat 2: RealScot (small blind) folded before Flop
Seat 3: Larry-s1980 (big blind) folded before Flop
Seat 4: AssosManiki folded before Flop (didn't bet)
Seat 5: 0RB BR0 folded before Flop (didn't bet)
Seat 6: Dorex2007 collected ($0.45)
Seat 8: Sjield folded before Flop (didn't bet)



PokerStars Hand #237985383082:  Hold'em No Limit ($0.02/$0.05 USD) - 2022/08/14 8:47:57 PT [2022/08/14 11:47:57 ET]
Table 'Anacreon II' 9-max Seat #2 is the button
Seat 1: vladimir5421 ($5.07 in chips) 
Seat 2: RealScot ($5.16 in chips) 
Seat 3: Larry-s1980 ($5.76 in chips) 
Seat 4: AssosManiki ($11.99 in chips) 
Seat 5: 0RB BR0 ($5.08 in chips) 
Seat 6: Dorex2007 ($5.47 in chips) 
Seat 8: Sjield ($3.10 in chips) 
Larry-s1980: posts small blind $0.02
AssosManiki: posts big blind $0.05
AGVsmarT: sits out 
*** HOLE CARDS ***
Dealt to Dorex2007 [Jc Ac]
0RB BR0: calls $0.05
Dorex2007: raises $0.05 to $0.10
Sjield: folds 
vladimir5421: folds 
RealScot: folds 
Larry-s1980: folds 
AssosManiki: folds 
0RB BR0: calls $0.05
*** FLOP *** [7s Kh Td]
0RB BR0: bets $0.05
Dorex2007: calls $0.05
*** TURN *** [7s Kh Td] [As]
0RB BR0: bets $0.17
Dorex2007: calls $0.17
*** RIVER *** [7s Kh Td As] [Ah]
0RB BR0: bets $0.34
Dorex2007: calls $0.34
*** SHOW DOWN ***
0RB BR0: shows [Ad Qs] (three of a kind, Aces)
Dorex2007: mucks hand 
0RB BR0 collected $1.33 from pot
*** SUMMARY ***
Total pot $1.39 | Rake $0.06 
Board [7s Kh Td As Ah]
Seat 1: vladimir5421 folded before Flop (didn't bet)
Seat 2: RealScot (button) folded before Flop (didn't bet)
Seat 3: Larry-s1980 (small blind) folded before Flop
Seat 4: AssosManiki (big blind) folded before Flop
Seat 5: 0RB BR0 showed [Ad Qs] and won ($1.33) with three of a kind, Aces
Seat 6: Dorex2007 mucked [Jc Ac]
Seat 8: Sjield folded before Flop (didn't bet)



PokerStars Hand #237985396039:  Hold'em No Limit ($0.02/$0.05 USD) - 2022/08/14 8:48:38 PT [2022/08/14 11:48:38 ET]
Table 'Anacreon II' 9-max Seat #3 is the button
Seat 1: vladimir5421 ($5.07 in chips) 
Seat 2: RealScot ($5.16 in chips) 
Seat 3: Larry-s1980 ($5.74 in chips) 
Seat 4: AssosManiki ($11.94 in chips) 
Seat 5: 0RB BR0 ($5.75 in chips) 
Seat 6: Dorex2007 ($5 in chips) 
Seat 8: Sjield ($3.10 in chips) 
AssosManiki: posts small blind $0.02
0RB BR0: posts big blind $0.05
AGVsmarT: sits out 
*** HOLE CARDS ***
Dealt to Dorex2007 [Jc 9d]
Dorex2007: folds 
Sjield: folds 
vladimir5421: folds 
RealScot: folds 
Larry-s1980: raises $0.05 to $0.10
AssosManiki: folds 
0RB BR0: calls $0.05
*** FLOP *** [Qc Kd 7d]
0RB BR0: checks 
Larry-s1980: bets $0.10
0RB BR0: folds 
Uncalled bet ($0.10) returned to Larry-s1980
Larry-s1980 collected $0.21 from pot
Larry-s1980: doesn't show hand 
*** SUMMARY ***
Total pot $0.22 | Rake $0.01 
Board [Qc Kd 7d]
Seat 1: vladimir5421 folded before Flop (didn't bet)
Seat 2: RealScot folded before Flop (didn't bet)
Seat 3: Larry-s1980 (button) collected ($0.21)
Seat 4: AssosManiki (small blind) folded before Flop
Seat 5: 0RB BR0 (big blind) folded on the Flop
Seat 6: Dorex2007 folded before Flop (didn't bet)
Seat 8: Sjield folded before Flop (didn't bet)



PokerStars Hand #237985405928:  Hold'em No Limit ($0.02/$0.05 USD) - 2022/08/14 8:49:09 PT [2022/08/14 11:49:09 ET]
Table 'Anacreon II' 9-max Seat #4 is the button
Seat 1: vladimir5421 ($5.07 in chips) 
Seat 2: RealScot ($5.16 in chips) 
Seat 3: Larry-s1980 ($5.85 in chips) 
Seat 4: AssosManiki ($11.92 in chips) 
Seat 5: 0RB BR0 ($5.65 in chips) 
Seat 6: Dorex2007 ($5 in chips) 
Seat 8: Sjield ($3.10 in chips) 
0RB BR0: posts small blind $0.02
Dorex2007: posts big blind $0.05
AGVsmarT: sits out 
*** HOLE CARDS ***
Dealt to Dorex2007 [Jd 8s]
Sjield: folds 
vladimir5421: folds 
RealScot: folds 
Larry-s1980: folds 
AssosManiki: raises $0.08 to $0.13
0RB BR0: folds 
Dorex2007: folds 
Uncalled bet ($0.08) returned to AssosManiki
AssosManiki collected $0.12 from pot
AssosManiki: doesn't show hand 
*** SUMMARY ***
Total pot $0.12 | Rake $0 
Seat 1: vladimir5421 folded before Flop (didn't bet)
Seat 2: RealScot folded before Flop (didn't bet)
Seat 3: Larry-s1980 folded before Flop (didn't bet)
Seat 4: AssosManiki (button) collected ($0.12)
Seat 5: 0RB BR0 (small blind) folded before Flop
Seat 6: Dorex2007 (big blind) folded before Flop
Seat 8: Sjield folded before Flop (didn't bet)



PokerStars Hand #237985412242:  Hold'em No Limit ($0.02/$0.05 USD) - 2022/08/14 8:49:29 PT [2022/08/14 11:49:29 ET]
Table 'Anacreon II' 9-max Seat #5 is the button
Seat 1: vladimir5421 ($5.07 in chips) 
Seat 2: RealScot ($5.16 in chips) 
Seat 3: Larry-s1980 ($5.85 in chips) 
Seat 4: AssosManiki ($11.99 in chips) 
Seat 5: 0RB BR0 ($5.63 in chips) 
Seat 6: Dorex2007 ($5 in chips) 
Seat 7: AGVsmarT ($4.55 in chips) 
Seat 8: Sjield ($3.10 in chips) 
Dorex2007: posts small blind $0.02
AGVsmarT: posts big blind $0.05
*** HOLE CARDS ***
Dealt to Dorex2007 [5d 6c]
Sjield: folds 
vladimir5421: folds 
RealScot: folds 
Larry-s1980: folds 
AssosManiki: folds 
0RB BR0: folds 
Dorex2007: folds 
Uncalled bet ($0.03) returned to AGVsmarT
AGVsmarT collected $0.04 from pot
*** SUMMARY ***
Total pot $0.04 | Rake $0 
Seat 1: vladimir5421 folded before Flop (didn't bet)
Seat 2: RealScot folded before Flop (didn't bet)
Seat 3: Larry-s1980 folded before Flop (didn't bet)
Seat 4: AssosManiki folded before Flop (didn't bet)
Seat 5: 0RB BR0 (button) folded before Flop (didn't bet)
Seat 6: Dorex2007 (small blind) folded before Flop
Seat 7: AGVsmarT (big blind) collected ($0.04)
Seat 8: Sjield folded before Flop (didn't bet)



PokerStars Hand #237985422343:  Hold'em No Limit ($0.02/$0.05 USD) - 2022/08/14 8:49:38 PT [2022/08/14 11:49:38 ET]
Table 'Anacreon II' 9-max Seat #6 is the button
Seat 1: vladimir5421 ($5.07 in chips) 
Seat 2: RealScot ($5.16 in chips) 
Seat 3: Larry-s1980 ($5.85 in chips) 
Seat 4: AssosManiki ($11.99 in chips) 
Seat 5: 0RB BR0 ($5.63 in chips) 
Seat 6: Dorex2007 ($5 in chips) 
Seat 7: AGVsmarT ($4.57 in chips) 
Seat 8: Sjield ($3.10 in chips) 
AGVsmarT: posts small blind $0.02
Sjield: posts big blind $0.05
*** HOLE CARDS ***
Dealt to Dorex2007 [Ac 5h]
watersofain joins the table at seat #9 
vladimir5421: folds 
RealScot: raises $0.10 to $0.15
Larry-s1980: folds 
AssosManiki: folds 
0RB BR0: folds 
Dorex2007: folds 
AGVsmarT: calls $0.13
Sjield: calls $0.10
*** FLOP *** [2c 5d 2s]
AGVsmarT: checks 
Sjield: checks 
RealScot: bets $0.21
AGVsmarT: folds 
Sjield: folds 
Uncalled bet ($0.21) returned to RealScot
RealScot collected $0.43 from pot
RealScot: doesn't show hand 
*** SUMMARY ***
Total pot $0.45 | Rake $0.02 
Board [2c 5d 2s]
Seat 1: vladimir5421 folded before Flop (didn't bet)
Seat 2: RealScot collected ($0.43)
Seat 3: Larry-s1980 folded before Flop (didn't bet)
Seat 4: AssosManiki folded before Flop (didn't bet)
Seat 5: 0RB BR0 folded before Flop (didn't bet)
Seat 6: Dorex2007 (button) folded before Flop (didn't bet)
Seat 7: AGVsmarT (small blind) folded on the Flop
Seat 8: Sjield (big blind) folded on the Flop



PokerStars Hand #237985438883:  Hold'em No Limit ($0.02/$0.05 USD) - 2022/08/14 8:50:31 PT [2022/08/14 11:50:31 ET]
Table 'Anacreon II' 9-max Seat #7 is the button
Seat 1: vladimir5421 ($5.07 in chips) 
Seat 2: RealScot ($5.44 in chips) 
Seat 3: Larry-s1980 ($5.85 in chips) 
Seat 4: AssosManiki ($11.99 in chips) 
Seat 5: 0RB BR0 ($5.63 in chips) 
Seat 6: Dorex2007 ($5 in chips) 
Seat 7: AGVsmarT ($4.42 in chips) 
Seat 8: Sjield ($2.95 in chips) 
Seat 9: watersofain ($5 in chips) 
Sjield: posts small blind $0.02
watersofain: posts big blind $0.05
*** HOLE CARDS ***
Dealt to Dorex2007 [Qh Jd]
vladimir5421: folds 
RealScot: folds 
Larry-s1980: folds 
AssosManiki: folds 
0RB BR0: folds 
Dorex2007: raises $0.10 to $0.15
AGVsmarT: folds 
Sjield: folds 
watersofain: calls $0.10
*** FLOP *** [Jc As Ac]
watersofain: checks 
Dorex2007: bets $0.21
watersofain: raises $0.29 to $0.50
Dorex2007: folds 
Uncalled bet ($0.29) returned to watersofain
watersofain collected $0.71 from pot
*** SUMMARY ***
Total pot $0.74 | Rake $0.03 
Board [Jc As Ac]
Seat 1: vladimir5421 folded before Flop (didn't bet)
Seat 2: RealScot folded before Flop (didn't bet)
Seat 3: Larry-s1980 folded before Flop (didn't bet)
Seat 4: AssosManiki folded before Flop (didn't bet)
Seat 5: 0RB BR0 folded before Flop (didn't bet)
Seat 6: Dorex2007 folded on the Flop
Seat 7: AGVsmarT (button) folded before Flop (didn't bet)
Seat 8: Sjield (small blind) folded before Flop
Seat 9: watersofain (big blind) collected ($0.71)



PokerStars Hand #237985452869:  Hold'em No Limit ($0.02/$0.05 USD) - 2022/08/14 8:51:16 PT [2022/08/14 11:51:16 ET]
Table 'Anacreon II' 9-max Seat #8 is the button
Seat 1: vladimir5421 ($5.07 in chips) 
Seat 2: RealScot ($5.44 in chips) 
Seat 3: Larry-s1980 ($5.85 in chips) 
Seat 4: AssosManiki ($11.99 in chips) 
Seat 5: 0RB BR0 ($5.63 in chips) 
Seat 6: Dorex2007 ($5 in chips) 
Seat 7: AGVsmarT ($4.42 in chips) 
Seat 8: Sjield ($2.93 in chips) 
Seat 9: watersofain ($5.35 in chips) 
watersofain: posts small blind $0.02
vladimir5421: posts big blind $0.05
*** HOLE CARDS ***
Dealt to Dorex2007 [5d 2c]
RealScot: folds 
Larry-s1980: raises $0.10 to $0.15
AssosManiki: folds 
0RB BR0: calls $0.15
Dorex2007: folds 
AGVsmarT: folds 
Sjield: folds 
watersofain: folds 
vladimir5421: calls $0.10
*** FLOP *** [8h 5c 5h]
vladimir5421: checks 
Larry-s1980: checks 
0RB BR0: checks 
*** TURN *** [8h 5c 5h] [Kd]
vladimir5421: checks 
Larry-s1980: bets $0.22
0RB BR0: folds 
vladimir5421: folds 
Uncalled bet ($0.22) returned to Larry-s1980
Larry-s1980 collected $0.45 from pot
Larry-s1980: doesn't show hand 
*** SUMMARY ***
Total pot $0.47 | Rake $0.02 
Board [8h 5c 5h Kd]
Seat 1: vladimir5421 (big blind) folded on the Turn
Seat 2: RealScot folded before Flop (didn't bet)
Seat 3: Larry-s1980 collected ($0.45)
Seat 4: AssosManiki folded before Flop (didn't bet)
Seat 5: 0RB BR0 folded on the Turn
Seat 6: Dorex2007 folded before Flop (didn't bet)
Seat 7: AGVsmarT folded before Flop (didn't bet)
Seat 8: Sjield (button) folded before Flop (didn't bet)
Seat 9: watersofain (small blind) folded before Flop



PokerStars Hand #237985473912:  Hold'em No Limit ($0.02/$0.05 USD) - 2022/08/14 8:52:24 PT [2022/08/14 11:52:24 ET]
Table 'Anacreon II' 9-max Seat #9 is the button
Seat 1: vladimir5421 ($5 in chips) 
Seat 2: RealScot ($5.44 in chips) 
Seat 3: Larry-s1980 ($6.15 in chips) 
Seat 4: AssosManiki ($11.99 in chips) 
Seat 5: 0RB BR0 ($5.48 in chips) 
Seat 6: Dorex2007 ($5 in chips) 
Seat 7: AGVsmarT ($4.42 in chips) 
Seat 8: Sjield ($2.93 in chips) 
Seat 9: watersofain ($5.33 in chips) 
vladimir5421: posts small blind $0.02
RealScot: posts big blind $0.05
*** HOLE CARDS ***
Dealt to Dorex2007 [3h 5c]
Larry-s1980: folds 
AssosManiki: raises $0.08 to $0.13
0RB BR0: folds 
Dorex2007: folds 
AGVsmarT: folds 
Sjield: folds 
watersofain: folds 
vladimir5421: folds 
RealScot: calls $0.08
*** FLOP *** [Jh 5h 8d]
RealScot: checks 
AssosManiki: bets $0.18
RealScot: folds 
Uncalled bet ($0.18) returned to AssosManiki
AssosManiki collected $0.27 from pot
AssosManiki: doesn't show hand 
*** SUMMARY ***
Total pot $0.28 | Rake $0.01 
Board [Jh 5h 8d]
Seat 1: vladimir5421 (small blind) folded before Flop
Seat 2: RealScot (big blind) folded on the Flop
Seat 3: Larry-s1980 folded before Flop (didn't bet)
Seat 4: AssosManiki collected ($0.27)
Seat 5: 0RB BR0 folded before Flop (didn't bet)
Seat 6: Dorex2007 folded before Flop (didn't bet)
Seat 7: AGVsmarT folded before Flop (didn't bet)
Seat 8: Sjield folded before Flop (didn't bet)
Seat 9: watersofain (button) folded before Flop (didn't bet)



PokerStars Hand #237985488314:  Hold'em No Limit ($0.02/$0.05 USD) - 2022/08/14 8:53:10 PT [2022/08/14 11:53:10 ET]
Table 'Anacreon II' 9-max Seat #1 is the button
Seat 1: vladimir5421 ($5 in chips) 
Seat 2: RealScot ($5.31 in chips) 
Seat 3: Larry-s1980 ($6.15 in chips) 
Seat 4: AssosManiki ($12.13 in chips) 
Seat 5: 0RB BR0 ($5.48 in chips) 
Seat 6: Dorex2007 ($5 in chips) 
Seat 7: AGVsmarT ($4.42 in chips) 
Seat 8: Sjield ($2.93 in chips) 
Seat 9: watersofain ($5.33 in chips) 
RealScot: posts small blind $0.02
Larry-s1980: posts big blind $0.05
*** HOLE CARDS ***
Dealt to Dorex2007 [Qs 3s]
AssosManiki: folds 
0RB BR0: folds 
Dorex2007: folds 
AGVsmarT: folds 
Sjield: folds 
watersofain has timed out
watersofain: folds 
vladimir5421: raises $0.10 to $0.15
RealScot: folds 
Larry-s1980: calls $0.10
*** FLOP *** [5s 7h 9c]
Larry-s1980: checks 
vladimir5421: checks 
*** TURN *** [5s 7h 9c] [Jd]
Larry-s1980: checks 
vladimir5421: checks 
*** RIVER *** [5s 7h 9c Jd] [7s]
Larry-s1980: checks 
vladimir5421: checks 
*** SHOW DOWN ***
Larry-s1980: shows [Ts As] (a pair of Sevens)
vladimir5421: mucks hand 
Larry-s1980 collected $0.31 from pot
*** SUMMARY ***
Total pot $0.32 | Rake $0.01 
Board [5s 7h 9c Jd 7s]
Seat 1: vladimir5421 (button) mucked [8h Kh]
Seat 2: RealScot (small blind) folded before Flop
Seat 3: Larry-s1980 (big blind) showed [Ts As] and won ($0.31) with a pair of Sevens
Seat 4: AssosManiki folded before Flop (didn't bet)
Seat 5: 0RB BR0 folded before Flop (didn't bet)
Seat 6: Dorex2007 folded before Flop (didn't bet)
Seat 7: AGVsmarT folded before Flop (didn't bet)
Seat 8: Sjield folded before Flop (didn't bet)
Seat 9: watersofain folded before Flop (didn't bet)



PokerStars Hand #237985509937:  Hold'em No Limit ($0.02/$0.05 USD) - 2022/08/14 8:54:20 PT [2022/08/14 11:54:20 ET]
Table 'Anacreon II' 9-max Seat #2 is the button
Seat 1: vladimir5421 ($5 in chips) 
Seat 2: RealScot ($5.29 in chips) 
Seat 3: Larry-s1980 ($6.31 in chips) 
Seat 5: 0RB BR0 ($5.48 in chips) 
Seat 6: Dorex2007 ($5 in chips) 
Seat 7: AGVsmarT ($4.42 in chips) 
Seat 8: Sjield ($2.93 in chips) 
Larry-s1980: posts small blind $0.02
0RB BR0: posts big blind $0.05
*** HOLE CARDS ***
Dealt to Dorex2007 [4h Ts]
Dorex2007: folds 
AGVsmarT has timed out
AGVsmarT: folds 
Sjield: folds 
vladimir5421: folds 
RealScot: raises $0.10 to $0.15
Larry-s1980: folds 
0RB BR0: folds 
Uncalled bet ($0.10) returned to RealScot
RealScot collected $0.12 from pot
RealScot: doesn't show hand 
*** SUMMARY ***
Total pot $0.12 | Rake $0 
Seat 1: vladimir5421 folded before Flop (didn't bet)
Seat 2: RealScot (button) collected ($0.12)
Seat 3: Larry-s1980 (small blind) folded before Flop
Seat 5: 0RB BR0 (big blind) folded before Flop
Seat 6: Dorex2007 folded before Flop (didn't bet)
Seat 7: AGVsmarT folded before Flop (didn't bet)
Seat 8: Sjield folded before Flop (didn't bet)



PokerStars Hand #237985519439:  Hold'em No Limit ($0.02/$0.05 USD) - 2022/08/14 8:54:51 PT [2022/08/14 11:54:51 ET]
Table 'Anacreon II' 9-max Seat #3 is the button
Seat 1: vladimir5421 ($5 in chips) 
Seat 2: RealScot ($5.36 in chips) 
Seat 3: Larry-s1980 ($6.29 in chips) 
Seat 5: 0RB BR0 ($5.43 in chips) 
Seat 6: Dorex2007 ($5 in chips) 
Seat 8: Sjield ($2.93 in chips) 
0RB BR0: posts small blind $0.02
Dorex2007: posts big blind $0.05
*** HOLE CARDS ***
Dealt to Dorex2007 [6c Qc]
Sjield: raises $0.10 to $0.15
vladimir5421: folds 
RealScot: folds 
Larry-s1980: folds 
0RB BR0: folds 
Dorex2007: folds 
Uncalled bet ($0.10) returned to Sjield
Sjield collected $0.12 from pot
Sjield: doesn't show hand 
*** SUMMARY ***
Total pot $0.12 | Rake $0 
Seat 1: vladimir5421 folded before Flop (didn't bet)
Seat 2: RealScot folded before Flop (didn't bet)
Seat 3: Larry-s1980 (button) folded before Flop (didn't bet)
Seat 5: 0RB BR0 (small blind) folded before Flop
Seat 6: Dorex2007 (big blind) folded before Flop
Seat 8: Sjield collected ($0.12)



PokerStars Hand #237985525719:  Hold'em No Limit ($0.02/$0.05 USD) - 2022/08/14 8:55:11 PT [2022/08/14 11:55:11 ET]
Table 'Anacreon II' 9-max Seat #5 is the button
Seat 1: vladimir5421 ($5 in chips) 
Seat 2: RealScot ($5.36 in chips) 
Seat 3: Larry-s1980 ($6.29 in chips) 
Seat 5: 0RB BR0 ($5.41 in chips) 
Seat 6: Dorex2007 ($5 in chips) 
Dorex2007: posts small blind $0.02
Sjield: is sitting out 
vladimir5421: posts big blind $0.05
*** HOLE CARDS ***
Dealt to Dorex2007 [Kh 2s]
RealScot: folds 
Sjield leaves the table
Larry-s1980: folds 
MAJ3ST!C89 joins the table at seat #8 
0RB BR0: folds 
Dorex2007: folds 
Uncalled bet ($0.03) returned to vladimir5421
vladimir5421 collected $0.04 from pot
vladimir5421: doesn't show hand 
*** SUMMARY ***
Total pot $0.04 | Rake $0 
Seat 1: vladimir5421 (big blind) collected ($0.04)
Seat 2: RealScot folded before Flop (didn't bet)
Seat 3: Larry-s1980 folded before Flop (didn't bet)
Seat 5: 0RB BR0 (button) folded before Flop (didn't bet)
Seat 6: Dorex2007 (small blind) folded before Flop



PokerStars Hand #237985528159:  Hold'em No Limit ($0.02/$0.05 USD) - 2022/08/14 8:55:22 PT [2022/08/14 11:55:22 ET]
Table 'Anacreon II' 9-max Seat #6 is the button
Seat 1: vladimir5421 ($5.02 in chips) 
Seat 2: RealScot ($5.36 in chips) 
Seat 3: Larry-s1980 ($6.29 in chips) 
Seat 5: 0RB BR0 ($5.41 in chips) 
Seat 6: Dorex2007 ($5 in chips) 
vladimir5421: posts small blind $0.02
RealScot: posts big blind $0.05
*** HOLE CARDS ***
Dealt to Dorex2007 [9h 7d]
Larry-s1980: folds 
0RB BR0: folds 
Dorex2007: folds 
vladimir5421: folds 
Uncalled bet ($0.03) returned to RealScot
RealScot collected $0.04 from pot
RealScot: doesn't show hand 
*** SUMMARY ***
Total pot $0.04 | Rake $0 
Seat 1: vladimir5421 (small blind) folded before Flop
Seat 2: RealScot (big blind) collected ($0.04)
Seat 3: Larry-s1980 folded before Flop (didn't bet)
Seat 5: 0RB BR0 folded before Flop (didn't bet)
Seat 6: Dorex2007 (button) folded before Flop (didn't bet)



PokerStars Hand #237985530887:  Hold'em No Limit ($0.02/$0.05 USD) - 2022/08/14 8:55:34 PT [2022/08/14 11:55:34 ET]
Table 'Anacreon II' 9-max Seat #1 is the button
Seat 1: vladimir5421 ($5 in chips) 
Seat 2: RealScot ($5.38 in chips) 
Seat 3: Larry-s1980 ($6.29 in chips) 
Seat 5: 0RB BR0 ($5.41 in chips) 
Seat 6: Dorex2007 ($5 in chips) 
Seat 8: MAJ3ST!C89 ($5 in chips) 
RealScot: posts small blind $0.02
Larry-s1980: posts big blind $0.05
MAJ3ST!C89: posts big blind $0.05
*** HOLE CARDS ***
Dealt to Dorex2007 [Jc 3c]
0RB BR0: folds 
Dorex2007: folds 
MAJ3ST!C89: checks 
vladimir5421: folds 
RealScot: folds 
Larry-s1980: checks 
*** FLOP *** [3s 4h Qh]
Larry-s1980: checks 
MAJ3ST!C89: bets $0.05
Larry-s1980: calls $0.05
*** TURN *** [3s 4h Qh] [Qs]
Larry-s1980: checks 
MAJ3ST!C89: bets $0.10
Larry-s1980: folds 
Uncalled bet ($0.10) returned to MAJ3ST!C89
MAJ3ST!C89 collected $0.21 from pot
*** SUMMARY ***
Total pot $0.22 | Rake $0.01 
Board [3s 4h Qh Qs]
Seat 1: vladimir5421 (button) folded before Flop (didn't bet)
Seat 2: RealScot (small blind) folded before Flop
Seat 3: Larry-s1980 (big blind) folded on the Turn
Seat 5: 0RB BR0 folded before Flop (didn't bet)
Seat 6: Dorex2007 folded before Flop (didn't bet)
Seat 8: MAJ3ST!C89 collected ($0.21)



PokerStars Hand #237985539258:  Hold'em No Limit ($0.02/$0.05 USD) - 2022/08/14 8:56:12 PT [2022/08/14 11:56:12 ET]
Table 'Anacreon II' 9-max Seat #2 is the button
Seat 1: vladimir5421 ($5 in chips) 
Seat 2: RealScot ($5.36 in chips) 
Seat 3: Larry-s1980 ($6.19 in chips) 
Seat 5: 0RB BR0 ($5.41 in chips) 
Seat 6: Dorex2007 ($5 in chips) 
Seat 8: MAJ3ST!C89 ($5.11 in chips) 
Larry-s1980: posts small blind $0.02
0RB BR0: posts big blind $0.05
AGVsmarT: sits out 
*** HOLE CARDS ***
Dealt to Dorex2007 [2d 6d]
Dorex2007: folds 
MAJ3ST!C89: calls $0.05
vladimir5421: folds 
RealScot: raises $0.15 to $0.20
Larry-s1980: folds 
0RB BR0: folds 
MAJ3ST!C89: folds 
Uncalled bet ($0.15) returned to RealScot
RealScot collected $0.17 from pot
RealScot: doesn't show hand 
*** SUMMARY ***
Total pot $0.17 | Rake $0 
Seat 1: vladimir5421 folded before Flop (didn't bet)
Seat 2: RealScot (button) collected ($0.17)
Seat 3: Larry-s1980 (small blind) folded before Flop
Seat 5: 0RB BR0 (big blind) folded before Flop
Seat 6: Dorex2007 folded before Flop (didn't bet)
Seat 8: MAJ3ST!C89 folded before Flop



PokerStars Hand #237985544684:  Hold'em No Limit ($0.02/$0.05 USD) - 2022/08/14 8:56:36 PT [2022/08/14 11:56:36 ET]
Table 'Anacreon II' 9-max Seat #3 is the button
Seat 1: vladimir5421 ($5 in chips) 
Seat 2: RealScot ($5.48 in chips) 
Seat 3: Larry-s1980 ($6.17 in chips) 
Seat 5: 0RB BR0 ($5.36 in chips) 
Seat 6: Dorex2007 ($5 in chips) 
Seat 8: MAJ3ST!C89 ($5.06 in chips) 
0RB BR0: posts small blind $0.02
Dorex2007: posts big blind $0.05
AGVsmarT: sits out 
*** HOLE CARDS ***
Dealt to Dorex2007 [3d Kh]
MAJ3ST!C89: calls $0.05
vladimir5421: folds 
RealScot: folds 
Larry-s1980: folds 
0RB BR0: calls $0.03
Dorex2007: checks 
*** FLOP *** [As 2h 8s]
0RB BR0: checks 
Dorex2007: checks 
MAJ3ST!C89: checks 
*** TURN *** [As 2h 8s] [Tc]
0RB BR0: bets $0.10
Dorex2007: folds 
MAJ3ST!C89: calls $0.10
*** RIVER *** [As 2h 8s Tc] [4d]
0RB BR0: checks 
MAJ3ST!C89: bets $0.17
0RB BR0: folds 
Uncalled bet ($0.17) returned to MAJ3ST!C89
MAJ3ST!C89 collected $0.34 from pot
*** SUMMARY ***
Total pot $0.35 | Rake $0.01 
Board [As 2h 8s Tc 4d]
Seat 1: vladimir5421 folded before Flop (didn't bet)
Seat 2: RealScot folded before Flop (didn't bet)
Seat 3: Larry-s1980 (button) folded before Flop (didn't bet)
Seat 5: 0RB BR0 (small blind) folded on the River
Seat 6: Dorex2007 (big blind) folded on the Turn
Seat 8: MAJ3ST!C89 collected ($0.34)



PokerStars Hand #237985559066:  Hold'em No Limit ($0.02/$0.05 USD) - 2022/08/14 8:57:21 PT [2022/08/14 11:57:21 ET]
Table 'Anacreon II' 9-max Seat #5 is the button
Seat 1: vladimir5421 ($5 in chips) 
Seat 2: RealScot ($5.48 in chips) 
Seat 3: Larry-s1980 ($6.17 in chips) 
Seat 5: 0RB BR0 ($5.21 in chips) 
Seat 6: Dorex2007 ($5 in chips) 
Seat 7: AGVsmarT ($4.42 in chips) 
Seat 8: MAJ3ST!C89 ($5.25 in chips) 
Dorex2007: posts small blind $0.02
AGVsmarT: posts big blind $0.05
watersofain: sits out 
*** HOLE CARDS ***
Dealt to Dorex2007 [5h 8d]
MAJ3ST!C89: calls $0.05
vladimir5421: raises $0.10 to $0.15
RealScot: folds 
Larry-s1980: folds 
0RB BR0: raises $0.30 to $0.45
Dorex2007: folds 
AGVsmarT: folds 
MAJ3ST!C89: calls $0.40
vladimir5421: folds 
*** FLOP *** [Jh 4c 6s]
MAJ3ST!C89: checks 
0RB BR0: bets $0.48
MAJ3ST!C89: folds 
Uncalled bet ($0.48) returned to 0RB BR0
0RB BR0 collected $1.07 from pot
*** SUMMARY ***
Total pot $1.12 | Rake $0.05 
Board [Jh 4c 6s]
Seat 1: vladimir5421 folded before Flop
Seat 2: RealScot folded before Flop (didn't bet)
Seat 3: Larry-s1980 folded before Flop (didn't bet)
Seat 5: 0RB BR0 (button) collected ($1.07)
Seat 6: Dorex2007 (small blind) folded before Flop
Seat 7: AGVsmarT (big blind) folded before Flop
Seat 8: MAJ3ST!C89 folded on the Flop



PokerStars Hand #237985566913:  Hold'em No Limit ($0.02/$0.05 USD) - 2022/08/14 8:57:56 PT [2022/08/14 11:57:56 ET]
Table 'Anacreon II' 9-max Seat #6 is the button
Seat 1: vladimir5421 ($5 in chips) 
Seat 2: RealScot ($5.48 in chips) 
Seat 3: Larry-s1980 ($6.17 in chips) 
Seat 5: 0RB BR0 ($5.83 in chips) 
Seat 6: Dorex2007 ($5 in chips) 
Seat 7: AGVsmarT ($4.37 in chips) 
Seat 8: MAJ3ST!C89 ($4.80 in chips) 
AGVsmarT: posts small blind $0.02
MAJ3ST!C89: posts big blind $0.05
watersofain: sits out 
*** HOLE CARDS ***
Dealt to Dorex2007 [4s 5c]
vladimir5421: folds 
RealScot: folds 
Larry-s1980: folds 
0RB BR0: folds 
Dorex2007: folds 
AGVsmarT: folds 
Uncalled bet ($0.03) returned to MAJ3ST!C89
MAJ3ST!C89 collected $0.04 from pot
*** SUMMARY ***
Total pot $0.04 | Rake $0 
Seat 1: vladimir5421 folded before Flop (didn't bet)
Seat 2: RealScot folded before Flop (didn't bet)
Seat 3: Larry-s1980 folded before Flop (didn't bet)
Seat 5: 0RB BR0 folded before Flop (didn't bet)
Seat 6: Dorex2007 (button) folded before Flop (didn't bet)
Seat 7: AGVsmarT (small blind) folded before Flop
Seat 8: MAJ3ST!C89 (big blind) collected ($0.04)



PokerStars Hand #237985569354:  Hold'em No Limit ($0.02/$0.05 USD) - 2022/08/14 8:58:06 PT [2022/08/14 11:58:06 ET]
Table 'Anacreon II' 9-max Seat #7 is the button
Seat 1: vladimir5421 ($5 in chips) 
Seat 2: RealScot ($5.48 in chips) 
Seat 3: Larry-s1980 ($6.17 in chips) 
Seat 5: 0RB BR0 ($5.83 in chips) 
Seat 6: Dorex2007 ($5 in chips) 
Seat 7: AGVsmarT ($4.35 in chips) 
Seat 8: MAJ3ST!C89 ($4.82 in chips) 
Seat 9: watersofain ($5.33 in chips) 
MAJ3ST!C89: posts small blind $0.02
watersofain: posts big blind $0.05
*** HOLE CARDS ***
Dealt to Dorex2007 [Th 7d]
vladimir5421: folds 
RealScot: folds 
Larry-s1980: folds 
0RB BR0: calls $0.05
Dorex2007: folds 
AGVsmarT: folds 
MAJ3ST!C89: calls $0.03
watersofain: checks 
*** FLOP *** [9d Kh 3d]
MAJ3ST!C89: checks 
watersofain: checks 
0RB BR0: checks 
*** TURN *** [9d Kh 3d] [Kd]
MAJ3ST!C89: checks 
watersofain: checks 
0RB BR0: checks 
*** RIVER *** [9d Kh 3d Kd] [6h]
MAJ3ST!C89: bets $0.14
watersofain: folds 
0RB BR0: folds 
Uncalled bet ($0.14) returned to MAJ3ST!C89
MAJ3ST!C89 collected $0.14 from pot
*** SUMMARY ***
Total pot $0.15 | Rake $0.01 
Board [9d Kh 3d Kd 6h]
Seat 1: vladimir5421 folded before Flop (didn't bet)
Seat 2: RealScot folded before Flop (didn't bet)
Seat 3: Larry-s1980 folded before Flop (didn't bet)
Seat 5: 0RB BR0 folded on the River
Seat 6: Dorex2007 folded before Flop (didn't bet)
Seat 7: AGVsmarT (button) folded before Flop (didn't bet)
Seat 8: MAJ3ST!C89 (small blind) collected ($0.14)
Seat 9: watersofain (big blind) folded on the River



PokerStars Hand #237985586453:  Hold'em No Limit ($0.02/$0.05 USD) - 2022/08/14 8:59:23 PT [2022/08/14 11:59:23 ET]
Table 'Anacreon II' 9-max Seat #8 is the button
Seat 1: vladimir5421 ($5 in chips) 
Seat 2: RealScot ($5.48 in chips) 
Seat 3: Larry-s1980 ($6.17 in chips) 
Seat 5: 0RB BR0 ($5.78 in chips) 
Seat 6: Dorex2007 ($5 in chips) 
Seat 7: AGVsmarT ($4.35 in chips) 
Seat 8: MAJ3ST!C89 ($4.91 in chips) 
Seat 9: watersofain ($5.28 in chips) 
watersofain: posts small blind $0.02
vladimir5421: posts big blind $0.05
*** HOLE CARDS ***
Dealt to Dorex2007 [Td Kc]
RealScot: folds 
Larry-s1980: folds 
0RB BR0: folds 
Dorex2007: folds 
AGVsmarT: folds 
MAJ3ST!C89: calls $0.05
watersofain: folds 
vladimir5421: checks 
*** FLOP *** [4c 6s Js]
vladimir5421: checks 
MAJ3ST!C89: bets $0.05
vladimir5421: calls $0.05
*** TURN *** [4c 6s Js] [As]
vladimir5421: checks 
MAJ3ST!C89: bets $0.05
vladimir5421: folds 
Uncalled bet ($0.05) returned to MAJ3ST!C89
MAJ3ST!C89 collected $0.21 from pot
*** SUMMARY ***
Total pot $0.22 | Rake $0.01 
Board [4c 6s Js As]
Seat 1: vladimir5421 (big blind) folded on the Turn
Seat 2: RealScot folded before Flop (didn't bet)
Seat 3: Larry-s1980 folded before Flop (didn't bet)
Seat 5: 0RB BR0 folded before Flop (didn't bet)
Seat 6: Dorex2007 folded before Flop (didn't bet)
Seat 7: AGVsmarT folded before Flop (didn't bet)
Seat 8: MAJ3ST!C89 (button) collected ($0.21)
Seat 9: watersofain (small blind) folded before Flop



PokerStars Hand #237985607789:  Hold'em No Limit ($0.02/$0.05 USD) - 2022/08/14 9:00:55 PT [2022/08/14 12:00:55 ET]
Table 'Anacreon II' 9-max Seat #9 is the button
Seat 1: vladimir5421 ($5 in chips) 
Seat 2: RealScot ($5.48 in chips) 
Seat 3: Larry-s1980 ($6.17 in chips) 
Seat 5: 0RB BR0 ($5.78 in chips) 
Seat 6: Dorex2007 ($5 in chips) 
Seat 7: AGVsmarT ($4.35 in chips) 
Seat 8: MAJ3ST!C89 ($5.02 in chips) 
Seat 9: watersofain ($5.26 in chips) 
vladimir5421: posts small blind $0.02
RealScot: posts big blind $0.05
AssosManiki: sits out 
*** HOLE CARDS ***
Dealt to Dorex2007 [4s 2c]
Larry-s1980: folds 
0RB BR0: folds 
Dorex2007: folds 
AGVsmarT: folds 
MAJ3ST!C89: calls $0.05
watersofain: folds 
vladimir5421: folds 
RealScot: checks 
*** FLOP *** [8c Kd 9c]
RealScot: checks 
MAJ3ST!C89: checks 
*** TURN *** [8c Kd 9c] [9h]
RealScot: checks 
MAJ3ST!C89: checks 
*** RIVER *** [8c Kd 9c 9h] [9s]
RealScot: bets $0.08
MAJ3ST!C89: raises $0.08 to $0.16
RealScot: calls $0.08
*** SHOW DOWN ***
MAJ3ST!C89: shows [6s Qh] (three of a kind, Nines)
RealScot: shows [Jh Kc] (a full house, Nines full of Kings)
RealScot collected $0.42 from pot
*** SUMMARY ***
Total pot $0.44 | Rake $0.02 
Board [8c Kd 9c 9h 9s]
Seat 1: vladimir5421 (small blind) folded before Flop
Seat 2: RealScot (big blind) showed [Jh Kc] and won ($0.42) with a full house, Nines full of Kings
Seat 3: Larry-s1980 folded before Flop (didn't bet)
Seat 5: 0RB BR0 folded before Flop (didn't bet)
Seat 6: Dorex2007 folded before Flop (didn't bet)
Seat 7: AGVsmarT folded before Flop (didn't bet)
Seat 8: MAJ3ST!C89 showed [6s Qh] and lost with three of a kind, Nines
Seat 9: watersofain (button) folded before Flop (didn't bet)



PokerStars Hand #237985627887:  Hold'em No Limit ($0.02/$0.05 USD) - 2022/08/14 9:02:04 PT [2022/08/14 12:02:04 ET]
Table 'Anacreon II' 9-max Seat #1 is the button
Seat 1: vladimir5421 ($5 in chips) 
Seat 2: RealScot ($5.69 in chips) 
Seat 3: Larry-s1980 ($6.17 in chips) 
Seat 5: 0RB BR0 ($5.78 in chips) 
Seat 6: Dorex2007 ($5 in chips) 
Seat 7: AGVsmarT ($4.35 in chips) 
Seat 8: MAJ3ST!C89 ($4.81 in chips) 
Seat 9: watersofain ($5.26 in chips) 
RealScot: posts small blind $0.02
Larry-s1980: posts big blind $0.05
*** HOLE CARDS ***
Dealt to Dorex2007 [5h 3h]
0RB BR0: folds 
Dorex2007: folds 
AGVsmarT: raises $0.12 to $0.17
MAJ3ST!C89: folds 
watersofain: folds 
vladimir5421: folds 
RealScot: folds 
Larry-s1980: folds 
Uncalled bet ($0.12) returned to AGVsmarT
AGVsmarT collected $0.12 from pot
*** SUMMARY ***
Total pot $0.12 | Rake $0 
Seat 1: vladimir5421 (button) folded before Flop (didn't bet)
Seat 2: RealScot (small blind) folded before Flop
Seat 3: Larry-s1980 (big blind) folded before Flop
Seat 5: 0RB BR0 folded before Flop (didn't bet)
Seat 6: Dorex2007 folded before Flop (didn't bet)
Seat 7: AGVsmarT collected ($0.12)
Seat 8: MAJ3ST!C89 folded before Flop (didn't bet)
Seat 9: watersofain folded before Flop (didn't bet)



PokerStars Hand #237985639086:  Hold'em No Limit ($0.02/$0.05 USD) - 2022/08/14 9:02:39 PT [2022/08/14 12:02:39 ET]
Table 'Anacreon II' 9-max Seat #2 is the button
Seat 1: vladimir5421 ($5 in chips) 
Seat 2: RealScot ($5.67 in chips) 
Seat 3: Larry-s1980 ($6.12 in chips) 
Seat 5: 0RB BR0 ($5.78 in chips) 
Seat 6: Dorex2007 ($5 in chips) 
Seat 7: AGVsmarT ($4.42 in chips) 
Seat 8: MAJ3ST!C89 ($4.81 in chips) 
Seat 9: watersofain ($5.26 in chips) 
Larry-s1980: posts small blind $0.02
0RB BR0: posts big blind $0.05
*** HOLE CARDS ***
Dealt to Dorex2007 [8h Td]
Dorex2007: folds 
AGVsmarT: folds 
MAJ3ST!C89: calls $0.05
watersofain: folds 
vladimir5421: folds 
RealScot: folds 
Larry-s1980: folds 
0RB BR0: checks 
*** FLOP *** [Ts Kd Qc]
0RB BR0: checks 
MAJ3ST!C89: bets $0.05
0RB BR0: folds 
Uncalled bet ($0.05) returned to MAJ3ST!C89
MAJ3ST!C89 collected $0.12 from pot
*** SUMMARY ***
Total pot $0.12 | Rake $0 
Board [Ts Kd Qc]
Seat 1: vladimir5421 folded before Flop (didn't bet)
Seat 2: RealScot (button) folded before Flop (didn't bet)
Seat 3: Larry-s1980 (small blind) folded before Flop
Seat 5: 0RB BR0 (big blind) folded on the Flop
Seat 6: Dorex2007 folded before Flop (didn't bet)
Seat 7: AGVsmarT folded before Flop (didn't bet)
Seat 8: MAJ3ST!C89 collected ($0.12)
Seat 9: watersofain folded before Flop (didn't bet)



PokerStars Hand #237985648349:  Hold'em No Limit ($0.02/$0.05 USD) - 2022/08/14 9:03:10 PT [2022/08/14 12:03:10 ET]
Table 'Anacreon II' 9-max Seat #3 is the button
Seat 1: vladimir5421 ($5 in chips) 
Seat 2: RealScot ($5.67 in chips) 
Seat 3: Larry-s1980 ($6.10 in chips) 
Seat 5: 0RB BR0 ($5.73 in chips) 
Seat 6: Dorex2007 ($5 in chips) 
Seat 7: AGVsmarT ($4.42 in chips) 
Seat 8: MAJ3ST!C89 ($4.88 in chips) 
Seat 9: watersofain ($5.26 in chips) 
0RB BR0: posts small blind $0.02
Dorex2007: posts big blind $0.05
*** HOLE CARDS ***
Dealt to Dorex2007 [Th Qs]
AGVsmarT: folds 
MAJ3ST!C89: calls $0.05
watersofain: folds 
vladimir5421: folds 
RealScot: folds 
Larry-s1980: raises $0.05 to $0.10
0RB BR0: folds 
Dorex2007: calls $0.05
MAJ3ST!C89: calls $0.05
*** FLOP *** [Ts 6s 3s]
Dorex2007: bets $0.31
MAJ3ST!C89: folds 
Larry-s1980: calls $0.31
*** TURN *** [Ts 6s 3s] [9s]
Dorex2007: bets $0.90
Larry-s1980: calls $0.90
*** RIVER *** [Ts 6s 3s 9s] [Td]
Dorex2007: checks 
Larry-s1980: checks 
*** SHOW DOWN ***
Dorex2007: shows [Th Qs] (a flush, Queen high)
Larry-s1980: mucks hand 
Dorex2007 collected $2.63 from pot
*** SUMMARY ***
Total pot $2.74 | Rake $0.11 
Board [Ts 6s 3s 9s Td]
Seat 1: vladimir5421 folded before Flop (didn't bet)
Seat 2: RealScot folded before Flop (didn't bet)
Seat 3: Larry-s1980 (button) mucked [5s Js]
Seat 5: 0RB BR0 (small blind) folded before Flop
Seat 6: Dorex2007 (big blind) showed [Th Qs] and won ($2.63) with a flush, Queen high
Seat 7: AGVsmarT folded before Flop (didn't bet)
Seat 8: MAJ3ST!C89 folded on the Flop
Seat 9: watersofain folded before Flop (didn't bet)



PokerStars Hand #237985666287:  Hold'em No Limit ($0.02/$0.05 USD) - 2022/08/14 9:04:08 PT [2022/08/14 12:04:08 ET]
Table 'Anacreon II' 9-max Seat #5 is the button
Seat 1: vladimir5421 ($5 in chips) 
Seat 2: RealScot ($5.67 in chips) 
Seat 3: Larry-s1980 ($4.79 in chips) 
Seat 4: AssosManiki ($12.13 in chips) 
Seat 5: 0RB BR0 ($5.71 in chips) 
Seat 6: Dorex2007 ($6.32 in chips) 
Seat 7: AGVsmarT ($4.42 in chips) 
Seat 8: MAJ3ST!C89 ($4.78 in chips) 
Seat 9: watersofain ($5.26 in chips) 
Dorex2007: posts small blind $0.02
AGVsmarT: posts big blind $0.05
AssosManiki: posts small & big blinds $0.07
*** HOLE CARDS ***
Dealt to Dorex2007 [Tc 3c]
MAJ3ST!C89: calls $0.05
watersofain: folds 
vladimir5421: raises $0.25 to $0.30
RealScot: folds 
Larry-s1980: folds 
AssosManiki: folds 
0RB BR0: folds 
Dorex2007: folds 
AGVsmarT: calls $0.25
MAJ3ST!C89: folds 
*** FLOP *** [9d 4s 4h]
AGVsmarT: checks 
vladimir5421: bets $0.40
AGVsmarT: folds 
Uncalled bet ($0.40) returned to vladimir5421
vladimir5421 collected $0.71 from pot
vladimir5421: doesn't show hand 
*** SUMMARY ***
Total pot $0.74 | Rake $0.03 
Board [9d 4s 4h]
Seat 1: vladimir5421 collected ($0.71)
Seat 2: RealScot folded before Flop (didn't bet)
Seat 3: Larry-s1980 folded before Flop (didn't bet)
Seat 4: AssosManiki folded before Flop (didn't bet)
Seat 5: 0RB BR0 (button) folded before Flop (didn't bet)
Seat 6: Dorex2007 (small blind) folded before Flop
Seat 7: AGVsmarT (big blind) folded on the Flop
Seat 8: MAJ3ST!C89 folded before Flop
Seat 9: watersofain folded before Flop (didn't bet)



PokerStars Hand #237985685352:  Hold'em No Limit ($0.02/$0.05 USD) - 2022/08/14 9:05:09 PT [2022/08/14 12:05:09 ET]
Table 'Anacreon II' 9-max Seat #6 is the button
Seat 1: vladimir5421 ($5.41 in chips) 
Seat 2: RealScot ($5.67 in chips) 
Seat 3: Larry-s1980 ($4.79 in chips) 
Seat 4: AssosManiki ($12.06 in chips) 
Seat 5: 0RB BR0 ($5.71 in chips) 
Seat 6: Dorex2007 ($6.30 in chips) 
Seat 7: AGVsmarT ($4.12 in chips) 
Seat 8: MAJ3ST!C89 ($4.73 in chips) 
Seat 9: watersofain ($5.26 in chips) 
AGVsmarT: posts small blind $0.02
MAJ3ST!C89: posts big blind $0.05
*** HOLE CARDS ***
Dealt to Dorex2007 [Ts Qc]
watersofain: folds 
vladimir5421 has timed out
vladimir5421: folds 
RealScot: folds 
Larry-s1980: folds 
AssosManiki: raises $0.08 to $0.13
0RB BR0: folds 
Dorex2007: folds 
AGVsmarT: folds 
MAJ3ST!C89: calls $0.08
*** FLOP *** [2s 7h 3d]
MAJ3ST!C89: checks 
AssosManiki: checks 
*** TURN *** [2s 7h 3d] [9c]
MAJ3ST!C89: checks 
AssosManiki: checks 
*** RIVER *** [2s 7h 3d 9c] [5h]
MAJ3ST!C89: bets $0.13
AssosManiki: folds 
Uncalled bet ($0.13) returned to MAJ3ST!C89
MAJ3ST!C89 collected $0.27 from pot
*** SUMMARY ***
Total pot $0.28 | Rake $0.01 
Board [2s 7h 3d 9c 5h]
Seat 1: vladimir5421 folded before Flop (didn't bet)
Seat 2: RealScot folded before Flop (didn't bet)
Seat 3: Larry-s1980 folded before Flop (didn't bet)
Seat 4: AssosManiki folded on the River
Seat 5: 0RB BR0 folded before Flop (didn't bet)
Seat 6: Dorex2007 (button) folded before Flop (didn't bet)
Seat 7: AGVsmarT (small blind) folded before Flop
Seat 8: MAJ3ST!C89 (big blind) collected ($0.27)
Seat 9: watersofain folded before Flop (didn't bet)



PokerStars Hand #237985703752:  Hold'em No Limit ($0.02/$0.05 USD) - 2022/08/14 9:06:05 PT [2022/08/14 12:06:05 ET]
Table 'Anacreon II' 9-max Seat #7 is the button
Seat 1: vladimir5421 ($5.41 in chips) 
Seat 2: RealScot ($5.67 in chips) 
Seat 3: Larry-s1980 ($4.79 in chips) 
Seat 4: AssosManiki ($11.93 in chips) 
Seat 5: 0RB BR0 ($5.71 in chips) 
Seat 6: Dorex2007 ($6.30 in chips) 
Seat 7: AGVsmarT ($4.10 in chips) 
Seat 8: MAJ3ST!C89 ($4.87 in chips) 
Seat 9: watersofain ($5.26 in chips) 
MAJ3ST!C89: posts small blind $0.02
watersofain: posts big blind $0.05
*** HOLE CARDS ***
Dealt to Dorex2007 [2h 2c]
vladimir5421: folds 
RealScot: folds 
Larry-s1980: folds 
AssosManiki: folds 
0RB BR0: calls $0.05
Dorex2007: calls $0.05
AGVsmarT: calls $0.05
MAJ3ST!C89: calls $0.03
watersofain: checks 
*** FLOP *** [Ah 8c Qh]
MAJ3ST!C89: checks 
watersofain: checks 
0RB BR0: bets $0.05
Dorex2007: folds 
AGVsmarT: calls $0.05
MAJ3ST!C89: calls $0.05
watersofain: folds 
*** TURN *** [Ah 8c Qh] [3d]
MAJ3ST!C89: checks 
0RB BR0: bets $0.19
AGVsmarT: calls $0.19
MAJ3ST!C89: folds 
*** RIVER *** [Ah 8c Qh 3d] [9d]
0RB BR0: bets $0.37
AGVsmarT: folds 
Uncalled bet ($0.37) returned to 0RB BR0
0RB BR0 collected $0.75 from pot
*** SUMMARY ***
Total pot $0.78 | Rake $0.03 
Board [Ah 8c Qh 3d 9d]
Seat 1: vladimir5421 folded before Flop (didn't bet)
Seat 2: RealScot folded before Flop (didn't bet)
Seat 3: Larry-s1980 folded before Flop (didn't bet)
Seat 4: AssosManiki folded before Flop (didn't bet)
Seat 5: 0RB BR0 collected ($0.75)
Seat 6: Dorex2007 folded on the Flop
Seat 7: AGVsmarT (button) folded on the River
Seat 8: MAJ3ST!C89 (small blind) folded on the Turn
Seat 9: watersofain (big blind) folded on the Flop



PokerStars Hand #237985727627:  Hold'em No Limit ($0.02/$0.05 USD) - 2022/08/14 9:07:23 PT [2022/08/14 12:07:23 ET]
Table 'Anacreon II' 9-max Seat #8 is the button
Seat 1: vladimir5421 ($5.41 in chips) 
Seat 2: RealScot ($5.67 in chips) 
Seat 3: Larry-s1980 ($4.79 in chips) 
Seat 4: AssosManiki ($11.93 in chips) 
Seat 5: 0RB BR0 ($6.17 in chips) 
Seat 6: Dorex2007 ($6.25 in chips) 
Seat 7: AGVsmarT ($3.81 in chips) 
Seat 8: MAJ3ST!C89 ($4.77 in chips) 
Seat 9: watersofain ($5.21 in chips) 
watersofain: posts small blind $0.02
vladimir5421: posts big blind $0.05
*** HOLE CARDS ***
Dealt to Dorex2007 [Qc 4d]
RealScot: folds 
Larry-s1980: folds 
AssosManiki: folds 
0RB BR0: calls $0.05
Dorex2007: folds 
AGVsmarT: calls $0.05
MAJ3ST!C89: calls $0.05
watersofain: folds 
vladimir5421: checks 
*** FLOP *** [6c 5h 9c]
vladimir5421: checks 
0RB BR0: checks 
AGVsmarT: bets $0.05
MAJ3ST!C89: folds 
vladimir5421: folds 
0RB BR0: calls $0.05
*** TURN *** [6c 5h 9c] [4h]
0RB BR0: checks 
AGVsmarT: bets $0.05
0RB BR0: calls $0.05
*** RIVER *** [6c 5h 9c 4h] [2d]
0RB BR0: bets $0.40
AGVsmarT: folds 
Uncalled bet ($0.40) returned to 0RB BR0
0RB BR0 collected $0.40 from pot
*** SUMMARY ***
Total pot $0.42 | Rake $0.02 
Board [6c 5h 9c 4h 2d]
Seat 1: vladimir5421 (big blind) folded on the Flop
Seat 2: RealScot folded before Flop (didn't bet)
Seat 3: Larry-s1980 folded before Flop (didn't bet)
Seat 4: AssosManiki folded before Flop (didn't bet)
Seat 5: 0RB BR0 collected ($0.40)
Seat 6: Dorex2007 folded before Flop (didn't bet)
Seat 7: AGVsmarT folded on the River
Seat 8: MAJ3ST!C89 (button) folded on the Flop
Seat 9: watersofain (small blind) folded before Flop



PokerStars Hand #237985742730:  Hold'em No Limit ($0.02/$0.05 USD) - 2022/08/14 9:08:12 PT [2022/08/14 12:08:12 ET]
Table 'Anacreon II' 9-max Seat #9 is the button
Seat 1: vladimir5421 ($5.36 in chips) 
Seat 2: RealScot ($5.67 in chips) 
Seat 3: Larry-s1980 ($4.79 in chips) 
Seat 4: AssosManiki ($11.93 in chips) 
Seat 5: 0RB BR0 ($6.42 in chips) 
Seat 6: Dorex2007 ($6.25 in chips) 
Seat 7: AGVsmarT ($3.66 in chips) 
Seat 8: MAJ3ST!C89 ($4.72 in chips) 
Seat 9: watersofain ($5.19 in chips) 
vladimir5421: posts small blind $0.02
RealScot: posts big blind $0.05
*** HOLE CARDS ***
Dealt to Dorex2007 [7d 5d]
Larry-s1980: folds 
AssosManiki: folds 
0RB BR0: folds 
Dorex2007: folds 
AGVsmarT: folds 
MAJ3ST!C89: calls $0.05
watersofain: folds 
vladimir5421: raises $0.20 to $0.25
RealScot: folds 
MAJ3ST!C89: folds 
Uncalled bet ($0.20) returned to vladimir5421
vladimir5421 collected $0.15 from pot
vladimir5421: doesn't show hand 
*** SUMMARY ***
Total pot $0.15 | Rake $0 
Seat 1: vladimir5421 (small blind) collected ($0.15)
Seat 2: RealScot (big blind) folded before Flop
Seat 3: Larry-s1980 folded before Flop (didn't bet)
Seat 4: AssosManiki folded before Flop (didn't bet)
Seat 5: 0RB BR0 folded before Flop (didn't bet)
Seat 6: Dorex2007 folded before Flop (didn't bet)
Seat 7: AGVsmarT folded before Flop (didn't bet)
Seat 8: MAJ3ST!C89 folded before Flop
Seat 9: watersofain (button) folded before Flop (didn't bet)



PokerStars Hand #237985752316:  Hold'em No Limit ($0.02/$0.05 USD) - 2022/08/14 9:08:43 PT [2022/08/14 12:08:43 ET]
Table 'Anacreon II' 9-max Seat #1 is the button
Seat 1: vladimir5421 ($5.46 in chips) 
Seat 2: RealScot ($5.62 in chips) 
Seat 3: Larry-s1980 ($4.79 in chips) 
Seat 4: AssosManiki ($11.93 in chips) 
Seat 5: 0RB BR0 ($6.42 in chips) 
Seat 6: Dorex2007 ($6.25 in chips) 
Seat 7: AGVsmarT ($3.66 in chips) 
Seat 8: MAJ3ST!C89 ($4.67 in chips) 
Seat 9: watersofain ($5.19 in chips) 
RealScot: posts small blind $0.02
Larry-s1980: posts big blind $0.05
*** HOLE CARDS ***
Dealt to Dorex2007 [Ts Jh]
AssosManiki: folds 
0RB BR0: folds 
Dorex2007: folds 
AGVsmarT: folds 
MAJ3ST!C89: calls $0.05
watersofain: folds 
vladimir5421: folds 
RealScot: calls $0.03
Larry-s1980: checks 
*** FLOP *** [6c 7d 6h]
RealScot: checks 
Larry-s1980: bets $0.07
MAJ3ST!C89: folds 
RealScot: folds 
Uncalled bet ($0.07) returned to Larry-s1980
Larry-s1980 collected $0.14 from pot
Larry-s1980: doesn't show hand 
*** SUMMARY ***
Total pot $0.15 | Rake $0.01 
Board [6c 7d 6h]
Seat 1: vladimir5421 (button) folded before Flop (didn't bet)
Seat 2: RealScot (small blind) folded on the Flop
Seat 3: Larry-s1980 (big blind) collected ($0.14)
Seat 4: AssosManiki folded before Flop (didn't bet)
Seat 5: 0RB BR0 folded before Flop (didn't bet)
Seat 6: Dorex2007 folded before Flop (didn't bet)
Seat 7: AGVsmarT folded before Flop (didn't bet)
Seat 8: MAJ3ST!C89 folded on the Flop
Seat 9: watersofain folded before Flop (didn't bet)



PokerStars Hand #237985766109:  Hold'em No Limit ($0.02/$0.05 USD) - 2022/08/14 9:09:28 PT [2022/08/14 12:09:28 ET]
Table 'Anacreon II' 9-max Seat #2 is the button
Seat 1: vladimir5421 ($5.46 in chips) 
Seat 2: RealScot ($5.57 in chips) 
Seat 3: Larry-s1980 ($4.88 in chips) 
Seat 4: AssosManiki ($11.93 in chips) 
Seat 5: 0RB BR0 ($6.42 in chips) 
Seat 6: Dorex2007 ($6.25 in chips) 
Seat 7: AGVsmarT ($3.66 in chips) 
Seat 8: MAJ3ST!C89 ($4.62 in chips) 
Seat 9: watersofain ($5.19 in chips) 
Larry-s1980: posts small blind $0.02
AssosManiki: posts big blind $0.05
*** HOLE CARDS ***
Dealt to Dorex2007 [4c 2d]
0RB BR0: calls $0.05
Dorex2007: folds 
AGVsmarT: folds 
MAJ3ST!C89: calls $0.05
watersofain: folds 
vladimir5421: folds 
RealScot: folds 
Larry-s1980: folds 
AssosManiki: checks 
*** FLOP *** [Ts 6d 6s]
AssosManiki: bets $0.07
0RB BR0: calls $0.07
MAJ3ST!C89: folds 
*** TURN *** [Ts 6d 6s] [Jd]
AssosManiki: checks 
0RB BR0: checks 
*** RIVER *** [Ts 6d 6s Jd] [7d]
AssosManiki: checks 
0RB BR0: checks 
*** SHOW DOWN ***
AssosManiki: shows [5s As] (a pair of Sixes)
0RB BR0: mucks hand 
AssosManiki collected $0.30 from pot
*** SUMMARY ***
Total pot $0.31 | Rake $0.01 
Board [Ts 6d 6s Jd 7d]
Seat 1: vladimir5421 folded before Flop (didn't bet)
Seat 2: RealScot (button) folded before Flop (didn't bet)
Seat 3: Larry-s1980 (small blind) folded before Flop
Seat 4: AssosManiki (big blind) showed [5s As] and won ($0.30) with a pair of Sixes
Seat 5: 0RB BR0 mucked [Qc Kh]
Seat 6: Dorex2007 folded before Flop (didn't bet)
Seat 7: AGVsmarT folded before Flop (didn't bet)
Seat 8: MAJ3ST!C89 folded on the Flop
Seat 9: watersofain folded before Flop (didn't bet)



PokerStars Hand #237985785507:  Hold'em No Limit ($0.02/$0.05 USD) - 2022/08/14 9:10:17 PT [2022/08/14 12:10:17 ET]
Table 'Anacreon II' 9-max Seat #3 is the button
Seat 1: vladimir5421 ($5.46 in chips) 
Seat 2: RealScot ($5.57 in chips) 
Seat 3: Larry-s1980 ($4.86 in chips) 
Seat 4: AssosManiki ($12.11 in chips) 
Seat 5: 0RB BR0 ($6.30 in chips) 
Seat 6: Dorex2007 ($6.25 in chips) 
Seat 7: AGVsmarT ($3.66 in chips) 
Seat 8: MAJ3ST!C89 ($4.57 in chips) 
Seat 9: watersofain ($5.19 in chips) 
AssosManiki: posts small blind $0.02
0RB BR0: posts big blind $0.05
*** HOLE CARDS ***
Dealt to Dorex2007 [8c Jd]
Dorex2007: folds 
AGVsmarT: folds 
MAJ3ST!C89: calls $0.05
watersofain: folds 
vladimir5421: folds 
RealScot: folds 
Larry-s1980: raises $0.05 to $0.10
AssosManiki: folds 
0RB BR0: folds 
MAJ3ST!C89: calls $0.05
*** FLOP *** [Jc 7s 2s]
MAJ3ST!C89: checks 
Larry-s1980: bets $0.13
MAJ3ST!C89: folds 
Uncalled bet ($0.13) returned to Larry-s1980
Larry-s1980 collected $0.26 from pot
Larry-s1980: doesn't show hand 
*** SUMMARY ***
Total pot $0.27 | Rake $0.01 
Board [Jc 7s 2s]
Seat 1: vladimir5421 folded before Flop (didn't bet)
Seat 2: RealScot folded before Flop (didn't bet)
Seat 3: Larry-s1980 (button) collected ($0.26)
Seat 4: AssosManiki (small blind) folded before Flop
Seat 5: 0RB BR0 (big blind) folded before Flop
Seat 6: Dorex2007 folded before Flop (didn't bet)
Seat 7: AGVsmarT folded before Flop (didn't bet)
Seat 8: MAJ3ST!C89 folded on the Flop
Seat 9: watersofain folded before Flop (didn't bet)



PokerStars Hand #237985796646:  Hold'em No Limit ($0.02/$0.05 USD) - 2022/08/14 9:10:53 PT [2022/08/14 12:10:53 ET]
Table 'Anacreon II' 9-max Seat #4 is the button
Seat 1: vladimir5421 ($5.46 in chips) 
Seat 2: RealScot ($5.57 in chips) 
Seat 3: Larry-s1980 ($5.02 in chips) 
Seat 4: AssosManiki ($12.09 in chips) 
Seat 5: 0RB BR0 ($6.25 in chips) 
Seat 6: Dorex2007 ($6.25 in chips) 
Seat 7: AGVsmarT ($3.66 in chips) 
Seat 8: MAJ3ST!C89 ($4.47 in chips) 
Seat 9: watersofain ($5.19 in chips) 
0RB BR0: posts small blind $0.02
Dorex2007: posts big blind $0.05
*** HOLE CARDS ***
Dealt to Dorex2007 [Jh Th]
AGVsmarT: folds 
MAJ3ST!C89: calls $0.05
watersofain: folds 
vladimir5421: folds 
RealScot: folds 
Larry-s1980: folds 
AssosManiki: folds 
0RB BR0: folds 
Dorex2007: checks 
*** FLOP *** [4h Qc Kc]
Dorex2007: checks 
MAJ3ST!C89: checks 
*** TURN *** [4h Qc Kc] [7d]
Dorex2007: checks 
MAJ3ST!C89: checks 
*** RIVER *** [4h Qc Kc 7d] [Kd]
Dorex2007: checks 
MAJ3ST!C89: bets $0.12
Dorex2007: folds 
Uncalled bet ($0.12) returned to MAJ3ST!C89
MAJ3ST!C89 collected $0.12 from pot
*** SUMMARY ***
Total pot $0.12 | Rake $0 
Board [4h Qc Kc 7d Kd]
Seat 1: vladimir5421 folded before Flop (didn't bet)
Seat 2: RealScot folded before Flop (didn't bet)
Seat 3: Larry-s1980 folded before Flop (didn't bet)
Seat 4: AssosManiki (button) folded before Flop (didn't bet)
Seat 5: 0RB BR0 (small blind) folded before Flop
Seat 6: Dorex2007 (big blind) folded on the River
Seat 7: AGVsmarT folded before Flop (didn't bet)
Seat 8: MAJ3ST!C89 collected ($0.12)
Seat 9: watersofain folded before Flop (didn't bet)



PokerStars Hand #237985808333:  Hold'em No Limit ($0.02/$0.05 USD) - 2022/08/14 9:11:30 PT [2022/08/14 12:11:30 ET]
Table 'Anacreon II' 9-max Seat #5 is the button
Seat 1: vladimir5421 ($5.46 in chips) 
Seat 2: RealScot ($5.57 in chips) 
Seat 3: Larry-s1980 ($5.02 in chips) 
Seat 4: AssosManiki ($12.09 in chips) 
Seat 5: 0RB BR0 ($6.23 in chips) 
Seat 6: Dorex2007 ($6.20 in chips) 
Seat 7: AGVsmarT ($3.66 in chips) 
Seat 8: MAJ3ST!C89 ($4.54 in chips) 
Seat 9: watersofain ($5.19 in chips) 
Dorex2007: posts small blind $0.02
AGVsmarT: posts big blind $0.05
*** HOLE CARDS ***
Dealt to Dorex2007 [3d Kd]
MAJ3ST!C89: calls $0.05
watersofain: folds 
vladimir5421: folds 
RealScot: folds 
Larry-s1980: folds 
AssosManiki: folds 
0RB BR0: folds 
Dorex2007: folds 
AGVsmarT: checks 
*** FLOP *** [Jh 8s 6s]
AGVsmarT: bets $0.06
MAJ3ST!C89: folds 
Uncalled bet ($0.06) returned to AGVsmarT
AGVsmarT collected $0.12 from pot
*** SUMMARY ***
Total pot $0.12 | Rake $0 
Board [Jh 8s 6s]
Seat 1: vladimir5421 folded before Flop (didn't bet)
Seat 2: RealScot folded before Flop (didn't bet)
Seat 3: Larry-s1980 folded before Flop (didn't bet)
Seat 4: AssosManiki folded before Flop (didn't bet)
Seat 5: 0RB BR0 (button) folded before Flop (didn't bet)
Seat 6: Dorex2007 (small blind) folded before Flop
Seat 7: AGVsmarT (big blind) collected ($0.12)
Seat 8: MAJ3ST!C89 folded on the Flop
Seat 9: watersofain folded before Flop (didn't bet)



PokerStars Hand #237985819182:  Hold'em No Limit ($0.02/$0.05 USD) - 2022/08/14 9:12:05 PT [2022/08/14 12:12:05 ET]
Table 'Anacreon II' 9-max Seat #6 is the button
Seat 1: vladimir5421 ($5.46 in chips) 
Seat 2: RealScot ($5.57 in chips) 
Seat 3: Larry-s1980 ($5.02 in chips) 
Seat 4: AssosManiki ($12.09 in chips) 
Seat 5: 0RB BR0 ($6.23 in chips) 
Seat 6: Dorex2007 ($6.18 in chips) 
Seat 7: AGVsmarT ($3.73 in chips) 
Seat 8: MAJ3ST!C89 ($4.49 in chips) 
Seat 9: watersofain ($5.19 in chips) 
AGVsmarT: posts small blind $0.02
MAJ3ST!C89: posts big blind $0.05
*** HOLE CARDS ***
Dealt to Dorex2007 [Qc Jc]
watersofain: folds 
vladimir5421: folds 
RealScot: folds 
Larry-s1980: raises $0.10 to $0.15
AssosManiki: folds 
0RB BR0: folds 
Dorex2007: calls $0.15
AGVsmarT: folds 
MAJ3ST!C89: calls $0.10
*** FLOP *** [6s 2h 6d]
MAJ3ST!C89: checks 
Larry-s1980: checks 
Dorex2007: checks 
*** TURN *** [6s 2h 6d] [8c]
MAJ3ST!C89: bets $0.22
Larry-s1980: folds 
Dorex2007: folds 
Uncalled bet ($0.22) returned to MAJ3ST!C89
MAJ3ST!C89 collected $0.45 from pot
*** SUMMARY ***
Total pot $0.47 | Rake $0.02 
Board [6s 2h 6d 8c]
Seat 1: vladimir5421 folded before Flop (didn't bet)
Seat 2: RealScot folded before Flop (didn't bet)
Seat 3: Larry-s1980 folded on the Turn
Seat 4: AssosManiki folded before Flop (didn't bet)
Seat 5: 0RB BR0 folded before Flop (didn't bet)
Seat 6: Dorex2007 (button) folded on the Turn
Seat 7: AGVsmarT (small blind) folded before Flop
Seat 8: MAJ3ST!C89 (big blind) collected ($0.45)
Seat 9: watersofain folded before Flop (didn't bet)



PokerStars Hand #237985833983:  Hold'em No Limit ($0.02/$0.05 USD) - 2022/08/14 9:12:53 PT [2022/08/14 12:12:53 ET]
Table 'Anacreon II' 9-max Seat #7 is the button
Seat 1: vladimir5421 ($5.46 in chips) 
Seat 2: RealScot ($5.57 in chips) 
Seat 3: Larry-s1980 ($4.87 in chips) 
Seat 4: AssosManiki ($12.09 in chips) 
Seat 5: 0RB BR0 ($6.23 in chips) 
Seat 6: Dorex2007 ($6.03 in chips) 
Seat 7: AGVsmarT ($3.71 in chips) 
Seat 8: MAJ3ST!C89 ($4.79 in chips) 
Seat 9: watersofain ($5.19 in chips) 
MAJ3ST!C89: posts small blind $0.02
watersofain: posts big blind $0.05
*** HOLE CARDS ***
Dealt to Dorex2007 [Ah 9s]
vladimir5421: folds 
RealScot: folds 
Larry-s1980: folds 
AssosManiki: folds 
0RB BR0: folds 
Dorex2007: folds 
AGVsmarT: folds 
MAJ3ST!C89: calls $0.03
watersofain: checks 
*** FLOP *** [9h 8h Jh]
MAJ3ST!C89: checks 
watersofain: checks 
*** TURN *** [9h 8h Jh] [5c]
MAJ3ST!C89: checks 
watersofain: bets $0.05
MAJ3ST!C89: calls $0.05
*** RIVER *** [9h 8h Jh 5c] [2h]
MAJ3ST!C89: bets $0.09
watersofain: folds 
Uncalled bet ($0.09) returned to MAJ3ST!C89
MAJ3ST!C89 collected $0.19 from pot
*** SUMMARY ***
Total pot $0.20 | Rake $0.01 
Board [9h 8h Jh 5c 2h]
Seat 1: vladimir5421 folded before Flop (didn't bet)
Seat 2: RealScot folded before Flop (didn't bet)
Seat 3: Larry-s1980 folded before Flop (didn't bet)
Seat 4: AssosManiki folded before Flop (didn't bet)
Seat 5: 0RB BR0 folded before Flop (didn't bet)
Seat 6: Dorex2007 folded before Flop (didn't bet)
Seat 7: AGVsmarT (button) folded before Flop (didn't bet)
Seat 8: MAJ3ST!C89 (small blind) collected ($0.19)
Seat 9: watersofain (big blind) folded on the River



PokerStars Hand #237985848773:  Hold'em No Limit ($0.02/$0.05 USD) - 2022/08/14 9:13:40 PT [2022/08/14 12:13:40 ET]
Table 'Anacreon II' 9-max Seat #8 is the button
Seat 1: vladimir5421 ($5.46 in chips) 
Seat 2: RealScot ($5.57 in chips) 
Seat 3: Larry-s1980 ($4.87 in chips) 
Seat 4: AssosManiki ($12.09 in chips) 
Seat 5: 0RB BR0 ($6.23 in chips) 
Seat 6: Dorex2007 ($6.03 in chips) 
Seat 7: AGVsmarT ($3.71 in chips) 
Seat 8: MAJ3ST!C89 ($4.88 in chips) 
Seat 9: watersofain ($5.09 in chips) 
watersofain: posts small blind $0.02
vladimir5421: posts big blind $0.05
*** HOLE CARDS ***
Dealt to Dorex2007 [5h 9c]
RealScot: folds 
Larry-s1980: folds 
AssosManiki: folds 
0RB BR0: folds 
Dorex2007: folds 
AGVsmarT: folds 
MAJ3ST!C89: calls $0.05
watersofain: folds 
vladimir5421: checks 
*** FLOP *** [Ks Qs 5c]
vladimir5421: checks 
MAJ3ST!C89: checks 
*** TURN *** [Ks Qs 5c] [7h]
vladimir5421: checks 
MAJ3ST!C89: checks 
*** RIVER *** [Ks Qs 5c 7h] [3s]
vladimir5421: checks 
MAJ3ST!C89: bets $0.06
vladimir5421: folds 
Uncalled bet ($0.06) returned to MAJ3ST!C89
MAJ3ST!C89 collected $0.12 from pot
*** SUMMARY ***
Total pot $0.12 | Rake $0 
Board [Ks Qs 5c 7h 3s]
Seat 1: vladimir5421 (big blind) folded on the River
Seat 2: RealScot folded before Flop (didn't bet)
Seat 3: Larry-s1980 folded before Flop (didn't bet)
Seat 4: AssosManiki folded before Flop (didn't bet)
Seat 5: 0RB BR0 folded before Flop (didn't bet)
Seat 6: Dorex2007 folded before Flop (didn't bet)
Seat 7: AGVsmarT folded before Flop (didn't bet)
Seat 8: MAJ3ST!C89 (button) collected ($0.12)
Seat 9: watersofain (small blind) folded before Flop



PokerStars Hand #237985862020:  Hold'em No Limit ($0.02/$0.05 USD) - 2022/08/14 9:14:23 PT [2022/08/14 12:14:23 ET]
Table 'Anacreon II' 9-max Seat #9 is the button
Seat 1: vladimir5421 ($5.41 in chips) 
Seat 2: RealScot ($5.57 in chips) 
Seat 3: Larry-s1980 ($4.87 in chips) 
Seat 4: AssosManiki ($12.09 in chips) 
Seat 5: 0RB BR0 ($6.23 in chips) 
Seat 6: Dorex2007 ($6.03 in chips) 
Seat 7: AGVsmarT ($3.71 in chips) 
Seat 8: MAJ3ST!C89 ($4.95 in chips) 
Seat 9: watersofain ($5.07 in chips) 
vladimir5421: posts small blind $0.02
RealScot: posts big blind $0.05
*** HOLE CARDS ***
Dealt to Dorex2007 [4d 4s]
Larry-s1980: folds 
AssosManiki: folds 
0RB BR0: folds 
Dorex2007: raises $0.05 to $0.10
AGVsmarT: folds 
MAJ3ST!C89: calls $0.10
watersofain: folds 
vladimir5421: calls $0.08
RealScot: raises $0.40 to $0.50
Dorex2007: folds 
MAJ3ST!C89: folds 
vladimir5421: folds 
Uncalled bet ($0.40) returned to RealScot
RealScot collected $0.40 from pot
RealScot: doesn't show hand 
*** SUMMARY ***
Total pot $0.40 | Rake $0 
Seat 1: vladimir5421 (small blind) folded before Flop
Seat 2: RealScot (big blind) collected ($0.40)
Seat 3: Larry-s1980 folded before Flop (didn't bet)
Seat 4: AssosManiki folded before Flop (didn't bet)
Seat 5: 0RB BR0 folded before Flop (didn't bet)
Seat 6: Dorex2007 folded before Flop
Seat 7: AGVsmarT folded before Flop (didn't bet)
Seat 8: MAJ3ST!C89 folded before Flop
Seat 9: watersofain (button) folded before Flop (didn't bet)



PokerStars Hand #237985875307:  Hold'em No Limit ($0.02/$0.05 USD) - 2022/08/14 9:15:06 PT [2022/08/14 12:15:06 ET]
Table 'Anacreon II' 9-max Seat #1 is the button
Seat 1: vladimir5421 ($5.31 in chips) 
Seat 2: RealScot ($5.87 in chips) 
Seat 3: Larry-s1980 ($4.87 in chips) 
Seat 4: AssosManiki ($12.09 in chips) 
Seat 5: 0RB BR0 ($6.23 in chips) 
Seat 6: Dorex2007 ($5.93 in chips) 
Seat 7: AGVsmarT ($3.71 in chips) 
Seat 8: MAJ3ST!C89 ($4.85 in chips) 
Seat 9: watersofain ($5.07 in chips) 
RealScot: posts small blind $0.02
Larry-s1980: posts big blind $0.05
*** HOLE CARDS ***
Dealt to Dorex2007 [4h 6d]
AssosManiki: raises $0.08 to $0.13
0RB BR0: folds 
Dorex2007: folds 
AGVsmarT: folds 
MAJ3ST!C89: calls $0.13
watersofain: folds 
vladimir5421: folds 
RealScot: folds 
Larry-s1980: folds 
*** FLOP *** [Qs Jc 3h]
AssosManiki: bets $0.22
MAJ3ST!C89: calls $0.22
*** TURN *** [Qs Jc 3h] [4d]
AssosManiki: bets $0.50
MAJ3ST!C89: folds 
Uncalled bet ($0.50) returned to AssosManiki
AssosManiki collected $0.74 from pot
AssosManiki: doesn't show hand 
*** SUMMARY ***
Total pot $0.77 | Rake $0.03 
Board [Qs Jc 3h 4d]
Seat 1: vladimir5421 (button) folded before Flop (didn't bet)
Seat 2: RealScot (small blind) folded before Flop
Seat 3: Larry-s1980 (big blind) folded before Flop
Seat 4: AssosManiki collected ($0.74)
Seat 5: 0RB BR0 folded before Flop (didn't bet)
Seat 6: Dorex2007 folded before Flop (didn't bet)
Seat 7: AGVsmarT folded before Flop (didn't bet)
Seat 8: MAJ3ST!C89 folded on the Turn
Seat 9: watersofain folded before Flop (didn't bet)



PokerStars Hand #237985888295:  Hold'em No Limit ($0.02/$0.05 USD) - 2022/08/14 9:15:48 PT [2022/08/14 12:15:48 ET]
Table 'Anacreon II' 9-max Seat #2 is the button
Seat 1: vladimir5421 ($5.31 in chips) 
Seat 2: RealScot ($5.85 in chips) 
Seat 3: Larry-s1980 ($4.82 in chips) 
Seat 4: AssosManiki ($12.48 in chips) 
Seat 5: 0RB BR0 ($6.23 in chips) 
Seat 6: Dorex2007 ($5.93 in chips) 
Seat 7: AGVsmarT ($3.71 in chips) 
Seat 8: MAJ3ST!C89 ($4.50 in chips) 
Seat 9: watersofain ($5.07 in chips) 
Larry-s1980: posts small blind $0.02
AssosManiki: posts big blind $0.05
*** HOLE CARDS ***
Dealt to Dorex2007 [3d Th]
0RB BR0: folds 
Dorex2007: folds 
AGVsmarT has timed out
AGVsmarT: folds 
MAJ3ST!C89: calls $0.05
watersofain: folds 
vladimir5421: folds 
RealScot: raises $0.15 to $0.20
Larry-s1980: folds 
AssosManiki: folds 
MAJ3ST!C89: calls $0.15
*** FLOP *** [4s Qd 8d]
MAJ3ST!C89: checks 
RealScot: checks 
*** TURN *** [4s Qd 8d] [Kh]
MAJ3ST!C89: checks 
RealScot: bets $0.22
MAJ3ST!C89: calls $0.22
*** RIVER *** [4s Qd 8d Kh] [7c]
MAJ3ST!C89: bets $0.43
RealScot: calls $0.43
*** SHOW DOWN ***
MAJ3ST!C89: shows [Ac Jd] (high card Ace)
RealScot: shows [Ah Kc] (a pair of Kings)
RealScot collected $1.70 from pot
*** SUMMARY ***
Total pot $1.77 | Rake $0.07 
Board [4s Qd 8d Kh 7c]
Seat 1: vladimir5421 folded before Flop (didn't bet)
Seat 2: RealScot (button) showed [Ah Kc] and won ($1.70) with a pair of Kings
Seat 3: Larry-s1980 (small blind) folded before Flop
Seat 4: AssosManiki (big blind) folded before Flop
Seat 5: 0RB BR0 folded before Flop (didn't bet)
Seat 6: Dorex2007 folded before Flop (didn't bet)
Seat 7: AGVsmarT folded before Flop (didn't bet)
Seat 8: MAJ3ST!C89 showed [Ac Jd] and lost with high card Ace
Seat 9: watersofain folded before Flop (didn't bet)



PokerStars Hand #237985913377:  Hold'em No Limit ($0.02/$0.05 USD) - 2022/08/14 9:17:10 PT [2022/08/14 12:17:10 ET]
Table 'Anacreon II' 9-max Seat #3 is the button
Seat 1: vladimir5421 ($5.31 in chips) 
Seat 2: RealScot ($6.70 in chips) 
Seat 3: Larry-s1980 ($4.80 in chips) 
Seat 4: AssosManiki ($12.43 in chips) 
Seat 5: 0RB BR0 ($6.23 in chips) 
Seat 6: Dorex2007 ($5.93 in chips) 
Seat 7: AGVsmarT ($3.71 in chips) 
Seat 8: MAJ3ST!C89 ($3.65 in chips) 
Seat 9: watersofain ($5.07 in chips) 
AssosManiki: posts small blind $0.02
0RB BR0: posts big blind $0.05
*** HOLE CARDS ***
Dealt to Dorex2007 [4c 6c]
Dorex2007: folds 
AGVsmarT has timed out
AGVsmarT: folds 
MAJ3ST!C89: calls $0.05
watersofain: folds 
vladimir5421: folds 
RealScot: folds 
Larry-s1980: folds 
AssosManiki: folds 
0RB BR0: checks 
*** FLOP *** [9c 3c 5c]
0RB BR0: checks 
MAJ3ST!C89: checks 
*** TURN *** [9c 3c 5c] [8c]
0RB BR0: checks 
MAJ3ST!C89: checks 
*** RIVER *** [9c 3c 5c 8c] [Th]
0RB BR0: bets $0.30
MAJ3ST!C89: folds 
Uncalled bet ($0.30) returned to 0RB BR0
0RB BR0 collected $0.12 from pot
*** SUMMARY ***
Total pot $0.12 | Rake $0 
Board [9c 3c 5c 8c Th]
Seat 1: vladimir5421 folded before Flop (didn't bet)
Seat 2: RealScot folded before Flop (didn't bet)
Seat 3: Larry-s1980 (button) folded before Flop (didn't bet)
Seat 4: AssosManiki (small blind) folded before Flop
Seat 5: 0RB BR0 (big blind) collected ($0.12)
Seat 6: Dorex2007 folded before Flop (didn't bet)
Seat 7: AGVsmarT folded before Flop (didn't bet)
Seat 8: MAJ3ST!C89 folded on the River
Seat 9: watersofain folded before Flop (didn't bet)



PokerStars Hand #237985926492:  Hold'em No Limit ($0.02/$0.05 USD) - 2022/08/14 9:17:52 PT [2022/08/14 12:17:52 ET]
Table 'Anacreon II' 9-max Seat #4 is the button
Seat 1: vladimir5421 ($5.31 in chips) 
Seat 2: RealScot ($6.70 in chips) 
Seat 3: Larry-s1980 ($4.80 in chips) 
Seat 4: AssosManiki ($12.41 in chips) 
Seat 5: 0RB BR0 ($6.30 in chips) 
Seat 6: Dorex2007 ($5.93 in chips) 
Seat 8: MAJ3ST!C89 ($3.60 in chips) 
Seat 9: watersofain ($5.07 in chips) 
0RB BR0: posts small blind $0.02
Dorex2007: posts big blind $0.05
*** HOLE CARDS ***
Dealt to Dorex2007 [4c Ad]
MAJ3ST!C89: calls $0.05
watersofain: folds 
vladimir5421: folds 
RealScot: folds 
Larry-s1980: folds 
AssosManiki: folds 
0RB BR0: folds 
Dorex2007: checks 
*** FLOP *** [Qh Kh 7s]
Dorex2007: checks 
MAJ3ST!C89: checks 
*** TURN *** [Qh Kh 7s] [6s]
Dorex2007: checks 
MAJ3ST!C89: bets $0.05
Dorex2007: folds 
Uncalled bet ($0.05) returned to MAJ3ST!C89
MAJ3ST!C89 collected $0.12 from pot
*** SUMMARY ***
Total pot $0.12 | Rake $0 
Board [Qh Kh 7s 6s]
Seat 1: vladimir5421 folded before Flop (didn't bet)
Seat 2: RealScot folded before Flop (didn't bet)
Seat 3: Larry-s1980 folded before Flop (didn't bet)
Seat 4: AssosManiki (button) folded before Flop (didn't bet)
Seat 5: 0RB BR0 (small blind) folded before Flop
Seat 6: Dorex2007 (big blind) folded on the Turn
Seat 8: MAJ3ST!C89 collected ($0.12)
Seat 9: watersofain folded before Flop (didn't bet)



PokerStars Hand #237985937500:  Hold'em No Limit ($0.02/$0.05 USD) - 2022/08/14 9:18:28 PT [2022/08/14 12:18:28 ET]
Table 'Anacreon II' 9-max Seat #5 is the button
Seat 1: vladimir5421 ($5.31 in chips) 
Seat 2: RealScot ($6.70 in chips) 
Seat 3: Larry-s1980 ($4.80 in chips) 
Seat 4: AssosManiki ($12.41 in chips) 
Seat 5: 0RB BR0 ($6.28 in chips) 
Seat 6: Dorex2007 ($5.88 in chips) 
Seat 7: AGVsmarT ($3.71 in chips) 
Seat 8: MAJ3ST!C89 ($3.67 in chips) 
Seat 9: watersofain ($5.07 in chips) 
Dorex2007: posts small blind $0.02
AGVsmarT: posts big blind $0.05
*** HOLE CARDS ***
Dealt to Dorex2007 [9c Kd]
MAJ3ST!C89: calls $0.05
watersofain has timed out
watersofain: folds 
vladimir5421: folds 
RealScot: folds 
Larry-s1980: raises $0.15 to $0.20
AssosManiki: folds 
0RB BR0: folds 
Dorex2007: folds 
AGVsmarT: folds 
MAJ3ST!C89: calls $0.15
*** FLOP *** [Ac Ts Kh]
MAJ3ST!C89: checks 
Larry-s1980: bets $0.22
MAJ3ST!C89: folds 
Uncalled bet ($0.22) returned to Larry-s1980
Larry-s1980 collected $0.45 from pot
Larry-s1980: doesn't show hand 
*** SUMMARY ***
Total pot $0.47 | Rake $0.02 
Board [Ac Ts Kh]
Seat 1: vladimir5421 folded before Flop (didn't bet)
Seat 2: RealScot folded before Flop (didn't bet)
Seat 3: Larry-s1980 collected ($0.45)
Seat 4: AssosManiki folded before Flop (didn't bet)
Seat 5: 0RB BR0 (button) folded before Flop (didn't bet)
Seat 6: Dorex2007 (small blind) folded before Flop
Seat 7: AGVsmarT (big blind) folded before Flop
Seat 8: MAJ3ST!C89 folded on the Flop
Seat 9: watersofain folded before Flop (didn't bet)



PokerStars Hand #237985949355:  Hold'em No Limit ($0.02/$0.05 USD) - 2022/08/14 9:19:07 PT [2022/08/14 12:19:07 ET]
Table 'Anacreon II' 9-max Seat #6 is the button
Seat 1: vladimir5421 ($5.31 in chips) 
Seat 2: RealScot ($6.70 in chips) 
Seat 3: Larry-s1980 ($5.05 in chips) 
Seat 4: AssosManiki ($12.41 in chips) 
Seat 5: 0RB BR0 ($6.28 in chips) 
Seat 6: Dorex2007 ($5.86 in chips) 
Seat 7: AGVsmarT ($3.66 in chips) 
Seat 8: MAJ3ST!C89 ($3.47 in chips) 
AGVsmarT: posts small blind $0.02
MAJ3ST!C89: posts big blind $0.05
*** HOLE CARDS ***
Dealt to Dorex2007 [Th 6d]
vladimir5421: raises $0.10 to $0.15
RealScot: folds 
Larry-s1980: folds 
AssosManiki: folds 
0RB BR0: calls $0.15
Dorex2007: folds 
AGVsmarT: folds 
MAJ3ST!C89: calls $0.10
*** FLOP *** [Ts 7s Jc]
MAJ3ST!C89: bets $0.05
vladimir5421: raises $0.20 to $0.25
0RB BR0: folds 
MAJ3ST!C89: folds 
Uncalled bet ($0.20) returned to vladimir5421
vladimir5421 collected $0.55 from pot
vladimir5421: doesn't show hand 
*** SUMMARY ***
Total pot $0.57 | Rake $0.02 
Board [Ts 7s Jc]
Seat 1: vladimir5421 collected ($0.55)
Seat 2: RealScot folded before Flop (didn't bet)
Seat 3: Larry-s1980 folded before Flop (didn't bet)
Seat 4: AssosManiki folded before Flop (didn't bet)
Seat 5: 0RB BR0 folded on the Flop
Seat 6: Dorex2007 (button) folded before Flop (didn't bet)
Seat 7: AGVsmarT (small blind) folded before Flop
Seat 8: MAJ3ST!C89 (big blind) folded on the Flop



PokerStars Hand #237985962977:  Hold'em No Limit ($0.02/$0.05 USD) - 2022/08/14 9:19:52 PT [2022/08/14 12:19:52 ET]
Table 'Anacreon II' 9-max Seat #7 is the button
Seat 1: vladimir5421 ($5.66 in chips) 
Seat 2: RealScot ($6.70 in chips) 
Seat 3: Larry-s1980 ($5.05 in chips) 
Seat 4: AssosManiki ($12.41 in chips) 
Seat 5: 0RB BR0 ($6.13 in chips) 
Seat 6: Dorex2007 ($5.86 in chips) 
Seat 7: AGVsmarT ($3.64 in chips) 
Seat 8: MAJ3ST!C89 ($3.27 in chips) 
Seat 9: watersofain ($5.07 in chips) 
MAJ3ST!C89: posts small blind $0.02
watersofain: posts big blind $0.05
*** HOLE CARDS ***
Dealt to Dorex2007 [4h 3s]
vladimir5421: folds 
RealScot: folds 
Larry-s1980: folds 
AssosManiki: folds 
0RB BR0: folds 
Dorex2007: folds 
AGVsmarT: calls $0.05
MAJ3ST!C89: calls $0.03
watersofain: checks 
*** FLOP *** [5d 5h 5s]
MAJ3ST!C89: checks 
watersofain: checks 
AGVsmarT: checks 
*** TURN *** [5d 5h 5s] [Tc]
MAJ3ST!C89: checks 
watersofain: checks 
AGVsmarT: bets $0.05
MAJ3ST!C89: calls $0.05
watersofain: folds 
*** RIVER *** [5d 5h 5s Tc] [9c]
MAJ3ST!C89: bets $0.05
AGVsmarT: folds 
Uncalled bet ($0.05) returned to MAJ3ST!C89
MAJ3ST!C89 collected $0.24 from pot
*** SUMMARY ***
Total pot $0.25 | Rake $0.01 
Board [5d 5h 5s Tc 9c]
Seat 1: vladimir5421 folded before Flop (didn't bet)
Seat 2: RealScot folded before Flop (didn't bet)
Seat 3: Larry-s1980 folded before Flop (didn't bet)
Seat 4: AssosManiki folded before Flop (didn't bet)
Seat 5: 0RB BR0 folded before Flop (didn't bet)
Seat 6: Dorex2007 folded before Flop (didn't bet)
Seat 7: AGVsmarT (button) folded on the River
Seat 8: MAJ3ST!C89 (small blind) collected ($0.24)
Seat 9: watersofain (big blind) folded on the Turn



PokerStars Hand #237985978541:  Hold'em No Limit ($0.02/$0.05 USD) - 2022/08/14 9:20:42 PT [2022/08/14 12:20:42 ET]
Table 'Anacreon II' 9-max Seat #8 is the button
Seat 1: vladimir5421 ($5.66 in chips) 
Seat 2: RealScot ($6.70 in chips) 
Seat 3: Larry-s1980 ($5.05 in chips) 
Seat 4: AssosManiki ($12.41 in chips) 
Seat 5: 0RB BR0 ($6.13 in chips) 
Seat 6: Dorex2007 ($5.86 in chips) 
Seat 7: AGVsmarT ($3.54 in chips) 
Seat 8: MAJ3ST!C89 ($3.41 in chips) 
Seat 9: watersofain ($5.02 in chips) 
watersofain: posts small blind $0.02
vladimir5421: posts big blind $0.05
*** HOLE CARDS ***
Dealt to Dorex2007 [5h Ac]
RealScot: folds 
Larry-s1980: folds 
AssosManiki: folds 
0RB BR0: calls $0.05
Dorex2007: folds 
AGVsmarT: folds 
MAJ3ST!C89: calls $0.05
watersofain: folds 
vladimir5421: checks 
*** FLOP *** [9c Jh 4d]
vladimir5421: checks 
0RB BR0: checks 
MAJ3ST!C89: checks 
*** TURN *** [9c Jh 4d] [Qd]
vladimir5421: checks 
0RB BR0: bets $0.10
MAJ3ST!C89: folds 
vladimir5421: folds 
Uncalled bet ($0.10) returned to 0RB BR0
0RB BR0 collected $0.16 from pot
*** SUMMARY ***
Total pot $0.17 | Rake $0.01 
Board [9c Jh 4d Qd]
Seat 1: vladimir5421 (big blind) folded on the Turn
Seat 2: RealScot folded before Flop (didn't bet)
Seat 3: Larry-s1980 folded before Flop (didn't bet)
Seat 4: AssosManiki folded before Flop (didn't bet)
Seat 5: 0RB BR0 collected ($0.16)
Seat 6: Dorex2007 folded before Flop (didn't bet)
Seat 7: AGVsmarT folded before Flop (didn't bet)
Seat 8: MAJ3ST!C89 (button) folded on the Turn
Seat 9: watersofain (small blind) folded before Flop



PokerStars Hand #237985994230:  Hold'em No Limit ($0.02/$0.05 USD) - 2022/08/14 9:21:33 PT [2022/08/14 12:21:33 ET]
Table 'Anacreon II' 9-max Seat #9 is the button
Seat 1: vladimir5421 ($5.61 in chips) 
Seat 3: Larry-s1980 ($5.05 in chips) 
Seat 4: AssosManiki ($12.41 in chips) 
Seat 5: 0RB BR0 ($6.24 in chips) 
Seat 6: Dorex2007 ($5.86 in chips) 
Seat 7: AGVsmarT ($3.54 in chips) 
Seat 8: MAJ3ST!C89 ($3.36 in chips) 
Seat 9: watersofain ($5 in chips) 
vladimir5421: posts small blind $0.02
RealScot: is sitting out 
Larry-s1980: posts big blind $0.05
*** HOLE CARDS ***
Dealt to Dorex2007 [4c Qs]
AssosManiki: raises $0.08 to $0.13
0RB BR0: folds 
Dorex2007: folds 
AGVsmarT: folds 
MAJ3ST!C89: calls $0.13
watersofain: folds 
vladimir5421: folds 
Larry-s1980: folds 
*** FLOP *** [9h 4h Kh]
RealScot leaves the table
AssosManiki: bets $0.14
MAJ3ST!C89: folds 
Uncalled bet ($0.14) returned to AssosManiki
AssosManiki collected $0.32 from pot
AssosManiki: doesn't show hand 
*** SUMMARY ***
Total pot $0.33 | Rake $0.01 
Board [9h 4h Kh]
Seat 1: vladimir5421 (small blind) folded before Flop
Seat 3: Larry-s1980 (big blind) folded before Flop
Seat 4: AssosManiki collected ($0.32)
Seat 5: 0RB BR0 folded before Flop (didn't bet)
Seat 6: Dorex2007 folded before Flop (didn't bet)
Seat 7: AGVsmarT folded before Flop (didn't bet)
Seat 8: MAJ3ST!C89 folded on the Flop
Seat 9: watersofain (button) folded before Flop (didn't bet)



PokerStars Hand #237986003165:  Hold'em No Limit ($0.02/$0.05 USD) - 2022/08/14 9:22:02 PT [2022/08/14 12:22:02 ET]
Table 'Anacreon II' 9-max Seat #1 is the button
Seat 1: vladimir5421 ($5.59 in chips) 
Seat 3: Larry-s1980 ($5 in chips) 
Seat 4: AssosManiki ($12.60 in chips) 
Seat 5: 0RB BR0 ($6.24 in chips) 
Seat 6: Dorex2007 ($5.86 in chips) 
Seat 7: AGVsmarT ($3.54 in chips) 
Seat 8: MAJ3ST!C89 ($3.23 in chips) 
Seat 9: watersofain ($5 in chips) 
Larry-s1980: posts small blind $0.02
AssosManiki: posts big blind $0.05
*** HOLE CARDS ***
Dealt to Dorex2007 [Qh 3s]
0RB BR0: folds 
Dorex2007: folds 
AGVsmarT: folds 
MAJ3ST!C89: calls $0.05
watersofain: folds 
vladimir5421: raises $0.15 to $0.20
Larry-s1980: folds 
AssosManiki: folds 
MAJ3ST!C89: calls $0.15
*** FLOP *** [Ac Qs Kc]
Deloys joins the table at seat #2 
MAJ3ST!C89: checks 
vladimir5421: bets $0.30
MAJ3ST!C89: folds 
Uncalled bet ($0.30) returned to vladimir5421
vladimir5421 collected $0.45 from pot
vladimir5421: doesn't show hand 
*** SUMMARY ***
Total pot $0.47 | Rake $0.02 
Board [Ac Qs Kc]
Seat 1: vladimir5421 (button) collected ($0.45)
Seat 3: Larry-s1980 (small blind) folded before Flop
Seat 4: AssosManiki (big blind) folded before Flop
Seat 5: 0RB BR0 folded before Flop (didn't bet)
Seat 6: Dorex2007 folded before Flop (didn't bet)
Seat 7: AGVsmarT folded before Flop (didn't bet)
Seat 8: MAJ3ST!C89 folded on the Flop
Seat 9: watersofain folded before Flop (didn't bet)



PokerStars Hand #237986017248:  Hold'em No Limit ($0.02/$0.05 USD) - 2022/08/14 9:22:48 PT [2022/08/14 12:22:48 ET]
Table 'Anacreon II' 9-max Seat #3 is the button
Seat 1: vladimir5421 ($5.84 in chips) 
Seat 3: Larry-s1980 ($4.98 in chips) 
Seat 4: AssosManiki ($12.55 in chips) 
Seat 5: 0RB BR0 ($6.24 in chips) 
Seat 6: Dorex2007 ($5.86 in chips) 
Seat 7: AGVsmarT ($3.54 in chips) 
Seat 8: MAJ3ST!C89 ($3.03 in chips) 
Seat 9: watersofain ($5 in chips) 
AssosManiki: posts small blind $0.02
0RB BR0: posts big blind $0.05
Deloys: sits out 
*** HOLE CARDS ***
Dealt to Dorex2007 [5c 4s]
Dorex2007: folds 
AGVsmarT: folds 
MAJ3ST!C89: calls $0.05
watersofain: folds 
vladimir5421: calls $0.05
Larry-s1980: folds 
AssosManiki: folds 
0RB BR0: checks 
*** FLOP *** [3s 4c Qd]
0RB BR0: checks 
MAJ3ST!C89: checks 
vladimir5421: checks 
*** TURN *** [3s 4c Qd] [3c]
0RB BR0: checks 
MAJ3ST!C89: checks 
vladimir5421: checks 
*** RIVER *** [3s 4c Qd 3c] [Jd]
0RB BR0: bets $0.10
MAJ3ST!C89: folds 
vladimir5421: calls $0.10
*** SHOW DOWN ***
0RB BR0: shows [4h Js] (two pair, Jacks and Fours)
vladimir5421: mucks hand 
0RB BR0 collected $0.35 from pot
*** SUMMARY ***
Total pot $0.37 | Rake $0.02 
Board [3s 4c Qd 3c Jd]
Seat 1: vladimir5421 mucked [7c 6c]
Seat 3: Larry-s1980 (button) folded before Flop (didn't bet)
Seat 4: AssosManiki (small blind) folded before Flop
Seat 5: 0RB BR0 (big blind) showed [4h Js] and won ($0.35) with two pair, Jacks and Fours
Seat 6: Dorex2007 folded before Flop (didn't bet)
Seat 7: AGVsmarT folded before Flop (didn't bet)
Seat 8: MAJ3ST!C89 folded on the River
Seat 9: watersofain folded before Flop (didn't bet)



PokerStars Hand #237986043491:  Hold'em No Limit ($0.02/$0.05 USD) - 2022/08/14 9:24:13 PT [2022/08/14 12:24:13 ET]
Table 'Anacreon II' 9-max Seat #4 is the button
Seat 1: vladimir5421 ($5.69 in chips) 
Seat 3: Larry-s1980 ($4.98 in chips) 
Seat 4: AssosManiki ($12.53 in chips) 
Seat 5: 0RB BR0 ($6.44 in chips) 
Seat 6: Dorex2007 ($5.86 in chips) 
Seat 7: AGVsmarT ($3.54 in chips) 
Seat 8: MAJ3ST!C89 ($2.98 in chips) 
Seat 9: watersofain ($5 in chips) 
0RB BR0: posts small blind $0.02
Dorex2007: posts big blind $0.05
Deloys: sits out 
*** HOLE CARDS ***
Dealt to Dorex2007 [Tc 9c]
AGVsmarT: raises $0.12 to $0.17
MAJ3ST!C89: calls $0.17
watersofain: folds 
vladimir5421: folds 
Larry-s1980: folds 
AssosManiki: calls $0.17
0RB BR0: folds 
Dorex2007: folds 
*** FLOP *** [8c 3s 5d]
AGVsmarT: bets $0.10
MAJ3ST!C89: folds 
AssosManiki: calls $0.10
*** TURN *** [8c 3s 5d] [2h]
AGVsmarT: checks 
AssosManiki: checks 
*** RIVER *** [8c 3s 5d 2h] [7h]
AGVsmarT: checks 
AssosManiki: checks 
*** SHOW DOWN ***
AGVsmarT: shows [Js Ad] (high card Ace)
AssosManiki: shows [Qs Ac] (high card Ace - Queen kicker)
AssosManiki collected $0.75 from pot
*** SUMMARY ***
Total pot $0.78 | Rake $0.03 
Board [8c 3s 5d 2h 7h]
Seat 1: vladimir5421 folded before Flop (didn't bet)
Seat 3: Larry-s1980 folded before Flop (didn't bet)
Seat 4: AssosManiki (button) showed [Qs Ac] and won ($0.75) with high card Ace
Seat 5: 0RB BR0 (small blind) folded before Flop
Seat 6: Dorex2007 (big blind) folded before Flop
Seat 7: AGVsmarT showed [Js Ad] and lost with high card Ace
Seat 8: MAJ3ST!C89 folded on the Flop
Seat 9: watersofain folded before Flop (didn't bet)



PokerStars Hand #237986057038:  Hold'em No Limit ($0.02/$0.05 USD) - 2022/08/14 9:24:57 PT [2022/08/14 12:24:57 ET]
Table 'Anacreon II' 9-max Seat #5 is the button
Seat 1: vladimir5421 ($5.69 in chips) 
Seat 3: Larry-s1980 ($4.98 in chips) 
Seat 4: AssosManiki ($13.01 in chips) 
Seat 5: 0RB BR0 ($6.42 in chips) 
Seat 6: Dorex2007 ($5.81 in chips) 
Seat 7: AGVsmarT ($3.27 in chips) 
Seat 8: MAJ3ST!C89 ($2.81 in chips) 
Seat 9: watersofain ($5 in chips) 
Dorex2007: posts small blind $0.02
AGVsmarT: posts big blind $0.05
Deloys: sits out 
*** HOLE CARDS ***
Dealt to Dorex2007 [9d 3c]
MAJ3ST!C89 has timed out
MAJ3ST!C89: folds 
watersofain: folds 
vladimir5421: folds 
Larry-s1980: folds 
AssosManiki: folds 
0RB BR0: folds 
Dorex2007: folds 
Uncalled bet ($0.03) returned to AGVsmarT
AGVsmarT collected $0.04 from pot
*** SUMMARY ***
Total pot $0.04 | Rake $0 
Seat 1: vladimir5421 folded before Flop (didn't bet)
Seat 3: Larry-s1980 folded before Flop (didn't bet)
Seat 4: AssosManiki folded before Flop (didn't bet)
Seat 5: 0RB BR0 (button) folded before Flop (didn't bet)
Seat 6: Dorex2007 (small blind) folded before Flop
Seat 7: AGVsmarT (big blind) collected ($0.04)
Seat 8: MAJ3ST!C89 folded before Flop (didn't bet)
Seat 9: watersofain folded before Flop (didn't bet)



PokerStars Hand #237986066719:  Hold'em No Limit ($0.02/$0.05 USD) - 2022/08/14 9:25:28 PT [2022/08/14 12:25:28 ET]
Table 'Anacreon II' 9-max Seat #6 is the button
Seat 1: vladimir5421 ($5.69 in chips) 
Seat 3: Larry-s1980 ($4.98 in chips) 
Seat 4: AssosManiki ($13.01 in chips) 
Seat 5: 0RB BR0 ($6.42 in chips) 
Seat 6: Dorex2007 ($5.79 in chips) 
Seat 7: AGVsmarT ($3.29 in chips) 
Seat 9: watersofain ($5 in chips) 
AGVsmarT: posts small blind $0.02
watersofain: posts big blind $0.05
Deloys: sits out 
*** HOLE CARDS ***
Dealt to Dorex2007 [Ac Qc]
vladimir5421: folds 
Larry-s1980: folds 
AssosManiki: folds 
0RB BR0: folds 
Dorex2007: raises $0.10 to $0.15
AGVsmarT: raises $0.20 to $0.35
MAJ3ST!C89 leaves the table
watersofain: folds 
Dorex2007: folds 
Uncalled bet ($0.20) returned to AGVsmarT
AGVsmarT collected $0.35 from pot
*** SUMMARY ***
Total pot $0.35 | Rake $0 
Seat 1: vladimir5421 folded before Flop (didn't bet)
Seat 3: Larry-s1980 folded before Flop (didn't bet)
Seat 4: AssosManiki folded before Flop (didn't bet)
Seat 5: 0RB BR0 folded before Flop (didn't bet)
Seat 6: Dorex2007 (button) folded before Flop
Seat 7: AGVsmarT (small blind) collected ($0.35)
Seat 9: watersofain (big blind) folded before Flop



PokerStars Hand #237986086653:  Hold'em No Limit ($0.02/$0.05 USD) - 2022/08/14 9:26:06 PT [2022/08/14 12:26:06 ET]
Table 'Anacreon II' 9-max Seat #7 is the button
Seat 1: vladimir5421 ($5.69 in chips) 
Seat 3: Larry-s1980 ($4.98 in chips) 
Seat 4: AssosManiki ($13.01 in chips) 
Seat 5: 0RB BR0 ($6.42 in chips) 
Seat 6: Dorex2007 ($5.64 in chips) 
Seat 7: AGVsmarT ($3.49 in chips) 
Seat 9: watersofain ($4.95 in chips) 
watersofain: posts small blind $0.02
vladimir5421: posts big blind $0.05
Deloys: sits out 
*** HOLE CARDS ***
Dealt to Dorex2007 [2s 5d]
Larry-s1980: folds 
AssosManiki: folds 
0RB BR0: folds 
Dorex2007: folds 
AGVsmarT: folds 
watersofain: folds 
Uncalled bet ($0.03) returned to vladimir5421
vladimir5421 collected $0.04 from pot
vladimir5421: doesn't show hand 
*** SUMMARY ***
Total pot $0.04 | Rake $0 
Seat 1: vladimir5421 (big blind) collected ($0.04)
Seat 3: Larry-s1980 folded before Flop (didn't bet)
Seat 4: AssosManiki folded before Flop (didn't bet)
Seat 5: 0RB BR0 folded before Flop (didn't bet)
Seat 6: Dorex2007 folded before Flop (didn't bet)
Seat 7: AGVsmarT (button) folded before Flop (didn't bet)
Seat 9: watersofain (small blind) folded before Flop



PokerStars Hand #237986094052:  Hold'em No Limit ($0.02/$0.05 USD) - 2022/08/14 9:26:29 PT [2022/08/14 12:26:29 ET]
Table 'Anacreon II' 9-max Seat #9 is the button
Seat 1: vladimir5421 ($5.71 in chips) 
Seat 2: Deloys ($5 in chips) 
Seat 3: Larry-s1980 ($4.98 in chips) 
Seat 4: AssosManiki ($13.01 in chips) 
Seat 5: 0RB BR0 ($6.42 in chips) 
Seat 6: Dorex2007 ($5.64 in chips) 
Seat 7: AGVsmarT ($3.49 in chips) 
Seat 9: watersofain ($4.93 in chips) 
vladimir5421: posts small blind $0.02
Deloys: posts big blind $0.05
*** HOLE CARDS ***
Dealt to Dorex2007 [Tc 3c]
Larry-s1980: folds 
AssosManiki: folds 
0RB BR0: folds 
Dorex2007: folds 
AGVsmarT: folds 
watersofain: folds 
vladimir5421: folds 
Uncalled bet ($0.03) returned to Deloys
Deloys collected $0.04 from pot
Deloys: doesn't show hand 
*** SUMMARY ***
Total pot $0.04 | Rake $0 
Seat 1: vladimir5421 (small blind) folded before Flop
Seat 2: Deloys (big blind) collected ($0.04)
Seat 3: Larry-s1980 folded before Flop (didn't bet)
Seat 4: AssosManiki folded before Flop (didn't bet)
Seat 5: 0RB BR0 folded before Flop (didn't bet)
Seat 6: Dorex2007 folded before Flop (didn't bet)
Seat 7: AGVsmarT folded before Flop (didn't bet)
Seat 9: watersofain (button) folded before Flop (didn't bet)



PokerStars Hand #237986098901:  Hold'em No Limit ($0.02/$0.05 USD) - 2022/08/14 9:26:44 PT [2022/08/14 12:26:44 ET]
Table 'Anacreon II' 9-max Seat #1 is the button
Seat 1: vladimir5421 ($5.69 in chips) 
Seat 2: Deloys ($5.02 in chips) 
Seat 3: Larry-s1980 ($4.98 in chips) 
Seat 4: AssosManiki ($13.01 in chips) 
Seat 5: 0RB BR0 ($6.42 in chips) 
Seat 6: Dorex2007 ($5.64 in chips) 
Seat 7: AGVsmarT ($3.49 in chips) 
Seat 9: watersofain ($4.93 in chips) 
Deloys: posts small blind $0.02
Larry-s1980: posts big blind $0.05
*** HOLE CARDS ***
Dealt to Dorex2007 [7d 4s]
AssosManiki: folds 
0RB BR0: folds 
Dorex2007: folds 
AGVsmarT: folds 
watersofain: calls $0.05
vladimir5421: folds 
Deloys: folds 
Larry-s1980: checks 
*** FLOP *** [Kc 9c Ts]
Larry-s1980: checks 
watersofain: checks 
*** TURN *** [Kc 9c Ts] [As]
Larry-s1980: checks 
watersofain: bets $0.05
Larry-s1980: raises $0.10 to $0.15
watersofain: calls $0.10
*** RIVER *** [Kc 9c Ts As] [Tc]
Larry-s1980: checks 
watersofain: checks 
*** SHOW DOWN ***
Larry-s1980: shows [6d Ah] (two pair, Aces and Tens)
watersofain: shows [Ad 5d] (two pair, Aces and Tens)
Larry-s1980 collected $0.20 from pot
watersofain collected $0.20 from pot
*** SUMMARY ***
Total pot $0.42 | Rake $0.02 
Board [Kc 9c Ts As Tc]
Seat 1: vladimir5421 (button) folded before Flop (didn't bet)
Seat 2: Deloys (small blind) folded before Flop
Seat 3: Larry-s1980 (big blind) showed [6d Ah] and won ($0.20) with two pair, Aces and Tens
Seat 4: AssosManiki folded before Flop (didn't bet)
Seat 5: 0RB BR0 folded before Flop (didn't bet)
Seat 6: Dorex2007 folded before Flop (didn't bet)
Seat 7: AGVsmarT folded before Flop (didn't bet)
Seat 9: watersofain showed [Ad 5d] and won ($0.20) with two pair, Aces and Tens



PokerStars Hand #237986120924:  Hold'em No Limit ($0.02/$0.05 USD) - 2022/08/14 9:27:54 PT [2022/08/14 12:27:54 ET]
Table 'Anacreon II' 9-max Seat #2 is the button
Seat 1: vladimir5421 ($5.69 in chips) 
Seat 2: Deloys ($5 in chips) 
Seat 3: Larry-s1980 ($4.98 in chips) 
Seat 4: AssosManiki ($13.01 in chips) 
Seat 5: 0RB BR0 ($6.42 in chips) 
Seat 6: Dorex2007 ($5.64 in chips) 
Seat 7: AGVsmarT ($3.49 in chips) 
Seat 9: watersofain ($4.93 in chips) 
Larry-s1980: posts small blind $0.02
AssosManiki: posts big blind $0.05
*** HOLE CARDS ***
Dealt to Dorex2007 [7h Ks]
0RB BR0: folds 
Dorex2007: folds 
AGVsmarT: folds 
watersofain: folds 
vladimir5421: raises $0.10 to $0.15
Deloys: folds 
Larry-s1980: folds 
AssosManiki: folds 
Uncalled bet ($0.10) returned to vladimir5421
vladimir5421 collected $0.12 from pot
vladimir5421: doesn't show hand 
*** SUMMARY ***
Total pot $0.12 | Rake $0 
Seat 1: vladimir5421 collected ($0.12)
Seat 2: Deloys (button) folded before Flop (didn't bet)
Seat 3: Larry-s1980 (small blind) folded before Flop
Seat 4: AssosManiki (big blind) folded before Flop
Seat 5: 0RB BR0 folded before Flop (didn't bet)
Seat 6: Dorex2007 folded before Flop (didn't bet)
Seat 7: AGVsmarT folded before Flop (didn't bet)
Seat 9: watersofain folded before Flop (didn't bet)



PokerStars Hand #237986174319:  Hold'em No Limit ($0.02/$0.05 USD) - 2022/08/14 9:30:40 PT [2022/08/14 12:30:40 ET]
Table 'Anacreon II' 9-max Seat #7 is the button
Seat 1: vladimir5421 ($5.63 in chips) 
Seat 2: Deloys ($5 in chips) 
Seat 3: Larry-s1980 ($4.66 in chips) 
Seat 4: AssosManiki ($13.55 in chips) 
Seat 5: 0RB BR0 ($6.17 in chips) 
Seat 6: Dorex2007 ($5.64 in chips) 
Seat 7: AGVsmarT ($3.27 in chips) 
Seat 8: poker0138 ($3.69 in chips) 
Seat 9: watersofain ($4.93 in chips) 
poker0138: posts small blind $0.02
watersofain: posts big blind $0.05
Dorex2007: posts small & big blinds $0.07
*** HOLE CARDS ***
Dealt to Dorex2007 [6c 7s]
vladimir5421: folds 
Deloys: folds 
Larry-s1980: raises $0.10 to $0.15
AssosManiki: folds 
0RB BR0: folds 
Dorex2007: folds 
AGVsmarT: folds 
poker0138: folds 
watersofain: folds 
Uncalled bet ($0.10) returned to Larry-s1980
Larry-s1980 collected $0.19 from pot
Larry-s1980: doesn't show hand 
*** SUMMARY ***
Total pot $0.19 | Rake $0 
Seat 1: vladimir5421 folded before Flop (didn't bet)
Seat 2: Deloys folded before Flop (didn't bet)
Seat 3: Larry-s1980 collected ($0.19)
Seat 4: AssosManiki folded before Flop (didn't bet)
Seat 5: 0RB BR0 folded before Flop (didn't bet)
Seat 6: Dorex2007 folded before Flop (didn't bet)
Seat 7: AGVsmarT (button) folded before Flop (didn't bet)
Seat 8: poker0138 (small blind) folded before Flop
Seat 9: watersofain (big blind) folded before Flop



PokerStars Hand #237986182978:  Hold'em No Limit ($0.02/$0.05 USD) - 2022/08/14 9:31:06 PT [2022/08/14 12:31:06 ET]
Table 'Anacreon II' 9-max Seat #8 is the button
Seat 1: vladimir5421 ($5.63 in chips) 
Seat 2: Deloys ($5 in chips) 
Seat 3: Larry-s1980 ($4.80 in chips) 
Seat 4: AssosManiki ($13.55 in chips) 
Seat 5: 0RB BR0 ($6.17 in chips) 
Seat 6: Dorex2007 ($5.57 in chips) 
Seat 7: AGVsmarT ($3.27 in chips) 
Seat 8: poker0138 ($3.67 in chips) 
Seat 9: watersofain ($4.88 in chips) 
watersofain: posts small blind $0.02
vladimir5421: posts big blind $0.05
*** HOLE CARDS ***
Dealt to Dorex2007 [Qs Kh]
Deloys: folds 
Larry-s1980: folds 
Deloys leaves the table
AssosManiki: folds 
0RB BR0: raises $0.10 to $0.15
Dorex2007: folds 
matugarcia04 joins the table at seat #2 
AGVsmarT: folds 
poker0138: calls $0.15
watersofain: folds 
vladimir5421: folds 
*** FLOP *** [6d 6h 2h]
0RB BR0: checks 
poker0138: bets $0.15
0RB BR0: folds 
Uncalled bet ($0.15) returned to poker0138
poker0138 collected $0.35 from pot
poker0138: doesn't show hand 
*** SUMMARY ***
Total pot $0.37 | Rake $0.02 
Board [6d 6h 2h]
Seat 1: vladimir5421 (big blind) folded before Flop
Seat 2: Deloys folded before Flop (didn't bet)
Seat 3: Larry-s1980 folded before Flop (didn't bet)
Seat 4: AssosManiki folded before Flop (didn't bet)
Seat 5: 0RB BR0 folded on the Flop
Seat 6: Dorex2007 folded before Flop (didn't bet)
Seat 7: AGVsmarT folded before Flop (didn't bet)
Seat 8: poker0138 (button) collected ($0.35)
Seat 9: watersofain (small blind) folded before Flop



PokerStars Hand #237986199934:  Hold'em No Limit ($0.02/$0.05 USD) - 2022/08/14 9:31:57 PT [2022/08/14 12:31:57 ET]
Table 'Anacreon II' 9-max Seat #9 is the button
Seat 1: vladimir5421 ($5.58 in chips) 
Seat 2: matugarcia04 ($5 in chips) 
Seat 3: Larry-s1980 ($4.80 in chips) 
Seat 4: AssosManiki ($13.55 in chips) 
Seat 5: 0RB BR0 ($6.02 in chips) 
Seat 6: Dorex2007 ($5.57 in chips) 
Seat 7: AGVsmarT ($3.27 in chips) 
Seat 8: poker0138 ($3.87 in chips) 
Seat 9: watersofain ($4.86 in chips) 
vladimir5421: posts small blind $0.02
matugarcia04: posts big blind $0.05
*** HOLE CARDS ***
Dealt to Dorex2007 [Qs 4s]
Larry-s1980: raises $0.10 to $0.15
AssosManiki: folds 
0RB BR0: folds 
Dorex2007: folds 
AGVsmarT: folds 
poker0138: folds 
watersofain: folds 
vladimir5421: folds 
matugarcia04: folds 
Uncalled bet ($0.10) returned to Larry-s1980
Larry-s1980 collected $0.12 from pot
Larry-s1980: doesn't show hand 
*** SUMMARY ***
Total pot $0.12 | Rake $0 
Seat 1: vladimir5421 (small blind) folded before Flop
Seat 2: matugarcia04 (big blind) folded before Flop
Seat 3: Larry-s1980 collected ($0.12)
Seat 4: AssosManiki folded before Flop (didn't bet)
Seat 5: 0RB BR0 folded before Flop (didn't bet)
Seat 6: Dorex2007 folded before Flop (didn't bet)
Seat 7: AGVsmarT folded before Flop (didn't bet)
Seat 8: poker0138 folded before Flop (didn't bet)
Seat 9: watersofain (button) folded before Flop (didn't bet)



PokerStars Hand #237986211701:  Hold'em No Limit ($0.02/$0.05 USD) - 2022/08/14 9:32:33 PT [2022/08/14 12:32:33 ET]
Table 'Anacreon II' 9-max Seat #1 is the button
Seat 1: vladimir5421 ($5.56 in chips) 
Seat 2: matugarcia04 ($4.95 in chips) 
Seat 3: Larry-s1980 ($4.87 in chips) 
Seat 4: AssosManiki ($13.55 in chips) 
Seat 5: 0RB BR0 ($6.02 in chips) 
Seat 6: Dorex2007 ($5.57 in chips) 
Seat 7: AGVsmarT ($3.27 in chips) 
Seat 8: poker0138 ($3.87 in chips) 
Seat 9: watersofain ($4.86 in chips) 
matugarcia04: posts small blind $0.02
Larry-s1980: posts big blind $0.05
*** HOLE CARDS ***
Dealt to Dorex2007 [3d Tc]
AssosManiki: folds 
0RB BR0: folds 
Dorex2007: folds 
AGVsmarT: calls $0.05
poker0138: raises $0.05 to $0.10
watersofain: calls $0.10
vladimir5421: folds 
matugarcia04: folds 
Larry-s1980: folds 
AGVsmarT: calls $0.05
*** FLOP *** [Th 2s 7s]
AGVsmarT: checks 
poker0138: checks 
watersofain: checks 
*** TURN *** [Th 2s 7s] [4d]
AGVsmarT: bets $0.17
poker0138: folds 
watersofain: folds 
Uncalled bet ($0.17) returned to AGVsmarT
AGVsmarT collected $0.35 from pot
*** SUMMARY ***
Total pot $0.37 | Rake $0.02 
Board [Th 2s 7s 4d]
Seat 1: vladimir5421 (button) folded before Flop (didn't bet)
Seat 2: matugarcia04 (small blind) folded before Flop
Seat 3: Larry-s1980 (big blind) folded before Flop
Seat 4: AssosManiki folded before Flop (didn't bet)
Seat 5: 0RB BR0 folded before Flop (didn't bet)
Seat 6: Dorex2007 folded before Flop (didn't bet)
Seat 7: AGVsmarT collected ($0.35)
Seat 8: poker0138 folded on the Turn
Seat 9: watersofain folded on the Turn



PokerStars Hand #237986224147:  Hold'em No Limit ($0.02/$0.05 USD) - 2022/08/14 9:33:10 PT [2022/08/14 12:33:10 ET]
Table 'Anacreon II' 9-max Seat #2 is the button
Seat 1: vladimir5421 ($5.56 in chips) 
Seat 2: matugarcia04 ($4.93 in chips) 
Seat 3: Larry-s1980 ($4.82 in chips) 
Seat 4: AssosManiki ($13.55 in chips) 
Seat 5: 0RB BR0 ($6.02 in chips) 
Seat 6: Dorex2007 ($5.57 in chips) 
Seat 7: AGVsmarT ($3.52 in chips) 
Seat 8: poker0138 ($3.77 in chips) 
Seat 9: watersofain ($4.76 in chips) 
Larry-s1980: posts small blind $0.02
AssosManiki: posts big blind $0.05
*** HOLE CARDS ***
Dealt to Dorex2007 [Js 3s]
0RB BR0: folds 
Dorex2007: folds 
AGVsmarT: raises $0.12 to $0.17
poker0138: folds 
watersofain: folds 
vladimir5421: folds 
matugarcia04: folds 
Larry-s1980: folds 
AssosManiki: folds 
Uncalled bet ($0.12) returned to AGVsmarT
AGVsmarT collected $0.12 from pot
*** SUMMARY ***
Total pot $0.12 | Rake $0 
Seat 1: vladimir5421 folded before Flop (didn't bet)
Seat 2: matugarcia04 (button) folded before Flop (didn't bet)
Seat 3: Larry-s1980 (small blind) folded before Flop
Seat 4: AssosManiki (big blind) folded before Flop
Seat 5: 0RB BR0 folded before Flop (didn't bet)
Seat 6: Dorex2007 folded before Flop (didn't bet)
Seat 7: AGVsmarT collected ($0.12)
Seat 8: poker0138 folded before Flop (didn't bet)
Seat 9: watersofain folded before Flop (didn't bet)



PokerStars Hand #237986236019:  Hold'em No Limit ($0.02/$0.05 USD) - 2022/08/14 9:33:46 PT [2022/08/14 12:33:46 ET]
Table 'Anacreon II' 9-max Seat #3 is the button
Seat 1: vladimir5421 ($5.56 in chips) 
Seat 2: matugarcia04 ($4.93 in chips) 
Seat 3: Larry-s1980 ($4.80 in chips) 
Seat 4: AssosManiki ($13.50 in chips) 
Seat 5: 0RB BR0 ($6.02 in chips) 
Seat 6: Dorex2007 ($5.57 in chips) 
Seat 7: AGVsmarT ($3.59 in chips) 
Seat 8: poker0138 ($3.77 in chips) 
Seat 9: watersofain ($4.76 in chips) 
AssosManiki: posts small blind $0.02
0RB BR0: posts big blind $0.05
*** HOLE CARDS ***
Dealt to Dorex2007 [5h Td]
Dorex2007: folds 
AGVsmarT: folds 
poker0138: folds 
watersofain: folds 
vladimir5421: folds 
matugarcia04: folds 
Larry-s1980: raises $0.05 to $0.10
AssosManiki: calls $0.08
0RB BR0: folds 
*** FLOP *** [5d Jh 7d]
AssosManiki: bets $0.16
Larry-s1980: folds 
Uncalled bet ($0.16) returned to AssosManiki
AssosManiki collected $0.24 from pot
AssosManiki: doesn't show hand 
*** SUMMARY ***
Total pot $0.25 | Rake $0.01 
Board [5d Jh 7d]
Seat 1: vladimir5421 folded before Flop (didn't bet)
Seat 2: matugarcia04 folded before Flop (didn't bet)
Seat 3: Larry-s1980 (button) folded on the Flop
Seat 4: AssosManiki (small blind) collected ($0.24)
Seat 5: 0RB BR0 (big blind) folded before Flop
Seat 6: Dorex2007 folded before Flop (didn't bet)
Seat 7: AGVsmarT folded before Flop (didn't bet)
Seat 8: poker0138 folded before Flop (didn't bet)
Seat 9: watersofain folded before Flop (didn't bet)



PokerStars Hand #237986248985:  Hold'em No Limit ($0.02/$0.05 USD) - 2022/08/14 9:34:24 PT [2022/08/14 12:34:24 ET]
Table 'Anacreon II' 9-max Seat #4 is the button
Seat 1: vladimir5421 ($5.56 in chips) 
Seat 2: matugarcia04 ($4.93 in chips) 
Seat 3: Larry-s1980 ($4.70 in chips) 
Seat 4: AssosManiki ($13.64 in chips) 
Seat 5: 0RB BR0 ($5.97 in chips) 
Seat 6: Dorex2007 ($5.57 in chips) 
Seat 7: AGVsmarT ($3.59 in chips) 
Seat 8: poker0138 ($3.77 in chips) 
Seat 9: watersofain ($4.76 in chips) 
0RB BR0: posts small blind $0.02
Dorex2007: posts big blind $0.05
*** HOLE CARDS ***
Dealt to Dorex2007 [Jc 6d]
AGVsmarT: folds 
poker0138: raises $0.15 to $0.20
watersofain: folds 
vladimir5421: folds 
matugarcia04: folds 
Larry-s1980: folds 
AssosManiki: folds 
0RB BR0: folds 
Dorex2007: folds 
Uncalled bet ($0.15) returned to poker0138
poker0138 collected $0.12 from pot
poker0138: doesn't show hand 
*** SUMMARY ***
Total pot $0.12 | Rake $0 
Seat 1: vladimir5421 folded before Flop (didn't bet)
Seat 2: matugarcia04 folded before Flop (didn't bet)
Seat 3: Larry-s1980 folded before Flop (didn't bet)
Seat 4: AssosManiki (button) folded before Flop (didn't bet)
Seat 5: 0RB BR0 (small blind) folded before Flop
Seat 6: Dorex2007 (big blind) folded before Flop
Seat 7: AGVsmarT folded before Flop (didn't bet)
Seat 8: poker0138 collected ($0.12)
Seat 9: watersofain folded before Flop (didn't bet)



PokerStars Hand #237986254685:  Hold'em No Limit ($0.02/$0.05 USD) - 2022/08/14 9:34:42 PT [2022/08/14 12:34:42 ET]
Table 'Anacreon II' 9-max Seat #5 is the button
Seat 1: vladimir5421 ($5.56 in chips) 
Seat 2: matugarcia04 ($4.93 in chips) 
Seat 3: Larry-s1980 ($4.70 in chips) 
Seat 4: AssosManiki ($13.64 in chips) 
Seat 5: 0RB BR0 ($5.95 in chips) 
Seat 6: Dorex2007 ($5.52 in chips) 
Seat 7: AGVsmarT ($3.59 in chips) 
Seat 8: poker0138 ($3.84 in chips) 
Seat 9: watersofain ($4.76 in chips) 
Dorex2007: posts small blind $0.02
AGVsmarT: posts big blind $0.05
*** HOLE CARDS ***
Dealt to Dorex2007 [4s Qh]
poker0138: folds 
watersofain: folds 
vladimir5421: folds 
matugarcia04: folds 
Larry-s1980: folds 
AssosManiki: raises $0.08 to $0.13
0RB BR0: folds 
Dorex2007: folds 
AGVsmarT: folds 
Uncalled bet ($0.08) returned to AssosManiki
AssosManiki collected $0.12 from pot
AssosManiki: doesn't show hand 
*** SUMMARY ***
Total pot $0.12 | Rake $0 
Seat 1: vladimir5421 folded before Flop (didn't bet)
Seat 2: matugarcia04 folded before Flop (didn't bet)
Seat 3: Larry-s1980 folded before Flop (didn't bet)
Seat 4: AssosManiki collected ($0.12)
Seat 5: 0RB BR0 (button) folded before Flop (didn't bet)
Seat 6: Dorex2007 (small blind) folded before Flop
Seat 7: AGVsmarT (big blind) folded before Flop
Seat 8: poker0138 folded before Flop (didn't bet)
Seat 9: watersofain folded before Flop (didn't bet)



PokerStars Hand #237986261876:  Hold'em No Limit ($0.02/$0.05 USD) - 2022/08/14 9:35:04 PT [2022/08/14 12:35:04 ET]
Table 'Anacreon II' 9-max Seat #6 is the button
Seat 1: vladimir5421 ($5.56 in chips) 
Seat 2: matugarcia04 ($4.93 in chips) 
Seat 3: Larry-s1980 ($4.70 in chips) 
Seat 4: AssosManiki ($13.71 in chips) 
Seat 5: 0RB BR0 ($5.95 in chips) 
Seat 6: Dorex2007 ($5.50 in chips) 
Seat 7: AGVsmarT ($3.54 in chips) 
Seat 8: poker0138 ($3.84 in chips) 
Seat 9: watersofain ($4.76 in chips) 
AGVsmarT: posts small blind $0.02
poker0138: posts big blind $0.05
*** HOLE CARDS ***
Dealt to Dorex2007 [6h Qd]
watersofain: folds 
vladimir5421: folds 
matugarcia04: folds 
Larry-s1980: raises $0.10 to $0.15
AssosManiki: folds 
0RB BR0: folds 
Dorex2007: folds 
AGVsmarT: folds 
poker0138: folds 
Uncalled bet ($0.10) returned to Larry-s1980
Larry-s1980 collected $0.12 from pot
Larry-s1980: doesn't show hand 
*** SUMMARY ***
Total pot $0.12 | Rake $0 
Seat 1: vladimir5421 folded before Flop (didn't bet)
Seat 2: matugarcia04 folded before Flop (didn't bet)
Seat 3: Larry-s1980 collected ($0.12)
Seat 4: AssosManiki folded before Flop (didn't bet)
Seat 5: 0RB BR0 folded before Flop (didn't bet)
Seat 6: Dorex2007 (button) folded before Flop (didn't bet)
Seat 7: AGVsmarT (small blind) folded before Flop
Seat 8: poker0138 (big blind) folded before Flop
Seat 9: watersofain folded before Flop (didn't bet)



PokerStars Hand #237986269294:  Hold'em No Limit ($0.02/$0.05 USD) - 2022/08/14 9:35:26 PT [2022/08/14 12:35:26 ET]
Table 'Anacreon II' 9-max Seat #7 is the button
Seat 1: vladimir5421 ($5.56 in chips) 
Seat 2: matugarcia04 ($4.93 in chips) 
Seat 3: Larry-s1980 ($4.77 in chips) 
Seat 4: AssosManiki ($13.71 in chips) 
Seat 5: 0RB BR0 ($5.95 in chips) 
Seat 6: Dorex2007 ($5.50 in chips) 
Seat 7: AGVsmarT ($3.52 in chips) 
Seat 8: poker0138 ($3.79 in chips) 
Seat 9: watersofain ($4.76 in chips) 
poker0138: posts small blind $0.02
watersofain: posts big blind $0.05
*** HOLE CARDS ***
Dealt to Dorex2007 [3h 4d]
vladimir5421: folds 
matugarcia04: folds 
Larry-s1980: folds 
AssosManiki: folds 
0RB BR0: folds 
Dorex2007: folds 
AGVsmarT has timed out
AGVsmarT: folds 
poker0138: folds 
Uncalled bet ($0.03) returned to watersofain
watersofain collected $0.04 from pot
*** SUMMARY ***
Total pot $0.04 | Rake $0 
Seat 1: vladimir5421 folded before Flop (didn't bet)
Seat 2: matugarcia04 folded before Flop (didn't bet)
Seat 3: Larry-s1980 folded before Flop (didn't bet)
Seat 4: AssosManiki folded before Flop (didn't bet)
Seat 5: 0RB BR0 folded before Flop (didn't bet)
Seat 6: Dorex2007 folded before Flop (didn't bet)
Seat 7: AGVsmarT (button) folded before Flop (didn't bet)
Seat 8: poker0138 (small blind) folded before Flop
Seat 9: watersofain (big blind) collected ($0.04)



PokerStars Hand #237986278986:  Hold'em No Limit ($0.02/$0.05 USD) - 2022/08/14 9:35:55 PT [2022/08/14 12:35:55 ET]
Table 'Anacreon II' 9-max Seat #8 is the button
Seat 1: vladimir5421 ($5.56 in chips) 
Seat 2: matugarcia04 ($4.93 in chips) 
Seat 3: Larry-s1980 ($4.77 in chips) 
Seat 4: AssosManiki ($13.71 in chips) 
Seat 5: 0RB BR0 ($5.95 in chips) 
Seat 6: Dorex2007 ($5.50 in chips) 
Seat 8: poker0138 ($3.77 in chips) 
Seat 9: watersofain ($4.78 in chips) 
watersofain: posts small blind $0.02
vladimir5421: posts big blind $0.05
*** HOLE CARDS ***
Dealt to Dorex2007 [Ad Jd]
matugarcia04: folds 
Larry-s1980: folds 
AssosManiki: raises $0.08 to $0.13
0RB BR0: folds 
Dorex2007: calls $0.13
poker0138: folds 
watersofain: folds 
vladimir5421: folds 
*** FLOP *** [6c 5d 5h]
AssosManiki: checks 
Dorex2007: checks 
*** TURN *** [6c 5d 5h] [Qd]
AssosManiki: bets $0.14
Dorex2007: calls $0.14
*** RIVER *** [6c 5d 5h Qd] [Qh]
AssosManiki: bets $0.26
Dorex2007: calls $0.26
*** SHOW DOWN ***
AssosManiki: shows [Qs Kh] (a full house, Queens full of Fives)
Dorex2007: mucks hand 
AssosManiki collected $1.08 from pot
*** SUMMARY ***
Total pot $1.13 | Rake $0.05 
Board [6c 5d 5h Qd Qh]
Seat 1: vladimir5421 (big blind) folded before Flop
Seat 2: matugarcia04 folded before Flop (didn't bet)
Seat 3: Larry-s1980 folded before Flop (didn't bet)
Seat 4: AssosManiki showed [Qs Kh] and won ($1.08) with a full house, Queens full of Fives
Seat 5: 0RB BR0 folded before Flop (didn't bet)
Seat 6: Dorex2007 mucked [Ad Jd]
Seat 8: poker0138 (button) folded before Flop (didn't bet)
Seat 9: watersofain (small blind) folded before Flop



PokerStars Hand #237986304627:  Hold'em No Limit ($0.02/$0.05 USD) - 2022/08/14 9:36:42 PT [2022/08/14 12:36:42 ET]
Table 'Anacreon II' 9-max Seat #9 is the button
Seat 1: vladimir5421 ($5.51 in chips) 
Seat 2: matugarcia04 ($4.93 in chips) 
Seat 3: Larry-s1980 ($4.77 in chips) 
Seat 4: AssosManiki ($14.26 in chips) 
Seat 5: 0RB BR0 ($5.95 in chips) 
Seat 6: Dorex2007 ($5 in chips) 
Seat 8: poker0138 ($3.77 in chips) 
Seat 9: watersofain ($4.76 in chips) 
vladimir5421: posts small blind $0.02
matugarcia04: posts big blind $0.05
*** HOLE CARDS ***
Dealt to Dorex2007 [4s Ts]
Larry-s1980: folds 
AssosManiki: folds 
0RB BR0: folds 
Dorex2007: folds 
poker0138: raises $0.05 to $0.10
watersofain: folds 
vladimir5421: calls $0.08
matugarcia04: folds 
*** FLOP *** [6d 2h 5h]
vladimir5421: checks 
poker0138: bets $0.12
vladimir5421: folds 
Uncalled bet ($0.12) returned to poker0138
poker0138 collected $0.24 from pot
poker0138: doesn't show hand 
*** SUMMARY ***
Total pot $0.25 | Rake $0.01 
Board [6d 2h 5h]
Seat 1: vladimir5421 (small blind) folded on the Flop
Seat 2: matugarcia04 (big blind) folded before Flop
Seat 3: Larry-s1980 folded before Flop (didn't bet)
Seat 4: AssosManiki folded before Flop (didn't bet)
Seat 5: 0RB BR0 folded before Flop (didn't bet)
Seat 6: Dorex2007 folded before Flop (didn't bet)
Seat 8: poker0138 collected ($0.24)
Seat 9: watersofain (button) folded before Flop (didn't bet)



PokerStars Hand #237986323211:  Hold'em No Limit ($0.02/$0.05 USD) - 2022/08/14 9:37:37 PT [2022/08/14 12:37:37 ET]
Table 'Anacreon II' 9-max Seat #1 is the button
Seat 1: vladimir5421 ($5.41 in chips) 
Seat 2: matugarcia04 ($4.88 in chips) 
Seat 3: Larry-s1980 ($4.77 in chips) 
Seat 4: AssosManiki ($14.26 in chips) 
Seat 5: 0RB BR0 ($5.95 in chips) 
Seat 6: Dorex2007 ($5 in chips) 
Seat 8: poker0138 ($3.91 in chips) 
Seat 9: watersofain ($4.76 in chips) 
matugarcia04: posts small blind $0.02
Larry-s1980: posts big blind $0.05
*** HOLE CARDS ***
Dealt to Dorex2007 [5c 9h]
AssosManiki: folds 
0RB BR0: folds 
Dorex2007: folds 
poker0138: folds 
watersofain: folds 
vladimir5421: folds 
matugarcia04: folds 
Uncalled bet ($0.03) returned to Larry-s1980
Larry-s1980 collected $0.04 from pot
Larry-s1980: doesn't show hand 
*** SUMMARY ***
Total pot $0.04 | Rake $0 
Seat 1: vladimir5421 (button) folded before Flop (didn't bet)
Seat 2: matugarcia04 (small blind) folded before Flop
Seat 3: Larry-s1980 (big blind) collected ($0.04)
Seat 4: AssosManiki folded before Flop (didn't bet)
Seat 5: 0RB BR0 folded before Flop (didn't bet)
Seat 6: Dorex2007 folded before Flop (didn't bet)
Seat 8: poker0138 folded before Flop (didn't bet)
Seat 9: watersofain folded before Flop (didn't bet)



PokerStars Hand #237986331182:  Hold'em No Limit ($0.02/$0.05 USD) - 2022/08/14 9:38:01 PT [2022/08/14 12:38:01 ET]
Table 'Anacreon II' 9-max Seat #2 is the button
Seat 1: vladimir5421 ($5.41 in chips) 
Seat 2: matugarcia04 ($4.86 in chips) 
Seat 3: Larry-s1980 ($4.79 in chips) 
Seat 4: AssosManiki ($14.26 in chips) 
Seat 5: 0RB BR0 ($5.95 in chips) 
Seat 6: Dorex2007 ($5 in chips) 
Seat 8: poker0138 ($3.91 in chips) 
Seat 9: watersofain ($4.76 in chips) 
Larry-s1980: posts small blind $0.02
AssosManiki: posts big blind $0.05
*** HOLE CARDS ***
Dealt to Dorex2007 [Jc 6h]
0RB BR0: folds 
Dorex2007: folds 
poker0138: folds 
watersofain: folds 
vladimir5421: folds 
matugarcia04: folds 
Larry-s1980: raises $0.10 to $0.15
AssosManiki: calls $0.10
*** FLOP *** [Kh 6s Qh]
Larry-s1980: checks 
AssosManiki: checks 
*** TURN *** [Kh 6s Qh] [8d]
Larry-s1980: checks 
AssosManiki: checks 
*** RIVER *** [Kh 6s Qh 8d] [Th]
Larry-s1980: bets $0.19
AssosManiki: calls $0.19
*** SHOW DOWN ***
Larry-s1980: shows [Js 9d] (a straight, Nine to King)
AssosManiki: mucks hand 
Larry-s1980 collected $0.65 from pot
*** SUMMARY ***
Total pot $0.68 | Rake $0.03 
Board [Kh 6s Qh 8d Th]
Seat 1: vladimir5421 folded before Flop (didn't bet)
Seat 2: matugarcia04 (button) folded before Flop (didn't bet)
Seat 3: Larry-s1980 (small blind) showed [Js 9d] and won ($0.65) with a straight, Nine to King
Seat 4: AssosManiki (big blind) mucked [9s 7s]
Seat 5: 0RB BR0 folded before Flop (didn't bet)
Seat 6: Dorex2007 folded before Flop (didn't bet)
Seat 8: poker0138 folded before Flop (didn't bet)
Seat 9: watersofain folded before Flop (didn't bet)



PokerStars Hand #237986352571:  Hold'em No Limit ($0.02/$0.05 USD) - 2022/08/14 9:39:04 PT [2022/08/14 12:39:04 ET]
Table 'Anacreon II' 9-max Seat #3 is the button
Seat 1: vladimir5421 ($5.41 in chips) 
Seat 2: matugarcia04 ($4.86 in chips) 
Seat 3: Larry-s1980 ($5.10 in chips) 
Seat 4: AssosManiki ($13.92 in chips) 
Seat 5: 0RB BR0 ($5.95 in chips) 
Seat 6: Dorex2007 ($5 in chips) 
Seat 8: poker0138 ($3.91 in chips) 
Seat 9: watersofain ($4.76 in chips) 
AssosManiki: posts small blind $0.02
0RB BR0: posts big blind $0.05
*** HOLE CARDS ***
Dealt to Dorex2007 [Th 6d]
Dorex2007: folds 
poker0138 has timed out
poker0138: folds 
watersofain: folds 
vladimir5421: folds 
matugarcia04: folds 
Larry-s1980: folds 
AssosManiki: folds 
Uncalled bet ($0.03) returned to 0RB BR0
0RB BR0 collected $0.04 from pot
*** SUMMARY ***
Total pot $0.04 | Rake $0 
Seat 1: vladimir5421 folded before Flop (didn't bet)
Seat 2: matugarcia04 folded before Flop (didn't bet)
Seat 3: Larry-s1980 (button) folded before Flop (didn't bet)
Seat 4: AssosManiki (small blind) folded before Flop
Seat 5: 0RB BR0 (big blind) collected ($0.04)
Seat 6: Dorex2007 folded before Flop (didn't bet)
Seat 8: poker0138 folded before Flop (didn't bet)
Seat 9: watersofain folded before Flop (didn't bet)



PokerStars Hand #237986360885:  Hold'em No Limit ($0.02/$0.05 USD) - 2022/08/14 9:39:28 PT [2022/08/14 12:39:28 ET]
Table 'Anacreon II' 9-max Seat #4 is the button
Seat 1: vladimir5421 ($5.41 in chips) 
Seat 2: matugarcia04 ($4.86 in chips) 
Seat 3: Larry-s1980 ($5.10 in chips) 
Seat 4: AssosManiki ($13.90 in chips) 
Seat 5: 0RB BR0 ($5.97 in chips) 
Seat 6: Dorex2007 ($5 in chips) 
Seat 8: poker0138 ($3.91 in chips) 
Seat 9: watersofain ($4.76 in chips) 
0RB BR0: posts small blind $0.02
Dorex2007: posts big blind $0.05
*** HOLE CARDS ***
Dealt to Dorex2007 [3d 6s]
poker0138: folds 
watersofain: folds 
vladimir5421: raises $0.10 to $0.15
matugarcia04: calls $0.15
Larry-s1980: folds 
AssosManiki: folds 
0RB BR0: folds 
Dorex2007: folds 
*** FLOP *** [5c Qc 5s]
vladimir5421: bets $0.30
matugarcia04: folds 
Uncalled bet ($0.30) returned to vladimir5421
vladimir5421 collected $0.35 from pot
vladimir5421: doesn't show hand 
*** SUMMARY ***
Total pot $0.37 | Rake $0.02 
Board [5c Qc 5s]
Seat 1: vladimir5421 collected ($0.35)
Seat 2: matugarcia04 folded on the Flop
Seat 3: Larry-s1980 folded before Flop (didn't bet)
Seat 4: AssosManiki (button) folded before Flop (didn't bet)
Seat 5: 0RB BR0 (small blind) folded before Flop
Seat 6: Dorex2007 (big blind) folded before Flop
Seat 8: poker0138 folded before Flop (didn't bet)
Seat 9: watersofain folded before Flop (didn't bet)



PokerStars Hand #237986375553:  Hold'em No Limit ($0.02/$0.05 USD) - 2022/08/14 9:40:12 PT [2022/08/14 12:40:12 ET]
Table 'Anacreon II' 9-max Seat #5 is the button
Seat 1: vladimir5421 ($5.61 in chips) 
Seat 2: matugarcia04 ($4.71 in chips) 
Seat 3: Larry-s1980 ($5.10 in chips) 
Seat 4: AssosManiki ($13.90 in chips) 
Seat 5: 0RB BR0 ($5.95 in chips) 
Seat 6: Dorex2007 ($5 in chips) 
Seat 8: poker0138 ($3.91 in chips) 
Seat 9: watersofain ($4.76 in chips) 
Dorex2007: posts small blind $0.02
poker0138: posts big blind $0.05
*** HOLE CARDS ***
Dealt to Dorex2007 [Td 9s]
watersofain: folds 
vladimir5421: folds 
matugarcia04: folds 
Larry-s1980: folds 
AssosManiki: raises $0.08 to $0.13
0RB BR0: folds 
Dorex2007: folds 
poker0138: calls $0.08
*** FLOP *** [9h 2s Qd]
poker0138: checks 
AssosManiki: checks 
*** TURN *** [9h 2s Qd] [3s]
poker0138: checks 
AssosManiki: checks 
*** RIVER *** [9h 2s Qd 3s] [9c]
poker0138: checks 
AssosManiki: checks 
*** SHOW DOWN ***
poker0138: shows [8s Ts] (a pair of Nines)
AssosManiki: shows [Ac 4c] (a pair of Nines - Ace kicker)
AssosManiki collected $0.27 from pot
*** SUMMARY ***
Total pot $0.28 | Rake $0.01 
Board [9h 2s Qd 3s 9c]
Seat 1: vladimir5421 folded before Flop (didn't bet)
Seat 2: matugarcia04 folded before Flop (didn't bet)
Seat 3: Larry-s1980 folded before Flop (didn't bet)
Seat 4: AssosManiki showed [Ac 4c] and won ($0.27) with a pair of Nines
Seat 5: 0RB BR0 (button) folded before Flop (didn't bet)
Seat 6: Dorex2007 (small blind) folded before Flop
Seat 8: poker0138 (big blind) showed [8s Ts] and lost with a pair of Nines
Seat 9: watersofain folded before Flop (didn't bet)



PokerStars Hand #237986386828:  Hold'em No Limit ($0.02/$0.05 USD) - 2022/08/14 9:40:45 PT [2022/08/14 12:40:45 ET]
Table 'Anacreon II' 9-max Seat #6 is the button
Seat 1: vladimir5421 ($5.61 in chips) 
Seat 2: matugarcia04 ($4.71 in chips) 
Seat 3: Larry-s1980 ($5.10 in chips) 
Seat 4: AssosManiki ($14.04 in chips) 
Seat 5: 0RB BR0 ($5.95 in chips) 
Seat 6: Dorex2007 ($5 in chips) 
Seat 8: poker0138 ($3.78 in chips) 
Seat 9: watersofain ($4.76 in chips) 
poker0138: posts small blind $0.02
watersofain: posts big blind $0.05
*** HOLE CARDS ***
Dealt to Dorex2007 [5s 7c]
vladimir5421: folds 
matugarcia04: folds 
Larry-s1980: folds 
AssosManiki: folds 
0RB BR0: raises $0.10 to $0.15
Dorex2007: folds 
poker0138: folds 
watersofain: folds 
Uncalled bet ($0.10) returned to 0RB BR0
0RB BR0 collected $0.12 from pot
*** SUMMARY ***
Total pot $0.12 | Rake $0 
Seat 1: vladimir5421 folded before Flop (didn't bet)
Seat 2: matugarcia04 folded before Flop (didn't bet)
Seat 3: Larry-s1980 folded before Flop (didn't bet)
Seat 4: AssosManiki folded before Flop (didn't bet)
Seat 5: 0RB BR0 collected ($0.12)
Seat 6: Dorex2007 (button) folded before Flop (didn't bet)
Seat 8: poker0138 (small blind) folded before Flop
Seat 9: watersofain (big blind) folded before Flop



PokerStars Hand #237986394506:  Hold'em No Limit ($0.02/$0.05 USD) - 2022/08/14 9:41:08 PT [2022/08/14 12:41:08 ET]
Table 'Anacreon II' 9-max Seat #8 is the button
Seat 1: vladimir5421 ($5.61 in chips) 
Seat 2: matugarcia04 ($4.71 in chips) 
Seat 3: Larry-s1980 ($5.10 in chips) 
Seat 4: AssosManiki ($14.04 in chips) 
Seat 5: 0RB BR0 ($6.02 in chips) 
Seat 6: Dorex2007 ($5 in chips) 
Seat 8: poker0138 ($3.76 in chips) 
Seat 9: watersofain ($4.71 in chips) 
watersofain: posts small blind $0.02
vladimir5421: posts big blind $0.05
*** HOLE CARDS ***
Dealt to Dorex2007 [Qs 7c]
matugarcia04 has timed out
matugarcia04: folds 
Larry-s1980: folds 
AssosManiki: folds 
0RB BR0: folds 
Dorex2007: folds 
poker0138: folds 
watersofain: folds 
Uncalled bet ($0.03) returned to vladimir5421
vladimir5421 collected $0.04 from pot
vladimir5421: doesn't show hand 
*** SUMMARY ***
Total pot $0.04 | Rake $0 
Seat 1: vladimir5421 (big blind) collected ($0.04)
Seat 2: matugarcia04 folded before Flop (didn't bet)
Seat 3: Larry-s1980 folded before Flop (didn't bet)
Seat 4: AssosManiki folded before Flop (didn't bet)
Seat 5: 0RB BR0 folded before Flop (didn't bet)
Seat 6: Dorex2007 folded before Flop (didn't bet)
Seat 8: poker0138 (button) folded before Flop (didn't bet)
Seat 9: watersofain (small blind) folded before Flop



