PokerStars Hand #233205709171:  Hold'em No Limit ($0.01/$0.02 USD) - 2022/01/16 14:33:36 PT [2022/01/16 17:33:36 ET]
Table 'Senta' 9-max Seat #3 is the button
Seat 1: Orange712 ($2.25 in chips) 
Seat 2: Dorex2007 ($2 in chips) 
Seat 3: HitarPetar911 ($10.82 in chips) 
Seat 4: sergeyl01 ($0.70 in chips) 
Seat 5: lindlife ($2.06 in chips) 
Seat 6: bcknkd966 ($1.27 in chips) 
Seat 8: pIay2kiLL ($2 in chips) 
Seat 9: weverson315 ($4.43 in chips) 
sergeyl01: posts small blind $0.01
lindlife: posts big blind $0.02
laureano290: sits out 
Dorex2007: posts big blind $0.02
*** HOLE CARDS ***
Dealt to Dorex2007 [7h 5d]
bcknkd966: folds 
pIay2kiLL: folds 
weverson315: calls $0.02
Orange712: folds 
Dorex2007: checks 
HitarPetar911: calls $0.02
sergeyl01: calls $0.01
lindlife: checks 
*** FLOP *** [Td 9d Kc]
sergeyl01: checks 
lindlife: checks 
weverson315: bets $0.04
Dorex2007: folds 
HitarPetar911: calls $0.04
sergeyl01: folds 
lindlife: folds 
*** TURN *** [Td 9d Kc] [9c]
weverson315: bets $0.08
HitarPetar911: calls $0.08
*** RIVER *** [Td 9d Kc 9c] [2h]
weverson315: bets $0.16
HitarPetar911: folds 
Uncalled bet ($0.16) returned to weverson315
weverson315 collected $0.33 from pot
weverson315: doesn't show hand 
*** SUMMARY ***
Total pot $0.34 | Rake $0.01 
Board [Td 9d Kc 9c 2h]
Seat 1: Orange712 folded before Flop (didn't bet)
Seat 2: Dorex2007 folded on the Flop (didn't bet)
Seat 3: HitarPetar911 (button) folded on the River
Seat 4: sergeyl01 (small blind) folded on the Flop
Seat 5: lindlife (big blind) folded on the Flop
Seat 6: bcknkd966 folded before Flop (didn't bet)
Seat 8: pIay2kiLL folded before Flop (didn't bet)
Seat 9: weverson315 collected ($0.33)



PokerStars Hand #233205760199:  Hold'em No Limit ($0.01/$0.02 USD) - 2022/01/16 14:34:33 PT [2022/01/16 17:34:33 ET]
Table 'Senta' 9-max Seat #4 is the button
Seat 1: Orange712 ($2.25 in chips) 
Seat 2: Dorex2007 ($2 in chips) 
Seat 3: HitarPetar911 ($10.68 in chips) 
Seat 4: sergeyl01 ($0.68 in chips) 
Seat 5: lindlife ($2.04 in chips) 
Seat 6: bcknkd966 ($1.27 in chips) 
Seat 8: pIay2kiLL ($2 in chips) 
Seat 9: weverson315 ($4.62 in chips) 
lindlife: posts small blind $0.01
bcknkd966: posts big blind $0.02
laureano290: sits out 
*** HOLE CARDS ***
Dealt to Dorex2007 [2d Kh]
pIay2kiLL: folds 
weverson315: calls $0.02
Orange712: folds 
Dorex2007: folds 
HitarPetar911: calls $0.02
sergeyl01: folds 
lindlife: folds 
bcknkd966: checks 
*** FLOP *** [Ac 5c 4d]
bcknkd966: checks 
weverson315: checks 
HitarPetar911: checks 
*** TURN *** [Ac 5c 4d] [Js]
bcknkd966: checks 
weverson315: checks 
HitarPetar911: checks 
*** RIVER *** [Ac 5c 4d Js] [8d]
bcknkd966: checks 
weverson315: checks 
HitarPetar911: checks 
*** SHOW DOWN ***
bcknkd966: shows [Qc Td] (high card Ace)
weverson315: shows [3s 3h] (a pair of Threes)
HitarPetar911: shows [8s 6s] (a pair of Eights)
HitarPetar911 collected $0.07 from pot
*** SUMMARY ***
Total pot $0.07 | Rake $0 
Board [Ac 5c 4d Js 8d]
Seat 1: Orange712 folded before Flop (didn't bet)
Seat 2: Dorex2007 folded before Flop (didn't bet)
Seat 3: HitarPetar911 showed [8s 6s] and won ($0.07) with a pair of Eights
Seat 4: sergeyl01 (button) folded before Flop (didn't bet)
Seat 5: lindlife (small blind) folded before Flop
Seat 6: bcknkd966 (big blind) showed [Qc Td] and lost with high card Ace
Seat 8: pIay2kiLL folded before Flop (didn't bet)
Seat 9: weverson315 showed [3s 3h] and lost with a pair of Threes



PokerStars Hand #233205778391:  Hold'em No Limit ($0.01/$0.02 USD) - 2022/01/16 14:35:03 PT [2022/01/16 17:35:03 ET]
Table 'Senta' 9-max Seat #5 is the button
Seat 1: Orange712 ($2.25 in chips) 
Seat 2: Dorex2007 ($2 in chips) 
Seat 3: HitarPetar911 ($10.73 in chips) 
Seat 4: sergeyl01 ($0.68 in chips) 
Seat 5: lindlife ($2.03 in chips) 
Seat 6: bcknkd966 ($1.25 in chips) 
Seat 7: laureano290 ($2 in chips) 
Seat 9: weverson315 ($4.60 in chips) 
bcknkd966: posts small blind $0.01
laureano290: posts big blind $0.02
*** HOLE CARDS ***
Dealt to Dorex2007 [9s Jd]
weverson315: folds 
Orange712: folds 
Dorex2007: folds 
HitarPetar911: folds 
sergeyl01: folds 
lindlife: raises $0.04 to $0.06
pIay2kiLL leaves the table
bcknkd966: folds 
laureano290: folds 
Uncalled bet ($0.04) returned to lindlife
lindlife collected $0.05 from pot
lindlife: doesn't show hand 
*** SUMMARY ***
Total pot $0.05 | Rake $0 
Seat 1: Orange712 folded before Flop (didn't bet)
Seat 2: Dorex2007 folded before Flop (didn't bet)
Seat 3: HitarPetar911 folded before Flop (didn't bet)
Seat 4: sergeyl01 folded before Flop (didn't bet)
Seat 5: lindlife (button) collected ($0.05)
Seat 6: bcknkd966 (small blind) folded before Flop
Seat 7: laureano290 (big blind) folded before Flop
Seat 9: weverson315 folded before Flop (didn't bet)



PokerStars Hand #233205790137:  Hold'em No Limit ($0.01/$0.02 USD) - 2022/01/16 14:35:23 PT [2022/01/16 17:35:23 ET]
Table 'Senta' 9-max Seat #6 is the button
Seat 1: Orange712 ($2.25 in chips) 
Seat 2: Dorex2007 ($2 in chips) 
Seat 3: HitarPetar911 ($10.73 in chips) 
Seat 4: sergeyl01 ($0.68 in chips) 
Seat 5: lindlife ($2.06 in chips) 
Seat 6: bcknkd966 ($1.24 in chips) 
Seat 7: laureano290 ($2 in chips) 
Seat 9: weverson315 ($4.60 in chips) 
laureano290: posts small blind $0.01
weverson315: posts big blind $0.02
*** HOLE CARDS ***
Dealt to Dorex2007 [3s Jh]
Orange712: folds 
Dorex2007: folds 
HitarPetar911: raises $0.04 to $0.06
sergeyl01: folds 
lindlife: folds 
bcknkd966: folds 
mathplayer joins the table at seat #8 
laureano290: folds 
weverson315: calls $0.04
*** FLOP *** [2s 4s Js]
weverson315: checks 
HitarPetar911: checks 
*** TURN *** [2s 4s Js] [6h]
weverson315: checks 
HitarPetar911: checks 
*** RIVER *** [2s 4s Js 6h] [5s]
weverson315: checks 
HitarPetar911: bets $0.07
weverson315: folds 
Uncalled bet ($0.07) returned to HitarPetar911
HitarPetar911 collected $0.13 from pot
*** SUMMARY ***
Total pot $0.13 | Rake $0 
Board [2s 4s Js 6h 5s]
Seat 1: Orange712 folded before Flop (didn't bet)
Seat 2: Dorex2007 folded before Flop (didn't bet)
Seat 3: HitarPetar911 collected ($0.13)
Seat 4: sergeyl01 folded before Flop (didn't bet)
Seat 5: lindlife folded before Flop (didn't bet)
Seat 6: bcknkd966 (button) folded before Flop (didn't bet)
Seat 7: laureano290 (small blind) folded before Flop
Seat 9: weverson315 (big blind) folded on the River



PokerStars Hand #233205811531:  Hold'em No Limit ($0.01/$0.02 USD) - 2022/01/16 14:35:59 PT [2022/01/16 17:35:59 ET]
Table 'Senta' 9-max Seat #7 is the button
Seat 1: Orange712 ($2.25 in chips) 
Seat 2: Dorex2007 ($2 in chips) 
Seat 3: HitarPetar911 ($10.80 in chips) 
Seat 4: sergeyl01 ($0.68 in chips) 
Seat 5: lindlife ($2.06 in chips) 
Seat 6: bcknkd966 ($1.24 in chips) 
Seat 7: laureano290 ($2 in chips) 
Seat 9: weverson315 ($4.54 in chips) 
weverson315: posts small blind $0.01
Orange712: posts big blind $0.02
*** HOLE CARDS ***
Dealt to Dorex2007 [Tc Ks]
Dorex2007: folds 
HitarPetar911: calls $0.02
sergeyl01: folds 
lindlife: folds 
bcknkd966: folds 
laureano290: folds 
weverson315: calls $0.01
Orange712: raises $0.04 to $0.06
HitarPetar911: raises $0.04 to $0.10
weverson315: calls $0.08
Orange712: calls $0.04
*** FLOP *** [7s Kd 8s]
weverson315: checks 
Orange712: checks 
HitarPetar911: checks 
*** TURN *** [7s Kd 8s] [2h]
weverson315: checks 
Orange712: checks 
HitarPetar911: bets $0.10
weverson315: calls $0.10
Orange712: folds 
*** RIVER *** [7s Kd 8s 2h] [5s]
weverson315: checks 
HitarPetar911: checks 
*** SHOW DOWN ***
weverson315: shows [6d 6s] (a pair of Sixes)
HitarPetar911: shows [Qc Qh] (a pair of Queens)
HitarPetar911 collected $0.48 from pot
*** SUMMARY ***
Total pot $0.50 | Rake $0.02 
Board [7s Kd 8s 2h 5s]
Seat 1: Orange712 (big blind) folded on the Turn
Seat 2: Dorex2007 folded before Flop (didn't bet)
Seat 3: HitarPetar911 showed [Qc Qh] and won ($0.48) with a pair of Queens
Seat 4: sergeyl01 folded before Flop (didn't bet)
Seat 5: lindlife folded before Flop (didn't bet)
Seat 6: bcknkd966 folded before Flop (didn't bet)
Seat 7: laureano290 (button) folded before Flop (didn't bet)
Seat 9: weverson315 (small blind) showed [6d 6s] and lost with a pair of Sixes



PokerStars Hand #233205853936:  Hold'em No Limit ($0.01/$0.02 USD) - 2022/01/16 14:37:10 PT [2022/01/16 17:37:10 ET]
Table 'Senta' 9-max Seat #9 is the button
Seat 1: Orange712 ($2.15 in chips) 
Seat 2: Dorex2007 ($2 in chips) 
Seat 3: HitarPetar911 ($11.08 in chips) 
Seat 4: sergeyl01 ($0.68 in chips) 
Seat 5: lindlife ($2.06 in chips) 
Seat 6: bcknkd966 ($1.24 in chips) 
Seat 7: laureano290 ($2 in chips) 
Seat 9: weverson315 ($4.34 in chips) 
Orange712: posts small blind $0.01
Dorex2007: posts big blind $0.02
mathplayer: sits out 
*** HOLE CARDS ***
Dealt to Dorex2007 [Ac 6h]
HitarPetar911: folds 
sergeyl01: folds 
lindlife: folds 
bcknkd966: raises $0.02 to $0.04
laureano290: folds 
weverson315: calls $0.04
Orange712: folds 
Dorex2007: folds 
*** FLOP *** [9c Tc 3h]
bcknkd966: checks 
weverson315: checks 
*** TURN *** [9c Tc 3h] [6s]
bcknkd966: checks 
weverson315: checks 
*** RIVER *** [9c Tc 3h 6s] [5d]
bcknkd966: bets $0.06
weverson315: folds 
Uncalled bet ($0.06) returned to bcknkd966
bcknkd966 collected $0.11 from pot
bcknkd966: doesn't show hand 
*** SUMMARY ***
Total pot $0.11 | Rake $0 
Board [9c Tc 3h 6s 5d]
Seat 1: Orange712 (small blind) folded before Flop
Seat 2: Dorex2007 (big blind) folded before Flop
Seat 3: HitarPetar911 folded before Flop (didn't bet)
Seat 4: sergeyl01 folded before Flop (didn't bet)
Seat 5: lindlife folded before Flop (didn't bet)
Seat 6: bcknkd966 collected ($0.11)
Seat 7: laureano290 folded before Flop (didn't bet)
Seat 9: weverson315 (button) folded on the River



PokerStars Hand #233205872655:  Hold'em No Limit ($0.01/$0.02 USD) - 2022/01/16 14:37:41 PT [2022/01/16 17:37:41 ET]
Table 'Senta' 9-max Seat #1 is the button
Seat 1: Orange712 ($2.14 in chips) 
Seat 2: Dorex2007 ($2 in chips) 
Seat 3: HitarPetar911 ($11.08 in chips) 
Seat 4: sergeyl01 ($0.68 in chips) 
Seat 5: lindlife ($2.06 in chips) 
Seat 6: bcknkd966 ($1.31 in chips) 
Seat 7: laureano290 ($2 in chips) 
Seat 9: weverson315 ($4.30 in chips) 
Dorex2007: posts small blind $0.01
HitarPetar911: posts big blind $0.02
mathplayer: sits out 
*** HOLE CARDS ***
Dealt to Dorex2007 [6d 7s]
sergeyl01: folds 
lindlife: folds 
bcknkd966: calls $0.02
laureano290: folds 
weverson315: folds 
Orange712: folds 
Dorex2007: calls $0.01
HitarPetar911: checks 
*** FLOP *** [Qd Qh 9d]
Dorex2007: checks 
HitarPetar911: bets $0.02
bcknkd966: calls $0.02
Dorex2007: folds 
*** TURN *** [Qd Qh 9d] [Tc]
HitarPetar911: bets $0.02
bcknkd966: calls $0.02
*** RIVER *** [Qd Qh 9d Tc] [5d]
HitarPetar911: bets $0.07
bcknkd966: raises $0.07 to $0.14
HitarPetar911: calls $0.07
*** SHOW DOWN ***
bcknkd966: shows [3d Jd] (a flush, Queen high)
HitarPetar911: shows [Kd 7d] (a flush, King high)
HitarPetar911 collected $0.41 from pot
*** SUMMARY ***
Total pot $0.42 | Rake $0.01 
Board [Qd Qh 9d Tc 5d]
Seat 1: Orange712 (button) folded before Flop (didn't bet)
Seat 2: Dorex2007 (small blind) folded on the Flop
Seat 3: HitarPetar911 (big blind) showed [Kd 7d] and won ($0.41) with a flush, King high
Seat 4: sergeyl01 folded before Flop (didn't bet)
Seat 5: lindlife folded before Flop (didn't bet)
Seat 6: bcknkd966 showed [3d Jd] and lost with a flush, Queen high
Seat 7: laureano290 folded before Flop (didn't bet)
Seat 9: weverson315 folded before Flop (didn't bet)



PokerStars Hand #233205896708:  Hold'em No Limit ($0.01/$0.02 USD) - 2022/01/16 14:38:22 PT [2022/01/16 17:38:22 ET]
Table 'Senta' 9-max Seat #2 is the button
Seat 1: Orange712 ($2.14 in chips) 
Seat 2: Dorex2007 ($2 in chips) 
Seat 3: HitarPetar911 ($11.29 in chips) 
Seat 4: sergeyl01 ($0.68 in chips) 
Seat 5: lindlife ($2.06 in chips) 
Seat 6: bcknkd966 ($1.11 in chips) 
Seat 7: laureano290 ($2 in chips) 
Seat 9: weverson315 ($4.30 in chips) 
HitarPetar911: posts small blind $0.01
sergeyl01: posts big blind $0.02
mathplayer: sits out 
*** HOLE CARDS ***
Dealt to Dorex2007 [8c 8s]
bcknkd966 said, "fk"
lindlife: folds 
bcknkd966: folds 
laureano290: folds 
weverson315: folds 
Orange712: raises $0.04 to $0.06
Dorex2007: calls $0.06
HitarPetar911: folds 
sergeyl01: folds 
*** FLOP *** [Tc Kh Qc]
Orange712: bets $0.10
Dorex2007: folds 
Uncalled bet ($0.10) returned to Orange712
Orange712 collected $0.14 from pot
Orange712: doesn't show hand 
*** SUMMARY ***
Total pot $0.15 | Rake $0.01 
Board [Tc Kh Qc]
Seat 1: Orange712 collected ($0.14)
Seat 2: Dorex2007 (button) folded on the Flop
Seat 3: HitarPetar911 (small blind) folded before Flop
Seat 4: sergeyl01 (big blind) folded before Flop
Seat 5: lindlife folded before Flop (didn't bet)
Seat 6: bcknkd966 folded before Flop (didn't bet)
Seat 7: laureano290 folded before Flop (didn't bet)
Seat 9: weverson315 folded before Flop (didn't bet)



PokerStars Hand #233205916490:  Hold'em No Limit ($0.01/$0.02 USD) - 2022/01/16 14:38:55 PT [2022/01/16 17:38:55 ET]
Table 'Senta' 9-max Seat #3 is the button
Seat 1: Orange712 ($2.22 in chips) 
Seat 2: Dorex2007 ($2 in chips) 
Seat 3: HitarPetar911 ($11.28 in chips) 
Seat 4: sergeyl01 ($0.66 in chips) 
Seat 5: lindlife ($2.06 in chips) 
Seat 6: bcknkd966 ($1.11 in chips) 
Seat 7: laureano290 ($2 in chips) 
Seat 9: weverson315 ($4.30 in chips) 
sergeyl01: posts small blind $0.01
lindlife: posts big blind $0.02
mathplayer: sits out 
*** HOLE CARDS ***
Dealt to Dorex2007 [Ts Th]
bcknkd966: folds 
laureano290: folds 
weverson315: folds 
Orange712: folds 
Dorex2007: raises $0.02 to $0.04
HitarPetar911: raises $0.02 to $0.06
sergeyl01: folds 
lindlife: folds 
Dorex2007: calls $0.02
*** FLOP *** [5s 8d 4c]
Dorex2007: checks 
HitarPetar911: bets $0.07
Dorex2007: raises $0.13 to $0.20
HitarPetar911: calls $0.13
*** TURN *** [5s 8d 4c] [8s]
Dorex2007: bets $0.27
HitarPetar911: calls $0.27
*** RIVER *** [5s 8d 4c 8s] [3c]
Dorex2007: checks 
HitarPetar911: bets $0.53
Dorex2007: calls $0.53
*** SHOW DOWN ***
HitarPetar911: shows [Ah Qd] (a pair of Eights)
Dorex2007: shows [Ts Th] (two pair, Tens and Eights)
Dorex2007 collected $2.07 from pot
*** SUMMARY ***
Total pot $2.15 | Rake $0.08 
Board [5s 8d 4c 8s 3c]
Seat 1: Orange712 folded before Flop (didn't bet)
Seat 2: Dorex2007 showed [Ts Th] and won ($2.07) with two pair, Tens and Eights
Seat 3: HitarPetar911 (button) showed [Ah Qd] and lost with a pair of Eights
Seat 4: sergeyl01 (small blind) folded before Flop
Seat 5: lindlife (big blind) folded before Flop
Seat 6: bcknkd966 folded before Flop (didn't bet)
Seat 7: laureano290 folded before Flop (didn't bet)
Seat 9: weverson315 folded before Flop (didn't bet)



PokerStars Hand #233205941883:  Hold'em No Limit ($0.01/$0.02 USD) - 2022/01/16 14:39:38 PT [2022/01/16 17:39:38 ET]
Table 'Senta' 9-max Seat #4 is the button
Seat 1: Orange712 ($2.22 in chips) 
Seat 2: Dorex2007 ($3.01 in chips) 
Seat 3: HitarPetar911 ($10.22 in chips) 
Seat 4: sergeyl01 ($0.65 in chips) 
Seat 5: lindlife ($2.04 in chips) 
Seat 6: bcknkd966 ($1.11 in chips) 
Seat 7: laureano290 ($2 in chips) 
Seat 9: weverson315 ($4.30 in chips) 
lindlife: posts small blind $0.01
bcknkd966: posts big blind $0.02
mathplayer: sits out 
*** HOLE CARDS ***
Dealt to Dorex2007 [9s 5h]
laureano290: folds 
weverson315: folds 
Orange712: folds 
Dorex2007: folds 
HitarPetar911: calls $0.02
sergeyl01: calls $0.02
lindlife: folds 
bcknkd966: checks 
*** FLOP *** [6d 4d 3c]
bcknkd966: checks 
HitarPetar911: bets $0.04
sergeyl01: folds 
bcknkd966: calls $0.04
*** TURN *** [6d 4d 3c] [As]
bcknkd966: checks 
HitarPetar911: bets $0.07
bcknkd966: folds 
Uncalled bet ($0.07) returned to HitarPetar911
HitarPetar911 collected $0.14 from pot
*** SUMMARY ***
Total pot $0.15 | Rake $0.01 
Board [6d 4d 3c As]
Seat 1: Orange712 folded before Flop (didn't bet)
Seat 2: Dorex2007 folded before Flop (didn't bet)
Seat 3: HitarPetar911 collected ($0.14)
Seat 4: sergeyl01 (button) folded on the Flop
Seat 5: lindlife (small blind) folded before Flop
Seat 6: bcknkd966 (big blind) folded on the Turn
Seat 7: laureano290 folded before Flop (didn't bet)
Seat 9: weverson315 folded before Flop (didn't bet)



PokerStars Hand #233205967588:  Hold'em No Limit ($0.01/$0.02 USD) - 2022/01/16 14:40:15 PT [2022/01/16 17:40:15 ET]
Table 'Senta' 9-max Seat #5 is the button
Seat 1: Orange712 ($2.22 in chips) 
Seat 2: Dorex2007 ($3.01 in chips) 
Seat 3: HitarPetar911 ($10.30 in chips) 
Seat 4: sergeyl01 ($0.63 in chips) 
Seat 5: lindlife ($2.03 in chips) 
Seat 6: bcknkd966 ($1.05 in chips) 
Seat 7: laureano290 ($2 in chips) 
Seat 9: weverson315 ($4.30 in chips) 
bcknkd966: posts small blind $0.01
laureano290: posts big blind $0.02
mathplayer: sits out 
*** HOLE CARDS ***
Dealt to Dorex2007 [6c 8s]
weverson315: folds 
Orange712: folds 
Dorex2007: folds 
HitarPetar911: raises $0.04 to $0.06
sergeyl01: folds 
lindlife: folds 
bcknkd966: folds 
laureano290: folds 
Uncalled bet ($0.04) returned to HitarPetar911
HitarPetar911 collected $0.05 from pot
*** SUMMARY ***
Total pot $0.05 | Rake $0 
Seat 1: Orange712 folded before Flop (didn't bet)
Seat 2: Dorex2007 folded before Flop (didn't bet)
Seat 3: HitarPetar911 collected ($0.05)
Seat 4: sergeyl01 folded before Flop (didn't bet)
Seat 5: lindlife (button) folded before Flop (didn't bet)
Seat 6: bcknkd966 (small blind) folded before Flop
Seat 7: laureano290 (big blind) folded before Flop
Seat 9: weverson315 folded before Flop (didn't bet)



PokerStars Hand #233205981911:  Hold'em No Limit ($0.01/$0.02 USD) - 2022/01/16 14:40:40 PT [2022/01/16 17:40:40 ET]
Table 'Senta' 9-max Seat #6 is the button
Seat 1: Orange712 ($2.22 in chips) 
Seat 2: Dorex2007 ($3.01 in chips) 
Seat 3: HitarPetar911 ($10.33 in chips) 
Seat 4: sergeyl01 ($0.63 in chips) 
Seat 5: lindlife ($2.03 in chips) 
Seat 6: bcknkd966 ($1.04 in chips) 
Seat 7: laureano290 ($2 in chips) 
Seat 8: mathplayer ($0.80 in chips) 
Seat 9: weverson315 ($4.30 in chips) 
laureano290: posts small blind $0.01
mathplayer: posts big blind $0.02
*** HOLE CARDS ***
Dealt to Dorex2007 [4s 9s]
weverson315: folds 
Orange712: folds 
Dorex2007: folds 
HitarPetar911: raises $0.04 to $0.06
sergeyl01: folds 
lindlife: folds 
bcknkd966: folds 
laureano290: folds 
mathplayer: folds 
Uncalled bet ($0.04) returned to HitarPetar911
HitarPetar911 collected $0.05 from pot
*** SUMMARY ***
Total pot $0.05 | Rake $0 
Seat 1: Orange712 folded before Flop (didn't bet)
Seat 2: Dorex2007 folded before Flop (didn't bet)
Seat 3: HitarPetar911 collected ($0.05)
Seat 4: sergeyl01 folded before Flop (didn't bet)
Seat 5: lindlife folded before Flop (didn't bet)
Seat 6: bcknkd966 (button) folded before Flop (didn't bet)
Seat 7: laureano290 (small blind) folded before Flop
Seat 8: mathplayer (big blind) folded before Flop
Seat 9: weverson315 folded before Flop (didn't bet)



PokerStars Hand #233205989561:  Hold'em No Limit ($0.01/$0.02 USD) - 2022/01/16 14:40:53 PT [2022/01/16 17:40:53 ET]
Table 'Senta' 9-max Seat #7 is the button
Seat 1: Orange712 ($2.22 in chips) 
Seat 2: Dorex2007 ($3.01 in chips) 
Seat 3: HitarPetar911 ($10.36 in chips) 
Seat 4: sergeyl01 ($0.63 in chips) 
Seat 5: lindlife ($2.03 in chips) 
Seat 6: bcknkd966 ($1.04 in chips) 
Seat 7: laureano290 ($2 in chips) 
Seat 8: mathplayer ($0.78 in chips) 
Seat 9: weverson315 ($4.30 in chips) 
mathplayer: posts small blind $0.01
weverson315: posts big blind $0.02
*** HOLE CARDS ***
Dealt to Dorex2007 [9c 8d]
Orange712: folds 
Dorex2007: folds 
HitarPetar911: folds 
sergeyl01: folds 
lindlife: folds 
bcknkd966: folds 
laureano290: folds 
mathplayer: folds 
Uncalled bet ($0.01) returned to weverson315
weverson315 collected $0.02 from pot
weverson315: doesn't show hand 
*** SUMMARY ***
Total pot $0.02 | Rake $0 
Seat 1: Orange712 folded before Flop (didn't bet)
Seat 2: Dorex2007 folded before Flop (didn't bet)
Seat 3: HitarPetar911 folded before Flop (didn't bet)
Seat 4: sergeyl01 folded before Flop (didn't bet)
Seat 5: lindlife folded before Flop (didn't bet)
Seat 6: bcknkd966 folded before Flop (didn't bet)
Seat 7: laureano290 (button) folded before Flop (didn't bet)
Seat 8: mathplayer (small blind) folded before Flop
Seat 9: weverson315 (big blind) collected ($0.02)



PokerStars Hand #233205995161:  Hold'em No Limit ($0.01/$0.02 USD) - 2022/01/16 14:41:03 PT [2022/01/16 17:41:03 ET]
Table 'Senta' 9-max Seat #8 is the button
Seat 1: Orange712 ($2.22 in chips) 
Seat 2: Dorex2007 ($3.01 in chips) 
Seat 3: HitarPetar911 ($10.36 in chips) 
Seat 4: sergeyl01 ($0.63 in chips) 
Seat 5: lindlife ($2.03 in chips) 
Seat 6: bcknkd966 ($1.04 in chips) 
Seat 7: laureano290 ($2 in chips) 
Seat 8: mathplayer ($0.77 in chips) 
Seat 9: weverson315 ($4.31 in chips) 
weverson315: posts small blind $0.01
Orange712: posts big blind $0.02
*** HOLE CARDS ***
Dealt to Dorex2007 [Qs Ac]
Dorex2007: raises $0.02 to $0.04
HitarPetar911: folds 
sergeyl01: folds 
lindlife: folds 
bcknkd966: calls $0.04
laureano290: folds 
mathplayer: folds 
weverson315: calls $0.03
Orange712: raises $0.12 to $0.16
Dorex2007: folds 
bcknkd966: folds 
weverson315: folds 
Uncalled bet ($0.12) returned to Orange712
Orange712 collected $0.16 from pot
Orange712: doesn't show hand 
*** SUMMARY ***
Total pot $0.16 | Rake $0 
Seat 1: Orange712 (big blind) collected ($0.16)
Seat 2: Dorex2007 folded before Flop
Seat 3: HitarPetar911 folded before Flop (didn't bet)
Seat 4: sergeyl01 folded before Flop (didn't bet)
Seat 5: lindlife folded before Flop (didn't bet)
Seat 6: bcknkd966 folded before Flop
Seat 7: laureano290 folded before Flop (didn't bet)
Seat 8: mathplayer (button) folded before Flop (didn't bet)
Seat 9: weverson315 (small blind) folded before Flop



PokerStars Hand #233206012236:  Hold'em No Limit ($0.01/$0.02 USD) - 2022/01/16 14:41:32 PT [2022/01/16 17:41:32 ET]
Table 'Senta' 9-max Seat #9 is the button
Seat 1: Orange712 ($2.34 in chips) 
Seat 2: Dorex2007 ($2.97 in chips) 
Seat 3: HitarPetar911 ($10.36 in chips) 
Seat 4: sergeyl01 ($0.63 in chips) 
Seat 5: lindlife ($2.03 in chips) 
Seat 6: bcknkd966 ($1 in chips) 
Seat 7: laureano290 ($2 in chips) 
Seat 8: mathplayer ($0.77 in chips) 
Seat 9: weverson315 ($4.27 in chips) 
Orange712: posts small blind $0.01
Dorex2007: posts big blind $0.02
*** HOLE CARDS ***
Dealt to Dorex2007 [Qh 8d]
HitarPetar911: folds 
sergeyl01: folds 
lindlife: raises $0.10 to $0.12
bcknkd966: folds 
laureano290: folds 
mathplayer: folds 
weverson315: folds 
Orange712: folds 
Dorex2007: folds 
Uncalled bet ($0.10) returned to lindlife
lindlife collected $0.05 from pot
lindlife: doesn't show hand 
*** SUMMARY ***
Total pot $0.05 | Rake $0 
Seat 1: Orange712 (small blind) folded before Flop
Seat 2: Dorex2007 (big blind) folded before Flop
Seat 3: HitarPetar911 folded before Flop (didn't bet)
Seat 4: sergeyl01 folded before Flop (didn't bet)
Seat 5: lindlife collected ($0.05)
Seat 6: bcknkd966 folded before Flop (didn't bet)
Seat 7: laureano290 folded before Flop (didn't bet)
Seat 8: mathplayer folded before Flop (didn't bet)
Seat 9: weverson315 (button) folded before Flop (didn't bet)



PokerStars Hand #233206024689:  Hold'em No Limit ($0.01/$0.02 USD) - 2022/01/16 14:41:53 PT [2022/01/16 17:41:53 ET]
Table 'Senta' 9-max Seat #1 is the button
Seat 1: Orange712 ($2.33 in chips) 
Seat 2: Dorex2007 ($2.95 in chips) 
Seat 3: HitarPetar911 ($10.36 in chips) 
Seat 4: sergeyl01 ($0.63 in chips) 
Seat 5: lindlife ($2.06 in chips) 
Seat 6: bcknkd966 ($1 in chips) 
Seat 7: laureano290 ($2 in chips) 
Seat 8: mathplayer ($0.77 in chips) 
Seat 9: weverson315 ($4.27 in chips) 
Dorex2007: posts small blind $0.01
HitarPetar911: posts big blind $0.02
*** HOLE CARDS ***
Dealt to Dorex2007 [6s Js]
sergeyl01: folds 
lindlife: folds 
bcknkd966: folds 
laureano290: folds 
mathplayer: folds 
weverson315: folds 
Orange712: raises $0.04 to $0.06
Dorex2007: folds 
HitarPetar911: calls $0.04
*** FLOP *** [Qs 5c Jh]
HitarPetar911: checks 
Orange712: bets $0.08
HitarPetar911: calls $0.08
*** TURN *** [Qs 5c Jh] [2s]
HitarPetar911: checks 
Orange712: bets $0.18
HitarPetar911: calls $0.18
*** RIVER *** [Qs 5c Jh 2s] [Ad]
HitarPetar911: checks 
Orange712: bets $0.30
HitarPetar911: calls $0.30
*** SHOW DOWN ***
Orange712: shows [Kc Td] (a straight, Ten to Ace)
HitarPetar911: mucks hand 
Orange712 collected $1.20 from pot
*** SUMMARY ***
Total pot $1.25 | Rake $0.05 
Board [Qs 5c Jh 2s Ad]
Seat 1: Orange712 (button) showed [Kc Td] and won ($1.20) with a straight, Ten to Ace
Seat 2: Dorex2007 (small blind) folded before Flop
Seat 3: HitarPetar911 (big blind) mucked [6h Qd]
Seat 4: sergeyl01 folded before Flop (didn't bet)
Seat 5: lindlife folded before Flop (didn't bet)
Seat 6: bcknkd966 folded before Flop (didn't bet)
Seat 7: laureano290 folded before Flop (didn't bet)
Seat 8: mathplayer folded before Flop (didn't bet)
Seat 9: weverson315 folded before Flop (didn't bet)



PokerStars Hand #233206053057:  Hold'em No Limit ($0.01/$0.02 USD) - 2022/01/16 14:42:42 PT [2022/01/16 17:42:42 ET]
Table 'Senta' 9-max Seat #2 is the button
Seat 1: Orange712 ($2.91 in chips) 
Seat 2: Dorex2007 ($2.94 in chips) 
Seat 3: HitarPetar911 ($9.74 in chips) 
Seat 4: sergeyl01 ($0.63 in chips) 
Seat 5: lindlife ($2.06 in chips) 
Seat 6: bcknkd966 ($1 in chips) 
Seat 7: laureano290 ($2 in chips) 
Seat 8: mathplayer ($0.77 in chips) 
Seat 9: weverson315 ($4.27 in chips) 
HitarPetar911: posts small blind $0.01
sergeyl01: posts big blind $0.02
*** HOLE CARDS ***
Dealt to Dorex2007 [3h 5h]
lindlife: folds 
bcknkd966: folds 
laureano290: folds 
mathplayer: folds 
weverson315: folds 
Orange712: folds 
Dorex2007: folds 
HitarPetar911: folds 
Uncalled bet ($0.01) returned to sergeyl01
sergeyl01 collected $0.02 from pot
*** SUMMARY ***
Total pot $0.02 | Rake $0 
Seat 1: Orange712 folded before Flop (didn't bet)
Seat 2: Dorex2007 (button) folded before Flop (didn't bet)
Seat 3: HitarPetar911 (small blind) folded before Flop
Seat 4: sergeyl01 (big blind) collected ($0.02)
Seat 5: lindlife folded before Flop (didn't bet)
Seat 6: bcknkd966 folded before Flop (didn't bet)
Seat 7: laureano290 folded before Flop (didn't bet)
Seat 8: mathplayer folded before Flop (didn't bet)
Seat 9: weverson315 folded before Flop (didn't bet)



PokerStars Hand #233206057669:  Hold'em No Limit ($0.01/$0.02 USD) - 2022/01/16 14:42:50 PT [2022/01/16 17:42:50 ET]
Table 'Senta' 9-max Seat #3 is the button
Seat 1: Orange712 ($2.91 in chips) 
Seat 2: Dorex2007 ($2.94 in chips) 
Seat 3: HitarPetar911 ($9.73 in chips) 
Seat 4: sergeyl01 ($0.64 in chips) 
Seat 5: lindlife ($2.06 in chips) 
Seat 6: bcknkd966 ($1 in chips) 
Seat 7: laureano290 ($2 in chips) 
Seat 8: mathplayer ($0.77 in chips) 
Seat 9: weverson315 ($4.27 in chips) 
sergeyl01: posts small blind $0.01
lindlife: posts big blind $0.02
*** HOLE CARDS ***
Dealt to Dorex2007 [4c Th]
bcknkd966: folds 
laureano290: folds 
mathplayer: folds 
weverson315: folds 
Orange712: calls $0.02
Dorex2007: folds 
HitarPetar911: calls $0.02
sergeyl01: calls $0.01
lindlife: checks 
*** FLOP *** [4h Jh 7s]
sergeyl01: checks 
lindlife: checks 
Orange712: checks 
HitarPetar911: checks 
*** TURN *** [4h Jh 7s] [Jd]
sergeyl01: checks 
lindlife: checks 
Orange712: checks 
HitarPetar911: checks 
*** RIVER *** [4h Jh 7s Jd] [7d]
sergeyl01: checks 
lindlife: checks 
Orange712: bets $0.04
HitarPetar911: folds 
sergeyl01: folds 
lindlife: folds 
Uncalled bet ($0.04) returned to Orange712
Orange712 collected $0.08 from pot
Orange712: doesn't show hand 
*** SUMMARY ***
Total pot $0.08 | Rake $0 
Board [4h Jh 7s Jd 7d]
Seat 1: Orange712 collected ($0.08)
Seat 2: Dorex2007 folded before Flop (didn't bet)
Seat 3: HitarPetar911 (button) folded on the River
Seat 4: sergeyl01 (small blind) folded on the River
Seat 5: lindlife (big blind) folded on the River
Seat 6: bcknkd966 folded before Flop (didn't bet)
Seat 7: laureano290 folded before Flop (didn't bet)
Seat 8: mathplayer folded before Flop (didn't bet)
Seat 9: weverson315 folded before Flop (didn't bet)



PokerStars Hand #233206092583:  Hold'em No Limit ($0.01/$0.02 USD) - 2022/01/16 14:43:51 PT [2022/01/16 17:43:51 ET]
Table 'Senta' 9-max Seat #4 is the button
Seat 1: Orange712 ($2.97 in chips) 
Seat 2: Dorex2007 ($2.94 in chips) 
Seat 3: HitarPetar911 ($9.71 in chips) 
Seat 4: sergeyl01 ($0.62 in chips) 
Seat 5: lindlife ($2.04 in chips) 
Seat 6: bcknkd966 ($1 in chips) 
Seat 7: laureano290 ($2 in chips) 
Seat 8: mathplayer ($0.77 in chips) 
Seat 9: weverson315 ($4.27 in chips) 
lindlife: posts small blind $0.01
bcknkd966: posts big blind $0.02
*** HOLE CARDS ***
Dealt to Dorex2007 [8d 5d]
laureano290: folds 
mathplayer: folds 
weverson315: folds 
Orange712: folds 
Dorex2007: folds 
HitarPetar911: folds 
sergeyl01: raises $0.02 to $0.04
lindlife: folds 
bcknkd966: calls $0.02
*** FLOP *** [Qc 6d 2s]
bcknkd966: checks 
sergeyl01: checks 
*** TURN *** [Qc 6d 2s] [9c]
bcknkd966: checks 
sergeyl01: checks 
*** RIVER *** [Qc 6d 2s 9c] [9s]
bcknkd966: checks 
sergeyl01: checks 
*** SHOW DOWN ***
bcknkd966: shows [Kd 5h] (a pair of Nines)
sergeyl01: shows [Td Kc] (a pair of Nines - King+Queen+Ten kicker)
sergeyl01 collected $0.09 from pot
*** SUMMARY ***
Total pot $0.09 | Rake $0 
Board [Qc 6d 2s 9c 9s]
Seat 1: Orange712 folded before Flop (didn't bet)
Seat 2: Dorex2007 folded before Flop (didn't bet)
Seat 3: HitarPetar911 folded before Flop (didn't bet)
Seat 4: sergeyl01 (button) showed [Td Kc] and won ($0.09) with a pair of Nines
Seat 5: lindlife (small blind) folded before Flop
Seat 6: bcknkd966 (big blind) showed [Kd 5h] and lost with a pair of Nines
Seat 7: laureano290 folded before Flop (didn't bet)
Seat 8: mathplayer folded before Flop (didn't bet)
Seat 9: weverson315 folded before Flop (didn't bet)



PokerStars Hand #233206111082:  Hold'em No Limit ($0.01/$0.02 USD) - 2022/01/16 14:44:23 PT [2022/01/16 17:44:23 ET]
Table 'Senta' 9-max Seat #5 is the button
Seat 1: Orange712 ($2.97 in chips) 
Seat 2: Dorex2007 ($2.94 in chips) 
Seat 3: HitarPetar911 ($9.71 in chips) 
Seat 4: sergeyl01 ($0.67 in chips) 
Seat 5: lindlife ($2.03 in chips) 
Seat 6: bcknkd966 ($0.96 in chips) 
Seat 7: laureano290 ($2 in chips) 
Seat 8: mathplayer ($0.77 in chips) 
Seat 9: weverson315 ($4.27 in chips) 
bcknkd966: posts small blind $0.01
laureano290: posts big blind $0.02
*** HOLE CARDS ***
Dealt to Dorex2007 [3d 7d]
mathplayer: folds 
weverson315: folds 
Orange712: calls $0.02
Dorex2007: folds 
HitarPetar911: calls $0.02
sergeyl01: folds 
lindlife: raises $0.08 to $0.10
bcknkd966: folds 
laureano290: folds 
Orange712: folds 
HitarPetar911: calls $0.08
*** FLOP *** [2s Kh 7h]
HitarPetar911: checks 
lindlife: bets $0.14
HitarPetar911: calls $0.14
*** TURN *** [2s Kh 7h] [Qh]
HitarPetar911: checks 
lindlife: checks 
*** RIVER *** [2s Kh 7h Qh] [3s]
HitarPetar911: bets $0.26
lindlife: folds 
Uncalled bet ($0.26) returned to HitarPetar911
HitarPetar911 collected $0.51 from pot
*** SUMMARY ***
Total pot $0.53 | Rake $0.02 
Board [2s Kh 7h Qh 3s]
Seat 1: Orange712 folded before Flop
Seat 2: Dorex2007 folded before Flop (didn't bet)
Seat 3: HitarPetar911 collected ($0.51)
Seat 4: sergeyl01 folded before Flop (didn't bet)
Seat 5: lindlife (button) folded on the River
Seat 6: bcknkd966 (small blind) folded before Flop
Seat 7: laureano290 (big blind) folded before Flop
Seat 8: mathplayer folded before Flop (didn't bet)
Seat 9: weverson315 folded before Flop (didn't bet)



PokerStars Hand #233206151299:  Hold'em No Limit ($0.01/$0.02 USD) - 2022/01/16 14:45:33 PT [2022/01/16 17:45:33 ET]
Table 'Senta' 9-max Seat #6 is the button
Seat 1: Orange712 ($2.95 in chips) 
Seat 2: Dorex2007 ($2.94 in chips) 
Seat 3: HitarPetar911 ($9.98 in chips) 
Seat 4: sergeyl01 ($0.67 in chips) 
Seat 5: lindlife ($2 in chips) 
Seat 6: bcknkd966 ($0.95 in chips) 
Seat 7: laureano290 ($2 in chips) 
Seat 8: mathplayer ($0.77 in chips) 
Seat 9: weverson315 ($4.27 in chips) 
laureano290: posts small blind $0.01
mathplayer: posts big blind $0.02
*** HOLE CARDS ***
Dealt to Dorex2007 [8h 7s]
weverson315: folds 
Orange712: folds 
Dorex2007: folds 
HitarPetar911: folds 
sergeyl01 has timed out
sergeyl01: folds 
lindlife: folds 
bcknkd966: calls $0.02
laureano290: calls $0.01
mathplayer: checks 
*** FLOP *** [Kd Ac Td]
laureano290: checks 
mathplayer: checks 
bcknkd966: checks 
*** TURN *** [Kd Ac Td] [7h]
laureano290: checks 
mathplayer: checks 
bcknkd966: checks 
*** RIVER *** [Kd Ac Td 7h] [7d]
laureano290: checks 
mathplayer: checks 
bcknkd966: checks 
*** SHOW DOWN ***
laureano290: shows [Qs 8s] (a pair of Sevens)
mathplayer: mucks hand 
bcknkd966: shows [Jc Th] (two pair, Tens and Sevens)
bcknkd966 collected $0.06 from pot
*** SUMMARY ***
Total pot $0.06 | Rake $0 
Board [Kd Ac Td 7h 7d]
Seat 1: Orange712 folded before Flop (didn't bet)
Seat 2: Dorex2007 folded before Flop (didn't bet)
Seat 3: HitarPetar911 folded before Flop (didn't bet)
Seat 4: sergeyl01 folded before Flop (didn't bet)
Seat 5: lindlife folded before Flop (didn't bet)
Seat 6: bcknkd966 (button) showed [Jc Th] and won ($0.06) with two pair, Tens and Sevens
Seat 7: laureano290 (small blind) showed [Qs 8s] and lost with a pair of Sevens
Seat 8: mathplayer (big blind) mucked [5s 2s]
Seat 9: weverson315 folded before Flop (didn't bet)



PokerStars Hand #233206180686:  Hold'em No Limit ($0.01/$0.02 USD) - 2022/01/16 14:46:24 PT [2022/01/16 17:46:24 ET]
Table 'Senta' 9-max Seat #7 is the button
Seat 1: Orange712 ($2.95 in chips) 
Seat 2: Dorex2007 ($2.94 in chips) 
Seat 3: HitarPetar911 ($9.98 in chips) 
Seat 4: sergeyl01 ($0.67 in chips) 
Seat 5: lindlife ($2 in chips) 
Seat 6: bcknkd966 ($0.99 in chips) 
Seat 7: laureano290 ($2 in chips) 
Seat 8: mathplayer ($0.75 in chips) 
Seat 9: weverson315 ($4.27 in chips) 
mathplayer: posts small blind $0.01
weverson315: posts big blind $0.02
*** HOLE CARDS ***
Dealt to Dorex2007 [Ts 4s]
Orange712: folds 
Dorex2007: folds 
HitarPetar911: folds 
sergeyl01: folds 
lindlife: folds 
bcknkd966: folds 
laureano290: folds 
mathplayer: folds 
Uncalled bet ($0.01) returned to weverson315
weverson315 collected $0.02 from pot
weverson315: doesn't show hand 
*** SUMMARY ***
Total pot $0.02 | Rake $0 
Seat 1: Orange712 folded before Flop (didn't bet)
Seat 2: Dorex2007 folded before Flop (didn't bet)
Seat 3: HitarPetar911 folded before Flop (didn't bet)
Seat 4: sergeyl01 folded before Flop (didn't bet)
Seat 5: lindlife folded before Flop (didn't bet)
Seat 6: bcknkd966 folded before Flop (didn't bet)
Seat 7: laureano290 (button) folded before Flop (didn't bet)
Seat 8: mathplayer (small blind) folded before Flop
Seat 9: weverson315 (big blind) collected ($0.02)



PokerStars Hand #233206203019:  Hold'em No Limit ($0.01/$0.02 USD) - 2022/01/16 14:46:48 PT [2022/01/16 17:46:48 ET]
Table 'Senta' 9-max Seat #8 is the button
Seat 1: Orange712 ($2.95 in chips) 
Seat 2: Dorex2007 ($2.94 in chips) 
Seat 3: HitarPetar911 ($9.98 in chips) 
Seat 4: sergeyl01 ($0.67 in chips) 
Seat 5: lindlife ($2 in chips) 
Seat 6: bcknkd966 ($0.99 in chips) 
Seat 7: laureano290 ($2 in chips) 
Seat 8: mathplayer ($0.74 in chips) 
Seat 9: weverson315 ($4.28 in chips) 
weverson315: posts small blind $0.01
Orange712: posts big blind $0.02
*** HOLE CARDS ***
Dealt to Dorex2007 [7d Jd]
Dorex2007: folds 
HitarPetar911: folds 
sergeyl01: folds 
lindlife: folds 
bcknkd966: folds 
laureano290: folds 
mathplayer: folds 
weverson315: calls $0.01
Orange712: raises $0.06 to $0.08
weverson315: folds 
Uncalled bet ($0.06) returned to Orange712
Orange712 collected $0.04 from pot
Orange712: doesn't show hand 
*** SUMMARY ***
Total pot $0.04 | Rake $0 
Seat 1: Orange712 (big blind) collected ($0.04)
Seat 2: Dorex2007 folded before Flop (didn't bet)
Seat 3: HitarPetar911 folded before Flop (didn't bet)
Seat 4: sergeyl01 folded before Flop (didn't bet)
Seat 5: lindlife folded before Flop (didn't bet)
Seat 6: bcknkd966 folded before Flop (didn't bet)
Seat 7: laureano290 folded before Flop (didn't bet)
Seat 8: mathplayer (button) folded before Flop (didn't bet)
Seat 9: weverson315 (small blind) folded before Flop



PokerStars Hand #233206217490:  Hold'em No Limit ($0.01/$0.02 USD) - 2022/01/16 14:47:13 PT [2022/01/16 17:47:13 ET]
Table 'Senta' 9-max Seat #9 is the button
Seat 1: Orange712 ($2.97 in chips) 
Seat 2: Dorex2007 ($2.94 in chips) 
Seat 3: HitarPetar911 ($9.98 in chips) 
Seat 4: sergeyl01 ($0.67 in chips) 
Seat 5: lindlife ($2 in chips) 
Seat 6: bcknkd966 ($0.99 in chips) 
Seat 7: laureano290 ($2 in chips) 
Seat 8: mathplayer ($0.74 in chips) 
Seat 9: weverson315 ($4.26 in chips) 
Orange712: posts small blind $0.01
Dorex2007: posts big blind $0.02
*** HOLE CARDS ***
Dealt to Dorex2007 [Ts Ad]
HitarPetar911: calls $0.02
sergeyl01: folds 
lindlife: calls $0.02
bcknkd966: calls $0.02
laureano290: calls $0.02
mathplayer: folds 
weverson315: folds 
Orange712: calls $0.01
Dorex2007: checks 
*** FLOP *** [Td Js 9h]
Orange712: checks 
Dorex2007: checks 
HitarPetar911: bets $0.12
lindlife: folds 
bcknkd966: folds 
laureano290: folds 
Orange712: folds 
Dorex2007: folds 
Uncalled bet ($0.12) returned to HitarPetar911
HitarPetar911 collected $0.12 from pot
*** SUMMARY ***
Total pot $0.12 | Rake $0 
Board [Td Js 9h]
Seat 1: Orange712 (small blind) folded on the Flop
Seat 2: Dorex2007 (big blind) folded on the Flop
Seat 3: HitarPetar911 collected ($0.12)
Seat 4: sergeyl01 folded before Flop (didn't bet)
Seat 5: lindlife folded on the Flop
Seat 6: bcknkd966 folded on the Flop
Seat 7: laureano290 folded on the Flop
Seat 8: mathplayer folded before Flop (didn't bet)
Seat 9: weverson315 (button) folded before Flop (didn't bet)



PokerStars Hand #233206251813:  Hold'em No Limit ($0.01/$0.02 USD) - 2022/01/16 14:48:14 PT [2022/01/16 17:48:14 ET]
Table 'Senta' 9-max Seat #1 is the button
Seat 1: Orange712 ($2.95 in chips) 
Seat 2: Dorex2007 ($2.92 in chips) 
Seat 3: HitarPetar911 ($10.08 in chips) 
Seat 4: sergeyl01 ($0.67 in chips) 
Seat 5: lindlife ($2 in chips) 
Seat 6: bcknkd966 ($0.97 in chips) 
Seat 7: laureano290 ($2 in chips) 
Seat 8: mathplayer ($0.74 in chips) 
Seat 9: weverson315 ($4.26 in chips) 
Dorex2007: posts small blind $0.01
HitarPetar911: posts big blind $0.02
*** HOLE CARDS ***
Dealt to Dorex2007 [5h 6s]
sergeyl01: folds 
lindlife: folds 
bcknkd966: folds 
laureano290: folds 
mathplayer: folds 
weverson315: calls $0.02
Orange712: folds 
Dorex2007: calls $0.01
HitarPetar911: checks 
*** FLOP *** [Ks 8d As]
Dorex2007: checks 
HitarPetar911: checks 
weverson315: checks 
*** TURN *** [Ks 8d As] [7h]
Dorex2007: checks 
HitarPetar911: checks 
weverson315: checks 
*** RIVER *** [Ks 8d As 7h] [9s]
Dorex2007: bets $0.12
HitarPetar911: folds 
weverson315: folds 
Uncalled bet ($0.12) returned to Dorex2007
Dorex2007 collected $0.06 from pot
Dorex2007: doesn't show hand 
*** SUMMARY ***
Total pot $0.06 | Rake $0 
Board [Ks 8d As 7h 9s]
Seat 1: Orange712 (button) folded before Flop (didn't bet)
Seat 2: Dorex2007 (small blind) collected ($0.06)
Seat 3: HitarPetar911 (big blind) folded on the River
Seat 4: sergeyl01 folded before Flop (didn't bet)
Seat 5: lindlife folded before Flop (didn't bet)
Seat 6: bcknkd966 folded before Flop (didn't bet)
Seat 7: laureano290 folded before Flop (didn't bet)
Seat 8: mathplayer folded before Flop (didn't bet)
Seat 9: weverson315 folded on the River



PokerStars Hand #233206275307:  Hold'em No Limit ($0.01/$0.02 USD) - 2022/01/16 14:48:55 PT [2022/01/16 17:48:55 ET]
Table 'Senta' 9-max Seat #2 is the button
Seat 1: Orange712 ($2.95 in chips) 
Seat 2: Dorex2007 ($2.96 in chips) 
Seat 3: HitarPetar911 ($10.06 in chips) 
Seat 4: sergeyl01 ($0.67 in chips) 
Seat 5: lindlife ($2 in chips) 
Seat 6: bcknkd966 ($0.97 in chips) 
Seat 7: laureano290 ($2 in chips) 
Seat 8: mathplayer ($0.74 in chips) 
Seat 9: weverson315 ($4.24 in chips) 
HitarPetar911: posts small blind $0.01
sergeyl01: posts big blind $0.02
*** HOLE CARDS ***
Dealt to Dorex2007 [3s 5h]
lindlife: folds 
bcknkd966: calls $0.02
laureano290: folds 
mathplayer: folds 
weverson315: folds 
Orange712: folds 
Dorex2007: folds 
HitarPetar911: folds 
sergeyl01: checks 
*** FLOP *** [8d Ah 9d]
sergeyl01: checks 
bcknkd966: bets $0.05
sergeyl01: folds 
Uncalled bet ($0.05) returned to bcknkd966
bcknkd966 collected $0.05 from pot
bcknkd966: doesn't show hand 
*** SUMMARY ***
Total pot $0.05 | Rake $0 
Board [8d Ah 9d]
Seat 1: Orange712 folded before Flop (didn't bet)
Seat 2: Dorex2007 (button) folded before Flop (didn't bet)
Seat 3: HitarPetar911 (small blind) folded before Flop
Seat 4: sergeyl01 (big blind) folded on the Flop
Seat 5: lindlife folded before Flop (didn't bet)
Seat 6: bcknkd966 collected ($0.05)
Seat 7: laureano290 folded before Flop (didn't bet)
Seat 8: mathplayer folded before Flop (didn't bet)
Seat 9: weverson315 folded before Flop (didn't bet)



PokerStars Hand #233206287181:  Hold'em No Limit ($0.01/$0.02 USD) - 2022/01/16 14:49:16 PT [2022/01/16 17:49:16 ET]
Table 'Senta' 9-max Seat #3 is the button
Seat 1: Orange712 ($2.95 in chips) 
Seat 2: Dorex2007 ($2.96 in chips) 
Seat 3: HitarPetar911 ($10.05 in chips) 
Seat 4: sergeyl01 ($0.65 in chips) 
Seat 6: bcknkd966 ($1 in chips) 
Seat 7: laureano290 ($2 in chips) 
Seat 8: mathplayer ($0.74 in chips) 
Seat 9: weverson315 ($4.24 in chips) 
sergeyl01: posts small blind $0.01
lindlife: is sitting out 
bcknkd966: posts big blind $0.02
*** HOLE CARDS ***
Dealt to Dorex2007 [Qd Ac]
laureano290: folds 
lindlife leaves the table
mathplayer: folds 
weverson315: folds 
Orange712: folds 
Dorex2007: raises $0.02 to $0.04
antibadbeat0 joins the table at seat #5 
HitarPetar911: folds 
sergeyl01 has timed out
sergeyl01: folds 
bcknkd966: calls $0.02
*** FLOP *** [Js Ts 5s]
bcknkd966: checks 
Dorex2007: bets $0.05
bcknkd966: calls $0.05
*** TURN *** [Js Ts 5s] [8h]
bcknkd966: checks 
Dorex2007: checks 
*** RIVER *** [Js Ts 5s 8h] [5h]
bcknkd966: checks 
Dorex2007: bets $0.09
bcknkd966: folds 
Uncalled bet ($0.09) returned to Dorex2007
Dorex2007 collected $0.18 from pot
Dorex2007: doesn't show hand 
*** SUMMARY ***
Total pot $0.19 | Rake $0.01 
Board [Js Ts 5s 8h 5h]
Seat 1: Orange712 folded before Flop (didn't bet)
Seat 2: Dorex2007 collected ($0.18)
Seat 3: HitarPetar911 (button) folded before Flop (didn't bet)
Seat 4: sergeyl01 (small blind) folded before Flop
Seat 6: bcknkd966 (big blind) folded on the River
Seat 7: laureano290 folded before Flop (didn't bet)
Seat 8: mathplayer folded before Flop (didn't bet)
Seat 9: weverson315 folded before Flop (didn't bet)



PokerStars Hand #233206337857:  Hold'em No Limit ($0.01/$0.02 USD) - 2022/01/16 14:50:46 PT [2022/01/16 17:50:46 ET]
Table 'Senta' 9-max Seat #6 is the button
Seat 1: Orange712 ($2.95 in chips) 
Seat 2: Dorex2007 ($3.05 in chips) 
Seat 3: HitarPetar911 ($10.05 in chips) 
Seat 6: bcknkd966 ($0.91 in chips) 
Seat 7: laureano290 ($2 in chips) 
Seat 8: mathplayer ($0.74 in chips) 
Seat 9: weverson315 ($4.24 in chips) 
laureano290: posts small blind $0.01
mathplayer: posts big blind $0.02
antibadbeat0: sits out 
*** HOLE CARDS ***
Dealt to Dorex2007 [Td 3d]
weverson315: folds 
Orange712: folds 
Dorex2007: folds 
HitarPetar911: calls $0.02
bcknkd966: raises $0.04 to $0.06
laureano290: folds 
mathplayer: folds 
HitarPetar911: calls $0.04
*** FLOP *** [5h 8c Kd]
HitarPetar911: checks 
bcknkd966: bets $0.14
HitarPetar911: folds 
Uncalled bet ($0.14) returned to bcknkd966
bcknkd966 collected $0.14 from pot
bcknkd966: doesn't show hand 
*** SUMMARY ***
Total pot $0.15 | Rake $0.01 
Board [5h 8c Kd]
Seat 1: Orange712 folded before Flop (didn't bet)
Seat 2: Dorex2007 folded before Flop (didn't bet)
Seat 3: HitarPetar911 folded on the Flop
Seat 6: bcknkd966 (button) collected ($0.14)
Seat 7: laureano290 (small blind) folded before Flop
Seat 8: mathplayer (big blind) folded before Flop
Seat 9: weverson315 folded before Flop (didn't bet)



PokerStars Hand #233206351654:  Hold'em No Limit ($0.01/$0.02 USD) - 2022/01/16 14:51:11 PT [2022/01/16 17:51:11 ET]
Table 'Senta' 9-max Seat #7 is the button
Seat 1: Orange712 ($2.95 in chips) 
Seat 2: Dorex2007 ($3.05 in chips) 
Seat 3: HitarPetar911 ($9.99 in chips) 
Seat 6: bcknkd966 ($0.99 in chips) 
Seat 7: laureano290 ($2 in chips) 
Seat 8: mathplayer ($0.72 in chips) 
Seat 9: weverson315 ($4.24 in chips) 
mathplayer: posts small blind $0.01
weverson315: posts big blind $0.02
antibadbeat0: sits out 
*** HOLE CARDS ***
Dealt to Dorex2007 [Qd 3s]
Orange712: folds 
Dorex2007: folds 
HitarPetar911: folds 
bcknkd966: folds 
laureano290 has timed out
laureano290: folds 
mathplayer: folds 
Uncalled bet ($0.01) returned to weverson315
weverson315 collected $0.02 from pot
weverson315: doesn't show hand 
*** SUMMARY ***
Total pot $0.02 | Rake $0 
Seat 1: Orange712 folded before Flop (didn't bet)
Seat 2: Dorex2007 folded before Flop (didn't bet)
Seat 3: HitarPetar911 folded before Flop (didn't bet)
Seat 6: bcknkd966 folded before Flop (didn't bet)
Seat 7: laureano290 (button) folded before Flop (didn't bet)
Seat 8: mathplayer (small blind) folded before Flop
Seat 9: weverson315 (big blind) collected ($0.02)



PokerStars Hand #233206362746:  Hold'em No Limit ($0.01/$0.02 USD) - 2022/01/16 14:51:31 PT [2022/01/16 17:51:31 ET]
Table 'Senta' 9-max Seat #8 is the button
Seat 1: Orange712 ($2.95 in chips) 
Seat 2: Dorex2007 ($3.05 in chips) 
Seat 3: HitarPetar911 ($9.99 in chips) 
Seat 6: bcknkd966 ($0.99 in chips) 
Seat 8: mathplayer ($0.71 in chips) 
Seat 9: weverson315 ($4.25 in chips) 
weverson315: posts small blind $0.01
Orange712: posts big blind $0.02
antibadbeat0: sits out 
*** HOLE CARDS ***
Dealt to Dorex2007 [Tc 8d]
Dorex2007: folds 
HitarPetar911: folds 
bcknkd966: calls $0.02
mathplayer: folds 
weverson315: folds 
Orange712: raises $0.06 to $0.08
bcknkd966: calls $0.06
*** FLOP *** [6c 2h Ks]
Orange712: checks 
bcknkd966: bets $0.08
Orange712: calls $0.08
*** TURN *** [6c 2h Ks] [Kc]
Orange712: checks 
bcknkd966: bets $0.32
Orange712: folds 
Uncalled bet ($0.32) returned to bcknkd966
bcknkd966 collected $0.32 from pot
bcknkd966: doesn't show hand 
*** SUMMARY ***
Total pot $0.33 | Rake $0.01 
Board [6c 2h Ks Kc]
Seat 1: Orange712 (big blind) folded on the Turn
Seat 2: Dorex2007 folded before Flop (didn't bet)
Seat 3: HitarPetar911 folded before Flop (didn't bet)
Seat 6: bcknkd966 collected ($0.32)
Seat 8: mathplayer (button) folded before Flop (didn't bet)
Seat 9: weverson315 (small blind) folded before Flop



PokerStars Hand #233206390466:  Hold'em No Limit ($0.01/$0.02 USD) - 2022/01/16 14:52:21 PT [2022/01/16 17:52:21 ET]
Table 'Senta' 9-max Seat #9 is the button
Seat 1: Orange712 ($2.79 in chips) 
Seat 2: Dorex2007 ($3.05 in chips) 
Seat 3: HitarPetar911 ($9.99 in chips) 
Seat 4: sergeyl01 ($0.64 in chips) 
Seat 6: bcknkd966 ($1.15 in chips) 
Seat 7: laureano290 ($2 in chips) 
Seat 8: mathplayer ($0.71 in chips) 
Seat 9: weverson315 ($4.24 in chips) 
Orange712: posts small blind $0.01
Dorex2007: posts big blind $0.02
antibadbeat0: sits out 
*** HOLE CARDS ***
Dealt to Dorex2007 [Kd 2d]
HitarPetar911: folds 
sergeyl01: folds 
bcknkd966: folds 
laureano290: folds 
mathplayer: raises $0.03 to $0.05
weverson315: folds 
Orange712: folds 
Dorex2007: folds 
Uncalled bet ($0.03) returned to mathplayer
mathplayer collected $0.05 from pot
*** SUMMARY ***
Total pot $0.05 | Rake $0 
Seat 1: Orange712 (small blind) folded before Flop
Seat 2: Dorex2007 (big blind) folded before Flop
Seat 3: HitarPetar911 folded before Flop (didn't bet)
Seat 4: sergeyl01 folded before Flop (didn't bet)
Seat 6: bcknkd966 folded before Flop (didn't bet)
Seat 7: laureano290 folded before Flop (didn't bet)
Seat 8: mathplayer collected ($0.05)
Seat 9: weverson315 (button) folded before Flop (didn't bet)



PokerStars Hand #233206400732:  Hold'em No Limit ($0.01/$0.02 USD) - 2022/01/16 14:52:39 PT [2022/01/16 17:52:39 ET]
Table 'Senta' 9-max Seat #1 is the button
Seat 1: Orange712 ($2.78 in chips) 
Seat 2: Dorex2007 ($3.03 in chips) 
Seat 3: HitarPetar911 ($9.99 in chips) 
Seat 4: sergeyl01 ($0.64 in chips) 
Seat 6: bcknkd966 ($1.15 in chips) 
Seat 7: laureano290 ($2 in chips) 
Seat 8: mathplayer ($0.74 in chips) 
Seat 9: weverson315 ($4.24 in chips) 
Dorex2007: posts small blind $0.01
HitarPetar911: posts big blind $0.02
antibadbeat0: sits out 
*** HOLE CARDS ***
Dealt to Dorex2007 [5d 6s]
sergeyl01: folds 
bcknkd966: folds 
laureano290: folds 
mathplayer: folds 
weverson315: calls $0.02
Orange712: folds 
Dorex2007: folds 
HitarPetar911: checks 
*** FLOP *** [8d Ad As]
HitarPetar911: bets $0.02
weverson315: calls $0.02
*** TURN *** [8d Ad As] [5s]
HitarPetar911: bets $0.04
weverson315: calls $0.04
*** RIVER *** [8d Ad As 5s] [Tc]
HitarPetar911: bets $0.06
weverson315: calls $0.06
*** SHOW DOWN ***
HitarPetar911: shows [3s 8s] (two pair, Aces and Eights)
weverson315: shows [9s 9d] (two pair, Aces and Nines)
weverson315 collected $0.28 from pot
*** SUMMARY ***
Total pot $0.29 | Rake $0.01 
Board [8d Ad As 5s Tc]
Seat 1: Orange712 (button) folded before Flop (didn't bet)
Seat 2: Dorex2007 (small blind) folded before Flop
Seat 3: HitarPetar911 (big blind) showed [3s 8s] and lost with two pair, Aces and Eights
Seat 4: sergeyl01 folded before Flop (didn't bet)
Seat 6: bcknkd966 folded before Flop (didn't bet)
Seat 7: laureano290 folded before Flop (didn't bet)
Seat 8: mathplayer folded before Flop (didn't bet)
Seat 9: weverson315 showed [9s 9d] and won ($0.28) with two pair, Aces and Nines



PokerStars Hand #233206420852:  Hold'em No Limit ($0.01/$0.02 USD) - 2022/01/16 14:53:15 PT [2022/01/16 17:53:15 ET]
Table 'Senta' 9-max Seat #2 is the button
Seat 1: Orange712 ($2.78 in chips) 
Seat 2: Dorex2007 ($3.02 in chips) 
Seat 3: HitarPetar911 ($9.85 in chips) 
Seat 4: sergeyl01 ($0.64 in chips) 
Seat 6: bcknkd966 ($1.15 in chips) 
Seat 7: laureano290 ($2 in chips) 
Seat 8: mathplayer ($0.74 in chips) 
Seat 9: weverson315 ($4.38 in chips) 
HitarPetar911: posts small blind $0.01
sergeyl01: posts big blind $0.02
antibadbeat0: sits out 
*** HOLE CARDS ***
Dealt to Dorex2007 [Th Tc]
bcknkd966: folds 
laureano290: folds 
mathplayer: folds 
weverson315: folds 
Orange712: raises $0.04 to $0.06
Dorex2007: calls $0.06
HitarPetar911: calls $0.05
sergeyl01: calls $0.04
*** FLOP *** [6h Qs 5h]
HitarPetar911: checks 
sergeyl01: checks 
Orange712: bets $0.16
Dorex2007: folds 
HitarPetar911: folds 
sergeyl01: folds 
Uncalled bet ($0.16) returned to Orange712
Orange712 collected $0.23 from pot
Orange712: doesn't show hand 
*** SUMMARY ***
Total pot $0.24 | Rake $0.01 
Board [6h Qs 5h]
Seat 1: Orange712 collected ($0.23)
Seat 2: Dorex2007 (button) folded on the Flop
Seat 3: HitarPetar911 (small blind) folded on the Flop
Seat 4: sergeyl01 (big blind) folded on the Flop
Seat 6: bcknkd966 folded before Flop (didn't bet)
Seat 7: laureano290 folded before Flop (didn't bet)
Seat 8: mathplayer folded before Flop (didn't bet)
Seat 9: weverson315 folded before Flop (didn't bet)



PokerStars Hand #233206443667:  Hold'em No Limit ($0.01/$0.02 USD) - 2022/01/16 14:53:58 PT [2022/01/16 17:53:58 ET]
Table 'Senta' 9-max Seat #3 is the button
Seat 1: Orange712 ($2.95 in chips) 
Seat 2: Dorex2007 ($2.96 in chips) 
Seat 3: HitarPetar911 ($9.79 in chips) 
Seat 4: sergeyl01 ($0.58 in chips) 
Seat 5: antibadbeat0 ($2 in chips) 
Seat 6: bcknkd966 ($1.15 in chips) 
Seat 7: laureano290 ($2 in chips) 
Seat 8: mathplayer ($0.74 in chips) 
Seat 9: weverson315 ($4.38 in chips) 
sergeyl01: posts small blind $0.01
antibadbeat0: posts big blind $0.02
*** HOLE CARDS ***
Dealt to Dorex2007 [8c 4d]
bcknkd966: folds 
laureano290: folds 
mathplayer: folds 
weverson315: folds 
Orange712: folds 
Dorex2007: folds 
HitarPetar911: calls $0.02
sergeyl01: folds 
antibadbeat0: checks 
*** FLOP *** [9d 3s 6h]
antibadbeat0: checks 
HitarPetar911: checks 
*** TURN *** [9d 3s 6h] [Js]
antibadbeat0: checks 
HitarPetar911: checks 
*** RIVER *** [9d 3s 6h Js] [7s]
antibadbeat0: checks 
HitarPetar911: checks 
*** SHOW DOWN ***
antibadbeat0: shows [Kd 7c] (a pair of Sevens)
HitarPetar911: mucks hand 
antibadbeat0 collected $0.05 from pot
*** SUMMARY ***
Total pot $0.05 | Rake $0 
Board [9d 3s 6h Js 7s]
Seat 1: Orange712 folded before Flop (didn't bet)
Seat 2: Dorex2007 folded before Flop (didn't bet)
Seat 3: HitarPetar911 (button) mucked [Td 3d]
Seat 4: sergeyl01 (small blind) folded before Flop
Seat 5: antibadbeat0 (big blind) showed [Kd 7c] and won ($0.05) with a pair of Sevens
Seat 6: bcknkd966 folded before Flop (didn't bet)
Seat 7: laureano290 folded before Flop (didn't bet)
Seat 8: mathplayer folded before Flop (didn't bet)
Seat 9: weverson315 folded before Flop (didn't bet)



PokerStars Hand #233206467483:  Hold'em No Limit ($0.01/$0.02 USD) - 2022/01/16 14:54:42 PT [2022/01/16 17:54:42 ET]
Table 'Senta' 9-max Seat #4 is the button
Seat 1: Orange712 ($2.95 in chips) 
Seat 2: Dorex2007 ($2.96 in chips) 
Seat 3: HitarPetar911 ($9.77 in chips) 
Seat 4: sergeyl01 ($0.57 in chips) 
Seat 5: antibadbeat0 ($2.03 in chips) 
Seat 6: bcknkd966 ($1.15 in chips) 
Seat 7: laureano290 ($2 in chips) 
Seat 8: mathplayer ($0.74 in chips) 
Seat 9: weverson315 ($4.38 in chips) 
antibadbeat0: posts small blind $0.01
bcknkd966: posts big blind $0.02
*** HOLE CARDS ***
Dealt to Dorex2007 [8s 7h]
laureano290: folds 
mathplayer: folds 
weverson315: folds 
Orange712: folds 
Dorex2007: folds 
HitarPetar911: calls $0.02
sergeyl01: folds 
antibadbeat0: calls $0.01
bcknkd966: checks 
*** FLOP *** [3h Jd Jc]
antibadbeat0: checks 
bcknkd966: checks 
HitarPetar911: checks 
*** TURN *** [3h Jd Jc] [9c]
antibadbeat0: checks 
bcknkd966: checks 
HitarPetar911: checks 
*** RIVER *** [3h Jd Jc 9c] [5d]
antibadbeat0: bets $0.02
bcknkd966: calls $0.02
HitarPetar911: folds 
*** SHOW DOWN ***
antibadbeat0: shows [9d Kd] (two pair, Jacks and Nines)
bcknkd966: mucks hand 
antibadbeat0 collected $0.10 from pot
*** SUMMARY ***
Total pot $0.10 | Rake $0 
Board [3h Jd Jc 9c 5d]
Seat 1: Orange712 folded before Flop (didn't bet)
Seat 2: Dorex2007 folded before Flop (didn't bet)
Seat 3: HitarPetar911 folded on the River
Seat 4: sergeyl01 (button) folded before Flop (didn't bet)
Seat 5: antibadbeat0 (small blind) showed [9d Kd] and won ($0.10) with two pair, Jacks and Nines
Seat 6: bcknkd966 (big blind) mucked [5h Th]
Seat 7: laureano290 folded before Flop (didn't bet)
Seat 8: mathplayer folded before Flop (didn't bet)
Seat 9: weverson315 folded before Flop (didn't bet)



PokerStars Hand #233206491634:  Hold'em No Limit ($0.01/$0.02 USD) - 2022/01/16 14:55:35 PT [2022/01/16 17:55:35 ET]
Table 'Senta' 9-max Seat #5 is the button
Seat 1: Orange712 ($2.95 in chips) 
Seat 2: Dorex2007 ($2.96 in chips) 
Seat 3: HitarPetar911 ($9.75 in chips) 
Seat 4: sergeyl01 ($0.57 in chips) 
Seat 5: antibadbeat0 ($2.09 in chips) 
Seat 6: bcknkd966 ($1.11 in chips) 
Seat 8: mathplayer ($0.74 in chips) 
Seat 9: weverson315 ($4.38 in chips) 
bcknkd966: posts small blind $0.01
laureano290: is sitting out 
mathplayer: posts big blind $0.02
*** HOLE CARDS ***
Dealt to Dorex2007 [9s Kh]
weverson315: folds 
Orange712: calls $0.02
Dorex2007: folds 
HitarPetar911: raises $0.04 to $0.06
sergeyl01: folds 
antibadbeat0: folds 
bcknkd966: folds 
mathplayer: folds 
Orange712: calls $0.04
*** FLOP *** [3d 5d 3s]
Orange712: checks 
HitarPetar911: bets $0.07
Orange712: folds 
Uncalled bet ($0.07) returned to HitarPetar911
HitarPetar911 collected $0.14 from pot
*** SUMMARY ***
Total pot $0.15 | Rake $0.01 
Board [3d 5d 3s]
Seat 1: Orange712 folded on the Flop
Seat 2: Dorex2007 folded before Flop (didn't bet)
Seat 3: HitarPetar911 collected ($0.14)
Seat 4: sergeyl01 folded before Flop (didn't bet)
Seat 5: antibadbeat0 (button) folded before Flop (didn't bet)
Seat 6: bcknkd966 (small blind) folded before Flop
Seat 8: mathplayer (big blind) folded before Flop
Seat 9: weverson315 folded before Flop (didn't bet)



PokerStars Hand #233206510400:  Hold'em No Limit ($0.01/$0.02 USD) - 2022/01/16 14:56:09 PT [2022/01/16 17:56:09 ET]
Table 'Senta' 9-max Seat #6 is the button
Seat 1: Orange712 ($2.89 in chips) 
Seat 2: Dorex2007 ($2.96 in chips) 
Seat 3: HitarPetar911 ($9.83 in chips) 
Seat 4: sergeyl01 ($0.57 in chips) 
Seat 5: antibadbeat0 ($2.09 in chips) 
Seat 6: bcknkd966 ($1.10 in chips) 
Seat 8: mathplayer ($0.72 in chips) 
Seat 9: weverson315 ($4.38 in chips) 
mathplayer: posts small blind $0.01
weverson315: posts big blind $0.02
*** HOLE CARDS ***
Dealt to Dorex2007 [4c Kh]
Orange712: folds 
Dorex2007: folds 
HitarPetar911: calls $0.02
sergeyl01: folds 
antibadbeat0: raises $0.04 to $0.06
bcknkd966: calls $0.06
mathplayer: folds 
weverson315: calls $0.04
HitarPetar911: calls $0.04
*** FLOP *** [As 8s Ad]
weverson315: checks 
HitarPetar911: checks 
antibadbeat0: bets $0.08
bcknkd966: folds 
weverson315: folds 
HitarPetar911: folds 
Uncalled bet ($0.08) returned to antibadbeat0
antibadbeat0 collected $0.24 from pot
antibadbeat0: doesn't show hand 
*** SUMMARY ***
Total pot $0.25 | Rake $0.01 
Board [As 8s Ad]
Seat 1: Orange712 folded before Flop (didn't bet)
Seat 2: Dorex2007 folded before Flop (didn't bet)
Seat 3: HitarPetar911 folded on the Flop
Seat 4: sergeyl01 folded before Flop (didn't bet)
Seat 5: antibadbeat0 collected ($0.24)
Seat 6: bcknkd966 (button) folded on the Flop
Seat 8: mathplayer (small blind) folded before Flop
Seat 9: weverson315 (big blind) folded on the Flop



PokerStars Hand #233206524779:  Hold'em No Limit ($0.01/$0.02 USD) - 2022/01/16 14:56:46 PT [2022/01/16 17:56:46 ET]
Table 'Senta' 9-max Seat #8 is the button
Seat 1: Orange712 ($2.89 in chips) 
Seat 2: Dorex2007 ($2.96 in chips) 
Seat 3: HitarPetar911 ($9.77 in chips) 
Seat 4: sergeyl01 ($0.57 in chips) 
Seat 5: antibadbeat0 ($2.27 in chips) 
Seat 6: bcknkd966 ($1.04 in chips) 
Seat 8: mathplayer ($0.71 in chips) 
Seat 9: weverson315 ($4.32 in chips) 
weverson315: posts small blind $0.01
Orange712: posts big blind $0.02
*** HOLE CARDS ***
Dealt to Dorex2007 [3h 7h]
Dorex2007: folds 
HitarPetar911: raises $0.05 to $0.07
sergeyl01: folds 
antibadbeat0: folds 
bcknkd966: folds 
mathplayer: folds 
weverson315: calls $0.06
Orange712: calls $0.05
*** FLOP *** [4c Qc Qs]
weverson315: checks 
Orange712: checks 
HitarPetar911: checks 
*** TURN *** [4c Qc Qs] [Tc]
weverson315: checks 
Orange712: checks 
HitarPetar911: bets $0.06
weverson315: folds 
Orange712: folds 
Uncalled bet ($0.06) returned to HitarPetar911
HitarPetar911 collected $0.20 from pot
*** SUMMARY ***
Total pot $0.21 | Rake $0.01 
Board [4c Qc Qs Tc]
Seat 1: Orange712 (big blind) folded on the Turn
Seat 2: Dorex2007 folded before Flop (didn't bet)
Seat 3: HitarPetar911 collected ($0.20)
Seat 4: sergeyl01 folded before Flop (didn't bet)
Seat 5: antibadbeat0 folded before Flop (didn't bet)
Seat 6: bcknkd966 folded before Flop (didn't bet)
Seat 8: mathplayer (button) folded before Flop (didn't bet)
Seat 9: weverson315 (small blind) folded on the Turn



PokerStars Hand #233206543021:  Hold'em No Limit ($0.01/$0.02 USD) - 2022/01/16 14:57:33 PT [2022/01/16 17:57:33 ET]
Table 'Senta' 9-max Seat #9 is the button
Seat 1: Orange712 ($2.82 in chips) 
Seat 2: Dorex2007 ($2.96 in chips) 
Seat 3: HitarPetar911 ($9.90 in chips) 
Seat 4: sergeyl01 ($0.57 in chips) 
Seat 5: antibadbeat0 ($2.27 in chips) 
Seat 6: bcknkd966 ($1.04 in chips) 
Seat 8: mathplayer ($0.71 in chips) 
Seat 9: weverson315 ($4.25 in chips) 
Orange712: posts small blind $0.01
Dorex2007: posts big blind $0.02
*** HOLE CARDS ***
Dealt to Dorex2007 [9c 8h]
HitarPetar911: calls $0.02
sergeyl01: raises $0.55 to $0.57 and is all-in
antibadbeat0: folds 
bcknkd966: folds 
mathplayer: folds 
weverson315: folds 
Orange712: folds 
Dorex2007: folds 
HitarPetar911: calls $0.55
*** FLOP *** [6s Qd 7d]
*** TURN *** [6s Qd 7d] [5d]
*** RIVER *** [6s Qd 7d 5d] [Td]
*** SHOW DOWN ***
HitarPetar911: shows [As 4d] (a flush, Queen high)
sergeyl01: shows [Kh Ad] (a flush, Ace high)
sergeyl01 cashed out the hand for $0.81 | Cash Out Fee $0.01
*** SUMMARY ***
Total pot $1.17 | Rake $0.04 
Board [6s Qd 7d 5d Td]
Seat 1: Orange712 (small blind) folded before Flop
Seat 2: Dorex2007 (big blind) folded before Flop
Seat 3: HitarPetar911 showed [As 4d] and lost with a flush, Queen high
Seat 4: sergeyl01 showed [Kh Ad] and won ($1.13) with a flush, Ace high (pot not awarded as player cashed out)
Seat 5: antibadbeat0 folded before Flop (didn't bet)
Seat 6: bcknkd966 folded before Flop (didn't bet)
Seat 8: mathplayer folded before Flop (didn't bet)
Seat 9: weverson315 (button) folded before Flop (didn't bet)



PokerStars Hand #233206554205:  Hold'em No Limit ($0.01/$0.02 USD) - 2022/01/16 14:58:02 PT [2022/01/16 17:58:02 ET]
Table 'Senta' 9-max Seat #1 is the button
Seat 1: Orange712 ($2.81 in chips) 
Seat 2: Dorex2007 ($2.94 in chips) 
Seat 3: HitarPetar911 ($9.33 in chips) 
Seat 4: sergeyl01 ($0.81 in chips) 
Seat 5: antibadbeat0 ($2.27 in chips) 
Seat 6: bcknkd966 ($1.04 in chips) 
Seat 8: mathplayer ($0.71 in chips) 
Seat 9: weverson315 ($4.25 in chips) 
Dorex2007: posts small blind $0.01
HitarPetar911: posts big blind $0.02
*** HOLE CARDS ***
Dealt to Dorex2007 [8c Ks]
sergeyl01: folds 
antibadbeat0: folds 
bcknkd966: calls $0.02
mathplayer: folds 
weverson315: folds 
Orange712: folds 
Dorex2007: calls $0.01
HitarPetar911: checks 
*** FLOP *** [3c 2h Qc]
Dorex2007: checks 
HitarPetar911: checks 
bcknkd966: checks 
*** TURN *** [3c 2h Qc] [8d]
Dorex2007: bets $0.06
HitarPetar911: folds 
bcknkd966: folds 
Uncalled bet ($0.06) returned to Dorex2007
Dorex2007 collected $0.06 from pot
Dorex2007: doesn't show hand 
*** SUMMARY ***
Total pot $0.06 | Rake $0 
Board [3c 2h Qc 8d]
Seat 1: Orange712 (button) folded before Flop (didn't bet)
Seat 2: Dorex2007 (small blind) collected ($0.06)
Seat 3: HitarPetar911 (big blind) folded on the Turn
Seat 4: sergeyl01 folded before Flop (didn't bet)
Seat 5: antibadbeat0 folded before Flop (didn't bet)
Seat 6: bcknkd966 folded on the Turn
Seat 8: mathplayer folded before Flop (didn't bet)
Seat 9: weverson315 folded before Flop (didn't bet)



PokerStars Hand #233206566543:  Hold'em No Limit ($0.01/$0.02 USD) - 2022/01/16 14:58:35 PT [2022/01/16 17:58:35 ET]
Table 'Senta' 9-max Seat #2 is the button
Seat 1: Orange712 ($2.81 in chips) 
Seat 2: Dorex2007 ($2.98 in chips) 
Seat 3: HitarPetar911 ($9.31 in chips) 
Seat 4: sergeyl01 ($0.81 in chips) 
Seat 5: antibadbeat0 ($2.27 in chips) 
Seat 6: bcknkd966 ($1.02 in chips) 
Seat 8: mathplayer ($0.71 in chips) 
Seat 9: weverson315 ($4.25 in chips) 
HitarPetar911: posts small blind $0.01
sergeyl01: posts big blind $0.02
*** HOLE CARDS ***
Dealt to Dorex2007 [8s As]
antibadbeat0: folds 
bcknkd966: folds 
mathplayer: folds 
bcknkd966 leaves the table
weverson315: calls $0.02
Orange712: folds 
Omnibrag joins the table at seat #6 
Dorex2007: raises $0.02 to $0.04
HitarPetar911: calls $0.03
sergeyl01: folds 
weverson315: calls $0.02
*** FLOP *** [2d 4h 4c]
HitarPetar911: checks 
weverson315: checks 
Dorex2007: checks 
*** TURN *** [2d 4h 4c] [3s]
HitarPetar911: bets $0.07
weverson315: folds 
Dorex2007: folds 
Uncalled bet ($0.07) returned to HitarPetar911
HitarPetar911 collected $0.14 from pot
*** SUMMARY ***
Total pot $0.14 | Rake $0 
Board [2d 4h 4c 3s]
Seat 1: Orange712 folded before Flop (didn't bet)
Seat 2: Dorex2007 (button) folded on the Turn
Seat 3: HitarPetar911 (small blind) collected ($0.14)
Seat 4: sergeyl01 (big blind) folded before Flop
Seat 5: antibadbeat0 folded before Flop (didn't bet)
Seat 6: bcknkd966 folded before Flop (didn't bet)
Seat 8: mathplayer folded before Flop (didn't bet)
Seat 9: weverson315 folded on the Turn



PokerStars Hand #233206583604:  Hold'em No Limit ($0.01/$0.02 USD) - 2022/01/16 14:59:19 PT [2022/01/16 17:59:19 ET]
Table 'Senta' 9-max Seat #3 is the button
Seat 1: Orange712 ($2.81 in chips) 
Seat 2: Dorex2007 ($2.94 in chips) 
Seat 3: HitarPetar911 ($9.41 in chips) 
Seat 4: sergeyl01 ($0.79 in chips) 
Seat 5: antibadbeat0 ($2.27 in chips) 
Seat 6: Omnibrag ($2 in chips) 
Seat 8: mathplayer ($0.71 in chips) 
Seat 9: weverson315 ($4.21 in chips) 
sergeyl01: posts small blind $0.01
antibadbeat0: posts big blind $0.02
Omnibrag: posts big blind $0.02
*** HOLE CARDS ***
Dealt to Dorex2007 [Kc 7h]
Omnibrag: checks 
mathplayer: folds 
weverson315: folds 
Orange712: folds 
Dorex2007: folds 
HitarPetar911: calls $0.02
sergeyl01: calls $0.01
antibadbeat0: checks 
*** FLOP *** [Kh 8s Ks]
laureano290 leaves the table
sergeyl01: checks 
antibadbeat0: checks 
Omnibrag: checks 
HitarPetar911: bets $0.02
sergeyl01: folds 
antibadbeat0: folds 
Omnibrag: folds 
Uncalled bet ($0.02) returned to HitarPetar911
HitarPetar911 collected $0.08 from pot
HitarPetar911: shows [2c 8c] (two pair, Kings and Eights)
*** SUMMARY ***
Total pot $0.08 | Rake $0 
Board [Kh 8s Ks]
Seat 1: Orange712 folded before Flop (didn't bet)
Seat 2: Dorex2007 folded before Flop (didn't bet)
Seat 3: HitarPetar911 (button) collected ($0.08)
Seat 4: sergeyl01 (small blind) folded on the Flop
Seat 5: antibadbeat0 (big blind) folded on the Flop
Seat 6: Omnibrag folded on the Flop (didn't bet)
Seat 8: mathplayer folded before Flop (didn't bet)
Seat 9: weverson315 folded before Flop (didn't bet)



PokerStars Hand #233206608128:  Hold'em No Limit ($0.01/$0.02 USD) - 2022/01/16 15:00:20 PT [2022/01/16 18:00:20 ET]
Table 'Senta' 9-max Seat #4 is the button
Seat 1: Orange712 ($2.81 in chips) 
Seat 2: Dorex2007 ($2.94 in chips) 
Seat 3: HitarPetar911 ($9.47 in chips) 
Seat 4: sergeyl01 ($0.77 in chips) 
Seat 5: antibadbeat0 ($2.25 in chips) 
Seat 6: Omnibrag ($1.98 in chips) 
Seat 8: mathplayer ($0.71 in chips) 
Seat 9: weverson315 ($4.21 in chips) 
antibadbeat0: posts small blind $0.01
Omnibrag: posts big blind $0.02
*** HOLE CARDS ***
Dealt to Dorex2007 [Qs Kd]
mathplayer: folds 
weverson315: folds 
Orange712: folds 
Dorex2007: raises $0.02 to $0.04
HitarPetar911: folds 
sergeyl01: folds 
antibadbeat0: raises $0.12 to $0.16
Omnibrag: folds 
Dorex2007: folds 
Uncalled bet ($0.12) returned to antibadbeat0
antibadbeat0 collected $0.10 from pot
antibadbeat0: doesn't show hand 
*** SUMMARY ***
Total pot $0.10 | Rake $0 
Seat 1: Orange712 folded before Flop (didn't bet)
Seat 2: Dorex2007 folded before Flop
Seat 3: HitarPetar911 folded before Flop (didn't bet)
Seat 4: sergeyl01 (button) folded before Flop (didn't bet)
Seat 5: antibadbeat0 (small blind) collected ($0.10)
Seat 6: Omnibrag (big blind) folded before Flop
Seat 8: mathplayer folded before Flop (didn't bet)
Seat 9: weverson315 folded before Flop (didn't bet)



PokerStars Hand #233206619079:  Hold'em No Limit ($0.01/$0.02 USD) - 2022/01/16 15:00:47 PT [2022/01/16 18:00:47 ET]
Table 'Senta' 9-max Seat #5 is the button
Seat 1: Orange712 ($2.81 in chips) 
Seat 2: Dorex2007 ($2.90 in chips) 
Seat 3: HitarPetar911 ($9.47 in chips) 
Seat 4: sergeyl01 ($0.77 in chips) 
Seat 5: antibadbeat0 ($2.31 in chips) 
Seat 6: Omnibrag ($1.96 in chips) 
Seat 9: weverson315 ($4.21 in chips) 
Omnibrag: posts small blind $0.01
mathplayer: is sitting out 
weverson315: posts big blind $0.02
*** HOLE CARDS ***
Dealt to Dorex2007 [Jc 8s]
mathplayer leaves the table
Orange712: folds 
Dorex2007: folds 
HitarPetar911: raises $0.04 to $0.06
sergeyl01: folds 
antibadbeat0: calls $0.06
Omnibrag: calls $0.05
weverson315: calls $0.04
*** FLOP *** [Ts 6c As]
Omnibrag: bets $0.06
weverson315: folds 
HitarPetar911: calls $0.06
antibadbeat0: calls $0.06
*** TURN *** [Ts 6c As] [9s]
Omnibrag: checks 
HitarPetar911: bets $0.21
antibadbeat0: folds 
Master75573 joins the table at seat #7 
Omnibrag: folds 
Uncalled bet ($0.21) returned to HitarPetar911
HitarPetar911 collected $0.41 from pot
*** SUMMARY ***
Total pot $0.42 | Rake $0.01 
Board [Ts 6c As 9s]
Seat 1: Orange712 folded before Flop (didn't bet)
Seat 2: Dorex2007 folded before Flop (didn't bet)
Seat 3: HitarPetar911 collected ($0.41)
Seat 4: sergeyl01 folded before Flop (didn't bet)
Seat 5: antibadbeat0 (button) folded on the Turn
Seat 6: Omnibrag (small blind) folded on the Turn
Seat 9: weverson315 (big blind) folded on the Flop



PokerStars Hand #233206646869:  Hold'em No Limit ($0.01/$0.02 USD) - 2022/01/16 15:01:46 PT [2022/01/16 18:01:46 ET]
Table 'Senta' 9-max Seat #6 is the button
Seat 1: Orange712 ($2.81 in chips) 
Seat 2: Dorex2007 ($2.90 in chips) 
Seat 3: HitarPetar911 ($9.76 in chips) 
Seat 4: sergeyl01 ($0.77 in chips) 
Seat 5: antibadbeat0 ($2.19 in chips) 
Seat 6: Omnibrag ($1.84 in chips) 
Seat 9: weverson315 ($4.15 in chips) 
weverson315: posts small blind $0.01
Orange712: posts big blind $0.02
*** HOLE CARDS ***
Dealt to Dorex2007 [5c Td]
Dorex2007: folds 
HitarPetar911: calls $0.02
sergeyl01: folds 
antibadbeat0: folds 
Omnibrag: folds 
weverson315: calls $0.01
Orange712: checks 
*** FLOP *** [Kh Jc 4s]
weverson315: checks 
Snowman373 joins the table at seat #8 
Orange712: checks 
HitarPetar911: bets $0.02
weverson315: folds 
Orange712: folds 
Uncalled bet ($0.02) returned to HitarPetar911
HitarPetar911 collected $0.06 from pot
*** SUMMARY ***
Total pot $0.06 | Rake $0 
Board [Kh Jc 4s]
Seat 1: Orange712 (big blind) folded on the Flop
Seat 2: Dorex2007 folded before Flop (didn't bet)
Seat 3: HitarPetar911 collected ($0.06)
Seat 4: sergeyl01 folded before Flop (didn't bet)
Seat 5: antibadbeat0 folded before Flop (didn't bet)
Seat 6: Omnibrag (button) folded before Flop (didn't bet)
Seat 9: weverson315 (small blind) folded on the Flop



PokerStars Hand #233206672002:  Hold'em No Limit ($0.01/$0.02 USD) - 2022/01/16 15:02:34 PT [2022/01/16 18:02:34 ET]
Table 'Senta' 9-max Seat #9 is the button
Seat 1: Orange712 ($2.79 in chips) 
Seat 2: Dorex2007 ($2.90 in chips) 
Seat 3: HitarPetar911 ($9.80 in chips) 
Seat 4: sergeyl01 ($0.77 in chips) 
Seat 5: antibadbeat0 ($2.19 in chips) 
Seat 6: Omnibrag ($1.84 in chips) 
Seat 7: Master75573 ($1.10 in chips) 
Seat 9: weverson315 ($4.13 in chips) 
Orange712: posts small blind $0.01
Dorex2007: posts big blind $0.02
Master75573: posts big blind $0.02
Snowman373: sits out 
*** HOLE CARDS ***
Dealt to Dorex2007 [Kh 8s]
HitarPetar911: folds 
sergeyl01: folds 
antibadbeat0: raises $0.06 to $0.08
Omnibrag: folds 
Master75573: folds 
weverson315: calls $0.08
Orange712: folds 
Dorex2007: folds 
*** FLOP *** [8c 7h 9h]
antibadbeat0: bets $0.14
weverson315: folds 
Uncalled bet ($0.14) returned to antibadbeat0
antibadbeat0 collected $0.20 from pot
*** SUMMARY ***
Total pot $0.21 | Rake $0.01 
Board [8c 7h 9h]
Seat 1: Orange712 (small blind) folded before Flop
Seat 2: Dorex2007 (big blind) folded before Flop
Seat 3: HitarPetar911 folded before Flop (didn't bet)
Seat 4: sergeyl01 folded before Flop (didn't bet)
Seat 5: antibadbeat0 collected ($0.20)
Seat 6: Omnibrag folded before Flop (didn't bet)
Seat 7: Master75573 folded before Flop (didn't bet)
Seat 9: weverson315 (button) folded on the Flop



PokerStars Hand #233206702667:  Hold'em No Limit ($0.01/$0.02 USD) - 2022/01/16 15:03:31 PT [2022/01/16 18:03:31 ET]
Table 'Senta' 9-max Seat #1 is the button
Seat 1: Orange712 ($2.78 in chips) 
Seat 2: Dorex2007 ($2.88 in chips) 
Seat 3: HitarPetar911 ($9.80 in chips) 
Seat 4: sergeyl01 ($0.77 in chips) 
Seat 5: antibadbeat0 ($2.31 in chips) 
Seat 6: Omnibrag ($1.84 in chips) 
Seat 7: Master75573 ($1.08 in chips) 
Seat 9: weverson315 ($4.05 in chips) 
Dorex2007: posts small blind $0.01
HitarPetar911: posts big blind $0.02
Snowman373: sits out 
*** HOLE CARDS ***
Dealt to Dorex2007 [9s 5d]
sergeyl01: folds 
antibadbeat0: folds 
Omnibrag: raises $0.06 to $0.08
Master75573: folds 
weverson315: folds 
Orange712: calls $0.08
Dorex2007: folds 
HitarPetar911: calls $0.06
*** FLOP *** [9h 4c 5c]
HitarPetar911: checks 
Omnibrag: bets $0.08
Orange712: calls $0.08
HitarPetar911: calls $0.08
*** TURN *** [9h 4c 5c] [Th]
HitarPetar911: checks 
Omnibrag: checks 
Orange712: checks 
*** RIVER *** [9h 4c 5c Th] [Ts]
HitarPetar911: bets $0.24
Omnibrag: folds 
Orange712: folds 
Uncalled bet ($0.24) returned to HitarPetar911
HitarPetar911 collected $0.47 from pot
*** SUMMARY ***
Total pot $0.49 | Rake $0.02 
Board [9h 4c 5c Th Ts]
Seat 1: Orange712 (button) folded on the River
Seat 2: Dorex2007 (small blind) folded before Flop
Seat 3: HitarPetar911 (big blind) collected ($0.47)
Seat 4: sergeyl01 folded before Flop (didn't bet)
Seat 5: antibadbeat0 folded before Flop (didn't bet)
Seat 6: Omnibrag folded on the River
Seat 7: Master75573 folded before Flop (didn't bet)
Seat 9: weverson315 folded before Flop (didn't bet)



PokerStars Hand #233206737405:  Hold'em No Limit ($0.01/$0.02 USD) - 2022/01/16 15:04:36 PT [2022/01/16 18:04:36 ET]
Table 'Senta' 9-max Seat #2 is the button
Seat 1: Orange712 ($2.62 in chips) 
Seat 2: Dorex2007 ($2.87 in chips) 
Seat 3: HitarPetar911 ($10.11 in chips) 
Seat 4: sergeyl01 ($0.77 in chips) 
Seat 5: antibadbeat0 ($2.31 in chips) 
Seat 6: Omnibrag ($1.68 in chips) 
Seat 7: Master75573 ($1.08 in chips) 
Seat 9: weverson315 ($4.05 in chips) 
HitarPetar911: posts small blind $0.01
sergeyl01: posts big blind $0.02
Snowman373: sits out 
*** HOLE CARDS ***
Dealt to Dorex2007 [3h Kh]
antibadbeat0: raises $0.04 to $0.06
Omnibrag: calls $0.06
Master75573: folds 
weverson315: folds 
Orange712: calls $0.06
Dorex2007: folds 
HitarPetar911: calls $0.05
sergeyl01: folds 
*** FLOP *** [Kc Kd 4c]
HitarPetar911: checks 
antibadbeat0: checks 
Omnibrag: checks 
Orange712: checks 
*** TURN *** [Kc Kd 4c] [Jh]
HitarPetar911: checks 
antibadbeat0: bets $0.08
Omnibrag: folds 
Orange712: calls $0.08
HitarPetar911: folds 
*** RIVER *** [Kc Kd 4c Jh] [Tc]
antibadbeat0: bets $0.26
Orange712: calls $0.26
*** SHOW DOWN ***
antibadbeat0: shows [Ks Th] (a full house, Kings full of Tens)
Orange712: mucks hand 
antibadbeat0 collected $0.91 from pot
*** SUMMARY ***
Total pot $0.94 | Rake $0.03 
Board [Kc Kd 4c Jh Tc]
Seat 1: Orange712 mucked [Jc Qd]
Seat 2: Dorex2007 (button) folded before Flop (didn't bet)
Seat 3: HitarPetar911 (small blind) folded on the Turn
Seat 4: sergeyl01 (big blind) folded before Flop
Seat 5: antibadbeat0 showed [Ks Th] and won ($0.91) with a full house, Kings full of Tens
Seat 6: Omnibrag folded on the Turn
Seat 7: Master75573 folded before Flop (didn't bet)
Seat 9: weverson315 folded before Flop (didn't bet)



PokerStars Hand #233206788531:  Hold'em No Limit ($0.01/$0.02 USD) - 2022/01/16 15:06:01 PT [2022/01/16 18:06:01 ET]
Table 'Senta' 9-max Seat #3 is the button
Seat 1: Orange712 ($2.22 in chips) 
Seat 2: Dorex2007 ($2.87 in chips) 
Seat 3: HitarPetar911 ($10.05 in chips) 
Seat 4: sergeyl01 ($0.75 in chips) 
Seat 5: antibadbeat0 ($2.82 in chips) 
Seat 6: Omnibrag ($1.62 in chips) 
Seat 7: Master75573 ($1.08 in chips) 
Seat 9: weverson315 ($4.05 in chips) 
sergeyl01: posts small blind $0.01
antibadbeat0: posts big blind $0.02
Snowman373: sits out 
*** HOLE CARDS ***
Dealt to Dorex2007 [Js Kd]
Omnibrag: raises $0.04 to $0.06
Master75573: calls $0.06
weverson315: folds 
Orange712: folds 
Dorex2007: folds 
HitarPetar911: calls $0.06
sergeyl01: folds 
antibadbeat0: calls $0.04
*** FLOP *** [Ac 5d Td]
antibadbeat0: checks 
Omnibrag: checks 
Master75573: bets $0.12
HitarPetar911: folds 
antibadbeat0: folds 
Omnibrag: folds 
Uncalled bet ($0.12) returned to Master75573
Master75573 collected $0.24 from pot
*** SUMMARY ***
Total pot $0.25 | Rake $0.01 
Board [Ac 5d Td]
Seat 1: Orange712 folded before Flop (didn't bet)
Seat 2: Dorex2007 folded before Flop (didn't bet)
Seat 3: HitarPetar911 (button) folded on the Flop
Seat 4: sergeyl01 (small blind) folded before Flop
Seat 5: antibadbeat0 (big blind) folded on the Flop
Seat 6: Omnibrag folded on the Flop
Seat 7: Master75573 collected ($0.24)
Seat 9: weverson315 folded before Flop (didn't bet)



PokerStars Hand #233206815539:  Hold'em No Limit ($0.01/$0.02 USD) - 2022/01/16 15:06:51 PT [2022/01/16 18:06:51 ET]
Table 'Senta' 9-max Seat #4 is the button
Seat 1: Orange712 ($2.22 in chips) 
Seat 2: Dorex2007 ($2.87 in chips) 
Seat 3: HitarPetar911 ($9.99 in chips) 
Seat 4: sergeyl01 ($0.74 in chips) 
Seat 5: antibadbeat0 ($2.76 in chips) 
Seat 6: Omnibrag ($1.56 in chips) 
Seat 7: Master75573 ($1.26 in chips) 
Seat 9: weverson315 ($4.05 in chips) 
antibadbeat0: posts small blind $0.01
Omnibrag: posts big blind $0.02
Snowman373: sits out 
*** HOLE CARDS ***
Dealt to Dorex2007 [5d Kh]
Master75573: folds 
weverson315: folds 
Orange712: raises $0.06 to $0.08
Dorex2007: folds 
HitarPetar911: calls $0.08
sergeyl01: folds 
antibadbeat0: folds 
Omnibrag: calls $0.06
*** FLOP *** [7d 8h 5c]
Omnibrag: checks 
Orange712: bets $0.12
HitarPetar911: calls $0.12
Omnibrag: folds 
*** TURN *** [7d 8h 5c] [2s]
Orange712: bets $0.30
HitarPetar911: calls $0.30
*** RIVER *** [7d 8h 5c 2s] [3h]
Orange712: bets $0.70
HitarPetar911: calls $0.70
*** SHOW DOWN ***
Orange712: shows [4d 4h] (a pair of Fours)
HitarPetar911: shows [9s 9c] (a pair of Nines)
HitarPetar911 collected $2.40 from pot
*** SUMMARY ***
Total pot $2.49 | Rake $0.09 
Board [7d 8h 5c 2s 3h]
Seat 1: Orange712 showed [4d 4h] and lost with a pair of Fours
Seat 2: Dorex2007 folded before Flop (didn't bet)
Seat 3: HitarPetar911 showed [9s 9c] and won ($2.40) with a pair of Nines
Seat 4: sergeyl01 (button) folded before Flop (didn't bet)
Seat 5: antibadbeat0 (small blind) folded before Flop
Seat 6: Omnibrag (big blind) folded on the Flop
Seat 7: Master75573 folded before Flop (didn't bet)
Seat 9: weverson315 folded before Flop (didn't bet)



PokerStars Hand #233206856369:  Hold'em No Limit ($0.01/$0.02 USD) - 2022/01/16 15:08:08 PT [2022/01/16 18:08:08 ET]
Table 'Senta' 9-max Seat #5 is the button
Seat 1: Orange712 ($1.02 in chips) 
Seat 2: Dorex2007 ($2.87 in chips) 
Seat 3: HitarPetar911 ($11.19 in chips) 
Seat 4: sergeyl01 ($0.74 in chips) 
Seat 5: antibadbeat0 ($2.75 in chips) 
Seat 6: Omnibrag ($1.48 in chips) 
Seat 7: Master75573 ($1.26 in chips) 
Seat 9: weverson315 ($4.05 in chips) 
Omnibrag: posts small blind $0.01
Master75573: posts big blind $0.02
Snowman373: sits out 
*** HOLE CARDS ***
Dealt to Dorex2007 [3s Js]
weverson315: folds 
Orange712: calls $0.02
Dorex2007: folds 
HitarPetar911: calls $0.02
sergeyl01: calls $0.02
antibadbeat0: folds 
Omnibrag: raises $0.02 to $0.04
Master75573: folds 
Orange712: calls $0.02
HitarPetar911: calls $0.02
sergeyl01: calls $0.02
*** FLOP *** [Kh Jd Ks]
Omnibrag: checks 
Orange712: checks 
HitarPetar911: bets $0.02
sergeyl01: calls $0.02
Omnibrag: calls $0.02
Orange712: calls $0.02
*** TURN *** [Kh Jd Ks] [Qs]
Omnibrag: bets $0.02
Orange712: calls $0.02
HitarPetar911: calls $0.02
sergeyl01: calls $0.02
*** RIVER *** [Kh Jd Ks Qs] [6d]
Omnibrag: checks 
Orange712: checks 
HitarPetar911: checks 
sergeyl01: checks 
*** SHOW DOWN ***
Omnibrag: shows [Kd Tc] (three of a kind, Kings)
Orange712: shows [9d Ts] (a straight, Nine to King)
HitarPetar911: mucks hand 
sergeyl01: mucks hand 
Orange712 collected $0.33 from pot
*** SUMMARY ***
Total pot $0.34 | Rake $0.01 
Board [Kh Jd Ks Qs 6d]
Seat 1: Orange712 showed [9d Ts] and won ($0.33) with a straight, Nine to King
Seat 2: Dorex2007 folded before Flop (didn't bet)
Seat 3: HitarPetar911 mucked [6c Jc]
Seat 4: sergeyl01 mucked [5c 5s]
Seat 5: antibadbeat0 (button) folded before Flop (didn't bet)
Seat 6: Omnibrag (small blind) showed [Kd Tc] and lost with three of a kind, Kings
Seat 7: Master75573 (big blind) folded before Flop
Seat 9: weverson315 folded before Flop (didn't bet)



PokerStars Hand #233206905125:  Hold'em No Limit ($0.01/$0.02 USD) - 2022/01/16 15:09:41 PT [2022/01/16 18:09:41 ET]
Table 'Senta' 9-max Seat #6 is the button
Seat 1: Orange712 ($2 in chips) 
Seat 2: Dorex2007 ($2.87 in chips) 
Seat 3: HitarPetar911 ($11.11 in chips) 
Seat 4: sergeyl01 ($0.66 in chips) 
Seat 5: antibadbeat0 ($2.75 in chips) 
Seat 6: Omnibrag ($1.40 in chips) 
Seat 7: Master75573 ($1.24 in chips) 
Seat 8: Snowman373 ($1 in chips) 
Seat 9: weverson315 ($4.05 in chips) 
Master75573: posts small blind $0.01
Snowman373: posts big blind $0.02
*** HOLE CARDS ***
Dealt to Dorex2007 [Ts 6d]
weverson315: folds 
Orange712: folds 
Dorex2007: folds 
HitarPetar911: raises $0.05 to $0.07
sergeyl01: folds 
antibadbeat0: folds 
Omnibrag: folds 
Master75573: folds 
Snowman373: folds 
Uncalled bet ($0.05) returned to HitarPetar911
HitarPetar911 collected $0.05 from pot
*** SUMMARY ***
Total pot $0.05 | Rake $0 
Seat 1: Orange712 folded before Flop (didn't bet)
Seat 2: Dorex2007 folded before Flop (didn't bet)
Seat 3: HitarPetar911 collected ($0.05)
Seat 4: sergeyl01 folded before Flop (didn't bet)
Seat 5: antibadbeat0 folded before Flop (didn't bet)
Seat 6: Omnibrag (button) folded before Flop (didn't bet)
Seat 7: Master75573 (small blind) folded before Flop
Seat 8: Snowman373 (big blind) folded before Flop
Seat 9: weverson315 folded before Flop (didn't bet)



PokerStars Hand #233206927943:  Hold'em No Limit ($0.01/$0.02 USD) - 2022/01/16 15:10:07 PT [2022/01/16 18:10:07 ET]
Table 'Senta' 9-max Seat #7 is the button
Seat 1: Orange712 ($2 in chips) 
Seat 2: Dorex2007 ($2.87 in chips) 
Seat 3: HitarPetar911 ($11.14 in chips) 
Seat 4: sergeyl01 ($0.66 in chips) 
Seat 5: antibadbeat0 ($2.75 in chips) 
Seat 6: Omnibrag ($1.40 in chips) 
Seat 7: Master75573 ($1.23 in chips) 
Seat 8: Snowman373 ($1 in chips) 
Seat 9: weverson315 ($4.05 in chips) 
Snowman373: posts small blind $0.01
weverson315: posts big blind $0.02
*** HOLE CARDS ***
Dealt to Dorex2007 [As Jh]
Orange712: folds 
Dorex2007: calls $0.02
HitarPetar911: calls $0.02
sergeyl01: calls $0.02
antibadbeat0: folds 
Omnibrag: raises $1.38 to $1.40 and is all-in
Master75573: folds 
Snowman373: folds 
weverson315: folds 
Dorex2007: folds 
HitarPetar911: calls $1.38
sergeyl01: folds 
*** FLOP *** [9c Kc Jc]
*** TURN *** [9c Kc Jc] [Jd]
*** RIVER *** [9c Kc Jc Jd] [Ks]
*** SHOW DOWN ***
HitarPetar911: shows [7h Td] (two pair, Kings and Jacks)
Omnibrag: shows [5d 5s] (two pair, Kings and Jacks - lower kicker)
HitarPetar911 collected $2.77 from pot
*** SUMMARY ***
Total pot $2.87 | Rake $0.10 
Board [9c Kc Jc Jd Ks]
Seat 1: Orange712 folded before Flop (didn't bet)
Seat 2: Dorex2007 folded before Flop
Seat 3: HitarPetar911 showed [7h Td] and won ($2.77) with two pair, Kings and Jacks
Seat 4: sergeyl01 folded before Flop
Seat 5: antibadbeat0 folded before Flop (didn't bet)
Seat 6: Omnibrag showed [5d 5s] and lost with two pair, Kings and Jacks
Seat 7: Master75573 (button) folded before Flop (didn't bet)
Seat 8: Snowman373 (small blind) folded before Flop
Seat 9: weverson315 (big blind) folded before Flop



PokerStars Hand #233206946924:  Hold'em No Limit ($0.01/$0.02 USD) - 2022/01/16 15:10:43 PT [2022/01/16 18:10:43 ET]
Table 'Senta' 9-max Seat #8 is the button
Seat 1: Orange712 ($2 in chips) 
Seat 2: Dorex2007 ($2.85 in chips) 
Seat 3: HitarPetar911 ($12.51 in chips) 
Seat 4: sergeyl01 ($0.64 in chips) 
Seat 5: antibadbeat0 ($2.75 in chips) 
Seat 7: Master75573 ($1.23 in chips) 
Seat 8: Snowman373 ($1 in chips) 
Seat 9: weverson315 ($4.03 in chips) 
weverson315: posts small blind $0.01
Orange712: posts big blind $0.02
*** HOLE CARDS ***
Dealt to Dorex2007 [Tc Qh]
Dorex2007: folds 
Omnibrag leaves the table
HitarPetar911: calls $0.02
sergeyl01: folds 
antibadbeat0: folds 
Master75573: folds 
Snowman373: folds 
weverson315: folds 
Orange712: checks 
*** FLOP *** [4h 2s Ah]
Orange712: checks 
Kappyz joins the table at seat #6 
HitarPetar911: bets $0.02
Orange712: folds 
Uncalled bet ($0.02) returned to HitarPetar911
HitarPetar911 collected $0.05 from pot
*** SUMMARY ***
Total pot $0.05 | Rake $0 
Board [4h 2s Ah]
Seat 1: Orange712 (big blind) folded on the Flop
Seat 2: Dorex2007 folded before Flop (didn't bet)
Seat 3: HitarPetar911 collected ($0.05)
Seat 4: sergeyl01 folded before Flop (didn't bet)
Seat 5: antibadbeat0 folded before Flop (didn't bet)
Seat 7: Master75573 folded before Flop (didn't bet)
Seat 8: Snowman373 (button) folded before Flop (didn't bet)
Seat 9: weverson315 (small blind) folded before Flop



PokerStars Hand #233206964068:  Hold'em No Limit ($0.01/$0.02 USD) - 2022/01/16 15:11:16 PT [2022/01/16 18:11:16 ET]
Table 'Senta' 9-max Seat #9 is the button
Seat 1: Orange712 ($1.98 in chips) 
Seat 2: Dorex2007 ($2.85 in chips) 
Seat 3: HitarPetar911 ($12.54 in chips) 
Seat 4: sergeyl01 ($0.64 in chips) 
Seat 5: antibadbeat0 ($2.75 in chips) 
Seat 6: Kappyz ($2 in chips) 
Seat 7: Master75573 ($1.23 in chips) 
Seat 8: Snowman373 ($1 in chips) 
Seat 9: weverson315 ($4.02 in chips) 
Orange712: posts small blind $0.01
Dorex2007: posts big blind $0.02
Kappyz: posts big blind $0.02
*** HOLE CARDS ***
Dealt to Dorex2007 [Kd Qd]
HitarPetar911: calls $0.02
sergeyl01: calls $0.02
antibadbeat0: folds 
Kappyz: checks 
Master75573: folds 
Snowman373: folds 
weverson315: calls $0.02
Orange712: calls $0.01
Dorex2007: checks 
*** FLOP *** [2h Tc 2s]
Orange712: checks 
Dorex2007: checks 
HitarPetar911: checks 
sergeyl01: checks 
Kappyz: checks 
weverson315: checks 
*** TURN *** [2h Tc 2s] [7d]
Orange712: checks 
Dorex2007: checks 
HitarPetar911: checks 
sergeyl01: bets $0.02
Kappyz: folds 
weverson315: calls $0.02
Orange712: calls $0.02
Dorex2007: folds 
HitarPetar911: folds 
*** RIVER *** [2h Tc 2s 7d] [4s]
Orange712: checks 
sergeyl01: checks 
weverson315: bets $0.08
Orange712: raises $0.16 to $0.24
sergeyl01: folds 
weverson315: folds 
Uncalled bet ($0.16) returned to Orange712
Orange712 collected $0.33 from pot
Orange712: doesn't show hand 
*** SUMMARY ***
Total pot $0.34 | Rake $0.01 
Board [2h Tc 2s 7d 4s]
Seat 1: Orange712 (small blind) collected ($0.33)
Seat 2: Dorex2007 (big blind) folded on the Turn
Seat 3: HitarPetar911 folded on the Turn
Seat 4: sergeyl01 folded on the River
Seat 5: antibadbeat0 folded before Flop (didn't bet)
Seat 6: Kappyz folded on the Turn (didn't bet)
Seat 7: Master75573 folded before Flop (didn't bet)
Seat 8: Snowman373 folded before Flop (didn't bet)
Seat 9: weverson315 (button) folded on the River



PokerStars Hand #233207012456:  Hold'em No Limit ($0.01/$0.02 USD) - 2022/01/16 15:12:48 PT [2022/01/16 18:12:48 ET]
Table 'Senta' 9-max Seat #1 is the button
Seat 1: Orange712 ($2.19 in chips) 
Seat 2: Dorex2007 ($2.83 in chips) 
Seat 3: HitarPetar911 ($12.52 in chips) 
Seat 4: sergeyl01 ($0.60 in chips) 
Seat 5: antibadbeat0 ($2.75 in chips) 
Seat 6: Kappyz ($1.98 in chips) 
Seat 7: Master75573 ($1.23 in chips) 
Seat 8: Snowman373 ($1 in chips) 
Seat 9: weverson315 ($3.90 in chips) 
Dorex2007: posts small blind $0.01
HitarPetar911: posts big blind $0.02
*** HOLE CARDS ***
Dealt to Dorex2007 [7c 5h]
sergeyl01: folds 
antibadbeat0: folds 
Kappyz: folds 
Master75573: folds 
Snowman373: folds 
weverson315: folds 
Orange712: folds 
Dorex2007: folds 
Uncalled bet ($0.01) returned to HitarPetar911
HitarPetar911 collected $0.02 from pot
*** SUMMARY ***
Total pot $0.02 | Rake $0 
Seat 1: Orange712 (button) folded before Flop (didn't bet)
Seat 2: Dorex2007 (small blind) folded before Flop
Seat 3: HitarPetar911 (big blind) collected ($0.02)
Seat 4: sergeyl01 folded before Flop (didn't bet)
Seat 5: antibadbeat0 folded before Flop (didn't bet)
Seat 6: Kappyz folded before Flop (didn't bet)
Seat 7: Master75573 folded before Flop (didn't bet)
Seat 8: Snowman373 folded before Flop (didn't bet)
Seat 9: weverson315 folded before Flop (didn't bet)



PokerStars Hand #233207020092:  Hold'em No Limit ($0.01/$0.02 USD) - 2022/01/16 15:13:03 PT [2022/01/16 18:13:03 ET]
Table 'Senta' 9-max Seat #2 is the button
Seat 1: Orange712 ($2.19 in chips) 
Seat 2: Dorex2007 ($2.82 in chips) 
Seat 3: HitarPetar911 ($12.53 in chips) 
Seat 4: sergeyl01 ($0.60 in chips) 
Seat 5: antibadbeat0 ($2.75 in chips) 
Seat 6: Kappyz ($1.98 in chips) 
Seat 7: Master75573 ($1.23 in chips) 
Seat 8: Snowman373 ($1 in chips) 
Seat 9: weverson315 ($3.90 in chips) 
HitarPetar911: posts small blind $0.01
sergeyl01: posts big blind $0.02
*** HOLE CARDS ***
Dealt to Dorex2007 [Kh Ad]
antibadbeat0: folds 
Kappyz: calls $0.02
Master75573: folds 
Snowman373: folds 
weverson315: folds 
Orange712: folds 
Dorex2007: raises $0.06 to $0.08
HitarPetar911: calls $0.07
sergeyl01: folds 
Kappyz: folds 
*** FLOP *** [7s 4h 4c]
Kappyz leaves the table
HitarPetar911: checks 
Dorex2007: checks 
*** TURN *** [7s 4h 4c] [4s]
HitarPetar911: checks 
Dorex2007: bets $0.19
HitarPetar911: folds 
Uncalled bet ($0.19) returned to Dorex2007
Dorex2007 collected $0.19 from pot
Dorex2007: doesn't show hand 
*** SUMMARY ***
Total pot $0.20 | Rake $0.01 
Board [7s 4h 4c 4s]
Seat 1: Orange712 folded before Flop (didn't bet)
Seat 2: Dorex2007 (button) collected ($0.19)
Seat 3: HitarPetar911 (small blind) folded on the Turn
Seat 4: sergeyl01 (big blind) folded before Flop
Seat 5: antibadbeat0 folded before Flop (didn't bet)
Seat 6: Kappyz folded before Flop
Seat 7: Master75573 folded before Flop (didn't bet)
Seat 8: Snowman373 folded before Flop (didn't bet)
Seat 9: weverson315 folded before Flop (didn't bet)



PokerStars Hand #233207043327:  Hold'em No Limit ($0.01/$0.02 USD) - 2022/01/16 15:13:44 PT [2022/01/16 18:13:44 ET]
Table 'Senta' 9-max Seat #3 is the button
Seat 1: Orange712 ($2.19 in chips) 
Seat 2: Dorex2007 ($2.93 in chips) 
Seat 3: HitarPetar911 ($12.45 in chips) 
Seat 4: sergeyl01 ($0.58 in chips) 
Seat 5: antibadbeat0 ($2.75 in chips) 
Seat 7: Master75573 ($1.23 in chips) 
Seat 8: Snowman373 ($1 in chips) 
Seat 9: weverson315 ($3.90 in chips) 
sergeyl01: posts small blind $0.01
skgolem joins the table at seat #6 
antibadbeat0: posts big blind $0.02
*** HOLE CARDS ***
Dealt to Dorex2007 [6s Ah]
Master75573: calls $0.02
Snowman373: folds 
weverson315: calls $0.02
Orange712: folds 
Dorex2007: folds 
HitarPetar911: raises $0.09 to $0.11
sergeyl01: folds 
antibadbeat0: folds 
Master75573: calls $0.09
weverson315: folds 
*** FLOP *** [6d 7s 8d]
Master75573: checks 
HitarPetar911: checks 
*** TURN *** [6d 7s 8d] [2s]
Master75573: checks 
HitarPetar911: checks 
*** RIVER *** [6d 7s 8d 2s] [9h]
Master75573: bets $0.26
HitarPetar911: folds 
Uncalled bet ($0.26) returned to Master75573
Master75573 collected $0.26 from pot
*** SUMMARY ***
Total pot $0.27 | Rake $0.01 
Board [6d 7s 8d 2s 9h]
Seat 1: Orange712 folded before Flop (didn't bet)
Seat 2: Dorex2007 folded before Flop (didn't bet)
Seat 3: HitarPetar911 (button) folded on the River
Seat 4: sergeyl01 (small blind) folded before Flop
Seat 5: antibadbeat0 (big blind) folded before Flop
Seat 7: Master75573 collected ($0.26)
Seat 8: Snowman373 folded before Flop (didn't bet)
Seat 9: weverson315 folded before Flop



PokerStars Hand #233207066830:  Hold'em No Limit ($0.01/$0.02 USD) - 2022/01/16 15:14:30 PT [2022/01/16 18:14:30 ET]
Table 'Senta' 9-max Seat #4 is the button
Seat 1: Orange712 ($2.19 in chips) 
Seat 2: Dorex2007 ($2.93 in chips) 
Seat 3: HitarPetar911 ($12.34 in chips) 
Seat 4: sergeyl01 ($0.57 in chips) 
Seat 5: antibadbeat0 ($2.73 in chips) 
Seat 6: skgolem ($0.80 in chips) 
Seat 7: Master75573 ($1.38 in chips) 
Seat 8: Snowman373 ($1 in chips) 
Seat 9: weverson315 ($3.88 in chips) 
antibadbeat0: posts small blind $0.01
skgolem: posts big blind $0.02
*** HOLE CARDS ***
Dealt to Dorex2007 [3h Qd]
Master75573: calls $0.02
Snowman373: folds 
weverson315: folds 
Orange712: folds 
Dorex2007: folds 
HitarPetar911: calls $0.02
sergeyl01: folds 
antibadbeat0: calls $0.01
skgolem: checks 
*** FLOP *** [Kd Js 3d]
antibadbeat0: checks 
skgolem: checks 
Master75573: checks 
HitarPetar911: checks 
*** TURN *** [Kd Js 3d] [As]
antibadbeat0: checks 
skgolem: bets $0.78 and is all-in
Master75573: folds 
HitarPetar911: folds 
antibadbeat0: folds 
Uncalled bet ($0.78) returned to skgolem
skgolem collected $0.08 from pot
skgolem: doesn't show hand 
*** SUMMARY ***
Total pot $0.08 | Rake $0 
Board [Kd Js 3d As]
Seat 1: Orange712 folded before Flop (didn't bet)
Seat 2: Dorex2007 folded before Flop (didn't bet)
Seat 3: HitarPetar911 folded on the Turn
Seat 4: sergeyl01 (button) folded before Flop (didn't bet)
Seat 5: antibadbeat0 (small blind) folded on the Turn
Seat 6: skgolem (big blind) collected ($0.08)
Seat 7: Master75573 folded on the Turn
Seat 8: Snowman373 folded before Flop (didn't bet)
Seat 9: weverson315 folded before Flop (didn't bet)



PokerStars Hand #233207102521:  Hold'em No Limit ($0.01/$0.02 USD) - 2022/01/16 15:15:29 PT [2022/01/16 18:15:29 ET]
Table 'Senta' 9-max Seat #5 is the button
Seat 1: Orange712 ($2.19 in chips) 
Seat 2: Dorex2007 ($2.93 in chips) 
Seat 3: HitarPetar911 ($12.32 in chips) 
Seat 4: sergeyl01 ($0.57 in chips) 
Seat 5: antibadbeat0 ($2.71 in chips) 
Seat 6: skgolem ($0.86 in chips) 
Seat 7: Master75573 ($1.36 in chips) 
Seat 8: Snowman373 ($1 in chips) 
Seat 9: weverson315 ($3.88 in chips) 
skgolem: posts small blind $0.01
Master75573: posts big blind $0.02
*** HOLE CARDS ***
Dealt to Dorex2007 [5h 9h]
Snowman373: folds 
weverson315: folds 
Orange712: folds 
Dorex2007: folds 
HitarPetar911: raises $0.04 to $0.06
sergeyl01: folds 
antibadbeat0: folds 
skgolem: folds 
Master75573: folds 
Uncalled bet ($0.04) returned to HitarPetar911
HitarPetar911 collected $0.05 from pot
*** SUMMARY ***
Total pot $0.05 | Rake $0 
Seat 1: Orange712 folded before Flop (didn't bet)
Seat 2: Dorex2007 folded before Flop (didn't bet)
Seat 3: HitarPetar911 collected ($0.05)
Seat 4: sergeyl01 folded before Flop (didn't bet)
Seat 5: antibadbeat0 (button) folded before Flop (didn't bet)
Seat 6: skgolem (small blind) folded before Flop
Seat 7: Master75573 (big blind) folded before Flop
Seat 8: Snowman373 folded before Flop (didn't bet)
Seat 9: weverson315 folded before Flop (didn't bet)



PokerStars Hand #233207116276:  Hold'em No Limit ($0.01/$0.02 USD) - 2022/01/16 15:15:55 PT [2022/01/16 18:15:55 ET]
Table 'Senta' 9-max Seat #6 is the button
Seat 1: Orange712 ($2.19 in chips) 
Seat 2: Dorex2007 ($2.93 in chips) 
Seat 3: HitarPetar911 ($12.35 in chips) 
Seat 4: sergeyl01 ($0.57 in chips) 
Seat 5: antibadbeat0 ($2.71 in chips) 
Seat 6: skgolem ($0.85 in chips) 
Seat 7: Master75573 ($1.34 in chips) 
Seat 8: Snowman373 ($1 in chips) 
Seat 9: weverson315 ($3.88 in chips) 
Master75573: posts small blind $0.01
Snowman373: posts big blind $0.02
*** HOLE CARDS ***
Dealt to Dorex2007 [9d Jd]
weverson315: folds 
Orange712: folds 
Dorex2007: folds 
HitarPetar911: calls $0.02
sergeyl01: folds 
antibadbeat0: folds 
skgolem: folds 
Master75573: calls $0.01
Snowman373: checks 
*** FLOP *** [8c 3h 2s]
Master75573: bets $0.06
Snowman373: folds 
HitarPetar911: folds 
Uncalled bet ($0.06) returned to Master75573
Master75573 collected $0.06 from pot
*** SUMMARY ***
Total pot $0.06 | Rake $0 
Board [8c 3h 2s]
Seat 1: Orange712 folded before Flop (didn't bet)
Seat 2: Dorex2007 folded before Flop (didn't bet)
Seat 3: HitarPetar911 folded on the Flop
Seat 4: sergeyl01 folded before Flop (didn't bet)
Seat 5: antibadbeat0 folded before Flop (didn't bet)
Seat 6: skgolem (button) folded before Flop (didn't bet)
Seat 7: Master75573 (small blind) collected ($0.06)
Seat 8: Snowman373 (big blind) folded on the Flop
Seat 9: weverson315 folded before Flop (didn't bet)



PokerStars Hand #233207128395:  Hold'em No Limit ($0.01/$0.02 USD) - 2022/01/16 15:16:20 PT [2022/01/16 18:16:20 ET]
Table 'Senta' 9-max Seat #7 is the button
Seat 1: Orange712 ($2.19 in chips) 
Seat 2: Dorex2007 ($2.93 in chips) 
Seat 3: HitarPetar911 ($12.33 in chips) 
Seat 4: sergeyl01 ($0.57 in chips) 
Seat 5: antibadbeat0 ($2.71 in chips) 
Seat 6: skgolem ($0.85 in chips) 
Seat 7: Master75573 ($1.38 in chips) 
Seat 8: Snowman373 ($1 in chips) 
Seat 9: weverson315 ($3.88 in chips) 
Snowman373: posts small blind $0.01
weverson315: posts big blind $0.02
*** HOLE CARDS ***
Dealt to Dorex2007 [Ks Kd]
Orange712: folds 
Dorex2007: raises $0.02 to $0.04
Orange712 leaves the table
HitarPetar911: calls $0.04
sergeyl01: folds 
evil547 joins the table at seat #1 
antibadbeat0: folds 
skgolem: folds 
Master75573: calls $0.04
Snowman373: folds 
weverson315: calls $0.02
*** FLOP *** [Ad Tc Js]
weverson315: checks 
Dorex2007: checks 
HitarPetar911: checks 
Master75573: checks 
*** TURN *** [Ad Tc Js] [5s]
weverson315: checks 
Dorex2007: bets $0.11
HitarPetar911: folds 
Master75573: calls $0.11
weverson315: folds 
*** RIVER *** [Ad Tc Js 5s] [9s]
Dorex2007: bets $0.19
Master75573: raises $0.19 to $0.38
Dorex2007: calls $0.19
*** SHOW DOWN ***
Master75573: shows [7s 6s] (a flush, Jack high)
Dorex2007: mucks hand 
Master75573 collected $1.11 from pot
*** SUMMARY ***
Total pot $1.15 | Rake $0.04 
Board [Ad Tc Js 5s 9s]
Seat 1: Orange712 folded before Flop (didn't bet)
Seat 2: Dorex2007 mucked [Ks Kd]
Seat 3: HitarPetar911 folded on the Turn
Seat 4: sergeyl01 folded before Flop (didn't bet)
Seat 5: antibadbeat0 folded before Flop (didn't bet)
Seat 6: skgolem folded before Flop (didn't bet)
Seat 7: Master75573 (button) showed [7s 6s] and won ($1.11) with a flush, Jack high
Seat 8: Snowman373 (small blind) folded before Flop
Seat 9: weverson315 (big blind) folded on the Turn



PokerStars Hand #233207157804:  Hold'em No Limit ($0.01/$0.02 USD) - 2022/01/16 15:17:18 PT [2022/01/16 18:17:18 ET]
Table 'Senta' 9-max Seat #8 is the button
Seat 1: evil547 ($1.64 in chips) 
Seat 2: Dorex2007 ($2.40 in chips) 
Seat 3: HitarPetar911 ($12.29 in chips) 
Seat 4: sergeyl01 ($0.57 in chips) 
Seat 5: antibadbeat0 ($2.71 in chips) 
Seat 6: skgolem ($0.85 in chips) 
Seat 7: Master75573 ($1.96 in chips) 
Seat 8: Snowman373 ($1 in chips) 
Seat 9: weverson315 ($3.84 in chips) 
weverson315: posts small blind $0.01
evil547: posts big blind $0.02
*** HOLE CARDS ***
Dealt to Dorex2007 [3c Jc]
Dorex2007: folds 
HitarPetar911: calls $0.02
sergeyl01: folds 
antibadbeat0: folds 
skgolem: calls $0.02
Master75573: folds 
Snowman373: folds 
weverson315: calls $0.01
evil547: checks 
*** FLOP *** [Th 4d Ts]
weverson315: checks 
evil547: checks 
HitarPetar911: checks 
skgolem: checks 
*** TURN *** [Th 4d Ts] [9h]
weverson315: bets $0.04
evil547: folds 
HitarPetar911: calls $0.04
skgolem: folds 
*** RIVER *** [Th 4d Ts 9h] [Ks]
weverson315: bets $0.02
HitarPetar911: raises $0.10 to $0.12
weverson315: calls $0.10
*** SHOW DOWN ***
HitarPetar911: shows [4s Tc] (a full house, Tens full of Fours)
weverson315: mucks hand 
HitarPetar911 collected $0.39 from pot
*** SUMMARY ***
Total pot $0.40 | Rake $0.01 
Board [Th 4d Ts 9h Ks]
Seat 1: evil547 (big blind) folded on the Turn
Seat 2: Dorex2007 folded before Flop (didn't bet)
Seat 3: HitarPetar911 showed [4s Tc] and won ($0.39) with a full house, Tens full of Fours
Seat 4: sergeyl01 folded before Flop (didn't bet)
Seat 5: antibadbeat0 folded before Flop (didn't bet)
Seat 6: skgolem folded on the Turn
Seat 7: Master75573 folded before Flop (didn't bet)
Seat 8: Snowman373 (button) folded before Flop (didn't bet)
Seat 9: weverson315 (small blind) mucked [Jd Jh]



PokerStars Hand #233207189434:  Hold'em No Limit ($0.01/$0.02 USD) - 2022/01/16 15:18:20 PT [2022/01/16 18:18:20 ET]
Table 'Senta' 9-max Seat #9 is the button
Seat 1: evil547 ($1.62 in chips) 
Seat 2: Dorex2007 ($2.40 in chips) 
Seat 3: HitarPetar911 ($12.50 in chips) 
Seat 4: sergeyl01 ($0.57 in chips) 
Seat 5: antibadbeat0 ($2.71 in chips) 
Seat 6: skgolem ($0.83 in chips) 
Seat 7: Master75573 ($1.96 in chips) 
Seat 8: Snowman373 ($1 in chips) 
Seat 9: weverson315 ($3.66 in chips) 
evil547: posts small blind $0.01
Dorex2007: posts big blind $0.02
*** HOLE CARDS ***
Dealt to Dorex2007 [4h 6h]
HitarPetar911: calls $0.02
sergeyl01: folds 
antibadbeat0: folds 
skgolem: folds 
Master75573: raises $0.06 to $0.08
Snowman373: folds 
weverson315: folds 
evil547: folds 
Dorex2007: folds 
HitarPetar911: calls $0.06
*** FLOP *** [2c 2d Qh]
HitarPetar911: checks 
Master75573: checks 
*** TURN *** [2c 2d Qh] [6d]
HitarPetar911: bets $0.02
Master75573: calls $0.02
*** RIVER *** [2c 2d Qh 6d] [3c]
HitarPetar911: bets $0.04
Master75573: calls $0.04
*** SHOW DOWN ***
HitarPetar911: shows [6s 9s] (two pair, Sixes and Deuces)
Master75573: mucks hand 
HitarPetar911 collected $0.30 from pot
*** SUMMARY ***
Total pot $0.31 | Rake $0.01 
Board [2c 2d Qh 6d 3c]
Seat 1: evil547 (small blind) folded before Flop
Seat 2: Dorex2007 (big blind) folded before Flop
Seat 3: HitarPetar911 showed [6s 9s] and won ($0.30) with two pair, Sixes and Deuces
Seat 4: sergeyl01 folded before Flop (didn't bet)
Seat 5: antibadbeat0 folded before Flop (didn't bet)
Seat 6: skgolem folded before Flop (didn't bet)
Seat 7: Master75573 mucked [Ah Th]
Seat 8: Snowman373 folded before Flop (didn't bet)
Seat 9: weverson315 (button) folded before Flop (didn't bet)



PokerStars Hand #233207214651:  Hold'em No Limit ($0.01/$0.02 USD) - 2022/01/16 15:19:02 PT [2022/01/16 18:19:02 ET]
Table 'Senta' 9-max Seat #1 is the button
Seat 1: evil547 ($1.61 in chips) 
Seat 2: Dorex2007 ($2.38 in chips) 
Seat 3: HitarPetar911 ($12.66 in chips) 
Seat 4: sergeyl01 ($0.57 in chips) 
Seat 5: antibadbeat0 ($2.71 in chips) 
Seat 6: skgolem ($0.83 in chips) 
Seat 7: Master75573 ($1.82 in chips) 
Seat 8: Snowman373 ($1 in chips) 
Seat 9: weverson315 ($3.66 in chips) 
Dorex2007: posts small blind $0.01
HitarPetar911: posts big blind $0.02
*** HOLE CARDS ***
Dealt to Dorex2007 [3s Qs]
sergeyl01: folds 
sergeyl01 leaves the table
antibadbeat0: folds 
skgolem: folds 
Master75573: calls $0.02
Snowman373: folds 
weverson315: folds 
evil547: folds 
Dorex2007: folds 
HitarPetar911: checks 
*** FLOP *** [6c 6d Ah]
HitarPetar911: checks 
Master75573: checks 
*** TURN *** [6c 6d Ah] [3d]
HitarPetar911: bets $0.02
Master75573: folds 
Uncalled bet ($0.02) returned to HitarPetar911
HitarPetar911 collected $0.05 from pot
*** SUMMARY ***
Total pot $0.05 | Rake $0 
Board [6c 6d Ah 3d]
Seat 1: evil547 (button) folded before Flop (didn't bet)
Seat 2: Dorex2007 (small blind) folded before Flop
Seat 3: HitarPetar911 (big blind) collected ($0.05)
Seat 4: sergeyl01 folded before Flop (didn't bet)
Seat 5: antibadbeat0 folded before Flop (didn't bet)
Seat 6: skgolem folded before Flop (didn't bet)
Seat 7: Master75573 folded on the Turn
Seat 8: Snowman373 folded before Flop (didn't bet)
Seat 9: weverson315 folded before Flop (didn't bet)



PokerStars Hand #233207230733:  Hold'em No Limit ($0.01/$0.02 USD) - 2022/01/16 15:19:34 PT [2022/01/16 18:19:34 ET]
Table 'Senta' 9-max Seat #2 is the button
Seat 1: evil547 ($1.61 in chips) 
Seat 2: Dorex2007 ($2.37 in chips) 
Seat 3: HitarPetar911 ($12.69 in chips) 
Seat 5: antibadbeat0 ($2.71 in chips) 
Seat 6: skgolem ($0.83 in chips) 
Seat 7: Master75573 ($1.80 in chips) 
Seat 8: Snowman373 ($1 in chips) 
Seat 9: weverson315 ($3.66 in chips) 
HitarPetar911: posts small blind $0.01
antibadbeat0: posts big blind $0.02
*** HOLE CARDS ***
Dealt to Dorex2007 [Ks 6c]
skgolem: folds 
Master75573: folds 
Snowman373: folds 
weverson315: folds 
evil547: folds 
Dorex2007: folds 
HitarPetar911: calls $0.01
antibadbeat0: checks 
*** FLOP *** [Qs Ad 4d]
HitarPetar911: bets $0.02
antibadbeat0: folds 
Uncalled bet ($0.02) returned to HitarPetar911
HitarPetar911 collected $0.04 from pot
*** SUMMARY ***
Total pot $0.04 | Rake $0 
Board [Qs Ad 4d]
Seat 1: evil547 folded before Flop (didn't bet)
Seat 2: Dorex2007 (button) folded before Flop (didn't bet)
Seat 3: HitarPetar911 (small blind) collected ($0.04)
Seat 5: antibadbeat0 (big blind) folded on the Flop
Seat 6: skgolem folded before Flop (didn't bet)
Seat 7: Master75573 folded before Flop (didn't bet)
Seat 8: Snowman373 folded before Flop (didn't bet)
Seat 9: weverson315 folded before Flop (didn't bet)



PokerStars Hand #233207242137:  Hold'em No Limit ($0.01/$0.02 USD) - 2022/01/16 15:19:57 PT [2022/01/16 18:19:57 ET]
Table 'Senta' 9-max Seat #3 is the button
Seat 1: evil547 ($1.61 in chips) 
Seat 2: Dorex2007 ($2.37 in chips) 
Seat 3: HitarPetar911 ($12.71 in chips) 
Seat 5: antibadbeat0 ($2.69 in chips) 
Seat 6: skgolem ($0.83 in chips) 
Seat 7: Master75573 ($1.80 in chips) 
Seat 8: Snowman373 ($1 in chips) 
Seat 9: weverson315 ($3.66 in chips) 
antibadbeat0: posts small blind $0.01
skgolem: posts big blind $0.02
*** HOLE CARDS ***
Dealt to Dorex2007 [Kc 5s]
Master75573: folds 
Snowman373: folds 
weverson315: folds 
evil547: folds 
Dorex2007: folds 
HitarPetar911: calls $0.02
misterzee71 joins the table at seat #4 
antibadbeat0: folds 
skgolem: checks 
*** FLOP *** [8d Qs Td]
skgolem: checks 
HitarPetar911: checks 
*** TURN *** [8d Qs Td] [8c]
skgolem: checks 
HitarPetar911: checks 
*** RIVER *** [8d Qs Td 8c] [7h]
skgolem: checks 
HitarPetar911: checks 
*** SHOW DOWN ***
skgolem: shows [3s 2h] (a pair of Eights)
HitarPetar911: shows [7s 4d] (two pair, Eights and Sevens)
HitarPetar911 collected $0.05 from pot
*** SUMMARY ***
Total pot $0.05 | Rake $0 
Board [8d Qs Td 8c 7h]
Seat 1: evil547 folded before Flop (didn't bet)
Seat 2: Dorex2007 folded before Flop (didn't bet)
Seat 3: HitarPetar911 (button) showed [7s 4d] and won ($0.05) with two pair, Eights and Sevens
Seat 5: antibadbeat0 (small blind) folded before Flop
Seat 6: skgolem (big blind) showed [3s 2h] and lost with a pair of Eights
Seat 7: Master75573 folded before Flop (didn't bet)
Seat 8: Snowman373 folded before Flop (didn't bet)
Seat 9: weverson315 folded before Flop (didn't bet)



