PokerStars Hand #223698232570:  Hold'em No Limit ($0.01/$0.02 USD) - 2021/02/11 13:58:31 PT [2021/02/11 16:58:31 ET]
Table 'Josephina II' 9-max Seat #3 is the button
Seat 1: mailomailo81 ($1.93 in chips) 
Seat 2: schani11 ($3.33 in chips) 
Seat 3: felixhunter ($2.72 in chips) 
Seat 4: boots314 ($0.16 in chips) 
Seat 5: Dorex2007 ($1.50 in chips) 
Seat 6: arturs233 ($1.01 in chips) 
Seat 7: mooresie28 ($2.24 in chips) 
boots314: posts small blind $0.01
Dorex2007: posts big blind $0.02
flushgardee: sits out 
Krissia24 has timed out while disconnected
Krissia24: is sitting out 
*** HOLE CARDS ***
Dealt to Dorex2007 [Td 5s]
arturs233 is connected 
arturs233: folds 
mooresie28: folds 
mailomailo81: folds 
schani11 has timed out
schani11: folds 
felixhunter: raises $0.04 to $0.06
boots314: folds 
Dorex2007: folds 
Uncalled bet ($0.04) returned to felixhunter
felixhunter collected $0.05 from pot
felixhunter: doesn't show hand 
*** SUMMARY ***
Total pot $0.05 | Rake $0 
Seat 1: mailomailo81 folded before Flop (didn't bet)
Seat 2: schani11 folded before Flop (didn't bet)
Seat 3: felixhunter (button) collected ($0.05)
Seat 4: boots314 (small blind) folded before Flop
Seat 5: Dorex2007 (big blind) folded before Flop
Seat 6: arturs233 folded before Flop (didn't bet)
Seat 7: mooresie28 folded before Flop (didn't bet)



PokerStars Hand #223698252841:  Hold'em No Limit ($0.01/$0.02 USD) - 2021/02/11 13:59:09 PT [2021/02/11 16:59:09 ET]
Table 'Josephina II' 9-max Seat #4 is the button
Seat 1: mailomailo81 ($1.93 in chips) 
Seat 2: schani11 ($3.33 in chips) 
Seat 3: felixhunter ($2.75 in chips) 
Seat 4: boots314 ($0.15 in chips) 
Seat 5: Dorex2007 ($1.48 in chips) 
Seat 6: arturs233 ($1.01 in chips) 
Seat 7: mooresie28 ($2.24 in chips) 
Dorex2007: posts small blind $0.01
arturs233: posts big blind $0.02
flushgardee: sits out 
Krissia24: sits out 
*** HOLE CARDS ***
Dealt to Dorex2007 [Qh Ac]
mooresie28: folds 
mailomailo81: calls $0.02
schani11 has timed out
schani11: folds 
felixhunter: calls $0.02
boots314: calls $0.02
Dorex2007: calls $0.01
arturs233: checks 
*** FLOP *** [3c 7s Jc]
Dorex2007: checks 
arturs233: checks 
mailomailo81: checks 
felixhunter: checks 
boots314: checks 
*** TURN *** [3c 7s Jc] [4d]
Dorex2007: checks 
arturs233: checks 
mailomailo81: checks 
felixhunter: checks 
boots314: checks 
*** RIVER *** [3c 7s Jc 4d] [Ad]
Dorex2007: checks 
arturs233: checks 
mailomailo81: bets $0.04
felixhunter: folds 
boots314: calls $0.04
Dorex2007: calls $0.04
arturs233: folds 
*** SHOW DOWN ***
mailomailo81: shows [5d 2d] (a straight, Ace to Five)
boots314: mucks hand 
Dorex2007: mucks hand 
mailomailo81 collected $0.21 from pot
*** SUMMARY ***
Total pot $0.22 | Rake $0.01 
Board [3c 7s Jc 4d Ad]
Seat 1: mailomailo81 showed [5d 2d] and won ($0.21) with a straight, Ace to Five
Seat 2: schani11 folded before Flop (didn't bet)
Seat 3: felixhunter folded on the River
Seat 4: boots314 (button) mucked [As Qs]
Seat 5: Dorex2007 (small blind) mucked [Qh Ac]
Seat 6: arturs233 (big blind) folded on the River
Seat 7: mooresie28 folded before Flop (didn't bet)



PokerStars Hand #223698305063:  Hold'em No Limit ($0.01/$0.02 USD) - 2021/02/11 14:00:44 PT [2021/02/11 17:00:44 ET]
Table 'Josephina II' 9-max Seat #5 is the button
Seat 1: mailomailo81 ($2.08 in chips) 
Seat 2: schani11 ($3.33 in chips) 
Seat 3: felixhunter ($2.73 in chips) 
Seat 4: boots314 ($0.09 in chips) 
Seat 5: Dorex2007 ($1.42 in chips) 
Seat 6: arturs233 ($0.99 in chips) 
Seat 7: mooresie28 ($2.24 in chips) 
arturs233: posts small blind $0.01
mooresie28: posts big blind $0.02
flushgardee: sits out 
Krissia24: sits out 
*** HOLE CARDS ***
Dealt to Dorex2007 [Ad 9c]
mailomailo81: calls $0.02
schani11: folds 
felixhunter: folds 
boots314: folds 
Dorex2007: calls $0.02
arturs233: calls $0.01
mooresie28: checks 
*** FLOP *** [Qs Ts Ks]
arturs233: checks 
mooresie28: checks 
mailomailo81: checks 
Dorex2007: checks 
*** TURN *** [Qs Ts Ks] [Jc]
arturs233: checks 
mooresie28: checks 
mailomailo81: checks 
Dorex2007: bets $0.08
arturs233: folds 
mooresie28: folds 
mailomailo81: folds 
Uncalled bet ($0.08) returned to Dorex2007
Dorex2007 collected $0.08 from pot
Dorex2007: doesn't show hand 
*** SUMMARY ***
Total pot $0.08 | Rake $0 
Board [Qs Ts Ks Jc]
Seat 1: mailomailo81 folded on the Turn
Seat 2: schani11 folded before Flop (didn't bet)
Seat 3: felixhunter folded before Flop (didn't bet)
Seat 4: boots314 folded before Flop (didn't bet)
Seat 5: Dorex2007 (button) collected ($0.08)
Seat 6: arturs233 (small blind) folded on the Turn
Seat 7: mooresie28 (big blind) folded on the Turn



PokerStars Hand #223698344594:  Hold'em No Limit ($0.01/$0.02 USD) - 2021/02/11 14:01:45 PT [2021/02/11 17:01:45 ET]
Table 'Josephina II' 9-max Seat #6 is the button
Seat 1: mailomailo81 ($2.06 in chips) 
Seat 2: schani11 ($3.33 in chips) 
Seat 3: felixhunter ($2.73 in chips) 
Seat 4: boots314 ($0.09 in chips) 
Seat 5: Dorex2007 ($1.48 in chips) 
Seat 6: arturs233 ($0.97 in chips) 
Seat 7: mooresie28 ($2.22 in chips) 
Seat 8: flushgardee ($2.07 in chips) 
mooresie28: posts small blind $0.01
flushgardee: posts big blind $0.02
Krissia24: sits out 
*** HOLE CARDS ***
Dealt to Dorex2007 [2c Th]
mailomailo81: folds 
schani11: folds 
felixhunter: folds 
boots314: raises $0.07 to $0.09 and is all-in
Dorex2007: folds 
arturs233: folds 
mooresie28: folds 
flushgardee: calls $0.07
*** FLOP *** [3c 3d Kc]
*** TURN *** [3c 3d Kc] [2s]
*** RIVER *** [3c 3d Kc 2s] [Ts]
*** SHOW DOWN ***
flushgardee: shows [Ac 5s] (a pair of Threes)
boots314: shows [As 9h] (a pair of Threes)
boots314 collected $0.09 from pot
flushgardee cashed out the hand for $0.06
*** SUMMARY ***
Total pot $0.19 | Rake $0.01 
Board [3c 3d Kc 2s Ts]
Seat 1: mailomailo81 folded before Flop (didn't bet)
Seat 2: schani11 folded before Flop (didn't bet)
Seat 3: felixhunter folded before Flop (didn't bet)
Seat 4: boots314 showed [As 9h] and won ($0.09) with a pair of Threes
Seat 5: Dorex2007 folded before Flop (didn't bet)
Seat 6: arturs233 (button) folded before Flop (didn't bet)
Seat 7: mooresie28 (small blind) folded before Flop
Seat 8: flushgardee (big blind) showed [Ac 5s] and won ($0.09) with a pair of Threes (pot not awarded as player cashed out)



PokerStars Hand #223698363403:  Hold'em No Limit ($0.01/$0.02 USD) - 2021/02/11 14:02:11 PT [2021/02/11 17:02:11 ET]
Table 'Josephina II' 9-max Seat #7 is the button
Seat 1: mailomailo81 ($2.06 in chips) 
Seat 2: schani11 ($3.33 in chips) 
Seat 3: felixhunter ($2.73 in chips) 
Seat 4: boots314 ($0.09 in chips) 
Seat 5: Dorex2007 ($1.48 in chips) 
Seat 6: arturs233 ($0.97 in chips) 
Seat 7: mooresie28 ($2.21 in chips) 
Seat 8: flushgardee ($2.04 in chips) 
Seat 9: Krissia24 ($0.80 in chips) 
flushgardee: posts small blind $0.01
Krissia24: posts big blind $0.02
*** HOLE CARDS ***
Dealt to Dorex2007 [5h 7h]
mailomailo81: raises $0.02 to $0.04
schani11: folds 
felixhunter: folds 
boots314: raises $0.05 to $0.09 and is all-in
Dorex2007: folds 
arturs233: folds 
mooresie28: folds 
flushgardee: folds 
Krissia24: folds 
mailomailo81: calls $0.05
mailomailo81 has timed out
*** FLOP *** [9s 2c Jd]
*** TURN *** [9s 2c Jd] [7c]
*** RIVER *** [9s 2c Jd 7c] [2h]
*** SHOW DOWN ***
mailomailo81: shows [Ks Jc] (two pair, Jacks and Deuces)
boots314: shows [4h Ad] (a pair of Deuces)
mailomailo81 collected $0.20 from pot
*** SUMMARY ***
Total pot $0.21 | Rake $0.01 
Board [9s 2c Jd 7c 2h]
Seat 1: mailomailo81 showed [Ks Jc] and won ($0.20) with two pair, Jacks and Deuces
Seat 2: schani11 folded before Flop (didn't bet)
Seat 3: felixhunter folded before Flop (didn't bet)
Seat 4: boots314 showed [4h Ad] and lost with a pair of Deuces
Seat 5: Dorex2007 folded before Flop (didn't bet)
Seat 6: arturs233 folded before Flop (didn't bet)
Seat 7: mooresie28 (button) folded before Flop (didn't bet)
Seat 8: flushgardee (small blind) folded before Flop
Seat 9: Krissia24 (big blind) folded before Flop



PokerStars Hand #223698441114:  Hold'em No Limit ($0.01/$0.02 USD) - 2021/02/11 14:03:58 PT [2021/02/11 17:03:58 ET]
Table 'Josephina II' 9-max Seat #9 is the button
Seat 1: mailomailo81 ($2.11 in chips) 
Seat 2: schani11 ($3.45 in chips) 
Seat 3: felixhunter ($2.73 in chips) 
Seat 5: Dorex2007 ($1.48 in chips) 
Seat 6: arturs233 ($0.97 in chips) 
Seat 7: mooresie28 ($2.15 in chips) 
Seat 8: flushgardee ($2.03 in chips) 
Seat 9: Krissia24 ($0.77 in chips) 
mailomailo81: posts small blind $0.01
schani11: posts big blind $0.02
*** HOLE CARDS ***
Dealt to Dorex2007 [Th 4d]
felixhunter: folds 
Dorex2007: folds 
Juagonzalez joins the table at seat #4 
arturs233: raises $0.04 to $0.06
mooresie28: calls $0.06
flushgardee: folds 
Krissia24: folds 
mailomailo81: calls $0.05
schani11: folds 
*** FLOP *** [7s 4s 2d]
mailomailo81: checks 
arturs233: checks 
mooresie28: bets $0.06
mailomailo81: calls $0.06
arturs233: folds 
*** TURN *** [7s 4s 2d] [9s]
mailomailo81: checks 
mooresie28: bets $0.15
mailomailo81: folds 
Uncalled bet ($0.15) returned to mooresie28
mooresie28 collected $0.31 from pot
mooresie28: doesn't show hand 
*** SUMMARY ***
Total pot $0.32 | Rake $0.01 
Board [7s 4s 2d 9s]
Seat 1: mailomailo81 (small blind) folded on the Turn
Seat 2: schani11 (big blind) folded before Flop
Seat 3: felixhunter folded before Flop (didn't bet)
Seat 5: Dorex2007 folded before Flop (didn't bet)
Seat 6: arturs233 folded on the Flop
Seat 7: mooresie28 collected ($0.31)
Seat 8: flushgardee folded before Flop (didn't bet)
Seat 9: Krissia24 (button) folded before Flop (didn't bet)



PokerStars Hand #223698502995:  Hold'em No Limit ($0.01/$0.02 USD) - 2021/02/11 14:05:21 PT [2021/02/11 17:05:21 ET]
Table 'Josephina II' 9-max Seat #1 is the button
Seat 1: mailomailo81 ($1.99 in chips) 
Seat 2: schani11 ($3.43 in chips) 
Seat 3: felixhunter ($2.73 in chips) 
Seat 5: Dorex2007 ($1.48 in chips) 
Seat 6: arturs233 ($0.91 in chips) 
Seat 7: mooresie28 ($2.34 in chips) 
Seat 8: flushgardee ($2.03 in chips) 
Seat 9: Krissia24 ($0.77 in chips) 
schani11: posts small blind $0.01
felixhunter: posts big blind $0.02
Juagonzalez: sits out 
*** HOLE CARDS ***
Dealt to Dorex2007 [8d Ts]
Krissia24 is disconnected 
Dorex2007: folds 
arturs233: raises $0.04 to $0.06
mooresie28: folds 
flushgardee: folds 
Krissia24 is connected 
Krissia24: folds 
mailomailo81: folds 
schani11: calls $0.05
felixhunter: folds 
*** FLOP *** [4c 9h Qd]
schani11: checks 
arturs233: bets $0.06
schani11: calls $0.06
*** TURN *** [4c 9h Qd] [9c]
schani11: checks 
arturs233: bets $0.18
schani11: calls $0.18
*** RIVER *** [4c 9h Qd 9c] [2h]
schani11: bets $0.30
arturs233: folds 
Uncalled bet ($0.30) returned to schani11
schani11 collected $0.60 from pot
schani11: doesn't show hand 
*** SUMMARY ***
Total pot $0.62 | Rake $0.02 
Board [4c 9h Qd 9c 2h]
Seat 1: mailomailo81 (button) folded before Flop (didn't bet)
Seat 2: schani11 (small blind) collected ($0.60)
Seat 3: felixhunter (big blind) folded before Flop
Seat 5: Dorex2007 folded before Flop (didn't bet)
Seat 6: arturs233 folded on the River
Seat 7: mooresie28 folded before Flop (didn't bet)
Seat 8: flushgardee folded before Flop (didn't bet)
Seat 9: Krissia24 folded before Flop (didn't bet)



PokerStars Hand #223698562184:  Hold'em No Limit ($0.01/$0.02 USD) - 2021/02/11 14:06:38 PT [2021/02/11 17:06:38 ET]
Table 'Josephina II' 9-max Seat #2 is the button
Seat 1: mailomailo81 ($1.99 in chips) 
Seat 2: schani11 ($3.73 in chips) 
Seat 3: felixhunter ($2.71 in chips) 
Seat 4: Juagonzalez ($2 in chips) 
Seat 5: Dorex2007 ($1.48 in chips) 
Seat 6: arturs233 ($0.61 in chips) 
Seat 7: mooresie28 ($2.34 in chips) 
Seat 8: flushgardee ($2.03 in chips) 
Seat 9: Krissia24 ($0.77 in chips) 
felixhunter: posts small blind $0.01
Juagonzalez: posts big blind $0.02
*** HOLE CARDS ***
Dealt to Dorex2007 [9h 2h]
Dorex2007: folds 
arturs233: folds 
mooresie28: folds 
flushgardee: folds 
Krissia24: folds 
mailomailo81: folds 
schani11 has timed out
schani11: folds 
felixhunter: folds 
Uncalled bet ($0.01) returned to Juagonzalez
Juagonzalez collected $0.02 from pot
Juagonzalez: doesn't show hand 
*** SUMMARY ***
Total pot $0.02 | Rake $0 
Seat 1: mailomailo81 folded before Flop (didn't bet)
Seat 2: schani11 (button) folded before Flop (didn't bet)
Seat 3: felixhunter (small blind) folded before Flop
Seat 4: Juagonzalez (big blind) collected ($0.02)
Seat 5: Dorex2007 folded before Flop (didn't bet)
Seat 6: arturs233 folded before Flop (didn't bet)
Seat 7: mooresie28 folded before Flop (didn't bet)
Seat 8: flushgardee folded before Flop (didn't bet)
Seat 9: Krissia24 folded before Flop (didn't bet)



PokerStars Hand #223698576989:  Hold'em No Limit ($0.01/$0.02 USD) - 2021/02/11 14:06:58 PT [2021/02/11 17:06:58 ET]
Table 'Josephina II' 9-max Seat #3 is the button
Seat 1: mailomailo81 ($1.99 in chips) 
Seat 3: felixhunter ($2.70 in chips) 
Seat 4: Juagonzalez ($2.01 in chips) 
Seat 5: Dorex2007 ($1.48 in chips) 
Seat 6: arturs233 ($0.61 in chips) 
Seat 7: mooresie28 ($2.34 in chips) 
Seat 8: flushgardee ($2.03 in chips) 
Seat 9: Krissia24 ($0.77 in chips) 
Juagonzalez: posts small blind $0.01
Dorex2007: posts big blind $0.02
*** HOLE CARDS ***
Dealt to Dorex2007 [7h Ad]
arturs233: folds 
mooresie28: folds 
flushgardee: folds 
Krissia24: calls $0.02
mailomailo81: raises $0.02 to $0.04
felixhunter: folds 
Juagonzalez: folds 
Dorex2007: calls $0.02
Krissia24: calls $0.02
*** FLOP *** [2c 8s 8d]
Dorex2007: checks 
Krissia24: bets $0.04
mailomailo81: folds 
Dorex2007: folds 
Uncalled bet ($0.04) returned to Krissia24
Krissia24 collected $0.13 from pot
Krissia24: doesn't show hand 
*** SUMMARY ***
Total pot $0.13 | Rake $0 
Board [2c 8s 8d]
Seat 1: mailomailo81 folded on the Flop
Seat 3: felixhunter (button) folded before Flop (didn't bet)
Seat 4: Juagonzalez (small blind) folded before Flop
Seat 5: Dorex2007 (big blind) folded on the Flop
Seat 6: arturs233 folded before Flop (didn't bet)
Seat 7: mooresie28 folded before Flop (didn't bet)
Seat 8: flushgardee folded before Flop (didn't bet)
Seat 9: Krissia24 collected ($0.13)



PokerStars Hand #223698606579:  Hold'em No Limit ($0.01/$0.02 USD) - 2021/02/11 14:07:38 PT [2021/02/11 17:07:38 ET]
Table 'Josephina II' 9-max Seat #4 is the button
Seat 1: mailomailo81 ($1.95 in chips) 
Seat 2: schani11 ($3.73 in chips) 
Seat 3: felixhunter ($2.70 in chips) 
Seat 4: Juagonzalez ($2 in chips) 
Seat 5: Dorex2007 ($1.44 in chips) 
Seat 6: arturs233 ($0.61 in chips) 
Seat 7: mooresie28 ($2.34 in chips) 
Seat 8: flushgardee ($2.03 in chips) 
Seat 9: Krissia24 ($0.86 in chips) 
Dorex2007: posts small blind $0.01
arturs233: posts big blind $0.02
*** HOLE CARDS ***
Dealt to Dorex2007 [5c 3c]
mooresie28: folds 
flushgardee: folds 
Krissia24: calls $0.02
mailomailo81: folds 
schani11: folds 
felixhunter: raises $0.04 to $0.06
Juagonzalez: folds 
Dorex2007: folds 
arturs233: folds 
Krissia24: calls $0.04
*** FLOP *** [5h 3s 5d]
Krissia24: checks 
felixhunter: bets $0.07
Krissia24: folds 
Uncalled bet ($0.07) returned to felixhunter
felixhunter collected $0.14 from pot
felixhunter: doesn't show hand 
*** SUMMARY ***
Total pot $0.15 | Rake $0.01 
Board [5h 3s 5d]
Seat 1: mailomailo81 folded before Flop (didn't bet)
Seat 2: schani11 folded before Flop (didn't bet)
Seat 3: felixhunter collected ($0.14)
Seat 4: Juagonzalez (button) folded before Flop (didn't bet)
Seat 5: Dorex2007 (small blind) folded before Flop
Seat 6: arturs233 (big blind) folded before Flop
Seat 7: mooresie28 folded before Flop (didn't bet)
Seat 8: flushgardee folded before Flop (didn't bet)
Seat 9: Krissia24 folded on the Flop



PokerStars Hand #223698629553:  Hold'em No Limit ($0.01/$0.02 USD) - 2021/02/11 14:08:10 PT [2021/02/11 17:08:10 ET]
Table 'Josephina II' 9-max Seat #5 is the button
Seat 1: mailomailo81 ($1.95 in chips) 
Seat 2: schani11 ($3.73 in chips) 
Seat 3: felixhunter ($2.78 in chips) 
Seat 4: Juagonzalez ($2 in chips) 
Seat 5: Dorex2007 ($1.43 in chips) 
Seat 6: arturs233 ($0.59 in chips) 
Seat 7: mooresie28 ($2.34 in chips) 
Seat 8: flushgardee ($2.03 in chips) 
Seat 9: Krissia24 ($0.80 in chips) 
arturs233: posts small blind $0.01
mooresie28: posts big blind $0.02
*** HOLE CARDS ***
Dealt to Dorex2007 [Qs 3h]
flushgardee: folds 
Krissia24: calls $0.02
mailomailo81: raises $0.02 to $0.04
schani11: calls $0.04
felixhunter: folds 
Juagonzalez: folds 
Dorex2007: folds 
arturs233: folds 
mooresie28: folds 
Krissia24: calls $0.02
*** FLOP *** [4s Kh 4c]
Krissia24: checks 
mailomailo81: bets $0.09
schani11: folds 
Krissia24: folds 
Uncalled bet ($0.09) returned to mailomailo81
mailomailo81 collected $0.14 from pot
mailomailo81: doesn't show hand 
*** SUMMARY ***
Total pot $0.15 | Rake $0.01 
Board [4s Kh 4c]
Seat 1: mailomailo81 collected ($0.14)
Seat 2: schani11 folded on the Flop
Seat 3: felixhunter folded before Flop (didn't bet)
Seat 4: Juagonzalez folded before Flop (didn't bet)
Seat 5: Dorex2007 (button) folded before Flop (didn't bet)
Seat 6: arturs233 (small blind) folded before Flop
Seat 7: mooresie28 (big blind) folded before Flop
Seat 8: flushgardee folded before Flop (didn't bet)
Seat 9: Krissia24 folded on the Flop



PokerStars Hand #223698658187:  Hold'em No Limit ($0.01/$0.02 USD) - 2021/02/11 14:08:48 PT [2021/02/11 17:08:48 ET]
Table 'Josephina II' 9-max Seat #6 is the button
Seat 1: mailomailo81 ($2.05 in chips) 
Seat 2: schani11 ($3.69 in chips) 
Seat 3: felixhunter ($2.78 in chips) 
Seat 4: Juagonzalez ($2 in chips) 
Seat 5: Dorex2007 ($1.43 in chips) 
Seat 6: arturs233 ($0.58 in chips) 
Seat 7: mooresie28 ($2.32 in chips) 
Seat 8: flushgardee ($2.03 in chips) 
Seat 9: Krissia24 ($0.76 in chips) 
mooresie28: posts small blind $0.01
flushgardee: posts big blind $0.02
*** HOLE CARDS ***
Dealt to Dorex2007 [9c Ah]
Krissia24: calls $0.02
mailomailo81: folds 
schani11: calls $0.02
felixhunter: folds 
Juagonzalez: folds 
Dorex2007: folds 
arturs233: raises $0.08 to $0.10
mooresie28: folds 
flushgardee: folds 
Krissia24: folds 
schani11: calls $0.08
*** FLOP *** [7d Js Jd]
schani11: checks 
arturs233: checks 
*** TURN *** [7d Js Jd] [Td]
schani11: checks 
arturs233: checks 
*** RIVER *** [7d Js Jd Td] [Qs]
schani11: checks 
arturs233: bets $0.14
schani11: folds 
Uncalled bet ($0.14) returned to arturs233
arturs233 collected $0.24 from pot
arturs233: doesn't show hand 
*** SUMMARY ***
Total pot $0.25 | Rake $0.01 
Board [7d Js Jd Td Qs]
Seat 1: mailomailo81 folded before Flop (didn't bet)
Seat 2: schani11 folded on the River
Seat 3: felixhunter folded before Flop (didn't bet)
Seat 4: Juagonzalez folded before Flop (didn't bet)
Seat 5: Dorex2007 folded before Flop (didn't bet)
Seat 6: arturs233 (button) collected ($0.24)
Seat 7: mooresie28 (small blind) folded before Flop
Seat 8: flushgardee (big blind) folded before Flop
Seat 9: Krissia24 folded before Flop



PokerStars Hand #223698725975:  Hold'em No Limit ($0.01/$0.02 USD) - 2021/02/11 14:10:20 PT [2021/02/11 17:10:20 ET]
Table 'Josephina II' 9-max Seat #7 is the button
Seat 1: mailomailo81 ($2.05 in chips) 
Seat 2: schani11 ($3.59 in chips) 
Seat 3: felixhunter ($2.78 in chips) 
Seat 4: Juagonzalez ($2 in chips) 
Seat 5: Dorex2007 ($1.43 in chips) 
Seat 6: arturs233 ($0.72 in chips) 
Seat 7: mooresie28 ($2.31 in chips) 
Seat 8: flushgardee ($2.01 in chips) 
Seat 9: Krissia24 ($0.74 in chips) 
flushgardee: posts small blind $0.01
Krissia24: posts big blind $0.02
*** HOLE CARDS ***
Dealt to Dorex2007 [Tc 4c]
mailomailo81: raises $0.02 to $0.04
schani11: folds 
felixhunter: folds 
Juagonzalez: raises $0.04 to $0.08
Dorex2007: folds 
arturs233: calls $0.08
mooresie28: folds 
flushgardee: folds 
Krissia24: calls $0.06
mailomailo81: calls $0.04
*** FLOP *** [4h Th 5s]
Krissia24: checks 
mailomailo81: bets $0.32
Juagonzalez: folds 
arturs233: folds 
Krissia24: calls $0.32
*** TURN *** [4h Th 5s] [7h]
Krissia24: checks 
mailomailo81: bets $0.47
Krissia24: calls $0.34 and is all-in
Uncalled bet ($0.13) returned to mailomailo81
*** RIVER *** [4h Th 5s 7h] [Ad]
*** SHOW DOWN ***
Krissia24: shows [9c 9s] (a pair of Nines)
mailomailo81: shows [Td Js] (a pair of Tens)
mailomailo81 collected $1.59 from pot
*** SUMMARY ***
Total pot $1.65 | Rake $0.06 
Board [4h Th 5s 7h Ad]
Seat 1: mailomailo81 showed [Td Js] and won ($1.59) with a pair of Tens
Seat 2: schani11 folded before Flop (didn't bet)
Seat 3: felixhunter folded before Flop (didn't bet)
Seat 4: Juagonzalez folded on the Flop
Seat 5: Dorex2007 folded before Flop (didn't bet)
Seat 6: arturs233 folded on the Flop
Seat 7: mooresie28 (button) folded before Flop (didn't bet)
Seat 8: flushgardee (small blind) folded before Flop
Seat 9: Krissia24 (big blind) showed [9c 9s] and lost with a pair of Nines



PokerStars Hand #223698756706:  Hold'em No Limit ($0.01/$0.02 USD) - 2021/02/11 14:11:02 PT [2021/02/11 17:11:02 ET]
Table 'Josephina II' 9-max Seat #8 is the button
Seat 1: mailomailo81 ($2.90 in chips) 
Seat 2: schani11 ($3.59 in chips) 
Seat 3: felixhunter ($2.78 in chips) 
Seat 4: Juagonzalez ($2 in chips) 
Seat 5: Dorex2007 ($1.43 in chips) 
Seat 6: arturs233 ($0.64 in chips) 
Seat 7: mooresie28 ($2.31 in chips) 
Seat 8: flushgardee ($2 in chips) 
mailomailo81: posts small blind $0.01
schani11: posts big blind $0.02
*** HOLE CARDS ***
Dealt to Dorex2007 [Tc Kd]
Krissia24 leaves the table
felixhunter: folds 
Juagonzalez: raises $0.06 to $0.08
Dorex2007: calls $0.08
arturs233: folds 
mooresie28: folds 
flushgardee: folds 
mailomailo81: calls $0.07
schani11: calls $0.06
*** FLOP *** [Jh 6s 8c]
mailomailo81: checks 
schani11: checks 
Juagonzalez: bets $0.16
Dorex2007: folds 
mailomailo81: folds 
schani11: folds 
Uncalled bet ($0.16) returned to Juagonzalez
Juagonzalez collected $0.31 from pot
Juagonzalez: doesn't show hand 
*** SUMMARY ***
Total pot $0.32 | Rake $0.01 
Board [Jh 6s 8c]
Seat 1: mailomailo81 (small blind) folded on the Flop
Seat 2: schani11 (big blind) folded on the Flop
Seat 3: felixhunter folded before Flop (didn't bet)
Seat 4: Juagonzalez collected ($0.31)
Seat 5: Dorex2007 folded on the Flop
Seat 6: arturs233 folded before Flop (didn't bet)
Seat 7: mooresie28 folded before Flop (didn't bet)
Seat 8: flushgardee (button) folded before Flop (didn't bet)



PokerStars Hand #223698784444:  Hold'em No Limit ($0.01/$0.02 USD) - 2021/02/11 14:11:39 PT [2021/02/11 17:11:39 ET]
Table 'Josephina II' 9-max Seat #1 is the button
Seat 1: mailomailo81 ($2.82 in chips) 
Seat 2: schani11 ($3.51 in chips) 
Seat 3: felixhunter ($2.78 in chips) 
Seat 4: Juagonzalez ($2.23 in chips) 
Seat 5: Dorex2007 ($1.35 in chips) 
Seat 6: arturs233 ($0.64 in chips) 
Seat 7: mooresie28 ($2.31 in chips) 
Seat 8: flushgardee ($2 in chips) 
schani11: posts small blind $0.01
felixhunter: posts big blind $0.02
*** HOLE CARDS ***
Dealt to Dorex2007 [6c Qs]
pogmothoi69 joins the table at seat #9 
Juagonzalez: folds 
Dorex2007: folds 
arturs233: folds 
mooresie28: raises $0.04 to $0.06
flushgardee: folds 
mailomailo81: folds 
schani11: folds 
felixhunter: folds 
Uncalled bet ($0.04) returned to mooresie28
mooresie28 collected $0.05 from pot
mooresie28: doesn't show hand 
*** SUMMARY ***
Total pot $0.05 | Rake $0 
Seat 1: mailomailo81 (button) folded before Flop (didn't bet)
Seat 2: schani11 (small blind) folded before Flop
Seat 3: felixhunter (big blind) folded before Flop
Seat 4: Juagonzalez folded before Flop (didn't bet)
Seat 5: Dorex2007 folded before Flop (didn't bet)
Seat 6: arturs233 folded before Flop (didn't bet)
Seat 7: mooresie28 collected ($0.05)
Seat 8: flushgardee folded before Flop (didn't bet)



PokerStars Hand #223698793737:  Hold'em No Limit ($0.01/$0.02 USD) - 2021/02/11 14:11:52 PT [2021/02/11 17:11:52 ET]
Table 'Josephina II' 9-max Seat #2 is the button
Seat 1: mailomailo81 ($2.82 in chips) 
Seat 2: schani11 ($3.50 in chips) 
Seat 3: felixhunter ($2.76 in chips) 
Seat 4: Juagonzalez ($2.23 in chips) 
Seat 5: Dorex2007 ($1.35 in chips) 
Seat 6: arturs233 ($0.64 in chips) 
Seat 7: mooresie28 ($2.34 in chips) 
Seat 8: flushgardee ($2 in chips) 
Seat 9: pogmothoi69 ($1.60 in chips) 
felixhunter: posts small blind $0.01
Juagonzalez: posts big blind $0.02
pogmothoi69: posts big blind $0.02
*** HOLE CARDS ***
Dealt to Dorex2007 [Ks 5h]
Dorex2007: folds 
arturs233: folds 
mooresie28: folds 
flushgardee: calls $0.02
pogmothoi69: checks 
mailomailo81: calls $0.02
schani11: folds 
felixhunter: calls $0.01
Juagonzalez: checks 
*** FLOP *** [8h 5s 6d]
felixhunter: checks 
Juagonzalez: checks 
flushgardee: checks 
pogmothoi69: checks 
mailomailo81: checks 
*** TURN *** [8h 5s 6d] [9s]
felixhunter: checks 
Juagonzalez: checks 
flushgardee: checks 
pogmothoi69: checks 
mailomailo81: bets $0.04
felixhunter: calls $0.04
Juagonzalez: folds 
flushgardee: folds 
pogmothoi69: folds 
*** RIVER *** [8h 5s 6d 9s] [Qc]
felixhunter: checks 
mailomailo81: bets $0.08
felixhunter: folds 
Uncalled bet ($0.08) returned to mailomailo81
mailomailo81 collected $0.17 from pot
mailomailo81: doesn't show hand 
*** SUMMARY ***
Total pot $0.18 | Rake $0.01 
Board [8h 5s 6d 9s Qc]
Seat 1: mailomailo81 collected ($0.17)
Seat 2: schani11 (button) folded before Flop (didn't bet)
Seat 3: felixhunter (small blind) folded on the River
Seat 4: Juagonzalez (big blind) folded on the Turn
Seat 5: Dorex2007 folded before Flop (didn't bet)
Seat 6: arturs233 folded before Flop (didn't bet)
Seat 7: mooresie28 folded before Flop (didn't bet)
Seat 8: flushgardee folded on the Turn
Seat 9: pogmothoi69 folded on the Turn (didn't bet)



PokerStars Hand #223698839162:  Hold'em No Limit ($0.01/$0.02 USD) - 2021/02/11 14:12:54 PT [2021/02/11 17:12:54 ET]
Table 'Josephina II' 9-max Seat #3 is the button
Seat 1: mailomailo81 ($2.93 in chips) 
Seat 2: schani11 ($3.50 in chips) 
Seat 3: felixhunter ($2.70 in chips) 
Seat 4: Juagonzalez ($2.21 in chips) 
Seat 5: Dorex2007 ($1.35 in chips) 
Seat 6: arturs233 ($0.64 in chips) 
Seat 7: mooresie28 ($2.34 in chips) 
Seat 8: flushgardee ($1.98 in chips) 
Seat 9: pogmothoi69 ($1.58 in chips) 
Juagonzalez: posts small blind $0.01
Dorex2007: posts big blind $0.02
*** HOLE CARDS ***
Dealt to Dorex2007 [Qc 3s]
arturs233: folds 
mooresie28: folds 
flushgardee: folds 
pogmothoi69: folds 
mailomailo81: calls $0.02
schani11 has timed out
schani11: folds 
felixhunter: folds 
Juagonzalez: folds 
Dorex2007: checks 
*** FLOP *** [Ad Jd Jh]
Dorex2007: checks 
mailomailo81: checks 
*** TURN *** [Ad Jd Jh] [7d]
Dorex2007: checks 
mailomailo81: checks 
*** RIVER *** [Ad Jd Jh 7d] [Th]
Dorex2007: bets $0.06
mailomailo81: folds 
Uncalled bet ($0.06) returned to Dorex2007
Dorex2007 collected $0.05 from pot
Dorex2007: doesn't show hand 
*** SUMMARY ***
Total pot $0.05 | Rake $0 
Board [Ad Jd Jh 7d Th]
Seat 1: mailomailo81 folded on the River
Seat 2: schani11 folded before Flop (didn't bet)
Seat 3: felixhunter (button) folded before Flop (didn't bet)
Seat 4: Juagonzalez (small blind) folded before Flop
Seat 5: Dorex2007 (big blind) collected ($0.05)
Seat 6: arturs233 folded before Flop (didn't bet)
Seat 7: mooresie28 folded before Flop (didn't bet)
Seat 8: flushgardee folded before Flop (didn't bet)
Seat 9: pogmothoi69 folded before Flop (didn't bet)



PokerStars Hand #223698893075:  Hold'em No Limit ($0.01/$0.02 USD) - 2021/02/11 14:13:46 PT [2021/02/11 17:13:46 ET]
Table 'Josephina II' 9-max Seat #4 is the button
Seat 1: mailomailo81 ($2.91 in chips) 
Seat 2: schani11 ($3.50 in chips) 
Seat 3: felixhunter ($2.70 in chips) 
Seat 4: Juagonzalez ($2.20 in chips) 
Seat 5: Dorex2007 ($1.38 in chips) 
Seat 6: arturs233 ($0.64 in chips) 
Seat 7: mooresie28 ($2.34 in chips) 
Seat 8: flushgardee ($1.98 in chips) 
Seat 9: pogmothoi69 ($1.58 in chips) 
Dorex2007: posts small blind $0.01
arturs233: posts big blind $0.02
*** HOLE CARDS ***
Dealt to Dorex2007 [6d 3s]
mooresie28: raises $0.02 to $0.04
flushgardee: folds 
pogmothoi69: folds 
mailomailo81: calls $0.04
schani11: folds 
felixhunter: folds 
Juagonzalez: folds 
Dorex2007: folds 
arturs233: folds 
*** FLOP *** [Ts Qs Js]
mooresie28: bets $0.06
mailomailo81: folds 
Uncalled bet ($0.06) returned to mooresie28
mooresie28 collected $0.11 from pot
mooresie28: doesn't show hand 
*** SUMMARY ***
Total pot $0.11 | Rake $0 
Board [Ts Qs Js]
Seat 1: mailomailo81 folded on the Flop
Seat 2: schani11 folded before Flop (didn't bet)
Seat 3: felixhunter folded before Flop (didn't bet)
Seat 4: Juagonzalez (button) folded before Flop (didn't bet)
Seat 5: Dorex2007 (small blind) folded before Flop
Seat 6: arturs233 (big blind) folded before Flop
Seat 7: mooresie28 collected ($0.11)
Seat 8: flushgardee folded before Flop (didn't bet)
Seat 9: pogmothoi69 folded before Flop (didn't bet)



PokerStars Hand #223698927340:  Hold'em No Limit ($0.01/$0.02 USD) - 2021/02/11 14:14:33 PT [2021/02/11 17:14:33 ET]
Table 'Josephina II' 9-max Seat #5 is the button
Seat 1: mailomailo81 ($2.87 in chips) 
Seat 2: schani11 ($3.50 in chips) 
Seat 3: felixhunter ($2.70 in chips) 
Seat 4: Juagonzalez ($2.20 in chips) 
Seat 5: Dorex2007 ($1.37 in chips) 
Seat 6: arturs233 ($0.62 in chips) 
Seat 7: mooresie28 ($2.41 in chips) 
Seat 8: flushgardee ($1.98 in chips) 
Seat 9: pogmothoi69 ($1.58 in chips) 
arturs233: posts small blind $0.01
mooresie28: posts big blind $0.02
*** HOLE CARDS ***
Dealt to Dorex2007 [Td Qs]
flushgardee: folds 
pogmothoi69: calls $0.02
mailomailo81: calls $0.02
schani11 has timed out
schani11: folds 
felixhunter: raises $0.10 to $0.12
Juagonzalez: folds 
Dorex2007: folds 
arturs233: folds 
mooresie28: folds 
pogmothoi69: calls $0.10
mailomailo81: folds 
*** FLOP *** [3h Ts Qc]
pogmothoi69: checks 
felixhunter: bets $0.18
pogmothoi69: folds 
Uncalled bet ($0.18) returned to felixhunter
felixhunter collected $0.28 from pot
felixhunter: doesn't show hand 
*** SUMMARY ***
Total pot $0.29 | Rake $0.01 
Board [3h Ts Qc]
Seat 1: mailomailo81 folded before Flop
Seat 2: schani11 folded before Flop (didn't bet)
Seat 3: felixhunter collected ($0.28)
Seat 4: Juagonzalez folded before Flop (didn't bet)
Seat 5: Dorex2007 (button) folded before Flop (didn't bet)
Seat 6: arturs233 (small blind) folded before Flop
Seat 7: mooresie28 (big blind) folded before Flop
Seat 8: flushgardee folded before Flop (didn't bet)
Seat 9: pogmothoi69 folded on the Flop



PokerStars Hand #223698967580:  Hold'em No Limit ($0.01/$0.02 USD) - 2021/02/11 14:15:29 PT [2021/02/11 17:15:29 ET]
Table 'Josephina II' 9-max Seat #6 is the button
Seat 1: mailomailo81 ($2.85 in chips) 
Seat 2: schani11 ($3.50 in chips) 
Seat 3: felixhunter ($2.86 in chips) 
Seat 4: Juagonzalez ($2.20 in chips) 
Seat 5: Dorex2007 ($1.37 in chips) 
Seat 6: arturs233 ($0.61 in chips) 
Seat 7: mooresie28 ($2.39 in chips) 
Seat 9: pogmothoi69 ($1.46 in chips) 
mooresie28: posts small blind $0.01
flushgardee: is sitting out 
pogmothoi69: posts big blind $0.02
*** HOLE CARDS ***
Dealt to Dorex2007 [Jd Kh]
mailomailo81: folds 
schani11: calls $0.02
felixhunter: folds 
Juagonzalez: folds 
Dorex2007: calls $0.02
arturs233: folds 
mooresie28: calls $0.01
pogmothoi69: checks 
*** FLOP *** [7h Jc Kc]
mooresie28: checks 
pogmothoi69: checks 
schani11: checks 
Dorex2007: bets $0.04
mooresie28: folds 
pogmothoi69: calls $0.04
schani11: folds 
*** TURN *** [7h Jc Kc] [2d]
pogmothoi69: checks 
Dorex2007: bets $0.10
pogmothoi69: folds 
Uncalled bet ($0.10) returned to Dorex2007
Dorex2007 collected $0.15 from pot
Dorex2007: doesn't show hand 
*** SUMMARY ***
Total pot $0.16 | Rake $0.01 
Board [7h Jc Kc 2d]
Seat 1: mailomailo81 folded before Flop (didn't bet)
Seat 2: schani11 folded on the Flop
Seat 3: felixhunter folded before Flop (didn't bet)
Seat 4: Juagonzalez folded before Flop (didn't bet)
Seat 5: Dorex2007 collected ($0.15)
Seat 6: arturs233 (button) folded before Flop (didn't bet)
Seat 7: mooresie28 (small blind) folded on the Flop
Seat 9: pogmothoi69 (big blind) folded on the Turn



PokerStars Hand #223699005643:  Hold'em No Limit ($0.01/$0.02 USD) - 2021/02/11 14:16:21 PT [2021/02/11 17:16:21 ET]
Table 'Josephina II' 9-max Seat #7 is the button
Seat 1: mailomailo81 ($2.85 in chips) 
Seat 2: schani11 ($3.48 in chips) 
Seat 3: felixhunter ($2.86 in chips) 
Seat 4: Juagonzalez ($2.20 in chips) 
Seat 5: Dorex2007 ($1.46 in chips) 
Seat 6: arturs233 ($0.61 in chips) 
Seat 7: mooresie28 ($2.37 in chips) 
mailomailo81: posts small blind $0.01
schani11: posts big blind $0.02
*** HOLE CARDS ***
Dealt to Dorex2007 [As 3s]
felixhunter: folds 
Juagonzalez: folds 
Dorex2007: folds 
arturs233: folds 
mooresie28: folds 
mailomailo81: raises $0.02 to $0.04
schani11: calls $0.02
*** FLOP *** [7d 9d 2d]
mailomailo81: bets $0.08
schani11: folds 
Uncalled bet ($0.08) returned to mailomailo81
mailomailo81 collected $0.08 from pot
mailomailo81: doesn't show hand 
*** SUMMARY ***
Total pot $0.08 | Rake $0 
Board [7d 9d 2d]
Seat 1: mailomailo81 (small blind) collected ($0.08)
Seat 2: schani11 (big blind) folded on the Flop
Seat 3: felixhunter folded before Flop (didn't bet)
Seat 4: Juagonzalez folded before Flop (didn't bet)
Seat 5: Dorex2007 folded before Flop (didn't bet)
Seat 6: arturs233 folded before Flop (didn't bet)
Seat 7: mooresie28 (button) folded before Flop (didn't bet)



PokerStars Hand #223699022941:  Hold'em No Limit ($0.01/$0.02 USD) - 2021/02/11 14:16:45 PT [2021/02/11 17:16:45 ET]
Table 'Josephina II' 9-max Seat #1 is the button
Seat 1: mailomailo81 ($2.89 in chips) 
Seat 2: schani11 ($3.44 in chips) 
Seat 3: felixhunter ($2.86 in chips) 
Seat 4: Juagonzalez ($2.20 in chips) 
Seat 5: Dorex2007 ($1.46 in chips) 
Seat 6: arturs233 ($0.61 in chips) 
Seat 7: mooresie28 ($2.37 in chips) 
schani11: posts small blind $0.01
felixhunter: posts big blind $0.02
*** HOLE CARDS ***
Dealt to Dorex2007 [3c 5h]
Juagonzalez: folds 
Dorex2007: folds 
arturs233: folds 
mooresie28: folds 
mailomailo81: calls $0.02
schani11: folds 
felixhunter: checks 
*** FLOP *** [7h 4h 9c]
felixhunter: checks 
mailomailo81: checks 
*** TURN *** [7h 4h 9c] [Ad]
felixhunter: checks 
mailomailo81: checks 
*** RIVER *** [7h 4h 9c Ad] [5s]
felixhunter: checks 
mailomailo81: bets $0.02
felixhunter: calls $0.02
*** SHOW DOWN ***
mailomailo81: shows [Ah 8d] (a pair of Aces)
felixhunter: mucks hand 
mailomailo81 collected $0.09 from pot
*** SUMMARY ***
Total pot $0.09 | Rake $0 
Board [7h 4h 9c Ad 5s]
Seat 1: mailomailo81 (button) showed [Ah 8d] and won ($0.09) with a pair of Aces
Seat 2: schani11 (small blind) folded before Flop
Seat 3: felixhunter (big blind) mucked [Qs 4s]
Seat 4: Juagonzalez folded before Flop (didn't bet)
Seat 5: Dorex2007 folded before Flop (didn't bet)
Seat 6: arturs233 folded before Flop (didn't bet)
Seat 7: mooresie28 folded before Flop (didn't bet)



PokerStars Hand #223699052296:  Hold'em No Limit ($0.01/$0.02 USD) - 2021/02/11 14:17:25 PT [2021/02/11 17:17:25 ET]
Table 'Josephina II' 9-max Seat #2 is the button
Seat 1: mailomailo81 ($2.94 in chips) 
Seat 2: schani11 ($3.43 in chips) 
Seat 3: felixhunter ($2.82 in chips) 
Seat 4: Juagonzalez ($2.20 in chips) 
Seat 5: Dorex2007 ($1.46 in chips) 
Seat 6: arturs233 ($0.61 in chips) 
Seat 7: mooresie28 ($2.37 in chips) 
felixhunter: posts small blind $0.01
Juagonzalez: posts big blind $0.02
*** HOLE CARDS ***
Dealt to Dorex2007 [Qd Ad]
Dorex2007: raises $0.04 to $0.06
arturs233: folds 
mooresie28: folds 
mailomailo81: calls $0.06
schani11: folds 
felixhunter: folds 
Juagonzalez: calls $0.04
*** FLOP *** [5d 6c 4d]
Juagonzalez: checks 
Dorex2007: bets $0.18
mailomailo81: calls $0.18
Juagonzalez: folds 
*** TURN *** [5d 6c 4d] [2s]
Dorex2007: bets $0.53
mailomailo81: raises $0.53 to $1.06
Dorex2007: calls $0.53
*** RIVER *** [5d 6c 4d 2s] [Qs]
Dorex2007: checks 
mailomailo81: bets $1.29
Dorex2007: calls $0.16 and is all-in
Uncalled bet ($1.13) returned to mailomailo81
*** SHOW DOWN ***
mailomailo81: shows [5c 5s] (three of a kind, Fives)
Dorex2007: shows [Qd Ad] (a pair of Queens)
mailomailo81 collected $2.89 from pot
*** SUMMARY ***
Total pot $2.99 | Rake $0.10 
Board [5d 6c 4d 2s Qs]
Seat 1: mailomailo81 showed [5c 5s] and won ($2.89) with three of a kind, Fives
Seat 2: schani11 (button) folded before Flop (didn't bet)
Seat 3: felixhunter (small blind) folded before Flop
Seat 4: Juagonzalez (big blind) folded on the Flop
Seat 5: Dorex2007 showed [Qd Ad] and lost with a pair of Queens
Seat 6: arturs233 folded before Flop (didn't bet)
Seat 7: mooresie28 folded before Flop (didn't bet)



PokerStars Hand #223699182698:  Hold'em No Limit ($0.01/$0.02 USD) - 2021/02/11 14:20:27 PT [2021/02/11 17:20:27 ET]
Table 'Josephina II' 9-max Seat #6 is the button
Seat 1: mailomailo81 ($4.33 in chips) 
Seat 2: schani11 ($3.56 in chips) 
Seat 3: felixhunter ($2.81 in chips) 
Seat 4: Juagonzalez ($2.09 in chips) 
Seat 5: Dorex2007 ($2 in chips) 
Seat 6: arturs233 ($0.58 in chips) 
Seat 7: mooresie28 ($2.35 in chips) 
mooresie28: posts small blind $0.01
mailomailo81: posts big blind $0.02
Dorex2007: posts small & big blinds $0.03
*** HOLE CARDS ***
Dealt to Dorex2007 [Qc 8d]
schani11: folds 
felixhunter: folds 
Juagonzalez: folds 
Dorex2007: checks 
arturs233: calls $0.02
mooresie28: raises $0.06 to $0.08
mailomailo81: folds 
Dorex2007: folds 
arturs233: folds 
Uncalled bet ($0.06) returned to mooresie28
mooresie28 collected $0.09 from pot
mooresie28: doesn't show hand 
*** SUMMARY ***
Total pot $0.09 | Rake $0 
Seat 1: mailomailo81 (big blind) folded before Flop
Seat 2: schani11 folded before Flop (didn't bet)
Seat 3: felixhunter folded before Flop (didn't bet)
Seat 4: Juagonzalez folded before Flop (didn't bet)
Seat 5: Dorex2007 folded before Flop (didn't bet)
Seat 6: arturs233 (button) folded before Flop
Seat 7: mooresie28 (small blind) collected ($0.09)



PokerStars Hand #223699197334:  Hold'em No Limit ($0.01/$0.02 USD) - 2021/02/11 14:20:47 PT [2021/02/11 17:20:47 ET]
Table 'Josephina II' 9-max Seat #7 is the button
Seat 1: mailomailo81 ($4.31 in chips) 
Seat 2: schani11 ($3.56 in chips) 
Seat 3: felixhunter ($2.81 in chips) 
Seat 4: Juagonzalez ($2.09 in chips) 
Seat 5: Dorex2007 ($1.97 in chips) 
Seat 6: arturs233 ($0.56 in chips) 
Seat 7: mooresie28 ($2.42 in chips) 
mailomailo81: posts small blind $0.01
schani11: posts big blind $0.02
*** HOLE CARDS ***
Dealt to Dorex2007 [Ad 7d]
felixhunter: folds 
Juagonzalez: folds 
Dorex2007: calls $0.02
arturs233: folds 
mooresie28: folds 
mailomailo81: calls $0.01
schani11: checks 
*** FLOP *** [5c 3d Jh]
mailomailo81: bets $0.02
schani11: folds 
Dorex2007: calls $0.02
*** TURN *** [5c 3d Jh] [6s]
mailomailo81: bets $0.02
Dorex2007: calls $0.02
*** RIVER *** [5c 3d Jh 6s] [8s]
mailomailo81: bets $0.02
Dorex2007: folds 
Uncalled bet ($0.02) returned to mailomailo81
mailomailo81 collected $0.14 from pot
mailomailo81: doesn't show hand 
*** SUMMARY ***
Total pot $0.14 | Rake $0 
Board [5c 3d Jh 6s 8s]
Seat 1: mailomailo81 (small blind) collected ($0.14)
Seat 2: schani11 (big blind) folded on the Flop
Seat 3: felixhunter folded before Flop (didn't bet)
Seat 4: Juagonzalez folded before Flop (didn't bet)
Seat 5: Dorex2007 folded on the River
Seat 6: arturs233 folded before Flop (didn't bet)
Seat 7: mooresie28 (button) folded before Flop (didn't bet)



PokerStars Hand #223699219282:  Hold'em No Limit ($0.01/$0.02 USD) - 2021/02/11 14:21:18 PT [2021/02/11 17:21:18 ET]
Table 'Josephina II' 9-max Seat #1 is the button
Seat 1: mailomailo81 ($4.39 in chips) 
Seat 2: schani11 ($3.54 in chips) 
Seat 3: felixhunter ($2.81 in chips) 
Seat 4: Juagonzalez ($2.09 in chips) 
Seat 5: Dorex2007 ($1.91 in chips) 
Seat 6: arturs233 ($0.56 in chips) 
Seat 7: mooresie28 ($2.42 in chips) 
schani11: posts small blind $0.01
felixhunter: posts big blind $0.02
*** HOLE CARDS ***
Dealt to Dorex2007 [2d Th]
Juagonzalez: folds 
Dorex2007: folds 
arturs233: folds 
mooresie28: folds 
mailomailo81: calls $0.02
schani11: calls $0.01
felixhunter: checks 
*** FLOP *** [Ah Jh 5h]
schani11: checks 
felixhunter: checks 
mailomailo81: checks 
*** TURN *** [Ah Jh 5h] [8s]
schani11: checks 
felixhunter: checks 
mailomailo81: checks 
*** RIVER *** [Ah Jh 5h 8s] [6d]
schani11: checks 
felixhunter: bets $0.05
mailomailo81: folds 
schani11: calls $0.05
*** SHOW DOWN ***
felixhunter: shows [Jd Kc] (a pair of Jacks)
schani11: shows [5d 6s] (two pair, Sixes and Fives)
schani11 collected $0.15 from pot
*** SUMMARY ***
Total pot $0.16 | Rake $0.01 
Board [Ah Jh 5h 8s 6d]
Seat 1: mailomailo81 (button) folded on the River
Seat 2: schani11 (small blind) showed [5d 6s] and won ($0.15) with two pair, Sixes and Fives
Seat 3: felixhunter (big blind) showed [Jd Kc] and lost with a pair of Jacks
Seat 4: Juagonzalez folded before Flop (didn't bet)
Seat 5: Dorex2007 folded before Flop (didn't bet)
Seat 6: arturs233 folded before Flop (didn't bet)
Seat 7: mooresie28 folded before Flop (didn't bet)



PokerStars Hand #223699274137:  Hold'em No Limit ($0.01/$0.02 USD) - 2021/02/11 14:22:35 PT [2021/02/11 17:22:35 ET]
Table 'Josephina II' 9-max Seat #2 is the button
Seat 1: mailomailo81 ($4.37 in chips) 
Seat 2: schani11 ($3.62 in chips) 
Seat 3: felixhunter ($2.74 in chips) 
Seat 4: Juagonzalez ($2.09 in chips) 
Seat 5: Dorex2007 ($1.91 in chips) 
Seat 6: arturs233 ($0.56 in chips) 
Seat 7: mooresie28 ($2.42 in chips) 
felixhunter: posts small blind $0.01
Juagonzalez: posts big blind $0.02
*** HOLE CARDS ***
Dealt to Dorex2007 [Qc 3d]
Dorex2007: folds 
arturs233: folds 
mooresie28: folds 
mailomailo81: raises $0.02 to $0.04
schani11: calls $0.04
felixhunter: folds 
Juagonzalez: folds 
*** FLOP *** [Ks As Ac]
mailomailo81: bets $0.04
schani11: calls $0.04
*** TURN *** [Ks As Ac] [5c]
mailomailo81: bets $0.04
schani11: calls $0.04
*** RIVER *** [Ks As Ac 5c] [4s]
mailomailo81: checks 
schani11: checks 
*** SHOW DOWN ***
mailomailo81: shows [Qd Jh] (a pair of Aces)
schani11: mucks hand 
mailomailo81 collected $0.26 from pot
*** SUMMARY ***
Total pot $0.27 | Rake $0.01 
Board [Ks As Ac 5c 4s]
Seat 1: mailomailo81 showed [Qd Jh] and won ($0.26) with a pair of Aces
Seat 2: schani11 (button) mucked [Tc Jc]
Seat 3: felixhunter (small blind) folded before Flop
Seat 4: Juagonzalez (big blind) folded before Flop
Seat 5: Dorex2007 folded before Flop (didn't bet)
Seat 6: arturs233 folded before Flop (didn't bet)
Seat 7: mooresie28 folded before Flop (didn't bet)



PokerStars Hand #223699299622:  Hold'em No Limit ($0.01/$0.02 USD) - 2021/02/11 14:23:11 PT [2021/02/11 17:23:11 ET]
Table 'Josephina II' 9-max Seat #3 is the button
Seat 1: mailomailo81 ($4.51 in chips) 
Seat 2: schani11 ($3.50 in chips) 
Seat 3: felixhunter ($2.73 in chips) 
Seat 4: Juagonzalez ($2.07 in chips) 
Seat 5: Dorex2007 ($1.91 in chips) 
Seat 6: arturs233 ($0.56 in chips) 
Seat 7: mooresie28 ($2.42 in chips) 
Juagonzalez: posts small blind $0.01
Dorex2007: posts big blind $0.02
*** HOLE CARDS ***
Dealt to Dorex2007 [3c 5c]
arturs233: raises $0.04 to $0.06
mooresie28: folds 
mailomailo81: folds 
mooresie28 leaves the table
schani11: folds 
felixhunter: folds 
Juagonzalez: folds 
Dorex2007: folds 
Uncalled bet ($0.04) returned to arturs233
arturs233 collected $0.05 from pot
arturs233: doesn't show hand 
*** SUMMARY ***
Total pot $0.05 | Rake $0 
Seat 1: mailomailo81 folded before Flop (didn't bet)
Seat 2: schani11 folded before Flop (didn't bet)
Seat 3: felixhunter (button) folded before Flop (didn't bet)
Seat 4: Juagonzalez (small blind) folded before Flop
Seat 5: Dorex2007 (big blind) folded before Flop
Seat 6: arturs233 collected ($0.05)
Seat 7: mooresie28 folded before Flop (didn't bet)



PokerStars Hand #223699315514:  Hold'em No Limit ($0.01/$0.02 USD) - 2021/02/11 14:23:33 PT [2021/02/11 17:23:33 ET]
Table 'Josephina II' 9-max Seat #4 is the button
Seat 1: mailomailo81 ($4.51 in chips) 
Seat 2: schani11 ($3.50 in chips) 
Seat 3: felixhunter ($2.73 in chips) 
Seat 4: Juagonzalez ($2.06 in chips) 
Seat 5: Dorex2007 ($1.89 in chips) 
Seat 6: arturs233 ($0.59 in chips) 
Dorex2007: posts small blind $0.01
arturs233: posts big blind $0.02
*** HOLE CARDS ***
Dealt to Dorex2007 [6c 2s]
mailomailo81: raises $0.02 to $0.04
schani11: folds 
felixhunter: folds 
Juagonzalez: folds 
Dorex2007: folds 
arturs233: calls $0.02
*** FLOP *** [9c 4s 2d]
superjet888 joins the table at seat #7 
arturs233: checks 
mailomailo81: bets $0.06
arturs233: folds 
Uncalled bet ($0.06) returned to mailomailo81
mailomailo81 collected $0.09 from pot
mailomailo81: doesn't show hand 
*** SUMMARY ***
Total pot $0.09 | Rake $0 
Board [9c 4s 2d]
Seat 1: mailomailo81 collected ($0.09)
Seat 2: schani11 folded before Flop (didn't bet)
Seat 3: felixhunter folded before Flop (didn't bet)
Seat 4: Juagonzalez (button) folded before Flop (didn't bet)
Seat 5: Dorex2007 (small blind) folded before Flop
Seat 6: arturs233 (big blind) folded on the Flop



PokerStars Hand #223699347505:  Hold'em No Limit ($0.01/$0.02 USD) - 2021/02/11 14:24:19 PT [2021/02/11 17:24:19 ET]
Table 'Josephina II' 9-max Seat #5 is the button
Seat 1: mailomailo81 ($4.56 in chips) 
Seat 2: schani11 ($3.50 in chips) 
Seat 3: felixhunter ($2.73 in chips) 
Seat 4: Juagonzalez ($2.06 in chips) 
Seat 5: Dorex2007 ($1.88 in chips) 
Seat 6: arturs233 ($0.55 in chips) 
Seat 7: superjet888 ($2 in chips) 
arturs233: posts small blind $0.01
superjet888: posts big blind $0.02
*** HOLE CARDS ***
Dealt to Dorex2007 [Jc 7s]
mailomailo81: calls $0.02
schani11: folds 
felixhunter: folds 
Juagonzalez: folds 
Dorex2007: folds 
arturs233: folds 
superjet888: checks 
*** FLOP *** [2h Td 3d]
superjet888: bets $0.02
mailomailo81: folds 
Uncalled bet ($0.02) returned to superjet888
superjet888 collected $0.05 from pot
superjet888: doesn't show hand 
*** SUMMARY ***
Total pot $0.05 | Rake $0 
Board [2h Td 3d]
Seat 1: mailomailo81 folded on the Flop
Seat 2: schani11 folded before Flop (didn't bet)
Seat 3: felixhunter folded before Flop (didn't bet)
Seat 4: Juagonzalez folded before Flop (didn't bet)
Seat 5: Dorex2007 (button) folded before Flop (didn't bet)
Seat 6: arturs233 (small blind) folded before Flop
Seat 7: superjet888 (big blind) collected ($0.05)



PokerStars Hand #223699361804:  Hold'em No Limit ($0.01/$0.02 USD) - 2021/02/11 14:24:39 PT [2021/02/11 17:24:39 ET]
Table 'Josephina II' 9-max Seat #6 is the button
Seat 1: mailomailo81 ($4.54 in chips) 
Seat 2: schani11 ($3.50 in chips) 
Seat 3: felixhunter ($2.73 in chips) 
Seat 4: Juagonzalez ($2.06 in chips) 
Seat 5: Dorex2007 ($1.88 in chips) 
Seat 6: arturs233 ($0.54 in chips) 
Seat 7: superjet888 ($2.03 in chips) 
superjet888: posts small blind $0.01
mailomailo81: posts big blind $0.02
*** HOLE CARDS ***
Dealt to Dorex2007 [3d 8d]
schani11 has timed out
schani11: folds 
felixhunter: folds 
Juagonzalez: folds 
Dorex2007: folds 
arturs233: raises $0.04 to $0.06
superjet888: folds 
mailomailo81: folds 
Uncalled bet ($0.04) returned to arturs233
arturs233 collected $0.05 from pot
arturs233: doesn't show hand 
*** SUMMARY ***
Total pot $0.05 | Rake $0 
Seat 1: mailomailo81 (big blind) folded before Flop
Seat 2: schani11 folded before Flop (didn't bet)
Seat 3: felixhunter folded before Flop (didn't bet)
Seat 4: Juagonzalez folded before Flop (didn't bet)
Seat 5: Dorex2007 folded before Flop (didn't bet)
Seat 6: arturs233 (button) collected ($0.05)
Seat 7: superjet888 (small blind) folded before Flop



PokerStars Hand #223699375392:  Hold'em No Limit ($0.01/$0.02 USD) - 2021/02/11 14:24:59 PT [2021/02/11 17:24:59 ET]
Table 'Josephina II' 9-max Seat #7 is the button
Seat 1: mailomailo81 ($4.52 in chips) 
Seat 3: felixhunter ($2.73 in chips) 
Seat 4: Juagonzalez ($2.06 in chips) 
Seat 5: Dorex2007 ($1.88 in chips) 
Seat 6: arturs233 ($0.57 in chips) 
Seat 7: superjet888 ($2.02 in chips) 
mailomailo81: posts small blind $0.01
felixhunter: posts big blind $0.02
*** HOLE CARDS ***
Dealt to Dorex2007 [7d Ad]
Juagonzalez: folds 
Dorex2007: calls $0.02
arturs233: raises $0.06 to $0.08
superjet888: folds 
mailomailo81: folds 
felixhunter: folds 
Dorex2007: calls $0.06
*** FLOP *** [8c 9d 4c]
Dorex2007: checks 
arturs233: bets $0.11
Dorex2007: folds 
Uncalled bet ($0.11) returned to arturs233
arturs233 collected $0.18 from pot
arturs233: doesn't show hand 
*** SUMMARY ***
Total pot $0.19 | Rake $0.01 
Board [8c 9d 4c]
Seat 1: mailomailo81 (small blind) folded before Flop
Seat 3: felixhunter (big blind) folded before Flop
Seat 4: Juagonzalez folded before Flop (didn't bet)
Seat 5: Dorex2007 folded on the Flop
Seat 6: arturs233 collected ($0.18)
Seat 7: superjet888 (button) folded before Flop (didn't bet)



PokerStars Hand #223699396624:  Hold'em No Limit ($0.01/$0.02 USD) - 2021/02/11 14:25:29 PT [2021/02/11 17:25:29 ET]
Table 'Josephina II' 9-max Seat #1 is the button
Seat 1: mailomailo81 ($4.51 in chips) 
Seat 3: felixhunter ($2.71 in chips) 
Seat 4: Juagonzalez ($2.06 in chips) 
Seat 5: Dorex2007 ($1.80 in chips) 
Seat 6: arturs233 ($0.67 in chips) 
Seat 7: superjet888 ($2.02 in chips) 
felixhunter: posts small blind $0.01
Juagonzalez: posts big blind $0.02
*** HOLE CARDS ***
Dealt to Dorex2007 [8s 9d]
Dorex2007: folds 
arturs233: raises $0.06 to $0.08
superjet888: folds 
mailomailo81: folds 
felixhunter: folds 
Juagonzalez: folds 
Uncalled bet ($0.06) returned to arturs233
arturs233 collected $0.05 from pot
arturs233: doesn't show hand 
*** SUMMARY ***
Total pot $0.05 | Rake $0 
Seat 1: mailomailo81 (button) folded before Flop (didn't bet)
Seat 3: felixhunter (small blind) folded before Flop
Seat 4: Juagonzalez (big blind) folded before Flop
Seat 5: Dorex2007 folded before Flop (didn't bet)
Seat 6: arturs233 collected ($0.05)
Seat 7: superjet888 folded before Flop (didn't bet)



PokerStars Hand #223699407959:  Hold'em No Limit ($0.01/$0.02 USD) - 2021/02/11 14:25:46 PT [2021/02/11 17:25:46 ET]
Table 'Josephina II' 9-max Seat #3 is the button
Seat 1: mailomailo81 ($4.51 in chips) 
Seat 3: felixhunter ($2.70 in chips) 
Seat 4: Juagonzalez ($2.04 in chips) 
Seat 5: Dorex2007 ($1.80 in chips) 
Seat 6: arturs233 ($0.70 in chips) 
Seat 7: superjet888 ($2.02 in chips) 
Juagonzalez: posts small blind $0.01
Dorex2007: posts big blind $0.02
*** HOLE CARDS ***
Dealt to Dorex2007 [7s Td]
flushgardee leaves the table
arturs233: folds 
superjet888: calls $0.02
mailomailo81: calls $0.02
felixhunter: folds 
Juagonzalez: folds 
Dorex2007: checks 
*** FLOP *** [Jd 5h 4s]
Dorex2007: checks 
superjet888: bets $0.06
mailomailo81: folds 
Dorex2007: folds 
Uncalled bet ($0.06) returned to superjet888
superjet888 collected $0.07 from pot
superjet888: doesn't show hand 
*** SUMMARY ***
Total pot $0.07 | Rake $0 
Board [Jd 5h 4s]
Seat 1: mailomailo81 folded on the Flop
Seat 3: felixhunter (button) folded before Flop (didn't bet)
Seat 4: Juagonzalez (small blind) folded before Flop
Seat 5: Dorex2007 (big blind) folded on the Flop
Seat 6: arturs233 folded before Flop (didn't bet)
Seat 7: superjet888 collected ($0.07)



PokerStars Hand #223699426887:  Hold'em No Limit ($0.01/$0.02 USD) - 2021/02/11 14:26:13 PT [2021/02/11 17:26:13 ET]
Table 'Josephina II' 9-max Seat #4 is the button
Seat 1: mailomailo81 ($4.49 in chips) 
Seat 3: felixhunter ($2.70 in chips) 
Seat 4: Juagonzalez ($2.03 in chips) 
Seat 5: Dorex2007 ($1.78 in chips) 
Seat 6: arturs233 ($0.70 in chips) 
Seat 7: superjet888 ($2.07 in chips) 
Dorex2007: posts small blind $0.01
arturs233: posts big blind $0.02
*** HOLE CARDS ***
Dealt to Dorex2007 [6s Kh]
superjet888: raises $0.04 to $0.06
mailomailo81: folds 
felixhunter: calls $0.06
Juagonzalez: folds 
Dorex2007: folds 
arturs233: calls $0.04
*** FLOP *** [6d 8c 8d]
arturs233: checks 
superjet888: checks 
felixhunter: checks 
*** TURN *** [6d 8c 8d] [Qd]
arturs233: bets $0.04
superjet888: calls $0.04
felixhunter: folds 
*** RIVER *** [6d 8c 8d Qd] [8h]
arturs233: bets $0.24
superjet888: raises $0.30 to $0.54
EL MOSTROSO joins the table at seat #8 
arturs233: folds 
Uncalled bet ($0.30) returned to superjet888
superjet888 collected $0.72 from pot
superjet888: doesn't show hand 
*** SUMMARY ***
Total pot $0.75 | Rake $0.03 
Board [6d 8c 8d Qd 8h]
Seat 1: mailomailo81 folded before Flop (didn't bet)
Seat 3: felixhunter folded on the Turn
Seat 4: Juagonzalez (button) folded before Flop (didn't bet)
Seat 5: Dorex2007 (small blind) folded before Flop
Seat 6: arturs233 (big blind) folded on the River
Seat 7: superjet888 collected ($0.72)



PokerStars Hand #223699491543:  Hold'em No Limit ($0.01/$0.02 USD) - 2021/02/11 14:27:37 PT [2021/02/11 17:27:37 ET]
Table 'Josephina II' 9-max Seat #5 is the button
Seat 1: mailomailo81 ($4.49 in chips) 
Seat 3: felixhunter ($2.64 in chips) 
Seat 4: Juagonzalez ($2.03 in chips) 
Seat 5: Dorex2007 ($1.77 in chips) 
Seat 6: arturs233 ($0.36 in chips) 
Seat 7: superjet888 ($2.45 in chips) 
arturs233: posts small blind $0.01
superjet888: posts big blind $0.02
EL MOSTROSO: sits out 
schani11: sits out 
*** HOLE CARDS ***
Dealt to Dorex2007 [7d 3c]
mailomailo81: calls $0.02
felixhunter: folds 
Juagonzalez: raises $0.02 to $0.04
Dorex2007: folds 
arturs233: folds 
superjet888: calls $0.02
mailomailo81: calls $0.02
*** FLOP *** [2d 8c 3d]
superjet888: bets $0.04
mailomailo81: folds 
Juagonzalez: calls $0.04
*** TURN *** [2d 8c 3d] [4c]
superjet888: bets $0.04
Juagonzalez: calls $0.04
*** RIVER *** [2d 8c 3d 4c] [9c]
superjet888: bets $0.04
Juagonzalez: calls $0.04
*** SHOW DOWN ***
superjet888: shows [Qh 8s] (a pair of Eights)
Juagonzalez: shows [9d Ad] (a pair of Nines)
Juagonzalez collected $0.36 from pot
*** SUMMARY ***
Total pot $0.37 | Rake $0.01 
Board [2d 8c 3d 4c 9c]
Seat 1: mailomailo81 folded on the Flop
Seat 3: felixhunter folded before Flop (didn't bet)
Seat 4: Juagonzalez showed [9d Ad] and won ($0.36) with a pair of Nines
Seat 5: Dorex2007 (button) folded before Flop (didn't bet)
Seat 6: arturs233 (small blind) folded before Flop
Seat 7: superjet888 (big blind) showed [Qh 8s] and lost with a pair of Eights



PokerStars Hand #223699521738:  Hold'em No Limit ($0.01/$0.02 USD) - 2021/02/11 14:28:18 PT [2021/02/11 17:28:18 ET]
Table 'Josephina II' 9-max Seat #6 is the button
Seat 1: mailomailo81 ($4.45 in chips) 
Seat 3: felixhunter ($2.64 in chips) 
Seat 4: Juagonzalez ($2.23 in chips) 
Seat 5: Dorex2007 ($1.77 in chips) 
Seat 6: arturs233 ($0.35 in chips) 
Seat 7: superjet888 ($2.29 in chips) 
Seat 8: EL MOSTROSO ($0.80 in chips) 
superjet888: posts small blind $0.01
EL MOSTROSO: posts big blind $0.02
schani11: sits out 
*** HOLE CARDS ***
Dealt to Dorex2007 [7h Kc]
mailomailo81: calls $0.02
felixhunter: folds 
Juagonzalez: folds 
Dorex2007: folds 
arturs233: raises $0.33 to $0.35 and is all-in
superjet888: folds 
EL MOSTROSO: folds 
mailomailo81: calls $0.33
*** FLOP *** [2s Ts 2c]
*** TURN *** [2s Ts 2c] [6c]
*** RIVER *** [2s Ts 2c 6c] [Ad]
*** SHOW DOWN ***
mailomailo81: shows [8c 8s] (two pair, Eights and Deuces)
arturs233: shows [5h 5c] (two pair, Fives and Deuces)
mailomailo81 collected $0.70 from pot
*** SUMMARY ***
Total pot $0.73 | Rake $0.03 
Board [2s Ts 2c 6c Ad]
Seat 1: mailomailo81 showed [8c 8s] and won ($0.70) with two pair, Eights and Deuces
Seat 3: felixhunter folded before Flop (didn't bet)
Seat 4: Juagonzalez folded before Flop (didn't bet)
Seat 5: Dorex2007 folded before Flop (didn't bet)
Seat 6: arturs233 (button) showed [5h 5c] and lost with two pair, Fives and Deuces
Seat 7: superjet888 (small blind) folded before Flop
Seat 8: EL MOSTROSO (big blind) folded before Flop



PokerStars Hand #223699545083:  Hold'em No Limit ($0.01/$0.02 USD) - 2021/02/11 14:28:51 PT [2021/02/11 17:28:51 ET]
Table 'Josephina II' 9-max Seat #7 is the button
Seat 1: mailomailo81 ($4.80 in chips) 
Seat 3: felixhunter ($2.64 in chips) 
Seat 4: Juagonzalez ($2.23 in chips) 
Seat 5: Dorex2007 ($1.77 in chips) 
Seat 7: superjet888 ($2.28 in chips) 
Seat 8: EL MOSTROSO ($0.78 in chips) 
EL MOSTROSO: posts small blind $0.01
mailomailo81: posts big blind $0.02
schani11: sits out 
*** HOLE CARDS ***
Dealt to Dorex2007 [9d 8h]
felixhunter: folds 
Juagonzalez: folds 
Dorex2007: folds 
arturs233 leaves the table
superjet888: calls $0.02
Crappz joins the table at seat #6 
EL MOSTROSO: calls $0.01
mailomailo81: checks 
*** FLOP *** [As 5c Ah]
EL MOSTROSO: checks 
mailomailo81: checks 
superjet888: checks 
*** TURN *** [As 5c Ah] [6d]
EL MOSTROSO: bets $0.02
mailomailo81: folds 
superjet888: calls $0.02
*** RIVER *** [As 5c Ah 6d] [7d]
EL MOSTROSO: checks 
superjet888: checks 
*** SHOW DOWN ***
EL MOSTROSO: shows [6s 8c] (two pair, Aces and Sixes)
superjet888: mucks hand 
EL MOSTROSO collected $0.10 from pot
pogmothoi69 was removed from the table for failing to post
pogmothoi69 leaves the table
*** SUMMARY ***
Total pot $0.10 | Rake $0 
Board [As 5c Ah 6d 7d]
Seat 1: mailomailo81 (big blind) folded on the Turn
Seat 3: felixhunter folded before Flop (didn't bet)
Seat 4: Juagonzalez folded before Flop (didn't bet)
Seat 5: Dorex2007 folded before Flop (didn't bet)
Seat 7: superjet888 (button) mucked [6c 4c]
Seat 8: EL MOSTROSO (small blind) showed [6s 8c] and won ($0.10) with two pair, Aces and Sixes



PokerStars Hand #223699577347:  Hold'em No Limit ($0.01/$0.02 USD) - 2021/02/11 14:29:38 PT [2021/02/11 17:29:38 ET]
Table 'Josephina II' 9-max Seat #8 is the button
Seat 1: mailomailo81 ($4.78 in chips) 
Seat 2: schani11 ($3.50 in chips) 
Seat 3: felixhunter ($2.64 in chips) 
Seat 4: Juagonzalez ($2.23 in chips) 
Seat 5: Dorex2007 ($1.77 in chips) 
Seat 7: superjet888 ($2.24 in chips) 
Seat 8: EL MOSTROSO ($0.84 in chips) 
mailomailo81: posts small blind $0.01
schani11: posts big blind $0.02
Crappz: sits out 
*** HOLE CARDS ***
Dealt to Dorex2007 [Kd Jc]
felixhunter: folds 
Juagonzalez: folds 
Dorex2007: folds 
superjet888: raises $0.04 to $0.06
EL MOSTROSO: raises $0.08 to $0.14
mailomailo81: folds 
schani11: folds 
superjet888: calls $0.08
*** FLOP *** [8h 7s Jd]
superjet888: bets $0.06
EL MOSTROSO: raises $0.24 to $0.30
superjet888: calls $0.24
*** TURN *** [8h 7s Jd] [7d]
superjet888: checks 
EL MOSTROSO: bets $0.40 and is all-in
superjet888: calls $0.40
*** RIVER *** [8h 7s Jd 7d] [8c]
*** SHOW DOWN ***
superjet888: shows [8d Ac] (a full house, Eights full of Sevens)
EL MOSTROSO: shows [Qd Qc] (two pair, Queens and Eights)
superjet888 collected $1.65 from pot
*** SUMMARY ***
Total pot $1.71 | Rake $0.06 
Board [8h 7s Jd 7d 8c]
Seat 1: mailomailo81 (small blind) folded before Flop
Seat 2: schani11 (big blind) folded before Flop
Seat 3: felixhunter folded before Flop (didn't bet)
Seat 4: Juagonzalez folded before Flop (didn't bet)
Seat 5: Dorex2007 folded before Flop (didn't bet)
Seat 7: superjet888 showed [8d Ac] and won ($1.65) with a full house, Eights full of Sevens
Seat 8: EL MOSTROSO (button) showed [Qd Qc] and lost with two pair, Queens and Eights



PokerStars Hand #223699611632:  Hold'em No Limit ($0.01/$0.02 USD) - 2021/02/11 14:30:28 PT [2021/02/11 17:30:28 ET]
Table 'Josephina II' 9-max Seat #1 is the button
Seat 1: mailomailo81 ($4.77 in chips) 
Seat 2: schani11 ($3.48 in chips) 
Seat 3: felixhunter ($2.64 in chips) 
Seat 4: Juagonzalez ($2.23 in chips) 
Seat 5: Dorex2007 ($1.77 in chips) 
Seat 7: superjet888 ($3.05 in chips) 
schani11: posts small blind $0.01
felixhunter: posts big blind $0.02
Crappz: sits out 
*** HOLE CARDS ***
Dealt to Dorex2007 [6c 3s]
Juagonzalez: calls $0.02
Dorex2007: folds 
superjet888: calls $0.02
mailomailo81: folds 
schani11: calls $0.01
felixhunter: checks 
*** FLOP *** [6d Kd 7h]
schani11: checks 
felixhunter: checks 
Juagonzalez: bets $0.06
superjet888: folds 
schani11: folds 
felixhunter: folds 
Uncalled bet ($0.06) returned to Juagonzalez
Juagonzalez collected $0.08 from pot
Juagonzalez: doesn't show hand 
*** SUMMARY ***
Total pot $0.08 | Rake $0 
Board [6d Kd 7h]
Seat 1: mailomailo81 (button) folded before Flop (didn't bet)
Seat 2: schani11 (small blind) folded on the Flop
Seat 3: felixhunter (big blind) folded on the Flop
Seat 4: Juagonzalez collected ($0.08)
Seat 5: Dorex2007 folded before Flop (didn't bet)
Seat 7: superjet888 folded on the Flop



PokerStars Hand #223699638898:  Hold'em No Limit ($0.01/$0.02 USD) - 2021/02/11 14:31:07 PT [2021/02/11 17:31:07 ET]
Table 'Josephina II' 9-max Seat #2 is the button
Seat 1: mailomailo81 ($4.77 in chips) 
Seat 2: schani11 ($3.46 in chips) 
Seat 3: felixhunter ($2.62 in chips) 
Seat 4: Juagonzalez ($2.29 in chips) 
Seat 5: Dorex2007 ($1.77 in chips) 
Seat 7: superjet888 ($3.03 in chips) 
Seat 8: EL MOSTROSO ($0.80 in chips) 
felixhunter: posts small blind $0.01
Juagonzalez: posts big blind $0.02
Crappz: sits out 
*** HOLE CARDS ***
Dealt to Dorex2007 [Qc Jh]
Dorex2007: folds 
superjet888: folds 
EL MOSTROSO: folds 
mailomailo81: calls $0.02
schani11: folds 
felixhunter: calls $0.01
Juagonzalez: checks 
*** FLOP *** [8d Jd Ks]
felixhunter: checks 
Jenda PS joins the table at seat #9 
Juagonzalez: checks 
mailomailo81: checks 
*** TURN *** [8d Jd Ks] [2d]
felixhunter: checks 
Juagonzalez: checks 
mailomailo81: bets $0.04
felixhunter: folds 
Juagonzalez: folds 
Uncalled bet ($0.04) returned to mailomailo81
mailomailo81 collected $0.06 from pot
mailomailo81: doesn't show hand 
*** SUMMARY ***
Total pot $0.06 | Rake $0 
Board [8d Jd Ks 2d]
Seat 1: mailomailo81 collected ($0.06)
Seat 2: schani11 (button) folded before Flop (didn't bet)
Seat 3: felixhunter (small blind) folded on the Turn
Seat 4: Juagonzalez (big blind) folded on the Turn
Seat 5: Dorex2007 folded before Flop (didn't bet)
Seat 7: superjet888 folded before Flop (didn't bet)
Seat 8: EL MOSTROSO folded before Flop (didn't bet)



PokerStars Hand #223699669358:  Hold'em No Limit ($0.01/$0.02 USD) - 2021/02/11 14:31:51 PT [2021/02/11 17:31:51 ET]
Table 'Josephina II' 9-max Seat #3 is the button
Seat 1: mailomailo81 ($4.81 in chips) 
Seat 2: schani11 ($3.46 in chips) 
Seat 3: felixhunter ($2.60 in chips) 
Seat 4: Juagonzalez ($2.27 in chips) 
Seat 5: Dorex2007 ($1.77 in chips) 
Seat 7: superjet888 ($3.03 in chips) 
Seat 8: EL MOSTROSO ($0.80 in chips) 
Seat 9: Jenda PS ($0.80 in chips) 
Juagonzalez: posts small blind $0.01
Dorex2007: posts big blind $0.02
Crappz: sits out 
Jenda PS: posts big blind $0.02
*** HOLE CARDS ***
Dealt to Dorex2007 [8c 4s]
superjet888: folds 
EL MOSTROSO: folds 
Jenda PS: checks 
mailomailo81: calls $0.02
schani11 has timed out
schani11: folds 
felixhunter: calls $0.02
Juagonzalez: folds 
Dorex2007: checks 
*** FLOP *** [3s 8h Qd]
Dorex2007: checks 
Jenda PS: bets $0.06
mailomailo81: folds 
felixhunter: folds 
Dorex2007: folds 
Uncalled bet ($0.06) returned to Jenda PS
Jenda PS collected $0.09 from pot
*** SUMMARY ***
Total pot $0.09 | Rake $0 
Board [3s 8h Qd]
Seat 1: mailomailo81 folded on the Flop
Seat 2: schani11 folded before Flop (didn't bet)
Seat 3: felixhunter (button) folded on the Flop
Seat 4: Juagonzalez (small blind) folded before Flop
Seat 5: Dorex2007 (big blind) folded on the Flop
Seat 7: superjet888 folded before Flop (didn't bet)
Seat 8: EL MOSTROSO folded before Flop (didn't bet)
Seat 9: Jenda PS collected ($0.09)



PokerStars Hand #223699712338:  Hold'em No Limit ($0.01/$0.02 USD) - 2021/02/11 14:32:39 PT [2021/02/11 17:32:39 ET]
Table 'Josephina II' 9-max Seat #4 is the button
Seat 1: mailomailo81 ($4.79 in chips) 
Seat 2: schani11 ($3.46 in chips) 
Seat 3: felixhunter ($2.58 in chips) 
Seat 4: Juagonzalez ($2.26 in chips) 
Seat 5: Dorex2007 ($1.75 in chips) 
Seat 6: Crappz ($2 in chips) 
Seat 7: superjet888 ($3.03 in chips) 
Seat 8: EL MOSTROSO ($0.80 in chips) 
Seat 9: Jenda PS ($0.87 in chips) 
Dorex2007: posts small blind $0.01
Crappz: posts big blind $0.02
*** HOLE CARDS ***
Dealt to Dorex2007 [8c Kc]
superjet888: folds 
EL MOSTROSO: folds 
Jenda PS has timed out
Jenda PS: folds 
mailomailo81: folds 
schani11: folds 
felixhunter: folds 
Juagonzalez: folds 
Dorex2007: calls $0.01
Crappz: checks 
*** FLOP *** [3d Jh 7d]
Dorex2007: checks 
Crappz: bets $0.04
Dorex2007: folds 
Uncalled bet ($0.04) returned to Crappz
Crappz collected $0.04 from pot
Crappz: doesn't show hand 
*** SUMMARY ***
Total pot $0.04 | Rake $0 
Board [3d Jh 7d]
Seat 1: mailomailo81 folded before Flop (didn't bet)
Seat 2: schani11 folded before Flop (didn't bet)
Seat 3: felixhunter folded before Flop (didn't bet)
Seat 4: Juagonzalez (button) folded before Flop (didn't bet)
Seat 5: Dorex2007 (small blind) folded on the Flop
Seat 6: Crappz (big blind) collected ($0.04)
Seat 7: superjet888 folded before Flop (didn't bet)
Seat 8: EL MOSTROSO folded before Flop (didn't bet)
Seat 9: Jenda PS folded before Flop (didn't bet)



PokerStars Hand #223699737397:  Hold'em No Limit ($0.01/$0.02 USD) - 2021/02/11 14:33:15 PT [2021/02/11 17:33:15 ET]
Table 'Josephina II' 9-max Seat #5 is the button
Seat 1: mailomailo81 ($4.79 in chips) 
Seat 2: schani11 ($3.46 in chips) 
Seat 3: felixhunter ($2.58 in chips) 
Seat 4: Juagonzalez ($2.26 in chips) 
Seat 5: Dorex2007 ($1.73 in chips) 
Seat 6: Crappz ($2.02 in chips) 
Seat 7: superjet888 ($3.03 in chips) 
Seat 8: EL MOSTROSO ($0.80 in chips) 
Seat 9: Jenda PS ($0.87 in chips) 
Crappz: posts small blind $0.01
superjet888: posts big blind $0.02
*** HOLE CARDS ***
Dealt to Dorex2007 [Ks 2c]
EL MOSTROSO: calls $0.02
Jenda PS: calls $0.02
mailomailo81: calls $0.02
schani11: folds 
felixhunter: folds 
Juagonzalez: folds 
Dorex2007: folds 
Crappz: folds 
superjet888: checks 
*** FLOP *** [3s Jd 2d]
superjet888: checks 
EL MOSTROSO: checks 
felixhunter leaves the table
Jenda PS: checks 
mailomailo81: checks 
*** TURN *** [3s Jd 2d] [3h]
superjet888: checks 
EL MOSTROSO: checks 
Jenda PS: checks 
mailomailo81: checks 
*** RIVER *** [3s Jd 2d 3h] [9h]
superjet888: checks 
EL MOSTROSO: checks 
Jenda PS: checks 
mailomailo81: checks 
*** SHOW DOWN ***
superjet888: shows [7h 4d] (a pair of Threes)
EL MOSTROSO: shows [Qd Kd] (a pair of Threes - King kicker)
Jenda PS: mucks hand 
mailomailo81: mucks hand 
EL MOSTROSO collected $0.09 from pot
*** SUMMARY ***
Total pot $0.09 | Rake $0 
Board [3s Jd 2d 3h 9h]
Seat 1: mailomailo81 mucked [7s 6s]
Seat 2: schani11 folded before Flop (didn't bet)
Seat 3: felixhunter folded before Flop (didn't bet)
Seat 4: Juagonzalez folded before Flop (didn't bet)
Seat 5: Dorex2007 (button) folded before Flop (didn't bet)
Seat 6: Crappz (small blind) folded before Flop
Seat 7: superjet888 (big blind) showed [7h 4d] and lost with a pair of Threes
Seat 8: EL MOSTROSO showed [Qd Kd] and won ($0.09) with a pair of Threes
Seat 9: Jenda PS mucked [Kh Th]



PokerStars Hand #223699783662:  Hold'em No Limit ($0.01/$0.02 USD) - 2021/02/11 14:34:22 PT [2021/02/11 17:34:22 ET]
Table 'Josephina II' 9-max Seat #6 is the button
Seat 1: mailomailo81 ($4.77 in chips) 
Seat 2: schani11 ($3.46 in chips) 
Seat 4: Juagonzalez ($2.26 in chips) 
Seat 5: Dorex2007 ($1.73 in chips) 
Seat 6: Crappz ($2.01 in chips) 
Seat 7: superjet888 ($3.01 in chips) 
Seat 8: EL MOSTROSO ($0.87 in chips) 
Seat 9: Jenda PS ($0.85 in chips) 
superjet888: posts small blind $0.01
EL MOSTROSO: posts big blind $0.02
*** HOLE CARDS ***
Dealt to Dorex2007 [7c 4d]
Jenda PS: folds 
mailomailo81: folds 
schani11: folds 
Juagonzalez: folds 
Dorex2007: folds 
wally1954 joins the table at seat #3 
Crappz: folds 
superjet888: calls $0.01
EL MOSTROSO: checks 
*** FLOP *** [Jh Qd As]
superjet888: checks 
EL MOSTROSO: bets $0.02
superjet888: calls $0.02
*** TURN *** [Jh Qd As] [9c]
superjet888: checks 
EL MOSTROSO: bets $0.04
superjet888: calls $0.04
*** RIVER *** [Jh Qd As 9c] [Ac]
superjet888: checks 
EL MOSTROSO: checks 
*** SHOW DOWN ***
superjet888: shows [Kc 8s] (a pair of Aces)
EL MOSTROSO: shows [Qh 9s] (two pair, Aces and Queens)
EL MOSTROSO collected $0.15 from pot
*** SUMMARY ***
Total pot $0.16 | Rake $0.01 
Board [Jh Qd As 9c Ac]
Seat 1: mailomailo81 folded before Flop (didn't bet)
Seat 2: schani11 folded before Flop (didn't bet)
Seat 4: Juagonzalez folded before Flop (didn't bet)
Seat 5: Dorex2007 folded before Flop (didn't bet)
Seat 6: Crappz (button) folded before Flop (didn't bet)
Seat 7: superjet888 (small blind) showed [Kc 8s] and lost with a pair of Aces
Seat 8: EL MOSTROSO (big blind) showed [Qh 9s] and won ($0.15) with two pair, Aces and Queens
Seat 9: Jenda PS folded before Flop (didn't bet)



PokerStars Hand #223699806224:  Hold'em No Limit ($0.01/$0.02 USD) - 2021/02/11 14:34:55 PT [2021/02/11 17:34:55 ET]
Table 'Josephina II' 9-max Seat #7 is the button
Seat 1: mailomailo81 ($4.77 in chips) 
Seat 2: schani11 ($3.46 in chips) 
Seat 3: wally1954 ($1.60 in chips) 
Seat 4: Juagonzalez ($2.26 in chips) 
Seat 5: Dorex2007 ($1.73 in chips) 
Seat 6: Crappz ($2.01 in chips) 
Seat 7: superjet888 ($2.93 in chips) 
Seat 8: EL MOSTROSO ($0.94 in chips) 
Seat 9: Jenda PS ($0.85 in chips) 
EL MOSTROSO: posts small blind $0.01
Jenda PS: posts big blind $0.02
wally1954: posts big blind $0.02
*** HOLE CARDS ***
Dealt to Dorex2007 [Kd 8d]
mailomailo81: calls $0.02
schani11: folds 
wally1954: checks 
Juagonzalez: folds 
Dorex2007: calls $0.02
Crappz: folds 
superjet888: folds 
EL MOSTROSO: calls $0.01
Jenda PS: checks 
*** FLOP *** [9h Ah Kh]
EL MOSTROSO: checks 
Jenda PS: checks 
mailomailo81: bets $0.07
wally1954: folds 
Dorex2007: folds 
EL MOSTROSO: folds 
Jenda PS: folds 
Uncalled bet ($0.07) returned to mailomailo81
mailomailo81 collected $0.10 from pot
mailomailo81: doesn't show hand 
*** SUMMARY ***
Total pot $0.10 | Rake $0 
Board [9h Ah Kh]
Seat 1: mailomailo81 collected ($0.10)
Seat 2: schani11 folded before Flop (didn't bet)
Seat 3: wally1954 folded on the Flop (didn't bet)
Seat 4: Juagonzalez folded before Flop (didn't bet)
Seat 5: Dorex2007 folded on the Flop
Seat 6: Crappz folded before Flop (didn't bet)
Seat 7: superjet888 (button) folded before Flop (didn't bet)
Seat 8: EL MOSTROSO (small blind) folded on the Flop
Seat 9: Jenda PS (big blind) folded on the Flop



PokerStars Hand #223699838799:  Hold'em No Limit ($0.01/$0.02 USD) - 2021/02/11 14:35:42 PT [2021/02/11 17:35:42 ET]
Table 'Josephina II' 9-max Seat #8 is the button
Seat 1: mailomailo81 ($4.85 in chips) 
Seat 2: schani11 ($3.46 in chips) 
Seat 3: wally1954 ($1.58 in chips) 
Seat 4: Juagonzalez ($2.26 in chips) 
Seat 5: Dorex2007 ($1.71 in chips) 
Seat 6: Crappz ($2.01 in chips) 
Seat 7: superjet888 ($2.93 in chips) 
Seat 8: EL MOSTROSO ($0.92 in chips) 
Seat 9: Jenda PS ($0.83 in chips) 
Jenda PS: posts small blind $0.01
mailomailo81: posts big blind $0.02
*** HOLE CARDS ***
Dealt to Dorex2007 [Qd 8h]
schani11: folds 
wally1954: folds 
Juagonzalez: folds 
Dorex2007: folds 
Crappz: folds 
superjet888: calls $0.02
EL MOSTROSO: folds 
Jenda PS: calls $0.01
mailomailo81: checks 
*** FLOP *** [Qc Ac Qs]
Jenda PS: bets $0.04
mailomailo81: calls $0.04
superjet888: folds 
*** TURN *** [Qc Ac Qs] [6d]
Jenda PS: checks 
mailomailo81: bets $0.10
Jenda PS: calls $0.10
*** RIVER *** [Qc Ac Qs 6d] [5h]
Jenda PS: checks 
mailomailo81: bets $0.16
Jenda PS: folds 
Uncalled bet ($0.16) returned to mailomailo81
mailomailo81 collected $0.33 from pot
mailomailo81: doesn't show hand 
*** SUMMARY ***
Total pot $0.34 | Rake $0.01 
Board [Qc Ac Qs 6d 5h]
Seat 1: mailomailo81 (big blind) collected ($0.33)
Seat 2: schani11 folded before Flop (didn't bet)
Seat 3: wally1954 folded before Flop (didn't bet)
Seat 4: Juagonzalez folded before Flop (didn't bet)
Seat 5: Dorex2007 folded before Flop (didn't bet)
Seat 6: Crappz folded before Flop (didn't bet)
Seat 7: superjet888 folded on the Flop
Seat 8: EL MOSTROSO (button) folded before Flop (didn't bet)
Seat 9: Jenda PS (small blind) folded on the River



PokerStars Hand #223699902331:  Hold'em No Limit ($0.01/$0.02 USD) - 2021/02/11 14:37:14 PT [2021/02/11 17:37:14 ET]
Table 'Josephina II' 9-max Seat #9 is the button
Seat 1: mailomailo81 ($5.02 in chips) 
Seat 2: schani11 ($3.46 in chips) 
Seat 3: wally1954 ($1.58 in chips) 
Seat 4: Juagonzalez ($2.26 in chips) 
Seat 5: Dorex2007 ($1.71 in chips) 
Seat 6: Crappz ($2.01 in chips) 
Seat 7: superjet888 ($2.91 in chips) 
Seat 8: EL MOSTROSO ($0.92 in chips) 
Seat 9: Jenda PS ($0.67 in chips) 
mailomailo81: posts small blind $0.01
schani11: posts big blind $0.02
*** HOLE CARDS ***
Dealt to Dorex2007 [3s 6d]
wally1954: folds 
Juagonzalez: folds 
Dorex2007: folds 
Crappz: folds 
superjet888: folds 
EL MOSTROSO: folds 
Jenda PS: calls $0.02
mailomailo81: calls $0.01
schani11: checks 
*** FLOP *** [2h 4c 8c]
mailomailo81: checks 
schani11: checks 
Jenda PS: bets $0.04
mailomailo81: folds 
schani11: folds 
Uncalled bet ($0.04) returned to Jenda PS
Jenda PS collected $0.06 from pot
*** SUMMARY ***
Total pot $0.06 | Rake $0 
Board [2h 4c 8c]
Seat 1: mailomailo81 (small blind) folded on the Flop
Seat 2: schani11 (big blind) folded on the Flop
Seat 3: wally1954 folded before Flop (didn't bet)
Seat 4: Juagonzalez folded before Flop (didn't bet)
Seat 5: Dorex2007 folded before Flop (didn't bet)
Seat 6: Crappz folded before Flop (didn't bet)
Seat 7: superjet888 folded before Flop (didn't bet)
Seat 8: EL MOSTROSO folded before Flop (didn't bet)
Seat 9: Jenda PS (button) collected ($0.06)



PokerStars Hand #223699935407:  Hold'em No Limit ($0.01/$0.02 USD) - 2021/02/11 14:38:02 PT [2021/02/11 17:38:02 ET]
Table 'Josephina II' 9-max Seat #1 is the button
Seat 1: mailomailo81 ($5 in chips) 
Seat 2: schani11 ($3.44 in chips) 
Seat 3: wally1954 ($1.58 in chips) 
Seat 4: Juagonzalez ($2.26 in chips) 
Seat 5: Dorex2007 ($1.71 in chips) 
Seat 6: Crappz ($2.01 in chips) 
Seat 7: superjet888 ($2.91 in chips) 
Seat 8: EL MOSTROSO ($0.92 in chips) 
Seat 9: Jenda PS ($0.71 in chips) 
schani11: posts small blind $0.01
wally1954: posts big blind $0.02
*** HOLE CARDS ***
Dealt to Dorex2007 [4s Kd]
Juagonzalez: folds 
Juagonzalez leaves the table
Dorex2007: folds 
Crappz: folds 
superjet888: folds 
EL MOSTROSO: folds 
Jenda PS: calls $0.02
mailomailo81: folds 
schani11: folds 
wally1954: checks 
*** FLOP *** [7h Qc 8s]
markoreyda joins the table at seat #4 
markoreyda leaves the table
wally1954: bets $0.05
Jenda PS is disconnected 
Jenda PS has timed out while disconnected
Jenda PS: folds 
Uncalled bet ($0.05) returned to wally1954
wally1954 collected $0.05 from pot
wally1954: doesn't show hand 
*** SUMMARY ***
Total pot $0.05 | Rake $0 
Board [7h Qc 8s]
Seat 1: mailomailo81 (button) folded before Flop (didn't bet)
Seat 2: schani11 (small blind) folded before Flop
Seat 3: wally1954 (big blind) collected ($0.05)
Seat 4: Juagonzalez folded before Flop (didn't bet)
Seat 5: Dorex2007 folded before Flop (didn't bet)
Seat 6: Crappz folded before Flop (didn't bet)
Seat 7: superjet888 folded before Flop (didn't bet)
Seat 8: EL MOSTROSO folded before Flop (didn't bet)
Seat 9: Jenda PS folded on the Flop



PokerStars Hand #223699990153:  Hold'em No Limit ($0.01/$0.02 USD) - 2021/02/11 14:39:22 PT [2021/02/11 17:39:22 ET]
Table 'Josephina II' 9-max Seat #2 is the button
Seat 1: mailomailo81 ($5 in chips) 
Seat 2: schani11 ($3.43 in chips) 
Seat 3: wally1954 ($1.61 in chips) 
Seat 5: Dorex2007 ($1.71 in chips) 
Seat 6: Crappz ($2.01 in chips) 
Seat 7: superjet888 ($2.91 in chips) 
Seat 8: EL MOSTROSO ($0.92 in chips) 
wally1954: posts small blind $0.01
Dorex2007: posts big blind $0.02
*** HOLE CARDS ***
Dealt to Dorex2007 [Qh As]
Crappz: folds 
superjet888: folds 
EL MOSTROSO: folds 
mailomailo81: folds 
mailomailo81 leaves the table
schani11: folds 
wally1954: folds 
Uncalled bet ($0.01) returned to Dorex2007
Dorex2007 collected $0.02 from pot
Dorex2007: doesn't show hand 
*** SUMMARY ***
Total pot $0.02 | Rake $0 
Seat 1: mailomailo81 folded before Flop (didn't bet)
Seat 2: schani11 (button) folded before Flop (didn't bet)
Seat 3: wally1954 (small blind) folded before Flop
Seat 5: Dorex2007 (big blind) collected ($0.02)
Seat 6: Crappz folded before Flop (didn't bet)
Seat 7: superjet888 folded before Flop (didn't bet)
Seat 8: EL MOSTROSO folded before Flop (didn't bet)



PokerStars Hand #223699999204:  Hold'em No Limit ($0.01/$0.02 USD) - 2021/02/11 14:39:35 PT [2021/02/11 17:39:35 ET]
Table 'Josephina II' 9-max Seat #3 is the button
Seat 2: schani11 ($3.43 in chips) 
Seat 3: wally1954 ($1.60 in chips) 
Seat 5: Dorex2007 ($1.72 in chips) 
Seat 6: Crappz ($2.01 in chips) 
Seat 7: superjet888 ($2.91 in chips) 
Seat 8: EL MOSTROSO ($0.92 in chips) 
Dorex2007: posts small blind $0.01
Crappz: posts big blind $0.02
*** HOLE CARDS ***
Dealt to Dorex2007 [Kd Ts]
superjet888: folds 
EL MOSTROSO: folds 
schani11: folds 
wally1954: folds 
Dorex2007: raises $0.04 to $0.06
superjet888 leaves the table
Crappz: folds 
Uncalled bet ($0.04) returned to Dorex2007
Dorex2007 collected $0.04 from pot
Dorex2007: doesn't show hand 
*** SUMMARY ***
Total pot $0.04 | Rake $0 
Seat 2: schani11 folded before Flop (didn't bet)
Seat 3: wally1954 (button) folded before Flop (didn't bet)
Seat 5: Dorex2007 (small blind) collected ($0.04)
Seat 6: Crappz (big blind) folded before Flop
Seat 7: superjet888 folded before Flop (didn't bet)
Seat 8: EL MOSTROSO folded before Flop (didn't bet)



PokerStars Hand #223700017233:  Hold'em No Limit ($0.01/$0.02 USD) - 2021/02/11 14:40:02 PT [2021/02/11 17:40:02 ET]
Table 'Josephina II' 9-max Seat #5 is the button
Seat 2: schani11 ($3.43 in chips) 
Seat 3: wally1954 ($1.60 in chips) 
Seat 5: Dorex2007 ($1.74 in chips) 
Seat 6: Crappz ($2 in chips) 
Seat 8: EL MOSTROSO ($0.92 in chips) 
Seat 9: Jenda PS ($0.69 in chips) 
Crappz: posts small blind $0.01
EL MOSTROSO: posts big blind $0.02
*** HOLE CARDS ***
Dealt to Dorex2007 [6h 7d]
Jenda PS: folds 
schani11: folds 
wally1954: folds 
Dorex2007: folds 
Crappz: raises $0.04 to $0.06
EL MOSTROSO: calls $0.04
*** FLOP *** [As 3d 7s]
Crappz: bets $0.08
EL MOSTROSO: folds 
Uncalled bet ($0.08) returned to Crappz
Crappz collected $0.12 from pot
Crappz: doesn't show hand 
*** SUMMARY ***
Total pot $0.12 | Rake $0 
Board [As 3d 7s]
Seat 2: schani11 folded before Flop (didn't bet)
Seat 3: wally1954 folded before Flop (didn't bet)
Seat 5: Dorex2007 (button) folded before Flop (didn't bet)
Seat 6: Crappz (small blind) collected ($0.12)
Seat 8: EL MOSTROSO (big blind) folded on the Flop
Seat 9: Jenda PS folded before Flop (didn't bet)



PokerStars Hand #223700037943:  Hold'em No Limit ($0.01/$0.02 USD) - 2021/02/11 14:40:32 PT [2021/02/11 17:40:32 ET]
Table 'Josephina II' 9-max Seat #6 is the button
Seat 2: schani11 ($3.43 in chips) 
Seat 3: wally1954 ($1.60 in chips) 
Seat 5: Dorex2007 ($1.74 in chips) 
Seat 6: Crappz ($2.06 in chips) 
Seat 8: EL MOSTROSO ($0.86 in chips) 
Seat 9: Jenda PS ($0.69 in chips) 
EL MOSTROSO: posts small blind $0.01
Jenda PS: posts big blind $0.02
*** HOLE CARDS ***
Dealt to Dorex2007 [Kc Ac]
schani11 has timed out
schani11: folds 
wally1954: folds 
Dorex2007: raises $0.06 to $0.08
Crappz: folds 
EL MOSTROSO: folds 
Jenda PS: folds 
Uncalled bet ($0.06) returned to Dorex2007
Dorex2007 collected $0.05 from pot
Dorex2007: doesn't show hand 
*** SUMMARY ***
Total pot $0.05 | Rake $0 
Seat 2: schani11 folded before Flop (didn't bet)
Seat 3: wally1954 folded before Flop (didn't bet)
Seat 5: Dorex2007 collected ($0.05)
Seat 6: Crappz (button) folded before Flop (didn't bet)
Seat 8: EL MOSTROSO (small blind) folded before Flop
Seat 9: Jenda PS (big blind) folded before Flop



PokerStars Hand #223700056244:  Hold'em No Limit ($0.01/$0.02 USD) - 2021/02/11 14:40:59 PT [2021/02/11 17:40:59 ET]
Table 'Josephina II' 9-max Seat #8 is the button
Seat 2: schani11 ($3.43 in chips) 
Seat 3: wally1954 ($1.60 in chips) 
Seat 5: Dorex2007 ($1.77 in chips) 
Seat 6: Crappz ($2.06 in chips) 
Seat 8: EL MOSTROSO ($0.85 in chips) 
Seat 9: Jenda PS ($0.67 in chips) 
Jenda PS: posts small blind $0.01
schani11: posts big blind $0.02
*** HOLE CARDS ***
Dealt to Dorex2007 [2d 3s]
wally1954: folds 
Dorex2007: folds 
Crappz: folds 
EL MOSTROSO: folds 
Jenda PS: calls $0.01
schani11: checks 
*** FLOP *** [9h 5h 2s]
Jenda PS: checks 
schani11: checks 
*** TURN *** [9h 5h 2s] [Ad]
Jenda PS: checks 
Crappz leaves the table
schani11: checks 
*** RIVER *** [9h 5h 2s Ad] [4h]
Jenda PS: bets $0.06
schani11: folds 
Uncalled bet ($0.06) returned to Jenda PS
Jenda PS collected $0.04 from pot
*** SUMMARY ***
Total pot $0.04 | Rake $0 
Board [9h 5h 2s Ad 4h]
Seat 2: schani11 (big blind) folded on the River
Seat 3: wally1954 folded before Flop (didn't bet)
Seat 5: Dorex2007 folded before Flop (didn't bet)
Seat 6: Crappz folded before Flop (didn't bet)
Seat 8: EL MOSTROSO (button) folded before Flop (didn't bet)
Seat 9: Jenda PS (small blind) collected ($0.04)



