PokerStars Hand #223866809424:  Hold'em No Limit ($0.01/$0.02 USD) - 2021/02/15 18:47:32 PT [2021/02/15 21:47:32 ET]
Table 'Irenaea V' 9-max Seat #7 is the button
Seat 1: Twisted369 ($1.58 in chips) 
Seat 2: TIQM ($1.95 in chips) 
Seat 3: scussin ($2.18 in chips) 
Seat 4: Pauloohtb ($0.58 in chips) 
Seat 5: linns2 ($3.17 in chips) 
Seat 6: Dorex2007 ($1.50 in chips) 
Seat 7: POLLO ISRA75 ($1.38 in chips) 
Seat 8: marc633 ($0.86 in chips) 
Seat 9: coolDadJimbo ($3.82 in chips) 
marc633: posts small blind $0.01
coolDadJimbo: posts big blind $0.02
Dorex2007: posts big blind $0.02
*** HOLE CARDS ***
Dealt to Dorex2007 [9c Kc]
Twisted369: folds 
TIQM: folds 
scussin: folds 
Pauloohtb: folds 
linns2: folds 
Dorex2007: checks 
POLLO ISRA75: folds 
marc633: folds 
coolDadJimbo: checks 
*** FLOP *** [Qs 5h Qh]
coolDadJimbo: checks 
Dorex2007: checks 
*** TURN *** [Qs 5h Qh] [Js]
coolDadJimbo: checks 
Dorex2007: checks 
*** RIVER *** [Qs 5h Qh Js] [Ks]
scussin is disconnected 
coolDadJimbo: checks 
Dorex2007: checks 
*** SHOW DOWN ***
coolDadJimbo: shows [7h 9h] (a pair of Queens)
Dorex2007: shows [9c Kc] (two pair, Kings and Queens)
Dorex2007 collected $0.05 from pot
*** SUMMARY ***
Total pot $0.05 | Rake $0 
Board [Qs 5h Qh Js Ks]
Seat 1: Twisted369 folded before Flop (didn't bet)
Seat 2: TIQM folded before Flop (didn't bet)
Seat 3: scussin folded before Flop (didn't bet)
Seat 4: Pauloohtb folded before Flop (didn't bet)
Seat 5: linns2 folded before Flop (didn't bet)
Seat 6: Dorex2007 showed [9c Kc] and won ($0.05) with two pair, Kings and Queens
Seat 7: POLLO ISRA75 (button) folded before Flop (didn't bet)
Seat 8: marc633 (small blind) folded before Flop
Seat 9: coolDadJimbo (big blind) showed [7h 9h] and lost with a pair of Queens



PokerStars Hand #223866827156:  Hold'em No Limit ($0.01/$0.02 USD) - 2021/02/15 18:48:28 PT [2021/02/15 21:48:28 ET]
Table 'Irenaea V' 9-max Seat #8 is the button
Seat 1: Twisted369 ($1.58 in chips) 
Seat 2: TIQM ($1.95 in chips) 
Seat 3: scussin ($2.18 in chips) 
Seat 4: Pauloohtb ($0.58 in chips) 
Seat 5: linns2 ($3.17 in chips) 
Seat 6: Dorex2007 ($1.53 in chips) 
Seat 7: POLLO ISRA75 ($1.38 in chips) 
Seat 8: marc633 ($0.85 in chips) 
Seat 9: coolDadJimbo ($3.80 in chips) 
coolDadJimbo: posts small blind $0.01
Twisted369: posts big blind $0.02
*** HOLE CARDS ***
Dealt to Dorex2007 [7c 7s]
TIQM has timed out
TIQM: folds 
scussin: folds 
Pauloohtb: folds 
linns2: folds 
Dorex2007: calls $0.02
POLLO ISRA75: folds 
marc633: folds 
coolDadJimbo: folds 
Twisted369: checks 
*** FLOP *** [6s Td 4s]
Twisted369: checks 
Dorex2007: checks 
*** TURN *** [6s Td 4s] [7d]
Twisted369: checks 
Dorex2007: bets $0.05
Twisted369: folds 
Uncalled bet ($0.05) returned to Dorex2007
Dorex2007 collected $0.05 from pot
Dorex2007: doesn't show hand 
*** SUMMARY ***
Total pot $0.05 | Rake $0 
Board [6s Td 4s 7d]
Seat 1: Twisted369 (big blind) folded on the Turn
Seat 2: TIQM folded before Flop (didn't bet)
Seat 3: scussin folded before Flop (didn't bet)
Seat 4: Pauloohtb folded before Flop (didn't bet)
Seat 5: linns2 folded before Flop (didn't bet)
Seat 6: Dorex2007 collected ($0.05)
Seat 7: POLLO ISRA75 folded before Flop (didn't bet)
Seat 8: marc633 (button) folded before Flop (didn't bet)
Seat 9: coolDadJimbo (small blind) folded before Flop



PokerStars Hand #223866840902:  Hold'em No Limit ($0.01/$0.02 USD) - 2021/02/15 18:49:11 PT [2021/02/15 21:49:11 ET]
Table 'Irenaea V' 9-max Seat #9 is the button
Seat 1: Twisted369 ($1.56 in chips) 
Seat 2: TIQM ($1.95 in chips) 
Seat 3: scussin ($2.18 in chips) 
Seat 4: Pauloohtb ($0.58 in chips) 
Seat 5: linns2 ($3.17 in chips) 
Seat 6: Dorex2007 ($1.56 in chips) 
Seat 7: POLLO ISRA75 ($1.38 in chips) 
Seat 8: marc633 ($0.85 in chips) 
Seat 9: coolDadJimbo ($3.79 in chips) 
Twisted369: posts small blind $0.01
TIQM: posts big blind $0.02
*** HOLE CARDS ***
Dealt to Dorex2007 [Ac 9c]
scussin: folds 
Pauloohtb: folds 
linns2: folds 
Dorex2007: raises $0.02 to $0.04
POLLO ISRA75: folds 
marc633: calls $0.04
coolDadJimbo: folds 
Twisted369: folds 
TIQM: folds 
*** FLOP *** [3h 7s Ah]
Dorex2007: bets $0.11
marc633: calls $0.11
*** TURN *** [3h 7s Ah] [6c]
Dorex2007: checks 
marc633: bets $0.06
Dorex2007: calls $0.06
*** RIVER *** [3h 7s Ah 6c] [3s]
Dorex2007: bets $0.43
marc633: calls $0.43
*** SHOW DOWN ***
Dorex2007: shows [Ac 9c] (two pair, Aces and Threes)
marc633: shows [As Qd] (two pair, Aces and Threes - Queen kicker)
marc633 collected $1.26 from pot
*** SUMMARY ***
Total pot $1.31 | Rake $0.05 
Board [3h 7s Ah 6c 3s]
Seat 1: Twisted369 (small blind) folded before Flop
Seat 2: TIQM (big blind) folded before Flop
Seat 3: scussin folded before Flop (didn't bet)
Seat 4: Pauloohtb folded before Flop (didn't bet)
Seat 5: linns2 folded before Flop (didn't bet)
Seat 6: Dorex2007 showed [Ac 9c] and lost with two pair, Aces and Threes
Seat 7: POLLO ISRA75 folded before Flop (didn't bet)
Seat 8: marc633 showed [As Qd] and won ($1.26) with two pair, Aces and Threes
Seat 9: coolDadJimbo (button) folded before Flop (didn't bet)



PokerStars Hand #223866869301:  Hold'em No Limit ($0.01/$0.02 USD) - 2021/02/15 18:50:34 PT [2021/02/15 21:50:34 ET]
Table 'Irenaea V' 9-max Seat #1 is the button
Seat 1: Twisted369 ($1.55 in chips) 
Seat 2: TIQM ($1.93 in chips) 
Seat 3: scussin ($2.18 in chips) 
Seat 4: Pauloohtb ($0.58 in chips) 
Seat 5: linns2 ($3.17 in chips) 
Seat 6: Dorex2007 ($0.92 in chips) 
Seat 7: POLLO ISRA75 ($1.38 in chips) 
Seat 8: marc633 ($1.47 in chips) 
Seat 9: coolDadJimbo ($3.79 in chips) 
TIQM: posts small blind $0.01
scussin: posts big blind $0.02
*** HOLE CARDS ***
Dealt to Dorex2007 [Tc Ac]
Pauloohtb: folds 
linns2: folds 
Dorex2007: calls $0.02
POLLO ISRA75: folds 
marc633: folds 
coolDadJimbo: folds 
Twisted369: calls $0.02
TIQM: folds 
scussin: checks 
*** FLOP *** [Qd Jd Th]
scussin: checks 
Dorex2007: checks 
Twisted369: bets $0.07
scussin: folds 
Dorex2007: calls $0.07
*** TURN *** [Qd Jd Th] [Ts]
Dorex2007: checks 
Twisted369: bets $0.10
Dorex2007: raises $0.40 to $0.50
Twisted369: folds 
Uncalled bet ($0.40) returned to Dorex2007
Dorex2007 collected $0.40 from pot
Dorex2007: doesn't show hand 
*** SUMMARY ***
Total pot $0.41 | Rake $0.01 
Board [Qd Jd Th Ts]
Seat 1: Twisted369 (button) folded on the Turn
Seat 2: TIQM (small blind) folded before Flop
Seat 3: scussin (big blind) folded on the Flop
Seat 4: Pauloohtb folded before Flop (didn't bet)
Seat 5: linns2 folded before Flop (didn't bet)
Seat 6: Dorex2007 collected ($0.40)
Seat 7: POLLO ISRA75 folded before Flop (didn't bet)
Seat 8: marc633 folded before Flop (didn't bet)
Seat 9: coolDadJimbo folded before Flop (didn't bet)



PokerStars Hand #223866890455:  Hold'em No Limit ($0.01/$0.02 USD) - 2021/02/15 18:51:43 PT [2021/02/15 21:51:43 ET]
Table 'Irenaea V' 9-max Seat #2 is the button
Seat 1: Twisted369 ($1.36 in chips) 
Seat 2: TIQM ($1.92 in chips) 
Seat 3: scussin ($2.16 in chips) 
Seat 4: Pauloohtb ($0.58 in chips) 
Seat 5: linns2 ($3.17 in chips) 
Seat 6: Dorex2007 ($1.13 in chips) 
Seat 7: POLLO ISRA75 ($1.38 in chips) 
Seat 8: marc633 ($1.47 in chips) 
Seat 9: coolDadJimbo ($3.79 in chips) 
scussin: posts small blind $0.01
Pauloohtb: posts big blind $0.02
*** HOLE CARDS ***
Dealt to Dorex2007 [2h 9s]
linns2: raises $0.04 to $0.06
Dorex2007: folds 
POLLO ISRA75 is disconnected 
POLLO ISRA75 has timed out while being disconnected
POLLO ISRA75: folds 
marc633: folds 
coolDadJimbo: calls $0.06
Twisted369: folds 
TIQM: folds 
scussin: folds 
Pauloohtb: calls $0.04
*** FLOP *** [Ah 9d 5s]
Pauloohtb: checks 
linns2: checks 
coolDadJimbo: checks 
*** TURN *** [Ah 9d 5s] [2c]
Pauloohtb: checks 
linns2: bets $0.18
coolDadJimbo: folds 
POLLO ISRA75 is disconnected 
Pauloohtb: folds 
Uncalled bet ($0.18) returned to linns2
linns2 collected $0.18 from pot
linns2: doesn't show hand 
*** SUMMARY ***
Total pot $0.19 | Rake $0.01 
Board [Ah 9d 5s 2c]
Seat 1: Twisted369 folded before Flop (didn't bet)
Seat 2: TIQM (button) folded before Flop (didn't bet)
Seat 3: scussin (small blind) folded before Flop
Seat 4: Pauloohtb (big blind) folded on the Turn
Seat 5: linns2 collected ($0.18)
Seat 6: Dorex2007 folded before Flop (didn't bet)
Seat 7: POLLO ISRA75 folded before Flop (didn't bet)
Seat 8: marc633 folded before Flop (didn't bet)
Seat 9: coolDadJimbo folded on the Turn



PokerStars Hand #223866916245:  Hold'em No Limit ($0.01/$0.02 USD) - 2021/02/15 18:53:08 PT [2021/02/15 21:53:08 ET]
Table 'Irenaea V' 9-max Seat #3 is the button
Seat 1: Twisted369 ($2 in chips) 
Seat 2: TIQM ($1.92 in chips) 
Seat 3: scussin ($2.15 in chips) 
Seat 4: Pauloohtb ($0.52 in chips) 
Seat 5: linns2 ($3.29 in chips) 
Seat 6: Dorex2007 ($1.13 in chips) 
Seat 8: marc633 ($1.47 in chips) 
Seat 9: coolDadJimbo ($3.73 in chips) 
Pauloohtb: posts small blind $0.01
linns2: posts big blind $0.02
*** HOLE CARDS ***
Dealt to Dorex2007 [7d 9h]
Dorex2007: folds 
marc633: calls $0.02
coolDadJimbo: folds 
Twisted369: folds 
TIQM: calls $0.02
scussin: folds 
Pauloohtb: folds 
linns2: checks 
*** FLOP *** [Ac Kd Jd]
linns2: bets $0.04
marc633: calls $0.04
TIQM: folds 
*** TURN *** [Ac Kd Jd] [3c]
linns2: checks 
marc633: bets $0.04
linns2: folds 
Uncalled bet ($0.04) returned to marc633
marc633 collected $0.14 from pot
*** SUMMARY ***
Total pot $0.15 | Rake $0.01 
Board [Ac Kd Jd 3c]
Seat 1: Twisted369 folded before Flop (didn't bet)
Seat 2: TIQM folded on the Flop
Seat 3: scussin (button) folded before Flop (didn't bet)
Seat 4: Pauloohtb (small blind) folded before Flop
Seat 5: linns2 (big blind) folded on the Turn
Seat 6: Dorex2007 folded before Flop (didn't bet)
Seat 8: marc633 collected ($0.14)
Seat 9: coolDadJimbo folded before Flop (didn't bet)



PokerStars Hand #223866953809:  Hold'em No Limit ($0.01/$0.02 USD) - 2021/02/15 18:54:24 PT [2021/02/15 21:54:24 ET]
Table 'Irenaea V' 9-max Seat #4 is the button
Seat 1: Twisted369 ($2 in chips) 
Seat 2: TIQM ($1.90 in chips) 
Seat 3: scussin ($2.15 in chips) 
Seat 4: Pauloohtb ($0.51 in chips) 
Seat 5: linns2 ($3.23 in chips) 
Seat 6: Dorex2007 ($1.13 in chips) 
Seat 7: POLLO ISRA75 ($1.38 in chips) 
Seat 8: marc633 ($1.55 in chips) 
Seat 9: coolDadJimbo ($3.73 in chips) 
linns2: posts small blind $0.01
Dorex2007: posts big blind $0.02
*** HOLE CARDS ***
Dealt to Dorex2007 [Tc 3s]
POLLO ISRA75: folds 
marc633: folds 
coolDadJimbo: folds 
Twisted369: folds 
TIQM: folds 
scussin: folds 
Pauloohtb: folds 
linns2: folds 
Uncalled bet ($0.01) returned to Dorex2007
Dorex2007 collected $0.02 from pot
Dorex2007: doesn't show hand 
*** SUMMARY ***
Total pot $0.02 | Rake $0 
Seat 1: Twisted369 folded before Flop (didn't bet)
Seat 2: TIQM folded before Flop (didn't bet)
Seat 3: scussin folded before Flop (didn't bet)
Seat 4: Pauloohtb (button) folded before Flop (didn't bet)
Seat 5: linns2 (small blind) folded before Flop
Seat 6: Dorex2007 (big blind) collected ($0.02)
Seat 7: POLLO ISRA75 folded before Flop (didn't bet)
Seat 8: marc633 folded before Flop (didn't bet)
Seat 9: coolDadJimbo folded before Flop (didn't bet)



PokerStars Hand #223866964091:  Hold'em No Limit ($0.01/$0.02 USD) - 2021/02/15 18:54:58 PT [2021/02/15 21:54:58 ET]
Table 'Irenaea V' 9-max Seat #5 is the button
Seat 1: Twisted369 ($2 in chips) 
Seat 2: TIQM ($1.90 in chips) 
Seat 3: scussin ($2.15 in chips) 
Seat 4: Pauloohtb ($0.51 in chips) 
Seat 5: linns2 ($3.22 in chips) 
Seat 6: Dorex2007 ($1.14 in chips) 
Seat 8: marc633 ($1.55 in chips) 
Seat 9: coolDadJimbo ($3.73 in chips) 
Dorex2007: posts small blind $0.01
POLLO ISRA75 has timed out
POLLO ISRA75: is sitting out 
marc633: posts big blind $0.02
*** HOLE CARDS ***
Dealt to Dorex2007 [Ad 3h]
coolDadJimbo: folds 
Twisted369: folds 
POLLO ISRA75 is disconnected 
TIQM: folds 
scussin is disconnected 
scussin has timed out while disconnected
scussin: folds 
Pauloohtb: calls $0.02
linns2: folds 
Dorex2007: calls $0.01
marc633: checks 
*** FLOP *** [Kh Tc 9d]
Dorex2007: checks 
marc633: checks 
Pauloohtb: bets $0.04
Dorex2007: folds 
marc633: folds 
Uncalled bet ($0.04) returned to Pauloohtb
Pauloohtb collected $0.06 from pot
Pauloohtb: doesn't show hand 
*** SUMMARY ***
Total pot $0.06 | Rake $0 
Board [Kh Tc 9d]
Seat 1: Twisted369 folded before Flop (didn't bet)
Seat 2: TIQM folded before Flop (didn't bet)
Seat 3: scussin folded before Flop (didn't bet)
Seat 4: Pauloohtb collected ($0.06)
Seat 5: linns2 (button) folded before Flop (didn't bet)
Seat 6: Dorex2007 (small blind) folded on the Flop
Seat 8: marc633 (big blind) folded on the Flop
Seat 9: coolDadJimbo folded before Flop (didn't bet)



PokerStars Hand #223866986900:  Hold'em No Limit ($0.01/$0.02 USD) - 2021/02/15 18:56:02 PT [2021/02/15 21:56:02 ET]
Table 'Irenaea V' 9-max Seat #6 is the button
Seat 1: Twisted369 ($2 in chips) 
Seat 2: TIQM ($1.90 in chips) 
Seat 3: scussin ($2.15 in chips) 
Seat 4: Pauloohtb ($0.55 in chips) 
Seat 5: linns2 ($3.22 in chips) 
Seat 6: Dorex2007 ($1.12 in chips) 
Seat 8: marc633 ($1.53 in chips) 
Seat 9: coolDadJimbo ($3.73 in chips) 
marc633: posts small blind $0.01
coolDadJimbo: posts big blind $0.02
*** HOLE CARDS ***
Dealt to Dorex2007 [Qc 7c]
Twisted369: folds 
TIQM has timed out
TIQM: folds 
scussin: raises $0.03 to $0.05
Pauloohtb: folds 
linns2: folds 
Dorex2007: folds 
marc633: folds 
coolDadJimbo: folds 
Uncalled bet ($0.03) returned to scussin
scussin collected $0.05 from pot
scussin: doesn't show hand 
*** SUMMARY ***
Total pot $0.05 | Rake $0 
Seat 1: Twisted369 folded before Flop (didn't bet)
Seat 2: TIQM folded before Flop (didn't bet)
Seat 3: scussin collected ($0.05)
Seat 4: Pauloohtb folded before Flop (didn't bet)
Seat 5: linns2 folded before Flop (didn't bet)
Seat 6: Dorex2007 (button) folded before Flop (didn't bet)
Seat 8: marc633 (small blind) folded before Flop
Seat 9: coolDadJimbo (big blind) folded before Flop



PokerStars Hand #223866995908:  Hold'em No Limit ($0.01/$0.02 USD) - 2021/02/15 18:56:40 PT [2021/02/15 21:56:40 ET]
Table 'Irenaea V' 9-max Seat #8 is the button
Seat 1: Twisted369 ($2 in chips) 
Seat 2: TIQM ($1.90 in chips) 
Seat 3: scussin ($2.18 in chips) 
Seat 4: Pauloohtb ($0.55 in chips) 
Seat 5: linns2 ($3.22 in chips) 
Seat 6: Dorex2007 ($1.12 in chips) 
Seat 8: marc633 ($1.52 in chips) 
Seat 9: coolDadJimbo ($3.71 in chips) 
coolDadJimbo: posts small blind $0.01
Twisted369: posts big blind $0.02
*** HOLE CARDS ***
Dealt to Dorex2007 [2c Ac]
TIQM: folds 
scussin: folds 
Pauloohtb: folds 
linns2: folds 
Dorex2007: calls $0.02
marc633: folds 
coolDadJimbo: folds 
Twisted369: checks 
*** FLOP *** [Ks 5h Ad]
Twisted369: checks 
Dorex2007: checks 
*** TURN *** [Ks 5h Ad] [Js]
Twisted369: checks 
Dorex2007: bets $0.05
Twisted369: folds 
Uncalled bet ($0.05) returned to Dorex2007
Dorex2007 collected $0.05 from pot
Dorex2007: doesn't show hand 
*** SUMMARY ***
Total pot $0.05 | Rake $0 
Board [Ks 5h Ad Js]
Seat 1: Twisted369 (big blind) folded on the Turn
Seat 2: TIQM folded before Flop (didn't bet)
Seat 3: scussin folded before Flop (didn't bet)
Seat 4: Pauloohtb folded before Flop (didn't bet)
Seat 5: linns2 folded before Flop (didn't bet)
Seat 6: Dorex2007 collected ($0.05)
Seat 8: marc633 (button) folded before Flop (didn't bet)
Seat 9: coolDadJimbo (small blind) folded before Flop



PokerStars Hand #223867004984:  Hold'em No Limit ($0.01/$0.02 USD) - 2021/02/15 18:57:19 PT [2021/02/15 21:57:19 ET]
Table 'Irenaea V' 9-max Seat #9 is the button
Seat 1: Twisted369 ($1.98 in chips) 
Seat 2: TIQM ($1.90 in chips) 
Seat 3: scussin ($2.18 in chips) 
Seat 4: Pauloohtb ($0.55 in chips) 
Seat 5: linns2 ($3.22 in chips) 
Seat 6: Dorex2007 ($1.15 in chips) 
Seat 8: marc633 ($1.52 in chips) 
Seat 9: coolDadJimbo ($3.70 in chips) 
Twisted369: posts small blind $0.01
TIQM: posts big blind $0.02
*** HOLE CARDS ***
Dealt to Dorex2007 [2d 9c]
scussin: folds 
Pauloohtb: raises $0.02 to $0.04
linns2: raises $0.02 to $0.06
Dorex2007: folds 
marc633: folds 
coolDadJimbo: folds 
Twisted369: folds 
TIQM: folds 
Pauloohtb: calls $0.02
*** FLOP *** [6h 2h Ks]
Pauloohtb: bets $0.10
linns2: folds 
Uncalled bet ($0.10) returned to Pauloohtb
Pauloohtb collected $0.14 from pot
Pauloohtb: doesn't show hand 
*** SUMMARY ***
Total pot $0.15 | Rake $0.01 
Board [6h 2h Ks]
Seat 1: Twisted369 (small blind) folded before Flop
Seat 2: TIQM (big blind) folded before Flop
Seat 3: scussin folded before Flop (didn't bet)
Seat 4: Pauloohtb collected ($0.14)
Seat 5: linns2 folded on the Flop
Seat 6: Dorex2007 folded before Flop (didn't bet)
Seat 8: marc633 folded before Flop (didn't bet)
Seat 9: coolDadJimbo (button) folded before Flop (didn't bet)



PokerStars Hand #223867014949:  Hold'em No Limit ($0.01/$0.02 USD) - 2021/02/15 18:58:01 PT [2021/02/15 21:58:01 ET]
Table 'Irenaea V' 9-max Seat #1 is the button
Seat 1: Twisted369 ($1.97 in chips) 
Seat 2: TIQM ($1.88 in chips) 
Seat 4: Pauloohtb ($0.63 in chips) 
Seat 5: linns2 ($3.16 in chips) 
Seat 6: Dorex2007 ($1.15 in chips) 
Seat 8: marc633 ($1.52 in chips) 
Seat 9: coolDadJimbo ($3.70 in chips) 
TIQM: posts small blind $0.01
scussin: is sitting out 
Pauloohtb: posts big blind $0.02
*** HOLE CARDS ***
Dealt to Dorex2007 [Qd 2h]
linns2: folds 
scussin leaves the table
Dorex2007: folds 
marc633: folds 
coolDadJimbo: folds 
Twisted369: folds 
TIQM: folds 
Uncalled bet ($0.01) returned to Pauloohtb
Pauloohtb collected $0.02 from pot
Pauloohtb: doesn't show hand 
*** SUMMARY ***
Total pot $0.02 | Rake $0 
Seat 1: Twisted369 (button) folded before Flop (didn't bet)
Seat 2: TIQM (small blind) folded before Flop
Seat 4: Pauloohtb (big blind) collected ($0.02)
Seat 5: linns2 folded before Flop (didn't bet)
Seat 6: Dorex2007 folded before Flop (didn't bet)
Seat 8: marc633 folded before Flop (didn't bet)
Seat 9: coolDadJimbo folded before Flop (didn't bet)



PokerStars Hand #223867018830:  Hold'em No Limit ($0.01/$0.02 USD) - 2021/02/15 18:58:17 PT [2021/02/15 21:58:17 ET]
Table 'Irenaea V' 9-max Seat #2 is the button
Seat 1: Twisted369 ($1.97 in chips) 
Seat 2: TIQM ($1.87 in chips) 
Seat 4: Pauloohtb ($0.64 in chips) 
Seat 5: linns2 ($3.16 in chips) 
Seat 6: Dorex2007 ($1.15 in chips) 
Seat 8: marc633 ($1.52 in chips) 
Seat 9: coolDadJimbo ($3.70 in chips) 
Pauloohtb: posts small blind $0.01
linns2: posts big blind $0.02
*** HOLE CARDS ***
Dealt to Dorex2007 [Ah 7d]
Dorex2007: folds 
imc83 joins the table at seat #3 
marc633: calls $0.02
coolDadJimbo: raises $0.04 to $0.06
Twisted369: folds 
TIQM: folds 
Pauloohtb: calls $0.05
linns2: folds 
marc633: calls $0.04
*** FLOP *** [Kd 5d 8h]
Pauloohtb: checks 
marc633: checks 
coolDadJimbo: checks 
*** TURN *** [Kd 5d 8h] [As]
Pauloohtb: bets $0.14
marc633: folds 
coolDadJimbo: calls $0.14
*** RIVER *** [Kd 5d 8h As] [2s]
Pauloohtb: bets $0.44 and is all-in
coolDadJimbo: folds 
Uncalled bet ($0.44) returned to Pauloohtb
Pauloohtb collected $0.46 from pot
Pauloohtb: doesn't show hand 
*** SUMMARY ***
Total pot $0.48 | Rake $0.02 
Board [Kd 5d 8h As 2s]
Seat 1: Twisted369 folded before Flop (didn't bet)
Seat 2: TIQM (button) folded before Flop (didn't bet)
Seat 4: Pauloohtb (small blind) collected ($0.46)
Seat 5: linns2 (big blind) folded before Flop
Seat 6: Dorex2007 folded before Flop (didn't bet)
Seat 8: marc633 folded on the Turn
Seat 9: coolDadJimbo folded on the River



PokerStars Hand #223867041495:  Hold'em No Limit ($0.01/$0.02 USD) - 2021/02/15 18:59:54 PT [2021/02/15 21:59:54 ET]
Table 'Irenaea V' 9-max Seat #4 is the button
Seat 1: Twisted369 ($1.97 in chips) 
Seat 2: TIQM ($1.87 in chips) 
Seat 3: imc83 ($1.60 in chips) 
Seat 4: Pauloohtb ($0.90 in chips) 
Seat 5: linns2 ($3.14 in chips) 
Seat 6: Dorex2007 ($1.15 in chips) 
Seat 8: marc633 ($1.46 in chips) 
Seat 9: coolDadJimbo ($3.50 in chips) 
linns2: posts small blind $0.01
Dorex2007: posts big blind $0.02
POLLO ISRA75: sits out 
imc83: posts big blind $0.02
*** HOLE CARDS ***
Dealt to Dorex2007 [Ts 5d]
marc633: folds 
coolDadJimbo: raises $0.04 to $0.06
Twisted369: folds 
TIQM: folds 
imc83: calls $0.04
Pauloohtb: folds 
linns2: folds 
Dorex2007: folds 
*** FLOP *** [Td Jh Qd]
coolDadJimbo: checks 
imc83: checks 
*** TURN *** [Td Jh Qd] [3s]
coolDadJimbo: checks 
imc83: bets $0.14
POLLO ISRA75 is disconnected 
coolDadJimbo: folds 
Uncalled bet ($0.14) returned to imc83
imc83 collected $0.14 from pot
imc83: doesn't show hand 
*** SUMMARY ***
Total pot $0.15 | Rake $0.01 
Board [Td Jh Qd 3s]
Seat 1: Twisted369 folded before Flop (didn't bet)
Seat 2: TIQM folded before Flop (didn't bet)
Seat 3: imc83 collected ($0.14)
Seat 4: Pauloohtb (button) folded before Flop (didn't bet)
Seat 5: linns2 (small blind) folded before Flop
Seat 6: Dorex2007 (big blind) folded before Flop
Seat 8: marc633 folded before Flop (didn't bet)
Seat 9: coolDadJimbo folded on the Turn



PokerStars Hand #223867053717:  Hold'em No Limit ($0.01/$0.02 USD) - 2021/02/15 19:00:42 PT [2021/02/15 22:00:42 ET]
Table 'Irenaea V' 9-max Seat #5 is the button
Seat 1: Twisted369 ($1.97 in chips) 
Seat 2: TIQM ($1.87 in chips) 
Seat 3: imc83 ($1.68 in chips) 
Seat 4: Pauloohtb ($0.90 in chips) 
Seat 5: linns2 ($3.13 in chips) 
Seat 6: Dorex2007 ($1.13 in chips) 
Seat 8: marc633 ($1.46 in chips) 
Seat 9: coolDadJimbo ($3.44 in chips) 
Dorex2007: posts small blind $0.01
POLLO ISRA75 has timed out while disconnected
POLLO ISRA75: is sitting out 
marc633: posts big blind $0.02
*** HOLE CARDS ***
Dealt to Dorex2007 [7h 4c]
coolDadJimbo: folds 
Twisted369: folds 
TIQM: folds 
imc83: raises $0.02 to $0.04
Pauloohtb: folds 
linns2: folds 
Dorex2007: folds 
marc633: folds 
Uncalled bet ($0.02) returned to imc83
imc83 collected $0.05 from pot
imc83: doesn't show hand 
*** SUMMARY ***
Total pot $0.05 | Rake $0 
Seat 1: Twisted369 folded before Flop (didn't bet)
Seat 2: TIQM folded before Flop (didn't bet)
Seat 3: imc83 collected ($0.05)
Seat 4: Pauloohtb folded before Flop (didn't bet)
Seat 5: linns2 (button) folded before Flop (didn't bet)
Seat 6: Dorex2007 (small blind) folded before Flop
Seat 8: marc633 (big blind) folded before Flop
Seat 9: coolDadJimbo folded before Flop (didn't bet)



PokerStars Hand #223867068049:  Hold'em No Limit ($0.01/$0.02 USD) - 2021/02/15 19:01:31 PT [2021/02/15 22:01:31 ET]
Table 'Irenaea V' 9-max Seat #6 is the button
Seat 1: Twisted369 ($1.97 in chips) 
Seat 2: TIQM ($1.87 in chips) 
Seat 3: imc83 ($1.71 in chips) 
Seat 4: Pauloohtb ($0.90 in chips) 
Seat 5: linns2 ($3.13 in chips) 
Seat 6: Dorex2007 ($1.12 in chips) 
Seat 8: marc633 ($1.44 in chips) 
Seat 9: coolDadJimbo ($3.44 in chips) 
marc633: posts small blind $0.01
coolDadJimbo: posts big blind $0.02
*** HOLE CARDS ***
Dealt to Dorex2007 [As 5c]
Twisted369: folds 
TIQM: folds 
imc83: calls $0.02
Pauloohtb: calls $0.02
linns2: folds 
Dorex2007: folds 
marc633: calls $0.01
coolDadJimbo: checks 
*** FLOP *** [Ah 4d 9d]
marc633: checks 
coolDadJimbo: checks 
imc83: bets $0.08
Pauloohtb: folds 
marc633: folds 
coolDadJimbo: folds 
Uncalled bet ($0.08) returned to imc83
imc83 collected $0.08 from pot
imc83: doesn't show hand 
*** SUMMARY ***
Total pot $0.08 | Rake $0 
Board [Ah 4d 9d]
Seat 1: Twisted369 folded before Flop (didn't bet)
Seat 2: TIQM folded before Flop (didn't bet)
Seat 3: imc83 collected ($0.08)
Seat 4: Pauloohtb folded on the Flop
Seat 5: linns2 folded before Flop (didn't bet)
Seat 6: Dorex2007 (button) folded before Flop (didn't bet)
Seat 8: marc633 (small blind) folded on the Flop
Seat 9: coolDadJimbo (big blind) folded on the Flop



PokerStars Hand #223867083101:  Hold'em No Limit ($0.01/$0.02 USD) - 2021/02/15 19:02:21 PT [2021/02/15 22:02:21 ET]
Table 'Irenaea V' 9-max Seat #8 is the button
Seat 1: Twisted369 ($1.97 in chips) 
Seat 2: TIQM ($1.87 in chips) 
Seat 3: imc83 ($1.77 in chips) 
Seat 4: Pauloohtb ($0.88 in chips) 
Seat 5: linns2 ($3.13 in chips) 
Seat 6: Dorex2007 ($1.12 in chips) 
Seat 8: marc633 ($1.42 in chips) 
Seat 9: coolDadJimbo ($3.42 in chips) 
coolDadJimbo: posts small blind $0.01
Twisted369: posts big blind $0.02
*** HOLE CARDS ***
Dealt to Dorex2007 [Qc Qd]
TIQM has timed out
TIQM: folds 
imc83: calls $0.02
Pauloohtb: raises $0.02 to $0.04
linns2: folds 
Dorex2007: raises $0.06 to $0.10
marc633: folds 
coolDadJimbo: calls $0.09
Twisted369: folds 
imc83: folds 
Pauloohtb: calls $0.06
*** FLOP *** [2d 3h 5d]
coolDadJimbo: checks 
Pauloohtb: checks 
Dorex2007: bets $0.33
coolDadJimbo: folds 
Pauloohtb: folds 
Uncalled bet ($0.33) returned to Dorex2007
Dorex2007 collected $0.33 from pot
Dorex2007: doesn't show hand 
*** SUMMARY ***
Total pot $0.34 | Rake $0.01 
Board [2d 3h 5d]
Seat 1: Twisted369 (big blind) folded before Flop
Seat 2: TIQM folded before Flop (didn't bet)
Seat 3: imc83 folded before Flop
Seat 4: Pauloohtb folded on the Flop
Seat 5: linns2 folded before Flop (didn't bet)
Seat 6: Dorex2007 collected ($0.33)
Seat 8: marc633 (button) folded before Flop (didn't bet)
Seat 9: coolDadJimbo (small blind) folded on the Flop



PokerStars Hand #223867107275:  Hold'em No Limit ($0.01/$0.02 USD) - 2021/02/15 19:03:41 PT [2021/02/15 22:03:41 ET]
Table 'Irenaea V' 9-max Seat #9 is the button
Seat 1: Twisted369 ($1.95 in chips) 
Seat 2: TIQM ($1.87 in chips) 
Seat 3: imc83 ($1.75 in chips) 
Seat 4: Pauloohtb ($0.78 in chips) 
Seat 5: linns2 ($3.13 in chips) 
Seat 6: Dorex2007 ($1.35 in chips) 
Seat 8: marc633 ($1.42 in chips) 
Seat 9: coolDadJimbo ($3.32 in chips) 
Twisted369: posts small blind $0.01
TIQM: posts big blind $0.02
*** HOLE CARDS ***
Dealt to Dorex2007 [3h 4h]
imc83: folds 
Pauloohtb: folds 
linns2: raises $0.04 to $0.06
Dorex2007: folds 
marc633: folds 
coolDadJimbo: calls $0.06
Twisted369: raises $0.12 to $0.18
TIQM: folds 
linns2: folds 
coolDadJimbo: folds 
Uncalled bet ($0.12) returned to Twisted369
Twisted369 collected $0.20 from pot
*** SUMMARY ***
Total pot $0.20 | Rake $0 
Seat 1: Twisted369 (small blind) collected ($0.20)
Seat 2: TIQM (big blind) folded before Flop
Seat 3: imc83 folded before Flop (didn't bet)
Seat 4: Pauloohtb folded before Flop (didn't bet)
Seat 5: linns2 folded before Flop
Seat 6: Dorex2007 folded before Flop (didn't bet)
Seat 8: marc633 folded before Flop (didn't bet)
Seat 9: coolDadJimbo (button) folded before Flop



PokerStars Hand #223867123600:  Hold'em No Limit ($0.01/$0.02 USD) - 2021/02/15 19:04:35 PT [2021/02/15 22:04:35 ET]
Table 'Irenaea V' 9-max Seat #1 is the button
Seat 1: Twisted369 ($2.09 in chips) 
Seat 2: TIQM ($1.85 in chips) 
Seat 3: imc83 ($1.75 in chips) 
Seat 4: Pauloohtb ($0.78 in chips) 
Seat 5: linns2 ($3.07 in chips) 
Seat 6: Dorex2007 ($1.35 in chips) 
Seat 8: marc633 ($1.42 in chips) 
Seat 9: coolDadJimbo ($3.26 in chips) 
TIQM: posts small blind $0.01
imc83: posts big blind $0.02
*** HOLE CARDS ***
Dealt to Dorex2007 [Th As]
Pauloohtb: folds 
linns2: folds 
linns2 leaves the table
Dorex2007: calls $0.02
marc633: folds 
coolDadJimbo: folds 
Twisted369: calls $0.02
TIQM: folds 
imc83: checks 
*** FLOP *** [Ad Kh 3d]
imc83: checks 
Dorex2007: bets $0.07
Twisted369: folds 
dealembub joins the table at seat #5 
imc83: folds 
Uncalled bet ($0.07) returned to Dorex2007
Dorex2007 collected $0.07 from pot
Dorex2007: doesn't show hand 
*** SUMMARY ***
Total pot $0.07 | Rake $0 
Board [Ad Kh 3d]
Seat 1: Twisted369 (button) folded on the Flop
Seat 2: TIQM (small blind) folded before Flop
Seat 3: imc83 (big blind) folded on the Flop
Seat 4: Pauloohtb folded before Flop (didn't bet)
Seat 5: linns2 folded before Flop (didn't bet)
Seat 6: Dorex2007 collected ($0.07)
Seat 8: marc633 folded before Flop (didn't bet)
Seat 9: coolDadJimbo folded before Flop (didn't bet)



PokerStars Hand #223867136268:  Hold'em No Limit ($0.01/$0.02 USD) - 2021/02/15 19:05:18 PT [2021/02/15 22:05:18 ET]
Table 'Irenaea V' 9-max Seat #2 is the button
Seat 1: Twisted369 ($2.07 in chips) 
Seat 2: TIQM ($1.84 in chips) 
Seat 3: imc83 ($1.73 in chips) 
Seat 4: Pauloohtb ($0.78 in chips) 
Seat 5: dealembub ($1.60 in chips) 
Seat 6: Dorex2007 ($1.40 in chips) 
Seat 8: marc633 ($1.42 in chips) 
Seat 9: coolDadJimbo ($3.26 in chips) 
imc83: posts small blind $0.01
Pauloohtb: posts big blind $0.02
dealembub: posts big blind $0.02
POLLO ISRA75: sits out 
*** HOLE CARDS ***
Dealt to Dorex2007 [3h Qh]
dealembub: checks 
Dorex2007: folds 
marc633: folds 
coolDadJimbo: folds 
Twisted369: folds 
TIQM: folds 
imc83: folds 
Pauloohtb: checks 
*** FLOP *** [Kh 2s 9s]
Pauloohtb: checks 
dealembub: checks 
*** TURN *** [Kh 2s 9s] [Td]
Pauloohtb: checks 
dealembub: checks 
*** RIVER *** [Kh 2s 9s Td] [7c]
Pauloohtb: checks 
dealembub: bets $0.05
Pauloohtb: folds 
Uncalled bet ($0.05) returned to dealembub
dealembub collected $0.05 from pot
dealembub: doesn't show hand 
*** SUMMARY ***
Total pot $0.05 | Rake $0 
Board [Kh 2s 9s Td 7c]
Seat 1: Twisted369 folded before Flop (didn't bet)
Seat 2: TIQM (button) folded before Flop (didn't bet)
Seat 3: imc83 (small blind) folded before Flop
Seat 4: Pauloohtb (big blind) folded on the River
Seat 5: dealembub collected ($0.05)
Seat 6: Dorex2007 folded before Flop (didn't bet)
Seat 8: marc633 folded before Flop (didn't bet)
Seat 9: coolDadJimbo folded before Flop (didn't bet)



PokerStars Hand #223867153417:  Hold'em No Limit ($0.01/$0.02 USD) - 2021/02/15 19:06:09 PT [2021/02/15 22:06:09 ET]
Table 'Irenaea V' 9-max Seat #3 is the button
Seat 1: Twisted369 ($2.07 in chips) 
Seat 2: TIQM ($1.84 in chips) 
Seat 3: imc83 ($1.72 in chips) 
Seat 4: Pauloohtb ($0.76 in chips) 
Seat 5: dealembub ($1.63 in chips) 
Seat 6: Dorex2007 ($1.40 in chips) 
Seat 8: marc633 ($1.42 in chips) 
Seat 9: coolDadJimbo ($3.26 in chips) 
Pauloohtb: posts small blind $0.01
dealembub: posts big blind $0.02
POLLO ISRA75: sits out 
*** HOLE CARDS ***
Dealt to Dorex2007 [8d Js]
Dorex2007: folds 
marc633: folds 
coolDadJimbo: folds 
Twisted369: folds 
TIQM has timed out
TIQM: folds 
imc83: calls $0.02
Pauloohtb: calls $0.01
dealembub: checks 
*** FLOP *** [3c 4h Tc]
Pauloohtb: checks 
dealembub: checks 
imc83: bets $0.02
Pauloohtb: folds 
dealembub: calls $0.02
*** TURN *** [3c 4h Tc] [2d]
dealembub: checks 
imc83: bets $0.10
dealembub: folds 
Uncalled bet ($0.10) returned to imc83
imc83 collected $0.10 from pot
imc83: doesn't show hand 
*** SUMMARY ***
Total pot $0.10 | Rake $0 
Board [3c 4h Tc 2d]
Seat 1: Twisted369 folded before Flop (didn't bet)
Seat 2: TIQM folded before Flop (didn't bet)
Seat 3: imc83 (button) collected ($0.10)
Seat 4: Pauloohtb (small blind) folded on the Flop
Seat 5: dealembub (big blind) folded on the Turn
Seat 6: Dorex2007 folded before Flop (didn't bet)
Seat 8: marc633 folded before Flop (didn't bet)
Seat 9: coolDadJimbo folded before Flop (didn't bet)



PokerStars Hand #223867175792:  Hold'em No Limit ($0.01/$0.02 USD) - 2021/02/15 19:07:22 PT [2021/02/15 22:07:22 ET]
Table 'Irenaea V' 9-max Seat #4 is the button
Seat 1: Twisted369 ($2.07 in chips) 
Seat 2: TIQM ($1.84 in chips) 
Seat 3: imc83 ($1.78 in chips) 
Seat 4: Pauloohtb ($0.74 in chips) 
Seat 5: dealembub ($1.59 in chips) 
Seat 6: Dorex2007 ($1.40 in chips) 
Seat 7: POLLO ISRA75 ($1.38 in chips) 
Seat 8: marc633 ($1.42 in chips) 
Seat 9: coolDadJimbo ($3.26 in chips) 
dealembub: posts small blind $0.01
Dorex2007: posts big blind $0.02
POLLO ISRA75: posts small & big blinds $0.03
*** HOLE CARDS ***
Dealt to Dorex2007 [7c As]
POLLO ISRA75: checks 
marc633: folds 
coolDadJimbo: folds 
Twisted369: folds 
TIQM has timed out
TIQM: folds 
imc83: raises $0.08 to $0.10
Pauloohtb: folds 
dealembub: folds 
Dorex2007: folds 
POLLO ISRA75: folds 
Uncalled bet ($0.08) returned to imc83
imc83 collected $0.08 from pot
imc83: doesn't show hand 
*** SUMMARY ***
Total pot $0.08 | Rake $0 
Seat 1: Twisted369 folded before Flop (didn't bet)
Seat 2: TIQM folded before Flop (didn't bet)
Seat 3: imc83 collected ($0.08)
Seat 4: Pauloohtb (button) folded before Flop (didn't bet)
Seat 5: dealembub (small blind) folded before Flop
Seat 6: Dorex2007 (big blind) folded before Flop
Seat 7: POLLO ISRA75 folded before Flop (didn't bet)
Seat 8: marc633 folded before Flop (didn't bet)
Seat 9: coolDadJimbo folded before Flop (didn't bet)



PokerStars Hand #223867195568:  Hold'em No Limit ($0.01/$0.02 USD) - 2021/02/15 19:08:14 PT [2021/02/15 22:08:14 ET]
Table 'Irenaea V' 9-max Seat #5 is the button
Seat 1: Twisted369 ($2.07 in chips) 
Seat 2: TIQM ($1.84 in chips) 
Seat 3: imc83 ($1.84 in chips) 
Seat 4: Pauloohtb ($0.74 in chips) 
Seat 5: dealembub ($1.58 in chips) 
Seat 6: Dorex2007 ($1.38 in chips) 
Seat 7: POLLO ISRA75 ($1.35 in chips) 
Seat 8: marc633 ($1.42 in chips) 
Seat 9: coolDadJimbo ($3.26 in chips) 
Dorex2007: posts small blind $0.01
POLLO ISRA75: posts big blind $0.02
*** HOLE CARDS ***
Dealt to Dorex2007 [Kd 2c]
marc633: folds 
coolDadJimbo: folds 
Twisted369: folds 
TIQM: calls $0.02
imc83: calls $0.02
Pauloohtb: raises $0.04 to $0.06
dealembub: folds 
Dorex2007: folds 
POLLO ISRA75: folds 
TIQM: calls $0.04
imc83: calls $0.04
*** FLOP *** [3c Jc 8c]
TIQM: checks 
imc83: bets $0.20
Pauloohtb: calls $0.20
TIQM: folds 
*** TURN *** [3c Jc 8c] [3h]
imc83: checks 
Pauloohtb: checks 
*** RIVER *** [3c Jc 8c 3h] [Ks]
imc83: bets $0.59
Pauloohtb: folds 
Uncalled bet ($0.59) returned to imc83
imc83 collected $0.59 from pot
imc83: doesn't show hand 
*** SUMMARY ***
Total pot $0.61 | Rake $0.02 
Board [3c Jc 8c 3h Ks]
Seat 1: Twisted369 folded before Flop (didn't bet)
Seat 2: TIQM folded on the Flop
Seat 3: imc83 collected ($0.59)
Seat 4: Pauloohtb folded on the River
Seat 5: dealembub (button) folded before Flop (didn't bet)
Seat 6: Dorex2007 (small blind) folded before Flop
Seat 7: POLLO ISRA75 (big blind) folded before Flop
Seat 8: marc633 folded before Flop (didn't bet)
Seat 9: coolDadJimbo folded before Flop (didn't bet)



PokerStars Hand #223867231167:  Hold'em No Limit ($0.01/$0.02 USD) - 2021/02/15 19:09:52 PT [2021/02/15 22:09:52 ET]
Table 'Irenaea V' 9-max Seat #6 is the button
Seat 1: Twisted369 ($2.07 in chips) 
Seat 2: TIQM ($1.78 in chips) 
Seat 3: imc83 ($2.17 in chips) 
Seat 4: Pauloohtb ($0.48 in chips) 
Seat 5: dealembub ($1.58 in chips) 
Seat 6: Dorex2007 ($1.37 in chips) 
Seat 7: POLLO ISRA75 ($1.33 in chips) 
Seat 8: marc633 ($1.42 in chips) 
Seat 9: coolDadJimbo ($3.26 in chips) 
POLLO ISRA75: posts small blind $0.01
marc633: posts big blind $0.02
*** HOLE CARDS ***
Dealt to Dorex2007 [3c Td]
coolDadJimbo: folds 
Twisted369: folds 
TIQM: folds 
imc83: raises $0.02 to $0.04
Pauloohtb: folds 
dealembub: folds 
Dorex2007: folds 
POLLO ISRA75: calls $0.03
marc633: calls $0.02
*** FLOP *** [5s Ks 7h]
POLLO ISRA75: checks 
marc633: bets $0.04
imc83: folds 
POLLO ISRA75: calls $0.04
*** TURN *** [5s Ks 7h] [9h]
POLLO ISRA75: checks 
marc633: bets $0.06
POLLO ISRA75: calls $0.06
*** RIVER *** [5s Ks 7h 9h] [9c]
POLLO ISRA75: checks 
marc633: bets $0.06
POLLO ISRA75: calls $0.06
*** SHOW DOWN ***
marc633: shows [Kh Qh] (two pair, Kings and Nines)
POLLO ISRA75: shows [Kd Qs] (two pair, Kings and Nines)
POLLO ISRA75 collected $0.21 from pot
marc633 collected $0.21 from pot
*** SUMMARY ***
Total pot $0.44 | Rake $0.02 
Board [5s Ks 7h 9h 9c]
Seat 1: Twisted369 folded before Flop (didn't bet)
Seat 2: TIQM folded before Flop (didn't bet)
Seat 3: imc83 folded on the Flop
Seat 4: Pauloohtb folded before Flop (didn't bet)
Seat 5: dealembub folded before Flop (didn't bet)
Seat 6: Dorex2007 (button) folded before Flop (didn't bet)
Seat 7: POLLO ISRA75 (small blind) showed [Kd Qs] and won ($0.21) with two pair, Kings and Nines
Seat 8: marc633 (big blind) showed [Kh Qh] and won ($0.21) with two pair, Kings and Nines
Seat 9: coolDadJimbo folded before Flop (didn't bet)



PokerStars Hand #223867263922:  Hold'em No Limit ($0.01/$0.02 USD) - 2021/02/15 19:11:41 PT [2021/02/15 22:11:41 ET]
Table 'Irenaea V' 9-max Seat #7 is the button
Seat 1: Twisted369 ($2.07 in chips) 
Seat 2: TIQM ($1.78 in chips) 
Seat 3: imc83 ($2.13 in chips) 
Seat 4: Pauloohtb ($0.48 in chips) 
Seat 5: dealembub ($1.58 in chips) 
Seat 6: Dorex2007 ($1.37 in chips) 
Seat 7: POLLO ISRA75 ($1.34 in chips) 
Seat 8: marc633 ($1.43 in chips) 
Seat 9: coolDadJimbo ($3.26 in chips) 
marc633: posts small blind $0.01
coolDadJimbo: posts big blind $0.02
*** HOLE CARDS ***
Dealt to Dorex2007 [9d Kd]
Twisted369: folds 
TIQM: folds 
imc83: folds 
Pauloohtb: folds 
dealembub: folds 
Dorex2007: calls $0.02
POLLO ISRA75: folds 
marc633: calls $0.01
coolDadJimbo: checks 
*** FLOP *** [7s 7c 2d]
marc633: checks 
coolDadJimbo: checks 
Dorex2007: checks 
*** TURN *** [7s 7c 2d] [Ac]
marc633: checks 
coolDadJimbo: bets $0.03
Dorex2007: folds 
marc633: calls $0.03
*** RIVER *** [7s 7c 2d Ac] [Kc]
marc633: bets $0.06
coolDadJimbo: calls $0.06
*** SHOW DOWN ***
marc633: shows [Ah Qh] (two pair, Aces and Sevens)
coolDadJimbo: shows [5c 9c] (a flush, Ace high)
coolDadJimbo collected $0.23 from pot
*** SUMMARY ***
Total pot $0.24 | Rake $0.01 
Board [7s 7c 2d Ac Kc]
Seat 1: Twisted369 folded before Flop (didn't bet)
Seat 2: TIQM folded before Flop (didn't bet)
Seat 3: imc83 folded before Flop (didn't bet)
Seat 4: Pauloohtb folded before Flop (didn't bet)
Seat 5: dealembub folded before Flop (didn't bet)
Seat 6: Dorex2007 folded on the Turn
Seat 7: POLLO ISRA75 (button) folded before Flop (didn't bet)
Seat 8: marc633 (small blind) showed [Ah Qh] and lost with two pair, Aces and Sevens
Seat 9: coolDadJimbo (big blind) showed [5c 9c] and won ($0.23) with a flush, Ace high



PokerStars Hand #223867282307:  Hold'em No Limit ($0.01/$0.02 USD) - 2021/02/15 19:12:43 PT [2021/02/15 22:12:43 ET]
Table 'Irenaea V' 9-max Seat #8 is the button
Seat 1: Twisted369 ($2.07 in chips) 
Seat 2: TIQM ($1.78 in chips) 
Seat 3: imc83 ($2.13 in chips) 
Seat 4: Pauloohtb ($0.48 in chips) 
Seat 5: dealembub ($1.58 in chips) 
Seat 6: Dorex2007 ($1.35 in chips) 
Seat 7: POLLO ISRA75 ($1.34 in chips) 
Seat 8: marc633 ($1.32 in chips) 
Seat 9: coolDadJimbo ($3.38 in chips) 
coolDadJimbo: posts small blind $0.01
Twisted369: posts big blind $0.02
*** HOLE CARDS ***
Dealt to Dorex2007 [6d Kh]
TIQM has timed out
TIQM: folds 
imc83: calls $0.02
Pauloohtb: folds 
dealembub: folds 
Dorex2007: folds 
POLLO ISRA75: folds 
marc633: folds 
coolDadJimbo: folds 
Twisted369: raises $0.20 to $0.22
imc83: folds 
Uncalled bet ($0.20) returned to Twisted369
Twisted369 collected $0.05 from pot
*** SUMMARY ***
Total pot $0.05 | Rake $0 
Seat 1: Twisted369 (big blind) collected ($0.05)
Seat 2: TIQM folded before Flop (didn't bet)
Seat 3: imc83 folded before Flop
Seat 4: Pauloohtb folded before Flop (didn't bet)
Seat 5: dealembub folded before Flop (didn't bet)
Seat 6: Dorex2007 folded before Flop (didn't bet)
Seat 7: POLLO ISRA75 folded before Flop (didn't bet)
Seat 8: marc633 (button) folded before Flop (didn't bet)
Seat 9: coolDadJimbo (small blind) folded before Flop



PokerStars Hand #223867293658:  Hold'em No Limit ($0.01/$0.02 USD) - 2021/02/15 19:13:22 PT [2021/02/15 22:13:22 ET]
Table 'Irenaea V' 9-max Seat #9 is the button
Seat 1: Twisted369 ($2.10 in chips) 
Seat 2: TIQM ($1.78 in chips) 
Seat 3: imc83 ($2.11 in chips) 
Seat 4: Pauloohtb ($0.48 in chips) 
Seat 5: dealembub ($1.58 in chips) 
Seat 6: Dorex2007 ($1.35 in chips) 
Seat 7: POLLO ISRA75 ($1.34 in chips) 
Seat 8: marc633 ($1.32 in chips) 
Seat 9: coolDadJimbo ($3.37 in chips) 
Twisted369: posts small blind $0.01
TIQM: posts big blind $0.02
*** HOLE CARDS ***
Dealt to Dorex2007 [9s 6d]
imc83: calls $0.02
Pauloohtb: raises $0.04 to $0.06
dealembub: calls $0.06
Dorex2007: folds 
POLLO ISRA75: folds 
marc633: folds 
coolDadJimbo: calls $0.06
Twisted369: folds 
TIQM: folds 
imc83: calls $0.04
*** FLOP *** [Kh Td Ts]
imc83: checks 
Pauloohtb: checks 
dealembub: checks 
coolDadJimbo: checks 
*** TURN *** [Kh Td Ts] [4s]
imc83: bets $0.26
Pauloohtb: raises $0.16 to $0.42 and is all-in
dealembub: folds 
coolDadJimbo: folds 
imc83: folds 
Uncalled bet ($0.16) returned to Pauloohtb
Pauloohtb collected $0.76 from pot
Pauloohtb: doesn't show hand 
*** SUMMARY ***
Total pot $0.79 | Rake $0.03 
Board [Kh Td Ts 4s]
Seat 1: Twisted369 (small blind) folded before Flop
Seat 2: TIQM (big blind) folded before Flop
Seat 3: imc83 folded on the Turn
Seat 4: Pauloohtb collected ($0.76)
Seat 5: dealembub folded on the Turn
Seat 6: Dorex2007 folded before Flop (didn't bet)
Seat 7: POLLO ISRA75 folded before Flop (didn't bet)
Seat 8: marc633 folded before Flop (didn't bet)
Seat 9: coolDadJimbo (button) folded on the Turn



PokerStars Hand #223867325928:  Hold'em No Limit ($0.01/$0.02 USD) - 2021/02/15 19:14:42 PT [2021/02/15 22:14:42 ET]
Table 'Irenaea V' 9-max Seat #1 is the button
Seat 1: Twisted369 ($2.09 in chips) 
Seat 2: TIQM ($1.76 in chips) 
Seat 3: imc83 ($1.79 in chips) 
Seat 4: Pauloohtb ($0.92 in chips) 
Seat 5: dealembub ($1.52 in chips) 
Seat 6: Dorex2007 ($1.35 in chips) 
Seat 7: POLLO ISRA75 ($1.34 in chips) 
Seat 8: marc633 ($1.32 in chips) 
Seat 9: coolDadJimbo ($3.31 in chips) 
TIQM: posts small blind $0.01
imc83: posts big blind $0.02
*** HOLE CARDS ***
Dealt to Dorex2007 [2c 9h]
Pauloohtb: folds 
dealembub: calls $0.02
Dorex2007: folds 
POLLO ISRA75: folds 
marc633: folds 
coolDadJimbo: raises $0.07 to $0.09
Twisted369: folds 
TIQM: folds 
imc83: calls $0.07
dealembub: folds 
*** FLOP *** [Jh 6h Ts]
imc83: bets $0.02
coolDadJimbo: calls $0.02
*** TURN *** [Jh 6h Ts] [8s]
imc83: bets $0.02
coolDadJimbo: calls $0.02
*** RIVER *** [Jh 6h Ts 8s] [3c]
imc83: bets $0.28
coolDadJimbo: folds 
Uncalled bet ($0.28) returned to imc83
imc83 collected $0.28 from pot
imc83: doesn't show hand 
*** SUMMARY ***
Total pot $0.29 | Rake $0.01 
Board [Jh 6h Ts 8s 3c]
Seat 1: Twisted369 (button) folded before Flop (didn't bet)
Seat 2: TIQM (small blind) folded before Flop
Seat 3: imc83 (big blind) collected ($0.28)
Seat 4: Pauloohtb folded before Flop (didn't bet)
Seat 5: dealembub folded before Flop
Seat 6: Dorex2007 folded before Flop (didn't bet)
Seat 7: POLLO ISRA75 folded before Flop (didn't bet)
Seat 8: marc633 folded before Flop (didn't bet)
Seat 9: coolDadJimbo folded on the River



PokerStars Hand #223867343651:  Hold'em No Limit ($0.01/$0.02 USD) - 2021/02/15 19:15:42 PT [2021/02/15 22:15:42 ET]
Table 'Irenaea V' 9-max Seat #2 is the button
Seat 1: Twisted369 ($2.09 in chips) 
Seat 2: TIQM ($1.75 in chips) 
Seat 3: imc83 ($1.94 in chips) 
Seat 4: Pauloohtb ($0.92 in chips) 
Seat 5: dealembub ($1.50 in chips) 
Seat 6: Dorex2007 ($1.35 in chips) 
Seat 7: POLLO ISRA75 ($1.34 in chips) 
Seat 8: marc633 ($1.32 in chips) 
Seat 9: coolDadJimbo ($3.18 in chips) 
imc83: posts small blind $0.01
Pauloohtb: posts big blind $0.02
*** HOLE CARDS ***
Dealt to Dorex2007 [2s 4c]
dealembub: raises $0.04 to $0.06
Dorex2007: folds 
POLLO ISRA75: folds 
marc633: folds 
coolDadJimbo: folds 
Twisted369: folds 
TIQM: folds 
imc83: calls $0.05
Pauloohtb: folds 
*** FLOP *** [As 7c 2d]
imc83: checks 
dealembub: bets $0.07
imc83: calls $0.07
*** TURN *** [As 7c 2d] [Qc]
imc83: checks 
dealembub: bets $0.27
imc83: folds 
Uncalled bet ($0.27) returned to dealembub
dealembub collected $0.27 from pot
dealembub: doesn't show hand 
*** SUMMARY ***
Total pot $0.28 | Rake $0.01 
Board [As 7c 2d Qc]
Seat 1: Twisted369 folded before Flop (didn't bet)
Seat 2: TIQM (button) folded before Flop (didn't bet)
Seat 3: imc83 (small blind) folded on the Turn
Seat 4: Pauloohtb (big blind) folded before Flop
Seat 5: dealembub collected ($0.27)
Seat 6: Dorex2007 folded before Flop (didn't bet)
Seat 7: POLLO ISRA75 folded before Flop (didn't bet)
Seat 8: marc633 folded before Flop (didn't bet)
Seat 9: coolDadJimbo folded before Flop (didn't bet)



PokerStars Hand #223867361154:  Hold'em No Limit ($0.01/$0.02 USD) - 2021/02/15 19:16:42 PT [2021/02/15 22:16:42 ET]
Table 'Irenaea V' 9-max Seat #3 is the button
Seat 1: Twisted369 ($2.09 in chips) 
Seat 2: TIQM ($1.75 in chips) 
Seat 3: imc83 ($1.81 in chips) 
Seat 4: Pauloohtb ($0.90 in chips) 
Seat 5: dealembub ($1.64 in chips) 
Seat 6: Dorex2007 ($1.35 in chips) 
Seat 7: POLLO ISRA75 ($1.34 in chips) 
Seat 8: marc633 ($1.32 in chips) 
Seat 9: coolDadJimbo ($3.18 in chips) 
Pauloohtb: posts small blind $0.01
dealembub: posts big blind $0.02
*** HOLE CARDS ***
Dealt to Dorex2007 [6s Th]
Dorex2007: folds 
POLLO ISRA75: folds 
marc633: folds 
coolDadJimbo: folds 
Twisted369: raises $0.05 to $0.07
TIQM: folds 
imc83: folds 
Pauloohtb: folds 
dealembub: calls $0.05
*** FLOP *** [9s 6h Jc]
dealembub: checks 
Twisted369: checks 
*** TURN *** [9s 6h Jc] [Jd]
dealembub: checks 
Twisted369: checks 
*** RIVER *** [9s 6h Jc Jd] [9d]
dealembub: checks 
Twisted369: checks 
*** SHOW DOWN ***
dealembub: shows [As 2d] (two pair, Jacks and Nines)
Twisted369: mucks hand 
dealembub collected $0.14 from pot
*** SUMMARY ***
Total pot $0.15 | Rake $0.01 
Board [9s 6h Jc Jd 9d]
Seat 1: Twisted369 mucked [Kd Qc]
Seat 2: TIQM folded before Flop (didn't bet)
Seat 3: imc83 (button) folded before Flop (didn't bet)
Seat 4: Pauloohtb (small blind) folded before Flop
Seat 5: dealembub (big blind) showed [As 2d] and won ($0.14) with two pair, Jacks and Nines
Seat 6: Dorex2007 folded before Flop (didn't bet)
Seat 7: POLLO ISRA75 folded before Flop (didn't bet)
Seat 8: marc633 folded before Flop (didn't bet)
Seat 9: coolDadJimbo folded before Flop (didn't bet)



PokerStars Hand #223867374497:  Hold'em No Limit ($0.01/$0.02 USD) - 2021/02/15 19:17:28 PT [2021/02/15 22:17:28 ET]
Table 'Irenaea V' 9-max Seat #4 is the button
Seat 1: Twisted369 ($2.02 in chips) 
Seat 2: TIQM ($1.75 in chips) 
Seat 3: imc83 ($1.81 in chips) 
Seat 4: Pauloohtb ($0.89 in chips) 
Seat 5: dealembub ($1.71 in chips) 
Seat 6: Dorex2007 ($1.35 in chips) 
Seat 7: POLLO ISRA75 ($1.34 in chips) 
Seat 8: marc633 ($1.32 in chips) 
Seat 9: coolDadJimbo ($3.18 in chips) 
dealembub: posts small blind $0.01
Dorex2007: posts big blind $0.02
*** HOLE CARDS ***
Dealt to Dorex2007 [7s Tc]
POLLO ISRA75 has timed out
POLLO ISRA75: folds 
marc633: folds 
coolDadJimbo: folds 
Twisted369: folds 
TIQM: calls $0.02
imc83: calls $0.02
Pauloohtb: calls $0.02
dealembub: folds 
Dorex2007: checks 
*** FLOP *** [6d 6s 5d]
Dorex2007: checks 
TIQM: checks 
imc83: checks 
Pauloohtb: bets $0.09
Dorex2007: folds 
TIQM: folds 
imc83: folds 
Uncalled bet ($0.09) returned to Pauloohtb
Pauloohtb collected $0.09 from pot
Pauloohtb: doesn't show hand 
*** SUMMARY ***
Total pot $0.09 | Rake $0 
Board [6d 6s 5d]
Seat 1: Twisted369 folded before Flop (didn't bet)
Seat 2: TIQM folded on the Flop
Seat 3: imc83 folded on the Flop
Seat 4: Pauloohtb (button) collected ($0.09)
Seat 5: dealembub (small blind) folded before Flop
Seat 6: Dorex2007 (big blind) folded on the Flop
Seat 7: POLLO ISRA75 folded before Flop (didn't bet)
Seat 8: marc633 folded before Flop (didn't bet)
Seat 9: coolDadJimbo folded before Flop (didn't bet)



PokerStars Hand #223867399390:  Hold'em No Limit ($0.01/$0.02 USD) - 2021/02/15 19:18:53 PT [2021/02/15 22:18:53 ET]
Table 'Irenaea V' 9-max Seat #5 is the button
Seat 1: Twisted369 ($2.02 in chips) 
Seat 2: TIQM ($1.73 in chips) 
Seat 3: imc83 ($1.79 in chips) 
Seat 4: Pauloohtb ($0.96 in chips) 
Seat 5: dealembub ($1.70 in chips) 
Seat 6: Dorex2007 ($1.33 in chips) 
Seat 7: POLLO ISRA75 ($1.34 in chips) 
Seat 8: marc633 ($1.32 in chips) 
Seat 9: coolDadJimbo ($3.18 in chips) 
Dorex2007: posts small blind $0.01
POLLO ISRA75: posts big blind $0.02
*** HOLE CARDS ***
Dealt to Dorex2007 [8s 6h]
marc633: folds 
coolDadJimbo: folds 
Twisted369: folds 
TIQM: folds 
imc83: raises $0.02 to $0.04
Pauloohtb: calls $0.04
dealembub: folds 
Dorex2007: folds 
POLLO ISRA75: calls $0.02
*** FLOP *** [8c As Kc]
POLLO ISRA75: checks 
imc83: bets $0.13
Pauloohtb: raises $0.13 to $0.26
POLLO ISRA75: folds 
imc83: raises $1.49 to $1.75 and is all-in
Pauloohtb: calls $0.66 and is all-in
Uncalled bet ($0.83) returned to imc83
*** TURN *** [8c As Kc] [3h]
*** RIVER *** [8c As Kc 3h] [3d]
*** SHOW DOWN ***
imc83: shows [Ah Ts] (two pair, Aces and Threes)
Pauloohtb: shows [Ad Ac] (a full house, Aces full of Threes)
Pauloohtb collected $1.90 from pot
*** SUMMARY ***
Total pot $1.97 | Rake $0.07 
Board [8c As Kc 3h 3d]
Seat 1: Twisted369 folded before Flop (didn't bet)
Seat 2: TIQM folded before Flop (didn't bet)
Seat 3: imc83 showed [Ah Ts] and lost with two pair, Aces and Threes
Seat 4: Pauloohtb showed [Ad Ac] and won ($1.90) with a full house, Aces full of Threes
Seat 5: dealembub (button) folded before Flop (didn't bet)
Seat 6: Dorex2007 (small blind) folded before Flop
Seat 7: POLLO ISRA75 (big blind) folded on the Flop
Seat 8: marc633 folded before Flop (didn't bet)
Seat 9: coolDadJimbo folded before Flop (didn't bet)



PokerStars Hand #223867423237:  Hold'em No Limit ($0.01/$0.02 USD) - 2021/02/15 19:20:16 PT [2021/02/15 22:20:16 ET]
Table 'Irenaea V' 9-max Seat #6 is the button
Seat 1: Twisted369 ($2.02 in chips) 
Seat 2: TIQM ($1.73 in chips) 
Seat 3: imc83 ($0.83 in chips) 
Seat 4: Pauloohtb ($1.90 in chips) 
Seat 5: dealembub ($1.70 in chips) 
Seat 6: Dorex2007 ($1.32 in chips) 
Seat 8: marc633 ($1.32 in chips) 
Seat 9: coolDadJimbo ($3.18 in chips) 
POLLO ISRA75 has timed out
POLLO ISRA75: is sitting out 
marc633: posts small blind $0.01
coolDadJimbo: posts big blind $0.02
*** HOLE CARDS ***
Dealt to Dorex2007 [Ac 4d]
Twisted369: folds 
TIQM: folds 
imc83: folds 
Pauloohtb: calls $0.02
POLLO ISRA75 is disconnected 
dealembub: calls $0.02
Dorex2007: folds 
marc633: calls $0.01
coolDadJimbo: checks 
*** FLOP *** [5s Ts 6d]
marc633: checks 
coolDadJimbo: checks 
Pauloohtb: checks 
dealembub: checks 
*** TURN *** [5s Ts 6d] [Js]
marc633: checks 
coolDadJimbo: checks 
Pauloohtb: checks 
dealembub: checks 
*** RIVER *** [5s Ts 6d Js] [8h]
marc633: checks 
coolDadJimbo: checks 
Pauloohtb: checks 
dealembub: checks 
*** SHOW DOWN ***
marc633: shows [2h Ah] (high card Ace)
coolDadJimbo: mucks hand 
Pauloohtb: shows [Jh Kd] (a pair of Jacks)
dealembub: mucks hand 
Pauloohtb collected $0.08 from pot
*** SUMMARY ***
Total pot $0.08 | Rake $0 
Board [5s Ts 6d Js 8h]
Seat 1: Twisted369 folded before Flop (didn't bet)
Seat 2: TIQM folded before Flop (didn't bet)
Seat 3: imc83 folded before Flop (didn't bet)
Seat 4: Pauloohtb showed [Jh Kd] and won ($0.08) with a pair of Jacks
Seat 5: dealembub mucked [Kh 9h]
Seat 6: Dorex2007 (button) folded before Flop (didn't bet)
Seat 8: marc633 (small blind) showed [2h Ah] and lost with high card Ace
Seat 9: coolDadJimbo (big blind) mucked [3h 9d]



PokerStars Hand #223867452419:  Hold'em No Limit ($0.01/$0.02 USD) - 2021/02/15 19:21:40 PT [2021/02/15 22:21:40 ET]
Table 'Irenaea V' 9-max Seat #8 is the button
Seat 1: Twisted369 ($2.02 in chips) 
Seat 2: TIQM ($1.73 in chips) 
Seat 3: imc83 ($0.83 in chips) 
Seat 4: Pauloohtb ($1.96 in chips) 
Seat 5: dealembub ($1.68 in chips) 
Seat 6: Dorex2007 ($1.32 in chips) 
Seat 8: marc633 ($1.30 in chips) 
Seat 9: coolDadJimbo ($3.16 in chips) 
coolDadJimbo: posts small blind $0.01
Twisted369: posts big blind $0.02
*** HOLE CARDS ***
Dealt to Dorex2007 [Qh Ts]
TIQM: folds 
imc83: calls $0.02
Pauloohtb: folds 
dealembub: calls $0.02
Dorex2007: calls $0.02
marc633: folds 
coolDadJimbo: calls $0.01
Twisted369: checks 
*** FLOP *** [3c 6s 7d]
TIQM leaves the table
POLLO ISRA75 is disconnected 
coolDadJimbo: checks 
Twisted369: checks 
imc83: checks 
dealembub: bets $0.04
Dorex2007: folds 
coolDadJimbo: calls $0.04
Twisted369: folds 
imc83: calls $0.04
*** TURN *** [3c 6s 7d] [5d]
coolDadJimbo: checks 
imc83: checks 
dealembub: checks 
*** RIVER *** [3c 6s 7d 5d] [9s]
coolDadJimbo: checks 
imc83: bets $0.21
dealembub: folds 
coolDadJimbo: folds 
Uncalled bet ($0.21) returned to imc83
imc83 collected $0.21 from pot
imc83: doesn't show hand 
*** SUMMARY ***
Total pot $0.22 | Rake $0.01 
Board [3c 6s 7d 5d 9s]
Seat 1: Twisted369 (big blind) folded on the Flop
Seat 2: TIQM folded before Flop (didn't bet)
Seat 3: imc83 collected ($0.21)
Seat 4: Pauloohtb folded before Flop (didn't bet)
Seat 5: dealembub folded on the River
Seat 6: Dorex2007 folded on the Flop
Seat 8: marc633 (button) folded before Flop (didn't bet)
Seat 9: coolDadJimbo (small blind) folded on the River



PokerStars Hand #223867476856:  Hold'em No Limit ($0.01/$0.02 USD) - 2021/02/15 19:23:06 PT [2021/02/15 22:23:06 ET]
Table 'Irenaea V' 9-max Seat #9 is the button
Seat 1: Twisted369 ($2 in chips) 
Seat 3: imc83 ($0.98 in chips) 
Seat 4: Pauloohtb ($1.96 in chips) 
Seat 5: dealembub ($1.62 in chips) 
Seat 6: Dorex2007 ($1.30 in chips) 
Seat 8: marc633 ($1.30 in chips) 
Seat 9: coolDadJimbo ($3.10 in chips) 
Twisted369: posts small blind $0.01
imc83: posts big blind $0.02
*** HOLE CARDS ***
Dealt to Dorex2007 [Kc Kh]
Pauloohtb: calls $0.02
dealembub: calls $0.02
Dorex2007: raises $0.04 to $0.06
marc633: folds 
coolDadJimbo: folds 
Twisted369: folds 
imc83: calls $0.04
Pauloohtb: folds 
dealembub: folds 
*** FLOP *** [Ah 4s 9h]
imc83: checks 
Dorex2007: checks 
*** TURN *** [Ah 4s 9h] [Qs]
POLLO ISRA75 is disconnected 
imc83: checks 
Dorex2007: bets $0.08
imc83: calls $0.08
*** RIVER *** [Ah 4s 9h Qs] [3d]
imc83: bets $0.12
Dorex2007: folds 
Uncalled bet ($0.12) returned to imc83
imc83 collected $0.32 from pot
imc83: doesn't show hand 
*** SUMMARY ***
Total pot $0.33 | Rake $0.01 
Board [Ah 4s 9h Qs 3d]
Seat 1: Twisted369 (small blind) folded before Flop
Seat 3: imc83 (big blind) collected ($0.32)
Seat 4: Pauloohtb folded before Flop
Seat 5: dealembub folded before Flop
Seat 6: Dorex2007 folded on the River
Seat 8: marc633 folded before Flop (didn't bet)
Seat 9: coolDadJimbo (button) folded before Flop (didn't bet)



PokerStars Hand #223867492563:  Hold'em No Limit ($0.01/$0.02 USD) - 2021/02/15 19:24:00 PT [2021/02/15 22:24:00 ET]
Table 'Irenaea V' 9-max Seat #1 is the button
Seat 1: Twisted369 ($1.99 in chips) 
Seat 3: imc83 ($1.16 in chips) 
Seat 4: Pauloohtb ($1.94 in chips) 
Seat 5: dealembub ($1.60 in chips) 
Seat 6: Dorex2007 ($1.16 in chips) 
Seat 8: marc633 ($1.30 in chips) 
Seat 9: coolDadJimbo ($3.10 in chips) 
imc83: posts small blind $0.01
Pauloohtb: posts big blind $0.02
*** HOLE CARDS ***
Dealt to Dorex2007 [Td 9d]
dealembub: folds 
Dorex2007: calls $0.02
marc633: folds 
coolDadJimbo: folds 
Twisted369: folds 
imc83: folds 
Pauloohtb: checks 
*** FLOP *** [Ks 8h 9c]
Pauloohtb: checks 
Dorex2007: checks 
*** TURN *** [Ks 8h 9c] [Ad]
Pauloohtb: checks 
Dorex2007: checks 
*** RIVER *** [Ks 8h 9c Ad] [5s]
Pauloohtb: checks 
Dorex2007: checks 
*** SHOW DOWN ***
Pauloohtb: shows [4d Kc] (a pair of Kings)
Dorex2007: mucks hand 
Pauloohtb collected $0.05 from pot
*** SUMMARY ***
Total pot $0.05 | Rake $0 
Board [Ks 8h 9c Ad 5s]
Seat 1: Twisted369 (button) folded before Flop (didn't bet)
Seat 3: imc83 (small blind) folded before Flop
Seat 4: Pauloohtb (big blind) showed [4d Kc] and won ($0.05) with a pair of Kings
Seat 5: dealembub folded before Flop (didn't bet)
Seat 6: Dorex2007 mucked [Td 9d]
Seat 8: marc633 folded before Flop (didn't bet)
Seat 9: coolDadJimbo folded before Flop (didn't bet)



PokerStars Hand #223867504733:  Hold'em No Limit ($0.01/$0.02 USD) - 2021/02/15 19:24:43 PT [2021/02/15 22:24:43 ET]
Table 'Irenaea V' 9-max Seat #3 is the button
Seat 1: Twisted369 ($1.99 in chips) 
Seat 3: imc83 ($1.15 in chips) 
Seat 4: Pauloohtb ($1.97 in chips) 
Seat 5: dealembub ($1.60 in chips) 
Seat 6: Dorex2007 ($1.14 in chips) 
Seat 8: marc633 ($1.30 in chips) 
Seat 9: coolDadJimbo ($3.10 in chips) 
Pauloohtb: posts small blind $0.01
dealembub: posts big blind $0.02
*** HOLE CARDS ***
Dealt to Dorex2007 [7d Kc]
Dorex2007: folds 
marc633: folds 
coolDadJimbo: folds 
Twisted369: folds 
imc83: folds 
Pauloohtb: calls $0.01
dealembub: checks 
*** FLOP *** [4c Qc 5d]
Pauloohtb: checks 
dealembub: bets $0.04
Pauloohtb: folds 
Uncalled bet ($0.04) returned to dealembub
dealembub collected $0.04 from pot
dealembub: doesn't show hand 
*** SUMMARY ***
Total pot $0.04 | Rake $0 
Board [4c Qc 5d]
Seat 1: Twisted369 folded before Flop (didn't bet)
Seat 3: imc83 (button) folded before Flop (didn't bet)
Seat 4: Pauloohtb (small blind) folded on the Flop
Seat 5: dealembub (big blind) collected ($0.04)
Seat 6: Dorex2007 folded before Flop (didn't bet)
Seat 8: marc633 folded before Flop (didn't bet)
Seat 9: coolDadJimbo folded before Flop (didn't bet)



PokerStars Hand #223867521702:  Hold'em No Limit ($0.01/$0.02 USD) - 2021/02/15 19:25:13 PT [2021/02/15 22:25:13 ET]
Table 'Irenaea V' 9-max Seat #4 is the button
Seat 1: Twisted369 ($1.99 in chips) 
Seat 3: imc83 ($1.15 in chips) 
Seat 4: Pauloohtb ($1.95 in chips) 
Seat 5: dealembub ($1.62 in chips) 
Seat 6: Dorex2007 ($1.14 in chips) 
Seat 8: marc633 ($1.30 in chips) 
Seat 9: coolDadJimbo ($3.10 in chips) 
dealembub: posts small blind $0.01
Dorex2007: posts big blind $0.02
*** HOLE CARDS ***
Dealt to Dorex2007 [3h 7s]
marc633: folds 
coolDadJimbo: folds 
Twisted369: raises $0.04 to $0.06
imc83: calls $0.06
Pauloohtb: folds 
dealembub: folds 
Dorex2007: folds 
*** FLOP *** [9d Qh 8d]
Twisted369: checks 
imc83: checks 
*** TURN *** [9d Qh 8d] [Qc]
Twisted369: checks 
imc83: checks 
*** RIVER *** [9d Qh 8d Qc] [5s]
Twisted369: checks 
imc83: checks 
*** SHOW DOWN ***
Twisted369: shows [5h 4h] (two pair, Queens and Fives)
imc83: shows [Jd 5d] (two pair, Queens and Fives - Jack kicker)
imc83 collected $0.14 from pot
*** SUMMARY ***
Total pot $0.15 | Rake $0.01 
Board [9d Qh 8d Qc 5s]
Seat 1: Twisted369 showed [5h 4h] and lost with two pair, Queens and Fives
Seat 3: imc83 showed [Jd 5d] and won ($0.14) with two pair, Queens and Fives
Seat 4: Pauloohtb (button) folded before Flop (didn't bet)
Seat 5: dealembub (small blind) folded before Flop
Seat 6: Dorex2007 (big blind) folded before Flop
Seat 8: marc633 folded before Flop (didn't bet)
Seat 9: coolDadJimbo folded before Flop (didn't bet)



PokerStars Hand #223867533690:  Hold'em No Limit ($0.01/$0.02 USD) - 2021/02/15 19:25:56 PT [2021/02/15 22:25:56 ET]
Table 'Irenaea V' 9-max Seat #5 is the button
Seat 1: Twisted369 ($1.93 in chips) 
Seat 3: imc83 ($1.23 in chips) 
Seat 4: Pauloohtb ($1.95 in chips) 
Seat 5: dealembub ($1.61 in chips) 
Seat 6: Dorex2007 ($1.12 in chips) 
Seat 8: marc633 ($1.30 in chips) 
Seat 9: coolDadJimbo ($3.10 in chips) 
Dorex2007: posts small blind $0.01
marc633: posts big blind $0.02
*** HOLE CARDS ***
Dealt to Dorex2007 [Ks Ts]
coolDadJimbo: folds 
Twisted369: folds 
imc83: calls $0.02
Pauloohtb: folds 
dealembub: folds 
Dorex2007: raises $0.04 to $0.06
marc633: folds 
imc83: calls $0.04
*** FLOP *** [3d Qh 8h]
Dorex2007: bets $0.14
imc83: folds 
Uncalled bet ($0.14) returned to Dorex2007
Dorex2007 collected $0.14 from pot
Dorex2007: doesn't show hand 
*** SUMMARY ***
Total pot $0.14 | Rake $0 
Board [3d Qh 8h]
Seat 1: Twisted369 folded before Flop (didn't bet)
Seat 3: imc83 folded on the Flop
Seat 4: Pauloohtb folded before Flop (didn't bet)
Seat 5: dealembub (button) folded before Flop (didn't bet)
Seat 6: Dorex2007 (small blind) collected ($0.14)
Seat 8: marc633 (big blind) folded before Flop
Seat 9: coolDadJimbo folded before Flop (didn't bet)



PokerStars Hand #223867544241:  Hold'em No Limit ($0.01/$0.02 USD) - 2021/02/15 19:26:34 PT [2021/02/15 22:26:34 ET]
Table 'Irenaea V' 9-max Seat #6 is the button
Seat 1: Twisted369 ($1.93 in chips) 
Seat 3: imc83 ($1.17 in chips) 
Seat 4: Pauloohtb ($1.95 in chips) 
Seat 5: dealembub ($1.61 in chips) 
Seat 6: Dorex2007 ($1.20 in chips) 
Seat 8: marc633 ($1.28 in chips) 
Seat 9: coolDadJimbo ($3.10 in chips) 
marc633: posts small blind $0.01
coolDadJimbo: posts big blind $0.02
*** HOLE CARDS ***
Dealt to Dorex2007 [7s 5s]
Twisted369: folds 
imc83: calls $0.02
Pauloohtb: folds 
dealembub: folds 
Dorex2007: folds 
marc633: calls $0.01
coolDadJimbo: checks 
*** FLOP *** [Ad 3s 5d]
marc633: checks 
coolDadJimbo: checks 
imc83: checks 
*** TURN *** [Ad 3s 5d] [Jc]
marc633: checks 
coolDadJimbo: checks 
imc83: checks 
*** RIVER *** [Ad 3s 5d Jc] [Th]
marc633: bets $0.04
coolDadJimbo: calls $0.04
imc83: folds 
*** SHOW DOWN ***
marc633: shows [Kh Qh] (a straight, Ten to Ace)
tsutomu.t joins the table at seat #2 
coolDadJimbo: mucks hand 
marc633 collected $0.14 from pot
*** SUMMARY ***
Total pot $0.14 | Rake $0 
Board [Ad 3s 5d Jc Th]
Seat 1: Twisted369 folded before Flop (didn't bet)
Seat 3: imc83 folded on the River
Seat 4: Pauloohtb folded before Flop (didn't bet)
Seat 5: dealembub folded before Flop (didn't bet)
Seat 6: Dorex2007 (button) folded before Flop (didn't bet)
Seat 8: marc633 (small blind) showed [Kh Qh] and won ($0.14) with a straight, Ten to Ace
Seat 9: coolDadJimbo (big blind) mucked [Ah 8s]



PokerStars Hand #223867575775:  Hold'em No Limit ($0.01/$0.02 USD) - 2021/02/15 19:27:55 PT [2021/02/15 22:27:55 ET]
Table 'Irenaea V' 9-max Seat #8 is the button
Seat 1: Twisted369 ($1.93 in chips) 
Seat 3: imc83 ($1.15 in chips) 
Seat 4: Pauloohtb ($1.95 in chips) 
Seat 5: dealembub ($1.61 in chips) 
Seat 6: Dorex2007 ($1.20 in chips) 
Seat 8: marc633 ($1.36 in chips) 
Seat 9: coolDadJimbo ($3.04 in chips) 
coolDadJimbo: posts small blind $0.01
Twisted369: posts big blind $0.02
tsutomu.t: sits out 
*** HOLE CARDS ***
Dealt to Dorex2007 [7c Kd]
imc83: folds 
Pauloohtb: folds 
dealembub: folds 
Dorex2007: folds 
marc633: calls $0.02
coolDadJimbo: folds 
Twisted369: checks 
*** FLOP *** [7s Qs 7h]
Twisted369: checks 
marc633: checks 
*** TURN *** [7s Qs 7h] [3s]
Twisted369: checks 
marc633: checks 
*** RIVER *** [7s Qs 7h 3s] [Ah]
Twisted369: checks 
marc633: bets $0.04
Twisted369: folds 
Uncalled bet ($0.04) returned to marc633
marc633 collected $0.05 from pot
*** SUMMARY ***
Total pot $0.05 | Rake $0 
Board [7s Qs 7h 3s Ah]
Seat 1: Twisted369 (big blind) folded on the River
Seat 3: imc83 folded before Flop (didn't bet)
Seat 4: Pauloohtb folded before Flop (didn't bet)
Seat 5: dealembub folded before Flop (didn't bet)
Seat 6: Dorex2007 folded before Flop (didn't bet)
Seat 8: marc633 (button) collected ($0.05)
Seat 9: coolDadJimbo (small blind) folded before Flop



PokerStars Hand #223867589614:  Hold'em No Limit ($0.01/$0.02 USD) - 2021/02/15 19:28:45 PT [2021/02/15 22:28:45 ET]
Table 'Irenaea V' 9-max Seat #9 is the button
Seat 1: Twisted369 ($1.91 in chips) 
Seat 2: tsutomu.t ($1.60 in chips) 
Seat 3: imc83 ($1.15 in chips) 
Seat 4: Pauloohtb ($1.95 in chips) 
Seat 5: dealembub ($1.61 in chips) 
Seat 6: Dorex2007 ($1.20 in chips) 
Seat 8: marc633 ($1.39 in chips) 
Seat 9: coolDadJimbo ($3.03 in chips) 
Twisted369: posts small blind $0.01
tsutomu.t: posts big blind $0.02
*** HOLE CARDS ***
Dealt to Dorex2007 [Jc 5c]
imc83: folds 
Pauloohtb: folds 
dealembub: folds 
Dorex2007: folds 
marc633: folds 
coolDadJimbo: raises $0.05 to $0.07
Twisted369: calls $0.06
tsutomu.t: folds 
*** FLOP *** [9s 6d Ah]
Twisted369: checks 
coolDadJimbo: checks 
*** TURN *** [9s 6d Ah] [7c]
Twisted369: checks 
coolDadJimbo: checks 
*** RIVER *** [9s 6d Ah 7c] [4h]
Twisted369: checks 
coolDadJimbo: checks 
*** SHOW DOWN ***
Twisted369: shows [Qd Kc] (high card Ace)
coolDadJimbo: mucks hand 
Twisted369 collected $0.15 from pot
*** SUMMARY ***
Total pot $0.16 | Rake $0.01 
Board [9s 6d Ah 7c 4h]
Seat 1: Twisted369 (small blind) showed [Qd Kc] and won ($0.15) with high card Ace
Seat 2: tsutomu.t (big blind) folded before Flop
Seat 3: imc83 folded before Flop (didn't bet)
Seat 4: Pauloohtb folded before Flop (didn't bet)
Seat 5: dealembub folded before Flop (didn't bet)
Seat 6: Dorex2007 folded before Flop (didn't bet)
Seat 8: marc633 folded before Flop (didn't bet)
Seat 9: coolDadJimbo (button) mucked [Js Qs]



PokerStars Hand #223867602766:  Hold'em No Limit ($0.01/$0.02 USD) - 2021/02/15 19:29:32 PT [2021/02/15 22:29:32 ET]
Table 'Irenaea V' 9-max Seat #1 is the button
Seat 1: Twisted369 ($1.99 in chips) 
Seat 2: tsutomu.t ($1.58 in chips) 
Seat 3: imc83 ($1.15 in chips) 
Seat 4: Pauloohtb ($1.95 in chips) 
Seat 5: dealembub ($1.61 in chips) 
Seat 6: Dorex2007 ($1.20 in chips) 
Seat 8: marc633 ($1.39 in chips) 
Seat 9: coolDadJimbo ($2.96 in chips) 
tsutomu.t: posts small blind $0.01
imc83: posts big blind $0.02
*** HOLE CARDS ***
Dealt to Dorex2007 [9c 7c]
Pauloohtb: raises $0.02 to $0.04
dealembub: folds 
Dorex2007: folds 
marc633: folds 
coolDadJimbo: folds 
Twisted369: folds 
tsutomu.t: folds 
imc83: raises $0.02 to $0.06
Pauloohtb: calls $0.02
*** FLOP *** [Jd Ah 9h]
imc83: bets $0.02
Pauloohtb: raises $0.14 to $0.16
imc83: calls $0.14
*** TURN *** [Jd Ah 9h] [Jh]
imc83: checks 
Pauloohtb: checks 
*** RIVER *** [Jd Ah 9h Jh] [5h]
imc83: bets $0.20
Pauloohtb: folds 
Uncalled bet ($0.20) returned to imc83
imc83 collected $0.43 from pot
imc83: doesn't show hand 
*** SUMMARY ***
Total pot $0.45 | Rake $0.02 
Board [Jd Ah 9h Jh 5h]
Seat 1: Twisted369 (button) folded before Flop (didn't bet)
Seat 2: tsutomu.t (small blind) folded before Flop
Seat 3: imc83 (big blind) collected ($0.43)
Seat 4: Pauloohtb folded on the River
Seat 5: dealembub folded before Flop (didn't bet)
Seat 6: Dorex2007 folded before Flop (didn't bet)
Seat 8: marc633 folded before Flop (didn't bet)
Seat 9: coolDadJimbo folded before Flop (didn't bet)



PokerStars Hand #223867621106:  Hold'em No Limit ($0.01/$0.02 USD) - 2021/02/15 19:30:39 PT [2021/02/15 22:30:39 ET]
Table 'Irenaea V' 9-max Seat #2 is the button
Seat 1: Twisted369 ($1.99 in chips) 
Seat 2: tsutomu.t ($1.57 in chips) 
Seat 3: imc83 ($1.36 in chips) 
Seat 4: Pauloohtb ($1.73 in chips) 
Seat 5: dealembub ($1.61 in chips) 
Seat 6: Dorex2007 ($1.20 in chips) 
Seat 8: marc633 ($1.39 in chips) 
Seat 9: coolDadJimbo ($2.96 in chips) 
imc83: posts small blind $0.01
Pauloohtb: posts big blind $0.02
*** HOLE CARDS ***
Dealt to Dorex2007 [6d 6h]
dealembub: folds 
Pauloohtb said, "acertou o flush?"
Dorex2007: raises $0.04 to $0.06
marc633: folds 
coolDadJimbo: folds 
Twisted369: folds 
tsutomu.t: calls $0.06
imc83: folds 
Pauloohtb: folds 
*** FLOP *** [4h 3h 6c]
Dorex2007: checks 
tsutomu.t: checks 
*** TURN *** [4h 3h 6c] [8s]
Dorex2007: checks 
tsutomu.t: checks 
*** RIVER *** [4h 3h 6c 8s] [Kh]
Dorex2007: bets $0.07
tsutomu.t: folds 
Uncalled bet ($0.07) returned to Dorex2007
Dorex2007 collected $0.14 from pot
Dorex2007: doesn't show hand 
*** SUMMARY ***
Total pot $0.15 | Rake $0.01 
Board [4h 3h 6c 8s Kh]
Seat 1: Twisted369 folded before Flop (didn't bet)
Seat 2: tsutomu.t (button) folded on the River
Seat 3: imc83 (small blind) folded before Flop
Seat 4: Pauloohtb (big blind) folded before Flop
Seat 5: dealembub folded before Flop (didn't bet)
Seat 6: Dorex2007 collected ($0.14)
Seat 8: marc633 folded before Flop (didn't bet)
Seat 9: coolDadJimbo folded before Flop (didn't bet)



PokerStars Hand #223867640314:  Hold'em No Limit ($0.01/$0.02 USD) - 2021/02/15 19:31:45 PT [2021/02/15 22:31:45 ET]
Table 'Irenaea V' 9-max Seat #3 is the button
Seat 1: Twisted369 ($1.99 in chips) 
Seat 2: tsutomu.t ($1.51 in chips) 
Seat 3: imc83 ($1.35 in chips) 
Seat 4: Pauloohtb ($1.71 in chips) 
Seat 5: dealembub ($1.61 in chips) 
Seat 6: Dorex2007 ($1.28 in chips) 
Seat 8: marc633 ($1.39 in chips) 
Seat 9: coolDadJimbo ($2.96 in chips) 
Pauloohtb: posts small blind $0.01
dealembub: posts big blind $0.02
*** HOLE CARDS ***
Dealt to Dorex2007 [As 9h]
Dorex2007: folds 
marc633: folds 
coolDadJimbo: folds 
Twisted369: raises $0.04 to $0.06
tsutomu.t: folds 
imc83: folds 
Pauloohtb: calls $0.05
dealembub: calls $0.04
*** FLOP *** [Kd 8h Qd]
Pauloohtb: checks 
dealembub: bets $0.09
Twisted369: folds 
Pauloohtb: calls $0.09
*** TURN *** [Kd 8h Qd] [Kc]
Pauloohtb: checks 
dealembub: checks 
*** RIVER *** [Kd 8h Qd Kc] [5d]
Pauloohtb: bets $0.18
dealembub: folds 
Uncalled bet ($0.18) returned to Pauloohtb
Pauloohtb collected $0.35 from pot
Pauloohtb: doesn't show hand 
*** SUMMARY ***
Total pot $0.36 | Rake $0.01 
Board [Kd 8h Qd Kc 5d]
Seat 1: Twisted369 folded on the Flop
Seat 2: tsutomu.t folded before Flop (didn't bet)
Seat 3: imc83 (button) folded before Flop (didn't bet)
Seat 4: Pauloohtb (small blind) collected ($0.35)
Seat 5: dealembub (big blind) folded on the River
Seat 6: Dorex2007 folded before Flop (didn't bet)
Seat 8: marc633 folded before Flop (didn't bet)
Seat 9: coolDadJimbo folded before Flop (didn't bet)



PokerStars Hand #223867652963:  Hold'em No Limit ($0.01/$0.02 USD) - 2021/02/15 19:32:31 PT [2021/02/15 22:32:31 ET]
Table 'Irenaea V' 9-max Seat #4 is the button
Seat 1: Twisted369 ($1.93 in chips) 
Seat 2: tsutomu.t ($1.51 in chips) 
Seat 3: imc83 ($1.35 in chips) 
Seat 4: Pauloohtb ($1.91 in chips) 
Seat 5: dealembub ($1.46 in chips) 
Seat 6: Dorex2007 ($1.28 in chips) 
Seat 8: marc633 ($1.39 in chips) 
Seat 9: coolDadJimbo ($2.96 in chips) 
dealembub: posts small blind $0.01
Dorex2007: posts big blind $0.02
*** HOLE CARDS ***
Dealt to Dorex2007 [Jc 2c]
marc633: folds 
coolDadJimbo: raises $0.05 to $0.07
Twisted369: folds 
tsutomu.t: folds 
imc83: folds 
Pauloohtb: calls $0.07
dealembub: calls $0.06
Dorex2007: folds 
*** FLOP *** [9c 7c Kd]
dealembub: bets $0.11
coolDadJimbo: folds 
Pauloohtb: folds 
Uncalled bet ($0.11) returned to dealembub
dealembub collected $0.22 from pot
dealembub: doesn't show hand 
*** SUMMARY ***
Total pot $0.23 | Rake $0.01 
Board [9c 7c Kd]
Seat 1: Twisted369 folded before Flop (didn't bet)
Seat 2: tsutomu.t folded before Flop (didn't bet)
Seat 3: imc83 folded before Flop (didn't bet)
Seat 4: Pauloohtb (button) folded on the Flop
Seat 5: dealembub (small blind) collected ($0.22)
Seat 6: Dorex2007 (big blind) folded before Flop
Seat 8: marc633 folded before Flop (didn't bet)
Seat 9: coolDadJimbo folded on the Flop



PokerStars Hand #223867672649:  Hold'em No Limit ($0.01/$0.02 USD) - 2021/02/15 19:33:13 PT [2021/02/15 22:33:13 ET]
Table 'Irenaea V' 9-max Seat #5 is the button
Seat 1: Twisted369 ($1.93 in chips) 
Seat 2: tsutomu.t ($1.51 in chips) 
Seat 3: imc83 ($1.35 in chips) 
Seat 4: Pauloohtb ($1.84 in chips) 
Seat 5: dealembub ($1.61 in chips) 
Seat 6: Dorex2007 ($1.26 in chips) 
Seat 8: marc633 ($1.39 in chips) 
Seat 9: coolDadJimbo ($2.89 in chips) 
Dorex2007: posts small blind $0.01
marc633: posts big blind $0.02
*** HOLE CARDS ***
Dealt to Dorex2007 [2d Kd]
coolDadJimbo: folds 
Twisted369: folds 
tsutomu.t: folds 
imc83: calls $0.02
Pauloohtb: folds 
dealembub: folds 
Dorex2007: calls $0.01
marc633: checks 
*** FLOP *** [Kc 9c 6d]
Dorex2007: bets $0.06
POLLO ISRA75 was removed from the table for failing to post
POLLO ISRA75 leaves the table
marc633: folds 
imc83: calls $0.06
*** TURN *** [Kc 9c 6d] [3h]
Dorex2007: checks 
imc83: bets $0.17
Dorex2007: folds 
Uncalled bet ($0.17) returned to imc83
imc83 collected $0.17 from pot
imc83: doesn't show hand 
*** SUMMARY ***
Total pot $0.18 | Rake $0.01 
Board [Kc 9c 6d 3h]
Seat 1: Twisted369 folded before Flop (didn't bet)
Seat 2: tsutomu.t folded before Flop (didn't bet)
Seat 3: imc83 collected ($0.17)
Seat 4: Pauloohtb folded before Flop (didn't bet)
Seat 5: dealembub (button) folded before Flop (didn't bet)
Seat 6: Dorex2007 (small blind) folded on the Turn
Seat 8: marc633 (big blind) folded on the Flop
Seat 9: coolDadJimbo folded before Flop (didn't bet)



PokerStars Hand #223867683534:  Hold'em No Limit ($0.01/$0.02 USD) - 2021/02/15 19:33:52 PT [2021/02/15 22:33:52 ET]
Table 'Irenaea V' 9-max Seat #6 is the button
Seat 1: Twisted369 ($1.93 in chips) 
Seat 2: tsutomu.t ($1.51 in chips) 
Seat 3: imc83 ($1.44 in chips) 
Seat 4: Pauloohtb ($1.84 in chips) 
Seat 5: dealembub ($1.61 in chips) 
Seat 6: Dorex2007 ($1.18 in chips) 
Seat 8: marc633 ($1.37 in chips) 
Seat 9: coolDadJimbo ($2.89 in chips) 
marc633: posts small blind $0.01
coolDadJimbo: posts big blind $0.02
*** HOLE CARDS ***
Dealt to Dorex2007 [6h Th]
Twisted369: folds 
tsutomu.t: calls $0.02
Desyatov A joins the table at seat #7 
imc83: folds 
Pauloohtb: folds 
dealembub: folds 
dealembub leaves the table
Dorex2007: folds 
marc633: calls $0.01
coolDadJimbo: raises $0.06 to $0.08
tsutomu.t: calls $0.06
marc633: folds 
*** FLOP *** [Ah 3d 8h]
coolDadJimbo: bets $0.09
tsutomu.t: calls $0.09
*** TURN *** [Ah 3d 8h] [4d]
coolDadJimbo: bets $0.18
tsutomu.t: folds 
Uncalled bet ($0.18) returned to coolDadJimbo
coolDadJimbo collected $0.35 from pot
*** SUMMARY ***
Total pot $0.36 | Rake $0.01 
Board [Ah 3d 8h 4d]
Seat 1: Twisted369 folded before Flop (didn't bet)
Seat 2: tsutomu.t folded on the Turn
Seat 3: imc83 folded before Flop (didn't bet)
Seat 4: Pauloohtb folded before Flop (didn't bet)
Seat 5: dealembub folded before Flop (didn't bet)
Seat 6: Dorex2007 (button) folded before Flop (didn't bet)
Seat 8: marc633 (small blind) folded before Flop
Seat 9: coolDadJimbo (big blind) collected ($0.35)



PokerStars Hand #223867701746:  Hold'em No Limit ($0.01/$0.02 USD) - 2021/02/15 19:34:58 PT [2021/02/15 22:34:58 ET]
Table 'Irenaea V' 9-max Seat #8 is the button
Seat 1: Twisted369 ($1.93 in chips) 
Seat 2: tsutomu.t ($1.34 in chips) 
Seat 3: imc83 ($1.44 in chips) 
Seat 4: Pauloohtb ($1.84 in chips) 
Seat 6: Dorex2007 ($1.18 in chips) 
Seat 7: Desyatov A ($2 in chips) 
Seat 8: marc633 ($1.35 in chips) 
Seat 9: coolDadJimbo ($3.07 in chips) 
coolDadJimbo: posts small blind $0.01
Twisted369: posts big blind $0.02
Desyatov A: posts big blind $0.02
*** HOLE CARDS ***
Dealt to Dorex2007 [8d 9c]
tsutomu.t: folds 
imc83: calls $0.02
Pauloohtb: folds 
Dorex2007: folds 
Desyatov A: checks 
marc633: folds 
coolDadJimbo: folds 
Twisted369: checks 
*** FLOP *** [7h Th 6d]
Twisted369: checks 
imc83: checks 
Desyatov A: bets $0.03
Twisted369: calls $0.03
imc83: calls $0.03
*** TURN *** [7h Th 6d] [Js]
Twisted369: checks 
imc83: bets $0.02
Desyatov A: calls $0.02
Twisted369: raises $0.10 to $0.12
imc83: folds 
Desyatov A: folds 
Uncalled bet ($0.10) returned to Twisted369
Twisted369 collected $0.21 from pot
*** SUMMARY ***
Total pot $0.22 | Rake $0.01 
Board [7h Th 6d Js]
Seat 1: Twisted369 (big blind) collected ($0.21)
Seat 2: tsutomu.t folded before Flop (didn't bet)
Seat 3: imc83 folded on the Turn
Seat 4: Pauloohtb folded before Flop (didn't bet)
Seat 6: Dorex2007 folded before Flop (didn't bet)
Seat 7: Desyatov A folded on the Turn
Seat 8: marc633 (button) folded before Flop (didn't bet)
Seat 9: coolDadJimbo (small blind) folded before Flop



PokerStars Hand #223867715589:  Hold'em No Limit ($0.01/$0.02 USD) - 2021/02/15 19:35:49 PT [2021/02/15 22:35:49 ET]
Table 'Irenaea V' 9-max Seat #9 is the button
Seat 1: Twisted369 ($2.07 in chips) 
Seat 2: tsutomu.t ($1.34 in chips) 
Seat 3: imc83 ($1.37 in chips) 
Seat 4: Pauloohtb ($1.84 in chips) 
Seat 6: Dorex2007 ($1.18 in chips) 
Seat 7: Desyatov A ($1.93 in chips) 
Seat 8: marc633 ($1.35 in chips) 
Seat 9: coolDadJimbo ($3.06 in chips) 
Twisted369: posts small blind $0.01
tsutomu.t: posts big blind $0.02
*** HOLE CARDS ***
Dealt to Dorex2007 [6c 5d]
imc83: calls $0.02
Pauloohtb: folds 
Dorex2007: folds 
Desyatov A: folds 
marc633: folds 
coolDadJimbo: folds 
Twisted369: raises $0.06 to $0.08
tsutomu.t: calls $0.06
imc83: calls $0.06
*** FLOP *** [8s 4d 9s]
Twisted369: checks 
tsutomu.t: checks 
imc83: bets $0.23
Twisted369: folds 
tsutomu.t: folds 
Uncalled bet ($0.23) returned to imc83
imc83 collected $0.23 from pot
imc83: doesn't show hand 
*** SUMMARY ***
Total pot $0.24 | Rake $0.01 
Board [8s 4d 9s]
Seat 1: Twisted369 (small blind) folded on the Flop
Seat 2: tsutomu.t (big blind) folded on the Flop
Seat 3: imc83 collected ($0.23)
Seat 4: Pauloohtb folded before Flop (didn't bet)
Seat 6: Dorex2007 folded before Flop (didn't bet)
Seat 7: Desyatov A folded before Flop (didn't bet)
Seat 8: marc633 folded before Flop (didn't bet)
Seat 9: coolDadJimbo (button) folded before Flop (didn't bet)



PokerStars Hand #223867730006:  Hold'em No Limit ($0.01/$0.02 USD) - 2021/02/15 19:36:42 PT [2021/02/15 22:36:42 ET]
Table 'Irenaea V' 9-max Seat #1 is the button
Seat 1: Twisted369 ($1.99 in chips) 
Seat 2: tsutomu.t ($1.26 in chips) 
Seat 3: imc83 ($1.52 in chips) 
Seat 4: Pauloohtb ($1.84 in chips) 
Seat 6: Dorex2007 ($1.18 in chips) 
Seat 7: Desyatov A ($1.93 in chips) 
Seat 8: marc633 ($1.35 in chips) 
Seat 9: coolDadJimbo ($3.06 in chips) 
tsutomu.t: posts small blind $0.01
imc83: posts big blind $0.02
*** HOLE CARDS ***
Dealt to Dorex2007 [4h 9c]
Pauloohtb: folds 
Dorex2007: folds 
Desyatov A: folds 
marc633: folds 
coolDadJimbo: folds 
Twisted369: raises $0.04 to $0.06
tsutomu.t: folds 
imc83: calls $0.04
*** FLOP *** [7c Qd 9d]
imc83: bets $0.02
Twisted369: raises $0.09 to $0.11
imc83: calls $0.09
*** TURN *** [7c Qd 9d] [3s]
imc83: bets $0.06
Twisted369: calls $0.06
*** RIVER *** [7c Qd 9d 3s] [2h]
imc83: checks 
Twisted369: checks 
*** SHOW DOWN ***
imc83: shows [Tc Jh] (high card Queen)
Twisted369: mucks hand 
imc83 collected $0.45 from pot
*** SUMMARY ***
Total pot $0.47 | Rake $0.02 
Board [7c Qd 9d 3s 2h]
Seat 1: Twisted369 (button) mucked [Td 5d]
Seat 2: tsutomu.t (small blind) folded before Flop
Seat 3: imc83 (big blind) showed [Tc Jh] and won ($0.45) with high card Queen
Seat 4: Pauloohtb folded before Flop (didn't bet)
Seat 6: Dorex2007 folded before Flop (didn't bet)
Seat 7: Desyatov A folded before Flop (didn't bet)
Seat 8: marc633 folded before Flop (didn't bet)
Seat 9: coolDadJimbo folded before Flop (didn't bet)



PokerStars Hand #223867746015:  Hold'em No Limit ($0.01/$0.02 USD) - 2021/02/15 19:37:40 PT [2021/02/15 22:37:40 ET]
Table 'Irenaea V' 9-max Seat #2 is the button
Seat 1: Twisted369 ($1.76 in chips) 
Seat 2: tsutomu.t ($1.25 in chips) 
Seat 3: imc83 ($1.74 in chips) 
Seat 4: Pauloohtb ($1.84 in chips) 
Seat 6: Dorex2007 ($1.18 in chips) 
Seat 7: Desyatov A ($1.93 in chips) 
Seat 8: marc633 ($1.35 in chips) 
Seat 9: coolDadJimbo ($3.06 in chips) 
imc83: posts small blind $0.01
Pauloohtb: posts big blind $0.02
*** HOLE CARDS ***
Dealt to Dorex2007 [3h 8c]
Dorex2007: folds 
Desyatov A: folds 
marc633: folds 
reddevils888 joins the table at seat #5 
coolDadJimbo: folds 
Twisted369: folds 
tsutomu.t: raises $0.06 to $0.08
imc83: folds 
Pauloohtb: folds 
Uncalled bet ($0.06) returned to tsutomu.t
tsutomu.t collected $0.05 from pot
tsutomu.t: doesn't show hand 
*** SUMMARY ***
Total pot $0.05 | Rake $0 
Seat 1: Twisted369 folded before Flop (didn't bet)
Seat 2: tsutomu.t (button) collected ($0.05)
Seat 3: imc83 (small blind) folded before Flop
Seat 4: Pauloohtb (big blind) folded before Flop
Seat 6: Dorex2007 folded before Flop (didn't bet)
Seat 7: Desyatov A folded before Flop (didn't bet)
Seat 8: marc633 folded before Flop (didn't bet)
Seat 9: coolDadJimbo folded before Flop (didn't bet)



PokerStars Hand #223867755839:  Hold'em No Limit ($0.01/$0.02 USD) - 2021/02/15 19:38:17 PT [2021/02/15 22:38:17 ET]
Table 'Irenaea V' 9-max Seat #3 is the button
Seat 1: Twisted369 ($1.76 in chips) 
Seat 2: tsutomu.t ($1.28 in chips) 
Seat 3: imc83 ($1.73 in chips) 
Seat 4: Pauloohtb ($1.82 in chips) 
Seat 5: reddevils888 ($1.60 in chips) 
Seat 6: Dorex2007 ($1.18 in chips) 
Seat 7: Desyatov A ($1.93 in chips) 
Seat 8: marc633 ($1.35 in chips) 
Seat 9: coolDadJimbo ($3.06 in chips) 
Pauloohtb: posts small blind $0.01
reddevils888: posts big blind $0.02
*** HOLE CARDS ***
Dealt to Dorex2007 [Td 7c]
Dorex2007: folds 
Desyatov A: folds 
marc633: folds 
coolDadJimbo: raises $0.05 to $0.07
Twisted369: folds 
tsutomu.t: folds 
imc83: folds 
Pauloohtb: folds 
reddevils888: folds 
Uncalled bet ($0.05) returned to coolDadJimbo
coolDadJimbo collected $0.05 from pot
*** SUMMARY ***
Total pot $0.05 | Rake $0 
Seat 1: Twisted369 folded before Flop (didn't bet)
Seat 2: tsutomu.t folded before Flop (didn't bet)
Seat 3: imc83 (button) folded before Flop (didn't bet)
Seat 4: Pauloohtb (small blind) folded before Flop
Seat 5: reddevils888 (big blind) folded before Flop
Seat 6: Dorex2007 folded before Flop (didn't bet)
Seat 7: Desyatov A folded before Flop (didn't bet)
Seat 8: marc633 folded before Flop (didn't bet)
Seat 9: coolDadJimbo collected ($0.05)



PokerStars Hand #223867765168:  Hold'em No Limit ($0.01/$0.02 USD) - 2021/02/15 19:38:52 PT [2021/02/15 22:38:52 ET]
Table 'Irenaea V' 9-max Seat #4 is the button
Seat 1: Twisted369 ($1.76 in chips) 
Seat 2: tsutomu.t ($1.28 in chips) 
Seat 3: imc83 ($1.73 in chips) 
Seat 4: Pauloohtb ($1.81 in chips) 
Seat 5: reddevils888 ($1.58 in chips) 
Seat 6: Dorex2007 ($1.18 in chips) 
Seat 7: Desyatov A ($1.93 in chips) 
Seat 8: marc633 ($1.35 in chips) 
Seat 9: coolDadJimbo ($3.09 in chips) 
reddevils888: posts small blind $0.01
Dorex2007: posts big blind $0.02
*** HOLE CARDS ***
Dealt to Dorex2007 [Ac Jh]
Desyatov A: folds 
marc633: folds 
coolDadJimbo: folds 
Twisted369: folds 
tsutomu.t: folds 
imc83: calls $0.02
Pauloohtb: folds 
reddevils888: calls $0.01
Dorex2007: raises $0.06 to $0.08
imc83: calls $0.06
reddevils888: calls $0.06
*** FLOP *** [8h 3c Tc]
reddevils888: checks 
Dorex2007: bets $0.23
imc83: folds 
reddevils888: raises $0.23 to $0.46
Dorex2007: calls $0.23
*** TURN *** [8h 3c Tc] [9c]
reddevils888: bets $0.56
Dorex2007: calls $0.56
*** RIVER *** [8h 3c Tc 9c] [3h]
reddevils888: bets $0.08
Dorex2007: calls $0.08 and is all-in
*** SHOW DOWN ***
reddevils888: shows [8c Jc] (a flush, Jack high)
Dorex2007: shows [Ac Jh] (a pair of Threes)
reddevils888 collected $2.35 from pot
*** SUMMARY ***
Total pot $2.44 | Rake $0.09 
Board [8h 3c Tc 9c 3h]
Seat 1: Twisted369 folded before Flop (didn't bet)
Seat 2: tsutomu.t folded before Flop (didn't bet)
Seat 3: imc83 folded on the Flop
Seat 4: Pauloohtb (button) folded before Flop (didn't bet)
Seat 5: reddevils888 (small blind) showed [8c Jc] and won ($2.35) with a flush, Jack high
Seat 6: Dorex2007 (big blind) showed [Ac Jh] and lost with a pair of Threes
Seat 7: Desyatov A folded before Flop (didn't bet)
Seat 8: marc633 folded before Flop (didn't bet)
Seat 9: coolDadJimbo folded before Flop (didn't bet)



PokerStars Hand #223867793559:  Hold'em No Limit ($0.01/$0.02 USD) - 2021/02/15 19:40:38 PT [2021/02/15 22:40:38 ET]
Table 'Irenaea V' 9-max Seat #7 is the button
Seat 1: Twisted369 ($1.76 in chips) 
Seat 2: tsutomu.t ($1.28 in chips) 
Seat 3: imc83 ($1.68 in chips) 
Seat 4: Pauloohtb ($1.81 in chips) 
Seat 5: reddevils888 ($2.75 in chips) 
Seat 6: Dorex2007 ($2 in chips) 
Seat 7: Desyatov A ($1.92 in chips) 
Seat 8: marc633 ($1.33 in chips) 
Seat 9: coolDadJimbo ($3.09 in chips) 
marc633: posts small blind $0.01
coolDadJimbo: posts big blind $0.02
Dorex2007: posts small blind $0.01
*** HOLE CARDS ***
Dealt to Dorex2007 [Ts 8h]
Twisted369: folds 
tsutomu.t: folds 
imc83: calls $0.02
Pauloohtb: folds 
reddevils888: calls $0.02
Dorex2007: folds 
Desyatov A: calls $0.02
marc633: calls $0.01
coolDadJimbo: checks 
*** FLOP *** [7h 5s 7d]
marc633: checks 
coolDadJimbo: checks 
imc83: checks 
reddevils888: checks 
Desyatov A: bets $0.05
marc633: folds 
coolDadJimbo: folds 
imc83: folds 
reddevils888: folds 
Uncalled bet ($0.05) returned to Desyatov A
Desyatov A collected $0.11 from pot
Desyatov A: doesn't show hand 
*** SUMMARY ***
Total pot $0.11 | Rake $0 
Board [7h 5s 7d]
Seat 1: Twisted369 folded before Flop (didn't bet)
Seat 2: tsutomu.t folded before Flop (didn't bet)
Seat 3: imc83 folded on the Flop
Seat 4: Pauloohtb folded before Flop (didn't bet)
Seat 5: reddevils888 folded on the Flop
Seat 6: Dorex2007 folded before Flop (didn't bet)
Seat 7: Desyatov A (button) collected ($0.11)
Seat 8: marc633 (small blind) folded on the Flop
Seat 9: coolDadJimbo (big blind) folded on the Flop



PokerStars Hand #223867821417:  Hold'em No Limit ($0.01/$0.02 USD) - 2021/02/15 19:41:47 PT [2021/02/15 22:41:47 ET]
Table 'Irenaea V' 9-max Seat #8 is the button
Seat 1: Twisted369 ($1.76 in chips) 
Seat 2: tsutomu.t ($1.28 in chips) 
Seat 3: imc83 ($1.66 in chips) 
Seat 4: Pauloohtb ($1.81 in chips) 
Seat 5: reddevils888 ($2.73 in chips) 
Seat 6: Dorex2007 ($1.99 in chips) 
Seat 7: Desyatov A ($2.01 in chips) 
Seat 8: marc633 ($1.31 in chips) 
Seat 9: coolDadJimbo ($3.07 in chips) 
coolDadJimbo: posts small blind $0.01
Twisted369: posts big blind $0.02
*** HOLE CARDS ***
Dealt to Dorex2007 [8s 2s]
tsutomu.t: folds 
imc83: calls $0.02
Pauloohtb: folds 
reddevils888: folds 
Dorex2007: folds 
Desyatov A: folds 
marc633: folds 
coolDadJimbo: folds 
Twisted369: checks 
*** FLOP *** [7h 2h Qs]
Twisted369: checks 
imc83: bets $0.05
Twisted369: folds 
Uncalled bet ($0.05) returned to imc83
imc83 collected $0.05 from pot
imc83: doesn't show hand 
*** SUMMARY ***
Total pot $0.05 | Rake $0 
Board [7h 2h Qs]
Seat 1: Twisted369 (big blind) folded on the Flop
Seat 2: tsutomu.t folded before Flop (didn't bet)
Seat 3: imc83 collected ($0.05)
Seat 4: Pauloohtb folded before Flop (didn't bet)
Seat 5: reddevils888 folded before Flop (didn't bet)
Seat 6: Dorex2007 folded before Flop (didn't bet)
Seat 7: Desyatov A folded before Flop (didn't bet)
Seat 8: marc633 (button) folded before Flop (didn't bet)
Seat 9: coolDadJimbo (small blind) folded before Flop



PokerStars Hand #223867831091:  Hold'em No Limit ($0.01/$0.02 USD) - 2021/02/15 19:42:24 PT [2021/02/15 22:42:24 ET]
Table 'Irenaea V' 9-max Seat #9 is the button
Seat 1: Twisted369 ($1.74 in chips) 
Seat 2: tsutomu.t ($1.28 in chips) 
Seat 3: imc83 ($1.69 in chips) 
Seat 4: Pauloohtb ($1.81 in chips) 
Seat 5: reddevils888 ($2.73 in chips) 
Seat 6: Dorex2007 ($1.99 in chips) 
Seat 7: Desyatov A ($2.01 in chips) 
Seat 8: marc633 ($1.31 in chips) 
Seat 9: coolDadJimbo ($3.06 in chips) 
Twisted369: posts small blind $0.01
tsutomu.t: posts big blind $0.02
*** HOLE CARDS ***
Dealt to Dorex2007 [8h Qs]
imc83: folds 
Pauloohtb: calls $0.02
reddevils888: calls $0.02
Dorex2007: folds 
Desyatov A: folds 
marc633: folds 
coolDadJimbo has timed out
coolDadJimbo: folds 
Twisted369: calls $0.01
tsutomu.t: checks 
*** FLOP *** [8d 5c 2h]
Twisted369: bets $0.04
tsutomu.t: folds 
Pauloohtb: folds 
reddevils888: calls $0.04
*** TURN *** [8d 5c 2h] [9c]
Twisted369: checks 
reddevils888: bets $0.12
Twisted369: folds 
Uncalled bet ($0.12) returned to reddevils888
reddevils888 collected $0.15 from pot
*** SUMMARY ***
Total pot $0.16 | Rake $0.01 
Board [8d 5c 2h 9c]
Seat 1: Twisted369 (small blind) folded on the Turn
Seat 2: tsutomu.t (big blind) folded on the Flop
Seat 3: imc83 folded before Flop (didn't bet)
Seat 4: Pauloohtb folded on the Flop
Seat 5: reddevils888 collected ($0.15)
Seat 6: Dorex2007 folded before Flop (didn't bet)
Seat 7: Desyatov A folded before Flop (didn't bet)
Seat 8: marc633 folded before Flop (didn't bet)
Seat 9: coolDadJimbo (button) folded before Flop (didn't bet)



PokerStars Hand #223867847834:  Hold'em No Limit ($0.01/$0.02 USD) - 2021/02/15 19:43:27 PT [2021/02/15 22:43:27 ET]
Table 'Irenaea V' 9-max Seat #1 is the button
Seat 1: Twisted369 ($1.68 in chips) 
Seat 2: tsutomu.t ($1.26 in chips) 
Seat 3: imc83 ($1.69 in chips) 
Seat 4: Pauloohtb ($1.79 in chips) 
Seat 5: reddevils888 ($2.82 in chips) 
Seat 6: Dorex2007 ($1.99 in chips) 
Seat 7: Desyatov A ($2.01 in chips) 
Seat 8: marc633 ($1.31 in chips) 
Seat 9: coolDadJimbo ($3.06 in chips) 
tsutomu.t: posts small blind $0.01
imc83: posts big blind $0.02
*** HOLE CARDS ***
Dealt to Dorex2007 [2s Qd]
Pauloohtb has timed out
Pauloohtb: folds 
reddevils888: folds 
Dorex2007: folds 
Desyatov A: folds 
marc633: folds 
coolDadJimbo: folds 
Twisted369: raises $0.04 to $0.06
tsutomu.t: folds 
imc83: calls $0.04
*** FLOP *** [5c 8h Qh]
imc83: bets $0.04
Twisted369: calls $0.04
*** TURN *** [5c 8h Qh] [5h]
imc83: bets $0.20
Twisted369: folds 
Uncalled bet ($0.20) returned to imc83
imc83 collected $0.20 from pot
imc83: doesn't show hand 
*** SUMMARY ***
Total pot $0.21 | Rake $0.01 
Board [5c 8h Qh 5h]
Seat 1: Twisted369 (button) folded on the Turn
Seat 2: tsutomu.t (small blind) folded before Flop
Seat 3: imc83 (big blind) collected ($0.20)
Seat 4: Pauloohtb folded before Flop (didn't bet)
Seat 5: reddevils888 folded before Flop (didn't bet)
Seat 6: Dorex2007 folded before Flop (didn't bet)
Seat 7: Desyatov A folded before Flop (didn't bet)
Seat 8: marc633 folded before Flop (didn't bet)
Seat 9: coolDadJimbo folded before Flop (didn't bet)



PokerStars Hand #223867860388:  Hold'em No Limit ($0.01/$0.02 USD) - 2021/02/15 19:44:16 PT [2021/02/15 22:44:16 ET]
Table 'Irenaea V' 9-max Seat #2 is the button
Seat 1: Twisted369 ($1.58 in chips) 
Seat 2: tsutomu.t ($1.25 in chips) 
Seat 3: imc83 ($1.79 in chips) 
Seat 4: Pauloohtb ($1.79 in chips) 
Seat 5: reddevils888 ($2.82 in chips) 
Seat 6: Dorex2007 ($1.99 in chips) 
Seat 7: Desyatov A ($2.01 in chips) 
Seat 8: marc633 ($1.31 in chips) 
Seat 9: coolDadJimbo ($3.06 in chips) 
imc83: posts small blind $0.01
Pauloohtb: posts big blind $0.02
*** HOLE CARDS ***
Dealt to Dorex2007 [Ad Kd]
reddevils888: folds 
Dorex2007: raises $0.04 to $0.06
Desyatov A: calls $0.06
marc633: folds 
coolDadJimbo: folds 
Twisted369: folds 
tsutomu.t: folds 
imc83: folds 
Pauloohtb: calls $0.04
*** FLOP *** [Jc Js 7s]
Pauloohtb: checks 
Dorex2007: checks 
Desyatov A: bets $0.09
Pauloohtb: folds 
Dorex2007: calls $0.09
*** TURN *** [Jc Js 7s] [7h]
Dorex2007: checks 
Desyatov A: checks 
*** RIVER *** [Jc Js 7s 7h] [Ks]
Dorex2007: checks 
Desyatov A: bets $0.10
Dorex2007: calls $0.10
*** SHOW DOWN ***
Desyatov A: shows [5c 7c] (a full house, Sevens full of Jacks)
Dorex2007: mucks hand 
Desyatov A collected $0.55 from pot
*** SUMMARY ***
Total pot $0.57 | Rake $0.02 
Board [Jc Js 7s 7h Ks]
Seat 1: Twisted369 folded before Flop (didn't bet)
Seat 2: tsutomu.t (button) folded before Flop (didn't bet)
Seat 3: imc83 (small blind) folded before Flop
Seat 4: Pauloohtb (big blind) folded on the Flop
Seat 5: reddevils888 folded before Flop (didn't bet)
Seat 6: Dorex2007 mucked [Ad Kd]
Seat 7: Desyatov A showed [5c 7c] and won ($0.55) with a full house, Sevens full of Jacks
Seat 8: marc633 folded before Flop (didn't bet)
Seat 9: coolDadJimbo folded before Flop (didn't bet)



PokerStars Hand #223867878692:  Hold'em No Limit ($0.01/$0.02 USD) - 2021/02/15 19:45:26 PT [2021/02/15 22:45:26 ET]
Table 'Irenaea V' 9-max Seat #3 is the button
Seat 1: Twisted369 ($1.58 in chips) 
Seat 2: tsutomu.t ($1.25 in chips) 
Seat 3: imc83 ($1.78 in chips) 
Seat 4: Pauloohtb ($1.73 in chips) 
Seat 5: reddevils888 ($2.82 in chips) 
Seat 6: Dorex2007 ($1.74 in chips) 
Seat 7: Desyatov A ($2.31 in chips) 
Seat 8: marc633 ($1.31 in chips) 
Seat 9: coolDadJimbo ($3.06 in chips) 
Pauloohtb: posts small blind $0.01
reddevils888: posts big blind $0.02
*** HOLE CARDS ***
Dealt to Dorex2007 [Ts Js]
Dorex2007 has timed out
Dorex2007: folds 
Desyatov A: folds 
marc633: folds 
coolDadJimbo: raises $0.05 to $0.07
Twisted369: folds 
tsutomu.t: folds 
imc83: folds 
Pauloohtb: folds 
reddevils888: folds 
Uncalled bet ($0.05) returned to coolDadJimbo
coolDadJimbo collected $0.05 from pot
*** SUMMARY ***
Total pot $0.05 | Rake $0 
Seat 1: Twisted369 folded before Flop (didn't bet)
Seat 2: tsutomu.t folded before Flop (didn't bet)
Seat 3: imc83 (button) folded before Flop (didn't bet)
Seat 4: Pauloohtb (small blind) folded before Flop
Seat 5: reddevils888 (big blind) folded before Flop
Seat 6: Dorex2007 folded before Flop (didn't bet)
Seat 7: Desyatov A folded before Flop (didn't bet)
Seat 8: marc633 folded before Flop (didn't bet)
Seat 9: coolDadJimbo collected ($0.05)



PokerStars Hand #223867889587:  Hold'em No Limit ($0.01/$0.02 USD) - 2021/02/15 19:46:08 PT [2021/02/15 22:46:08 ET]
Table 'Irenaea V' 9-max Seat #4 is the button
Seat 1: Twisted369 ($1.58 in chips) 
Seat 2: tsutomu.t ($1.25 in chips) 
Seat 3: imc83 ($1.78 in chips) 
Seat 4: Pauloohtb ($1.72 in chips) 
Seat 5: reddevils888 ($2.80 in chips) 
Seat 6: Dorex2007 ($1.74 in chips) 
Seat 7: Desyatov A ($2.31 in chips) 
Seat 8: marc633 ($1.31 in chips) 
Seat 9: coolDadJimbo ($3.09 in chips) 
reddevils888: posts small blind $0.01
Dorex2007: posts big blind $0.02
*** HOLE CARDS ***
Dealt to Dorex2007 [Qh Kh]
Desyatov A: folds 
marc633: folds 
coolDadJimbo: folds 
Twisted369: folds 
tsutomu.t: folds 
imc83: calls $0.02
Pauloohtb: folds 
reddevils888: raises $0.02 to $0.04
Dorex2007: raises $0.04 to $0.08
imc83: calls $0.06
reddevils888: calls $0.04
*** FLOP *** [6c 7d 2c]
reddevils888: checks 
Dorex2007: checks 
imc83: bets $0.16
reddevils888: folds 
Dorex2007: calls $0.16
*** TURN *** [6c 7d 2c] [8d]
Dorex2007: bets $0.54
imc83: raises $1 to $1.54 and is all-in
Dorex2007: calls $0.96 and is all-in
Uncalled bet ($0.04) returned to imc83
*** RIVER *** [6c 7d 2c 8d] [9s]
*** SHOW DOWN ***
Dorex2007: shows [Qh Kh] (high card King)
imc83: shows [6d Jh] (a pair of Sixes)
imc83 collected $3.44 from pot
*** SUMMARY ***
Total pot $3.56 | Rake $0.12 
Board [6c 7d 2c 8d 9s]
Seat 1: Twisted369 folded before Flop (didn't bet)
Seat 2: tsutomu.t folded before Flop (didn't bet)
Seat 3: imc83 showed [6d Jh] and won ($3.44) with a pair of Sixes
Seat 4: Pauloohtb (button) folded before Flop (didn't bet)
Seat 5: reddevils888 (small blind) folded on the Flop
Seat 6: Dorex2007 (big blind) showed [Qh Kh] and lost with high card King
Seat 7: Desyatov A folded before Flop (didn't bet)
Seat 8: marc633 folded before Flop (didn't bet)
Seat 9: coolDadJimbo folded before Flop (didn't bet)



PokerStars Hand #223867926448:  Hold'em No Limit ($0.01/$0.02 USD) - 2021/02/15 19:48:31 PT [2021/02/15 22:48:31 ET]
Table 'Irenaea V' 9-max Seat #7 is the button
Seat 1: Twisted369 ($1.58 in chips) 
Seat 2: tsutomu.t ($1.25 in chips) 
Seat 4: Pauloohtb ($1.56 in chips) 
Seat 5: reddevils888 ($2.72 in chips) 
Seat 6: Dorex2007 ($2 in chips) 
Seat 7: Desyatov A ($2.52 in chips) 
Seat 8: marc633 ($1.29 in chips) 
Seat 9: coolDadJimbo ($3.09 in chips) 
marc633: posts small blind $0.01
coolDadJimbo: posts big blind $0.02
Dorex2007: posts small blind $0.01
*** HOLE CARDS ***
Dealt to Dorex2007 [5s Ad]
Twisted369: folds 
tsutomu.t: folds 
Pauloohtb has timed out
Pauloohtb: folds 
reddevils888: folds 
Dorex2007: folds 
Desyatov A: folds 
marc633: calls $0.01
coolDadJimbo: raises $0.08 to $0.10
marc633: folds 
Uncalled bet ($0.08) returned to coolDadJimbo
coolDadJimbo collected $0.05 from pot
*** SUMMARY ***
Total pot $0.05 | Rake $0 
Seat 1: Twisted369 folded before Flop (didn't bet)
Seat 2: tsutomu.t folded before Flop (didn't bet)
Seat 4: Pauloohtb folded before Flop (didn't bet)
Seat 5: reddevils888 folded before Flop (didn't bet)
Seat 6: Dorex2007 folded before Flop (didn't bet)
Seat 7: Desyatov A (button) folded before Flop (didn't bet)
Seat 8: marc633 (small blind) folded before Flop
Seat 9: coolDadJimbo (big blind) collected ($0.05)



PokerStars Hand #223867936006:  Hold'em No Limit ($0.01/$0.02 USD) - 2021/02/15 19:49:08 PT [2021/02/15 22:49:08 ET]
Table 'Irenaea V' 9-max Seat #8 is the button
Seat 1: Twisted369 ($1.58 in chips) 
Seat 2: tsutomu.t ($1.25 in chips) 
Seat 4: Pauloohtb ($1.56 in chips) 
Seat 5: reddevils888 ($2.72 in chips) 
Seat 6: Dorex2007 ($1.99 in chips) 
Seat 7: Desyatov A ($2.52 in chips) 
Seat 8: marc633 ($1.27 in chips) 
Seat 9: coolDadJimbo ($3.12 in chips) 
coolDadJimbo: posts small blind $0.01
Twisted369: posts big blind $0.02
*** HOLE CARDS ***
Dealt to Dorex2007 [Jc 2c]
tsutomu.t: folds 
Pauloohtb: raises $0.02 to $0.04
reddevils888: folds 
Dorex2007: folds 
Desyatov A: calls $0.04
marc633: folds 
coolDadJimbo: folds 
Twisted369: folds 
*** FLOP *** [9d Ad 9h]
papa0012 joins the table at seat #3 
Pauloohtb: bets $0.06
Desyatov A: calls $0.06
*** TURN *** [9d Ad 9h] [Qs]
Pauloohtb: checks 
Desyatov A: checks 
*** RIVER *** [9d Ad 9h Qs] [Js]
Pauloohtb: bets $0.08
Desyatov A: folds 
Uncalled bet ($0.08) returned to Pauloohtb
Pauloohtb collected $0.22 from pot
Pauloohtb: doesn't show hand 
*** SUMMARY ***
Total pot $0.23 | Rake $0.01 
Board [9d Ad 9h Qs Js]
Seat 1: Twisted369 (big blind) folded before Flop
Seat 2: tsutomu.t folded before Flop (didn't bet)
Seat 4: Pauloohtb collected ($0.22)
Seat 5: reddevils888 folded before Flop (didn't bet)
Seat 6: Dorex2007 folded before Flop (didn't bet)
Seat 7: Desyatov A folded on the River
Seat 8: marc633 (button) folded before Flop (didn't bet)
Seat 9: coolDadJimbo (small blind) folded before Flop



PokerStars Hand #223867945111:  Hold'em No Limit ($0.01/$0.02 USD) - 2021/02/15 19:49:44 PT [2021/02/15 22:49:44 ET]
Table 'Irenaea V' 9-max Seat #9 is the button
Seat 1: Twisted369 ($1.56 in chips) 
Seat 2: tsutomu.t ($1.25 in chips) 
Seat 4: Pauloohtb ($1.68 in chips) 
Seat 5: reddevils888 ($2.72 in chips) 
Seat 6: Dorex2007 ($1.99 in chips) 
Seat 7: Desyatov A ($2.42 in chips) 
Seat 8: marc633 ($1.27 in chips) 
Seat 9: coolDadJimbo ($3.11 in chips) 
Twisted369: posts small blind $0.01
tsutomu.t: posts big blind $0.02
papa0012: sits out 
*** HOLE CARDS ***
Dealt to Dorex2007 [Tc 6c]
Pauloohtb: folds 
reddevils888: folds 
Dorex2007: folds 
Desyatov A: raises $0.02 to $0.04
marc633: folds 
coolDadJimbo: calls $0.04
Twisted369: folds 
tsutomu.t: calls $0.02
*** FLOP *** [5d 3h 4c]
tsutomu.t: checks 
Desyatov A: bets $0.06
coolDadJimbo: folds 
tsutomu.t: calls $0.06
*** TURN *** [5d 3h 4c] [4h]
tsutomu.t: checks 
Desyatov A: checks 
*** RIVER *** [5d 3h 4c 4h] [Th]
tsutomu.t: checks 
Desyatov A: bets $0.06
tsutomu.t: folds 
Uncalled bet ($0.06) returned to Desyatov A
Desyatov A collected $0.24 from pot
Desyatov A: doesn't show hand 
*** SUMMARY ***
Total pot $0.25 | Rake $0.01 
Board [5d 3h 4c 4h Th]
Seat 1: Twisted369 (small blind) folded before Flop
Seat 2: tsutomu.t (big blind) folded on the River
Seat 4: Pauloohtb folded before Flop (didn't bet)
Seat 5: reddevils888 folded before Flop (didn't bet)
Seat 6: Dorex2007 folded before Flop (didn't bet)
Seat 7: Desyatov A collected ($0.24)
Seat 8: marc633 folded before Flop (didn't bet)
Seat 9: coolDadJimbo (button) folded on the Flop



PokerStars Hand #223867958651:  Hold'em No Limit ($0.01/$0.02 USD) - 2021/02/15 19:50:37 PT [2021/02/15 22:50:37 ET]
Table 'Irenaea V' 9-max Seat #1 is the button
Seat 1: Twisted369 ($1.55 in chips) 
Seat 2: tsutomu.t ($1.15 in chips) 
Seat 3: papa0012 ($0.80 in chips) 
Seat 4: Pauloohtb ($1.68 in chips) 
Seat 5: reddevils888 ($2.72 in chips) 
Seat 6: Dorex2007 ($1.99 in chips) 
Seat 7: Desyatov A ($2.56 in chips) 
Seat 8: marc633 ($1.27 in chips) 
Seat 9: coolDadJimbo ($3.07 in chips) 
tsutomu.t: posts small blind $0.01
papa0012: posts big blind $0.02
*** HOLE CARDS ***
Dealt to Dorex2007 [Td 7h]
Pauloohtb: raises $0.02 to $0.04
reddevils888: folds 
Dorex2007: folds 
reddevils888 leaves the table
Desyatov A: folds 
marc633: folds 
coolDadJimbo: folds 
Twisted369: folds 
tsutomu.t: folds 
papa0012: folds 
Uncalled bet ($0.02) returned to Pauloohtb
Pauloohtb collected $0.05 from pot
Pauloohtb: doesn't show hand 
*** SUMMARY ***
Total pot $0.05 | Rake $0 
Seat 1: Twisted369 (button) folded before Flop (didn't bet)
Seat 2: tsutomu.t (small blind) folded before Flop
Seat 3: papa0012 (big blind) folded before Flop
Seat 4: Pauloohtb collected ($0.05)
Seat 5: reddevils888 folded before Flop (didn't bet)
Seat 6: Dorex2007 folded before Flop (didn't bet)
Seat 7: Desyatov A folded before Flop (didn't bet)
Seat 8: marc633 folded before Flop (didn't bet)
Seat 9: coolDadJimbo folded before Flop (didn't bet)



PokerStars Hand #223867972029:  Hold'em No Limit ($0.01/$0.02 USD) - 2021/02/15 19:50:56 PT [2021/02/15 22:50:56 ET]
Table 'Irenaea V' 9-max Seat #2 is the button
Seat 1: Twisted369 ($1.55 in chips) 
Seat 2: tsutomu.t ($1.14 in chips) 
Seat 3: papa0012 ($0.80 in chips) 
Seat 4: Pauloohtb ($1.71 in chips) 
Seat 6: Dorex2007 ($1.99 in chips) 
Seat 7: Desyatov A ($2.56 in chips) 
Seat 8: marc633 ($1.27 in chips) 
Seat 9: coolDadJimbo ($3.07 in chips) 
papa0012: posts small blind $0.01
Pauloohtb: posts big blind $0.02
*** HOLE CARDS ***
Dealt to Dorex2007 [9d Ah]
Dorex2007: folds 
Desyatov A: folds 
marc633: folds 
coolDadJimbo: folds 
Twisted369: folds 
Gooze250 joins the table at seat #5 
tsutomu.t: raises $0.02 to $0.04
papa0012: folds 
Pauloohtb: folds 
Uncalled bet ($0.02) returned to tsutomu.t
tsutomu.t collected $0.05 from pot
tsutomu.t: doesn't show hand 
*** SUMMARY ***
Total pot $0.05 | Rake $0 
Seat 1: Twisted369 folded before Flop (didn't bet)
Seat 2: tsutomu.t (button) collected ($0.05)
Seat 3: papa0012 (small blind) folded before Flop
Seat 4: Pauloohtb (big blind) folded before Flop
Seat 6: Dorex2007 folded before Flop (didn't bet)
Seat 7: Desyatov A folded before Flop (didn't bet)
Seat 8: marc633 folded before Flop (didn't bet)
Seat 9: coolDadJimbo folded before Flop (didn't bet)



PokerStars Hand #223867979529:  Hold'em No Limit ($0.01/$0.02 USD) - 2021/02/15 19:51:25 PT [2021/02/15 22:51:25 ET]
Table 'Irenaea V' 9-max Seat #3 is the button
Seat 1: Twisted369 ($1.55 in chips) 
Seat 2: tsutomu.t ($1.17 in chips) 
Seat 3: papa0012 ($0.80 in chips) 
Seat 4: Pauloohtb ($1.69 in chips) 
Seat 5: Gooze250 ($1.60 in chips) 
Seat 6: Dorex2007 ($1.99 in chips) 
Seat 7: Desyatov A ($2.56 in chips) 
Seat 8: marc633 ($1.27 in chips) 
Seat 9: coolDadJimbo ($3.07 in chips) 
Pauloohtb: posts small blind $0.01
Gooze250: posts big blind $0.02
*** HOLE CARDS ***
Dealt to Dorex2007 [2d Qs]
Dorex2007: folds 
Desyatov A: folds 
marc633: folds 
coolDadJimbo: folds 
Twisted369: raises $1.53 to $1.55 and is all-in
tsutomu.t: folds 
papa0012: folds 
Pauloohtb: folds 
Gooze250: folds 
Uncalled bet ($1.53) returned to Twisted369
Twisted369 collected $0.05 from pot
*** SUMMARY ***
Total pot $0.05 | Rake $0 
Seat 1: Twisted369 collected ($0.05)
Seat 2: tsutomu.t folded before Flop (didn't bet)
Seat 3: papa0012 (button) folded before Flop (didn't bet)
Seat 4: Pauloohtb (small blind) folded before Flop
Seat 5: Gooze250 (big blind) folded before Flop
Seat 6: Dorex2007 folded before Flop (didn't bet)
Seat 7: Desyatov A folded before Flop (didn't bet)
Seat 8: marc633 folded before Flop (didn't bet)
Seat 9: coolDadJimbo folded before Flop (didn't bet)



PokerStars Hand #223867986076:  Hold'em No Limit ($0.01/$0.02 USD) - 2021/02/15 19:51:51 PT [2021/02/15 22:51:51 ET]
Table 'Irenaea V' 9-max Seat #4 is the button
Seat 1: Twisted369 ($1.58 in chips) 
Seat 3: papa0012 ($0.80 in chips) 
Seat 4: Pauloohtb ($1.68 in chips) 
Seat 5: Gooze250 ($1.58 in chips) 
Seat 6: Dorex2007 ($1.99 in chips) 
Seat 7: Desyatov A ($2.56 in chips) 
Seat 8: marc633 ($1.27 in chips) 
Seat 9: coolDadJimbo ($3.07 in chips) 
Gooze250: posts small blind $0.01
Dorex2007: posts big blind $0.02
*** HOLE CARDS ***
Dealt to Dorex2007 [Js Kh]
tsutomu.t leaves the table
Desyatov A: folds 
marc633: folds 
coolDadJimbo: raises $0.05 to $0.07
Twisted369: folds 
papa0012: folds 
Pauloohtb: folds 
MarinusNr1 joins the table at seat #2 
Gooze250: raises $1.51 to $1.58 and is all-in
Dorex2007: folds 
coolDadJimbo: folds 
Uncalled bet ($1.51) returned to Gooze250
Gooze250 collected $0.16 from pot
Gooze250: doesn't show hand 
*** SUMMARY ***
Total pot $0.16 | Rake $0 
Seat 1: Twisted369 folded before Flop (didn't bet)
Seat 3: papa0012 folded before Flop (didn't bet)
Seat 4: Pauloohtb (button) folded before Flop (didn't bet)
Seat 5: Gooze250 (small blind) collected ($0.16)
Seat 6: Dorex2007 (big blind) folded before Flop
Seat 7: Desyatov A folded before Flop (didn't bet)
Seat 8: marc633 folded before Flop (didn't bet)
Seat 9: coolDadJimbo folded before Flop



PokerStars Hand #223867993488:  Hold'em No Limit ($0.01/$0.02 USD) - 2021/02/15 19:52:20 PT [2021/02/15 22:52:20 ET]
Table 'Irenaea V' 9-max Seat #5 is the button
Seat 1: Twisted369 ($1.58 in chips) 
Seat 3: papa0012 ($0.80 in chips) 
Seat 4: Pauloohtb ($1.68 in chips) 
Seat 5: Gooze250 ($1.67 in chips) 
Seat 6: Dorex2007 ($1.97 in chips) 
Seat 7: Desyatov A ($2.56 in chips) 
Seat 8: marc633 ($1.27 in chips) 
Seat 9: coolDadJimbo ($3 in chips) 
Dorex2007: posts small blind $0.01
Desyatov A: posts big blind $0.02
MarinusNr1: sits out 
*** HOLE CARDS ***
Dealt to Dorex2007 [7s 6s]
marc633: folds 
coolDadJimbo: folds 
Twisted369: folds 
papa0012: raises $0.06 to $0.08
Pauloohtb: folds 
Gooze250: folds 
Dorex2007: calls $0.07
Desyatov A: folds 
*** FLOP *** [6h Tc 9c]
Dorex2007: checks 
papa0012: bets $0.11
Dorex2007: folds 
Uncalled bet ($0.11) returned to papa0012
papa0012 collected $0.17 from pot
papa0012: doesn't show hand 
*** SUMMARY ***
Total pot $0.18 | Rake $0.01 
Board [6h Tc 9c]
Seat 1: Twisted369 folded before Flop (didn't bet)
Seat 3: papa0012 collected ($0.17)
Seat 4: Pauloohtb folded before Flop (didn't bet)
Seat 5: Gooze250 (button) folded before Flop (didn't bet)
Seat 6: Dorex2007 (small blind) folded on the Flop
Seat 7: Desyatov A (big blind) folded before Flop
Seat 8: marc633 folded before Flop (didn't bet)
Seat 9: coolDadJimbo folded before Flop (didn't bet)



PokerStars Hand #223868002041:  Hold'em No Limit ($0.01/$0.02 USD) - 2021/02/15 19:52:54 PT [2021/02/15 22:52:54 ET]
Table 'Irenaea V' 9-max Seat #6 is the button
Seat 1: Twisted369 ($1.58 in chips) 
Seat 3: papa0012 ($0.89 in chips) 
Seat 4: Pauloohtb ($1.68 in chips) 
Seat 5: Gooze250 ($1.67 in chips) 
Seat 6: Dorex2007 ($1.89 in chips) 
Seat 7: Desyatov A ($2.54 in chips) 
Seat 8: marc633 ($1.27 in chips) 
Seat 9: coolDadJimbo ($3 in chips) 
Desyatov A: posts small blind $0.01
marc633: posts big blind $0.02
MarinusNr1: sits out 
*** HOLE CARDS ***
Dealt to Dorex2007 [Th 4s]
coolDadJimbo: folds 
Twisted369: folds 
papa0012: folds 
Pauloohtb: calls $0.02
Gooze250: calls $0.02
Dorex2007: folds 
Desyatov A: calls $0.01
marc633: checks 
*** FLOP *** [6d 7c 7d]
Desyatov A: checks 
marc633: checks 
Pauloohtb: checks 
Gooze250: checks 
*** TURN *** [6d 7c 7d] [6s]
Desyatov A: checks 
marc633: checks 
Pauloohtb: checks 
Gooze250: checks 
*** RIVER *** [6d 7c 7d 6s] [Jc]
Desyatov A: checks 
marc633: checks 
Pauloohtb: checks 
Gooze250: checks 
*** SHOW DOWN ***
Desyatov A: shows [2h 9h] (two pair, Sevens and Sixes)
marc633: shows [5s Ts] (two pair, Sevens and Sixes)
Pauloohtb: shows [Js Kc] (two pair, Jacks and Sevens)
Gooze250: mucks hand 
Pauloohtb collected $0.08 from pot
*** SUMMARY ***
Total pot $0.08 | Rake $0 
Board [6d 7c 7d 6s Jc]
Seat 1: Twisted369 folded before Flop (didn't bet)
Seat 3: papa0012 folded before Flop (didn't bet)
Seat 4: Pauloohtb showed [Js Kc] and won ($0.08) with two pair, Jacks and Sevens
Seat 5: Gooze250 mucked [Qc 8c]
Seat 6: Dorex2007 (button) folded before Flop (didn't bet)
Seat 7: Desyatov A (small blind) showed [2h 9h] and lost with two pair, Sevens and Sixes
Seat 8: marc633 (big blind) showed [5s Ts] and lost with two pair, Sevens and Sixes
Seat 9: coolDadJimbo folded before Flop (didn't bet)



PokerStars Hand #223868021807:  Hold'em No Limit ($0.01/$0.02 USD) - 2021/02/15 19:54:12 PT [2021/02/15 22:54:12 ET]
Table 'Irenaea V' 9-max Seat #7 is the button
Seat 1: Twisted369 ($1.58 in chips) 
Seat 3: papa0012 ($0.89 in chips) 
Seat 4: Pauloohtb ($1.74 in chips) 
Seat 5: Gooze250 ($1.65 in chips) 
Seat 6: Dorex2007 ($1.89 in chips) 
Seat 7: Desyatov A ($2.52 in chips) 
Seat 8: marc633 ($1.25 in chips) 
Seat 9: coolDadJimbo ($3 in chips) 
marc633: posts small blind $0.01
coolDadJimbo: posts big blind $0.02
MarinusNr1: sits out 
*** HOLE CARDS ***
Dealt to Dorex2007 [2s 3d]
Twisted369: raises $0.05 to $0.07
papa0012: calls $0.07
Pauloohtb: folds 
Gooze250 has timed out
Gooze250: folds 
Dorex2007: folds 
Desyatov A: folds 
marc633: folds 
coolDadJimbo: folds 
*** FLOP *** [7c 6h Jd]
Twisted369: checks 
papa0012: bets $0.11
Twisted369: folds 
Uncalled bet ($0.11) returned to papa0012
papa0012 collected $0.16 from pot
papa0012: doesn't show hand 
*** SUMMARY ***
Total pot $0.17 | Rake $0.01 
Board [7c 6h Jd]
Seat 1: Twisted369 folded on the Flop
Seat 3: papa0012 collected ($0.16)
Seat 4: Pauloohtb folded before Flop (didn't bet)
Seat 5: Gooze250 folded before Flop (didn't bet)
Seat 6: Dorex2007 folded before Flop (didn't bet)
Seat 7: Desyatov A (button) folded before Flop (didn't bet)
Seat 8: marc633 (small blind) folded before Flop
Seat 9: coolDadJimbo (big blind) folded before Flop



PokerStars Hand #223868036279:  Hold'em No Limit ($0.01/$0.02 USD) - 2021/02/15 19:55:10 PT [2021/02/15 22:55:10 ET]
Table 'Irenaea V' 9-max Seat #8 is the button
Seat 1: Twisted369 ($1.51 in chips) 
Seat 3: papa0012 ($0.98 in chips) 
Seat 4: Pauloohtb ($1.74 in chips) 
Seat 5: Gooze250 ($1.65 in chips) 
Seat 6: Dorex2007 ($1.89 in chips) 
Seat 7: Desyatov A ($2.52 in chips) 
Seat 8: marc633 ($1.24 in chips) 
Seat 9: coolDadJimbo ($2.98 in chips) 
coolDadJimbo: posts small blind $0.01
Twisted369: posts big blind $0.02
MarinusNr1: sits out 
*** HOLE CARDS ***
Dealt to Dorex2007 [7s Kd]
papa0012: folds 
Pauloohtb: calls $0.02
Gooze250: calls $0.02
Dorex2007: folds 
Desyatov A: calls $0.02
marc633: folds 
coolDadJimbo: calls $0.01
Twisted369: checks 
*** FLOP *** [Td Ac 9d]
coolDadJimbo: checks 
Twisted369: checks 
Pauloohtb: checks 
Gooze250: checks 
Desyatov A: checks 
*** TURN *** [Td Ac 9d] [Ks]
coolDadJimbo: checks 
Twisted369: checks 
Pauloohtb: checks 
Gooze250: checks 
Desyatov A: checks 
*** RIVER *** [Td Ac 9d Ks] [2c]
coolDadJimbo: checks 
Twisted369: checks 
Pauloohtb: checks 
Gooze250: checks 
Desyatov A: checks 
*** SHOW DOWN ***
coolDadJimbo: shows [4h 3s] (high card Ace)
Twisted369: shows [Qh 7c] (high card Ace - King+Queen kicker)
Pauloohtb: mucks hand 
Gooze250: mucks hand 
Desyatov A: shows [4d 4c] (a pair of Fours)
Desyatov A collected $0.10 from pot
*** SUMMARY ***
Total pot $0.10 | Rake $0 
Board [Td Ac 9d Ks 2c]
Seat 1: Twisted369 (big blind) showed [Qh 7c] and lost with high card Ace
Seat 3: papa0012 folded before Flop (didn't bet)
Seat 4: Pauloohtb mucked [8h 6h]
Seat 5: Gooze250 mucked [7d 3c]
Seat 6: Dorex2007 folded before Flop (didn't bet)
Seat 7: Desyatov A showed [4d 4c] and won ($0.10) with a pair of Fours
Seat 8: marc633 (button) folded before Flop (didn't bet)
Seat 9: coolDadJimbo (small blind) showed [4h 3s] and lost with high card Ace



PokerStars Hand #223868051786:  Hold'em No Limit ($0.01/$0.02 USD) - 2021/02/15 19:56:24 PT [2021/02/15 22:56:24 ET]
Table 'Irenaea V' 9-max Seat #9 is the button
Seat 1: Twisted369 ($1.49 in chips) 
Seat 2: MarinusNr1 ($2 in chips) 
Seat 3: papa0012 ($0.98 in chips) 
Seat 4: Pauloohtb ($1.72 in chips) 
Seat 5: Gooze250 ($1.63 in chips) 
Seat 6: Dorex2007 ($1.89 in chips) 
Seat 7: Desyatov A ($2.60 in chips) 
Seat 8: marc633 ($1.24 in chips) 
Seat 9: coolDadJimbo ($2.96 in chips) 
Twisted369: posts small blind $0.01
MarinusNr1: posts big blind $0.02
*** HOLE CARDS ***
Dealt to Dorex2007 [2h 2c]
papa0012: folds 
Pauloohtb: folds 
Gooze250 has timed out
Gooze250: folds 
Dorex2007: calls $0.02
Desyatov A: folds 
Twisted369 said, "jus shuv kj most boring game"
marc633: folds 
coolDadJimbo: folds 
Twisted369: folds 
MarinusNr1: raises $0.04 to $0.06
Dorex2007: calls $0.04
*** FLOP *** [Ad 6s Td]
Twisted369 leaves the table
MarinusNr1: bets $0.06
Dorex2007: calls $0.06
*** TURN *** [Ad 6s Td] [9d]
MarinusNr1: checks 
Dorex2007: bets $0.12
MarinusNr1: calls $0.12
*** RIVER *** [Ad 6s Td 9d] [5c]
MarinusNr1: checks 
Dorex2007: bets $0.24
Manihani joins the table at seat #1 
MarinusNr1: folds 
Uncalled bet ($0.24) returned to Dorex2007
Dorex2007 collected $0.47 from pot
Dorex2007: doesn't show hand 
*** SUMMARY ***
Total pot $0.49 | Rake $0.02 
Board [Ad 6s Td 9d 5c]
Seat 1: Twisted369 (small blind) folded before Flop
Seat 2: MarinusNr1 (big blind) folded on the River
Seat 3: papa0012 folded before Flop (didn't bet)
Seat 4: Pauloohtb folded before Flop (didn't bet)
Seat 5: Gooze250 folded before Flop (didn't bet)
Seat 6: Dorex2007 collected ($0.47)
Seat 7: Desyatov A folded before Flop (didn't bet)
Seat 8: marc633 folded before Flop (didn't bet)
Seat 9: coolDadJimbo (button) folded before Flop (didn't bet)



PokerStars Hand #223868069442:  Hold'em No Limit ($0.01/$0.02 USD) - 2021/02/15 19:57:49 PT [2021/02/15 22:57:49 ET]
Table 'Irenaea V' 9-max Seat #2 is the button
Seat 2: MarinusNr1 ($1.76 in chips) 
Seat 3: papa0012 ($0.98 in chips) 
Seat 4: Pauloohtb ($1.72 in chips) 
Seat 5: Gooze250 ($1.63 in chips) 
Seat 6: Dorex2007 ($2.12 in chips) 
Seat 7: Desyatov A ($2.60 in chips) 
Seat 8: marc633 ($1.24 in chips) 
papa0012: posts small blind $0.01
Pauloohtb: posts big blind $0.02
Manihani: sits out 
*** HOLE CARDS ***
Dealt to Dorex2007 [3d 8c]
Gooze250 has timed out
Gooze250: folds 
Dorex2007: folds 
Desyatov A: raises $0.02 to $0.04
marc633: folds 
MarinusNr1: folds 
papa0012: calls $0.03
Pauloohtb: calls $0.02
*** FLOP *** [3c Ks 2d]
papa0012: checks 
Pauloohtb: checks 
Desyatov A: bets $0.06
papa0012: folds 
Pauloohtb: folds 
Uncalled bet ($0.06) returned to Desyatov A
Desyatov A collected $0.12 from pot
Desyatov A: doesn't show hand 
*** SUMMARY ***
Total pot $0.12 | Rake $0 
Board [3c Ks 2d]
Seat 2: MarinusNr1 (button) folded before Flop (didn't bet)
Seat 3: papa0012 (small blind) folded on the Flop
Seat 4: Pauloohtb (big blind) folded on the Flop
Seat 5: Gooze250 folded before Flop (didn't bet)
Seat 6: Dorex2007 folded before Flop (didn't bet)
Seat 7: Desyatov A collected ($0.12)
Seat 8: marc633 folded before Flop (didn't bet)



PokerStars Hand #223868078286:  Hold'em No Limit ($0.01/$0.02 USD) - 2021/02/15 19:58:32 PT [2021/02/15 22:58:32 ET]
Table 'Irenaea V' 9-max Seat #3 is the button
Seat 1: Manihani ($2 in chips) 
Seat 2: MarinusNr1 ($1.76 in chips) 
Seat 3: papa0012 ($0.94 in chips) 
Seat 4: Pauloohtb ($1.68 in chips) 
Seat 5: Gooze250 ($1.63 in chips) 
Seat 6: Dorex2007 ($2.12 in chips) 
Seat 7: Desyatov A ($2.68 in chips) 
Seat 8: marc633 ($1.24 in chips) 
Pauloohtb: posts small blind $0.01
Gooze250: posts big blind $0.02
Manihani: posts big blind $0.02
*** HOLE CARDS ***
Dealt to Dorex2007 [7c 9d]
Dorex2007: folds 
Desyatov A: folds 
marc633: folds 
Manihani: raises $0.06 to $0.08
MarinusNr1: folds 
papa0012: folds 
Pauloohtb: folds 
Gooze250 has timed out
Gooze250: folds 
Uncalled bet ($0.06) returned to Manihani
Manihani collected $0.05 from pot
*** SUMMARY ***
Total pot $0.05 | Rake $0 
Seat 1: Manihani collected ($0.05)
Seat 2: MarinusNr1 folded before Flop (didn't bet)
Seat 3: papa0012 (button) folded before Flop (didn't bet)
Seat 4: Pauloohtb (small blind) folded before Flop
Seat 5: Gooze250 (big blind) folded before Flop
Seat 6: Dorex2007 folded before Flop (didn't bet)
Seat 7: Desyatov A folded before Flop (didn't bet)
Seat 8: marc633 folded before Flop (didn't bet)



PokerStars Hand #223868095421:  Hold'em No Limit ($0.01/$0.02 USD) - 2021/02/15 19:59:25 PT [2021/02/15 22:59:25 ET]
Table 'Irenaea V' 9-max Seat #4 is the button
Seat 1: Manihani ($2.03 in chips) 
Seat 2: MarinusNr1 ($1.76 in chips) 
Seat 3: papa0012 ($0.94 in chips) 
Seat 4: Pauloohtb ($1.67 in chips) 
Seat 6: Dorex2007 ($2.12 in chips) 
Seat 7: Desyatov A ($2.68 in chips) 
Seat 8: marc633 ($1.24 in chips) 
Dorex2007: posts small blind $0.01
Desyatov A: posts big blind $0.02
*** HOLE CARDS ***
Dealt to Dorex2007 [Jd Ah]
marc633: folds 
Manihani: raises $0.06 to $0.08
MarinusNr1: folds 
papa0012: folds 
Pauloohtb: folds 
Dorex2007: calls $0.07
Desyatov A: calls $0.06
*** FLOP *** [Ks Ac 9s]
Dorex2007: bets $0.23
Desyatov A: calls $0.23
Manihani: folds 
*** TURN *** [Ks Ac 9s] [6h]
Dorex2007: checks 
Desyatov A: checks 
*** RIVER *** [Ks Ac 9s 6h] [7s]
Dorex2007: checks 
Desyatov A: bets $0.06
Dorex2007: calls $0.06
*** SHOW DOWN ***
Desyatov A: shows [Ts Js] (a flush, King high)
Dorex2007: mucks hand 
Desyatov A collected $0.79 from pot
*** SUMMARY ***
Total pot $0.82 | Rake $0.03 
Board [Ks Ac 9s 6h 7s]
Seat 1: Manihani folded on the Flop
Seat 2: MarinusNr1 folded before Flop (didn't bet)
Seat 3: papa0012 folded before Flop (didn't bet)
Seat 4: Pauloohtb (button) folded before Flop (didn't bet)
Seat 6: Dorex2007 (small blind) mucked [Jd Ah]
Seat 7: Desyatov A (big blind) showed [Ts Js] and won ($0.79) with a flush, King high
Seat 8: marc633 folded before Flop (didn't bet)



PokerStars Hand #223868106652:  Hold'em No Limit ($0.01/$0.02 USD) - 2021/02/15 20:00:19 PT [2021/02/15 23:00:19 ET]
Table 'Irenaea V' 9-max Seat #6 is the button
Seat 1: Manihani ($1.95 in chips) 
Seat 2: MarinusNr1 ($1.76 in chips) 
Seat 3: papa0012 ($0.94 in chips) 
Seat 4: Pauloohtb ($1.67 in chips) 
Seat 6: Dorex2007 ($1.75 in chips) 
Seat 7: Desyatov A ($3.10 in chips) 
Seat 8: marc633 ($1.24 in chips) 
Desyatov A: posts small blind $0.01
marc633: posts big blind $0.02
Gooze250: sits out 
*** HOLE CARDS ***
Dealt to Dorex2007 [6c 4s]
Manihani: raises $0.06 to $0.08
MarinusNr1: folds 
papa0012: folds 
Pauloohtb: folds 
Dorex2007: folds 
Desyatov A: folds 
marc633: folds 
Uncalled bet ($0.06) returned to Manihani
Manihani collected $0.05 from pot
Manihani: doesn't show hand 
*** SUMMARY ***
Total pot $0.05 | Rake $0 
Seat 1: Manihani collected ($0.05)
Seat 2: MarinusNr1 folded before Flop (didn't bet)
Seat 3: papa0012 folded before Flop (didn't bet)
Seat 4: Pauloohtb folded before Flop (didn't bet)
Seat 6: Dorex2007 (button) folded before Flop (didn't bet)
Seat 7: Desyatov A (small blind) folded before Flop
Seat 8: marc633 (big blind) folded before Flop



PokerStars Hand #223868111036:  Hold'em No Limit ($0.01/$0.02 USD) - 2021/02/15 20:00:38 PT [2021/02/15 23:00:38 ET]
Table 'Irenaea V' 9-max Seat #7 is the button
Seat 1: Manihani ($1.98 in chips) 
Seat 2: MarinusNr1 ($1.76 in chips) 
Seat 3: papa0012 ($0.94 in chips) 
Seat 4: Pauloohtb ($1.67 in chips) 
Seat 6: Dorex2007 ($1.75 in chips) 
Seat 7: Desyatov A ($3.09 in chips) 
Seat 8: marc633 ($1.22 in chips) 
marc633: posts small blind $0.01
Manihani: posts big blind $0.02
Gooze250: sits out 
*** HOLE CARDS ***
Dealt to Dorex2007 [Tc Qd]
MarinusNr1: folds 
papa0012: folds 
Pauloohtb: calls $0.02
Dorex2007: calls $0.02
Desyatov A: calls $0.02
marc633: folds 
Manihani: checks 
*** FLOP *** [Ah 9h Jh]
Manihani: bets $0.09
Pauloohtb: folds 
Dorex2007: calls $0.09
Desyatov A: calls $0.09
*** TURN *** [Ah 9h Jh] [Ts]
Gooze250 leaves the table
Manihani: checks 
Dorex2007: checks 
Desyatov A: bets $0.17
Manihani: calls $0.17
Dorex2007: folds 
*** RIVER *** [Ah 9h Jh Ts] [Qc]
SeregKAKK joins the table at seat #5 
Manihani: bets $0.19
Desyatov A: calls $0.19
*** SHOW DOWN ***
Manihani: shows [5c Kh] (a straight, Ten to Ace)
Desyatov A: shows [8h 6h] (a flush, Ace high)
Desyatov A collected $1.04 from pot
*** SUMMARY ***
Total pot $1.08 | Rake $0.04 
Board [Ah 9h Jh Ts Qc]
Seat 1: Manihani (big blind) showed [5c Kh] and lost with a straight, Ten to Ace
Seat 2: MarinusNr1 folded before Flop (didn't bet)
Seat 3: papa0012 folded before Flop (didn't bet)
Seat 4: Pauloohtb folded on the Flop
Seat 6: Dorex2007 folded on the Turn
Seat 7: Desyatov A (button) showed [8h 6h] and won ($1.04) with a flush, Ace high
Seat 8: marc633 (small blind) folded before Flop



PokerStars Hand #223868128889:  Hold'em No Limit ($0.01/$0.02 USD) - 2021/02/15 20:01:53 PT [2021/02/15 23:01:53 ET]
Table 'Irenaea V' 9-max Seat #8 is the button
Seat 1: Manihani ($1.51 in chips) 
Seat 2: MarinusNr1 ($1.76 in chips) 
Seat 3: papa0012 ($0.94 in chips) 
Seat 4: Pauloohtb ($1.65 in chips) 
Seat 6: Dorex2007 ($1.64 in chips) 
Seat 7: Desyatov A ($3.66 in chips) 
Seat 8: marc633 ($1.21 in chips) 
Manihani: posts small blind $0.01
MarinusNr1: posts big blind $0.02
SeregKAKK: sits out 
*** HOLE CARDS ***
Dealt to Dorex2007 [8h Tc]
papa0012: folds 
Pauloohtb: calls $0.02
Dorex2007: folds 
Desyatov A: folds 
marc633: folds 
Manihani: folds 
MarinusNr1: checks 
*** FLOP *** [2s Kh 9d]
MarinusNr1: checks 
Pauloohtb: checks 
*** TURN *** [2s Kh 9d] [Ks]
MarinusNr1: checks 
Pauloohtb: checks 
*** RIVER *** [2s Kh 9d Ks] [Th]
MarinusNr1: checks 
Pauloohtb: checks 
*** SHOW DOWN ***
MarinusNr1: shows [5h 7d] (a pair of Kings)
Pauloohtb: shows [Jh 7h] (a pair of Kings - Jack kicker)
Pauloohtb collected $0.05 from pot
*** SUMMARY ***
Total pot $0.05 | Rake $0 
Board [2s Kh 9d Ks Th]
Seat 1: Manihani (small blind) folded before Flop
Seat 2: MarinusNr1 (big blind) showed [5h 7d] and lost with a pair of Kings
Seat 3: papa0012 folded before Flop (didn't bet)
Seat 4: Pauloohtb showed [Jh 7h] and won ($0.05) with a pair of Kings
Seat 6: Dorex2007 folded before Flop (didn't bet)
Seat 7: Desyatov A folded before Flop (didn't bet)
Seat 8: marc633 (button) folded before Flop (didn't bet)



PokerStars Hand #223868142404:  Hold'em No Limit ($0.01/$0.02 USD) - 2021/02/15 20:02:48 PT [2021/02/15 23:02:48 ET]
Table 'Irenaea V' 9-max Seat #1 is the button
Seat 1: Manihani ($2 in chips) 
Seat 2: MarinusNr1 ($1.74 in chips) 
Seat 3: papa0012 ($0.94 in chips) 
Seat 4: Pauloohtb ($1.68 in chips) 
Seat 5: SeregKAKK ($1.60 in chips) 
Seat 6: Dorex2007 ($1.64 in chips) 
Seat 7: Desyatov A ($3.66 in chips) 
Seat 8: marc633 ($1.21 in chips) 
MarinusNr1: posts small blind $0.01
papa0012: posts big blind $0.02
SeregKAKK: posts big blind $0.02
*** HOLE CARDS ***
Dealt to Dorex2007 [6s Jd]
Pauloohtb: folds 
SeregKAKK: checks 
Dorex2007: folds 
Desyatov A: calls $0.02
marc633: folds 
Manihani: folds 
MarinusNr1: folds 
papa0012: checks 
*** FLOP *** [9d Kc 5s]
papa0012: checks 
SeregKAKK: checks 
Desyatov A: checks 
*** TURN *** [9d Kc 5s] [7d]
papa0012: checks 
SeregKAKK: checks 
Desyatov A: checks 
*** RIVER *** [9d Kc 5s 7d] [4c]
papa0012: checks 
SeregKAKK: checks 
Desyatov A: checks 
*** SHOW DOWN ***
papa0012: shows [Th Qh] (high card King)
SeregKAKK: mucks hand 
Desyatov A: shows [Qd Ac] (high card Ace)
Desyatov A collected $0.07 from pot
*** SUMMARY ***
Total pot $0.07 | Rake $0 
Board [9d Kc 5s 7d 4c]
Seat 1: Manihani (button) folded before Flop (didn't bet)
Seat 2: MarinusNr1 (small blind) folded before Flop
Seat 3: papa0012 (big blind) showed [Th Qh] and lost with high card King
Seat 4: Pauloohtb folded before Flop (didn't bet)
Seat 5: SeregKAKK mucked [3c 8h]
Seat 6: Dorex2007 folded before Flop (didn't bet)
Seat 7: Desyatov A showed [Qd Ac] and won ($0.07) with high card Ace
Seat 8: marc633 folded before Flop (didn't bet)



PokerStars Hand #223868153527:  Hold'em No Limit ($0.01/$0.02 USD) - 2021/02/15 20:03:34 PT [2021/02/15 23:03:34 ET]
Table 'Irenaea V' 9-max Seat #2 is the button
Seat 1: Manihani ($2 in chips) 
Seat 2: MarinusNr1 ($1.73 in chips) 
Seat 3: papa0012 ($0.92 in chips) 
Seat 4: Pauloohtb ($1.68 in chips) 
Seat 5: SeregKAKK ($1.58 in chips) 
Seat 6: Dorex2007 ($1.64 in chips) 
Seat 7: Desyatov A ($3.71 in chips) 
Seat 8: marc633 ($1.21 in chips) 
papa0012: posts small blind $0.01
Pauloohtb: posts big blind $0.02
*** HOLE CARDS ***
Dealt to Dorex2007 [2c 3d]
SeregKAKK: raises $0.02 to $0.04
Dorex2007: folds 
Desyatov A: folds 
marc633: folds 
Manihani: folds 
MarinusNr1: folds 
papa0012: folds 
Pauloohtb: calls $0.02
*** FLOP *** [5s Qs 8c]
Pauloohtb: checks 
SeregKAKK: bets $0.06
Pauloohtb: folds 
Uncalled bet ($0.06) returned to SeregKAKK
SeregKAKK collected $0.09 from pot
SeregKAKK: doesn't show hand 
*** SUMMARY ***
Total pot $0.09 | Rake $0 
Board [5s Qs 8c]
Seat 1: Manihani folded before Flop (didn't bet)
Seat 2: MarinusNr1 (button) folded before Flop (didn't bet)
Seat 3: papa0012 (small blind) folded before Flop
Seat 4: Pauloohtb (big blind) folded on the Flop
Seat 5: SeregKAKK collected ($0.09)
Seat 6: Dorex2007 folded before Flop (didn't bet)
Seat 7: Desyatov A folded before Flop (didn't bet)
Seat 8: marc633 folded before Flop (didn't bet)



PokerStars Hand #223868161216:  Hold'em No Limit ($0.01/$0.02 USD) - 2021/02/15 20:04:05 PT [2021/02/15 23:04:05 ET]
Table 'Irenaea V' 9-max Seat #3 is the button
Seat 1: Manihani ($2 in chips) 
Seat 2: MarinusNr1 ($1.73 in chips) 
Seat 3: papa0012 ($0.91 in chips) 
Seat 4: Pauloohtb ($1.64 in chips) 
Seat 5: SeregKAKK ($1.63 in chips) 
Seat 6: Dorex2007 ($1.64 in chips) 
Seat 7: Desyatov A ($3.71 in chips) 
Seat 8: marc633 ($1.21 in chips) 
Pauloohtb: posts small blind $0.01
SeregKAKK: posts big blind $0.02
*** HOLE CARDS ***
Dealt to Dorex2007 [Qs 3c]
Dorex2007 has timed out
Dorex2007: folds 
Desyatov A: folds 
marc633: calls $0.02
Manihani: raises $0.10 to $0.12
MarinusNr1: folds 
papa0012: folds 
Pauloohtb: folds 
SeregKAKK: folds 
marc633: calls $0.10
*** FLOP *** [8s 4d 3h]
marc633: checks 
Manihani: checks 
*** TURN *** [8s 4d 3h] [7h]
marc633: bets $0.02
Manihani: calls $0.02
*** RIVER *** [8s 4d 3h 7h] [3d]
marc633: bets $0.02
Manihani: folds 
Uncalled bet ($0.02) returned to marc633
marc633 collected $0.30 from pot
*** SUMMARY ***
Total pot $0.31 | Rake $0.01 
Board [8s 4d 3h 7h 3d]
Seat 1: Manihani folded on the River
Seat 2: MarinusNr1 folded before Flop (didn't bet)
Seat 3: papa0012 (button) folded before Flop (didn't bet)
Seat 4: Pauloohtb (small blind) folded before Flop
Seat 5: SeregKAKK (big blind) folded before Flop
Seat 6: Dorex2007 folded before Flop (didn't bet)
Seat 7: Desyatov A folded before Flop (didn't bet)
Seat 8: marc633 collected ($0.30)



