PokerStars Hand #233641556045:  Hold'em No Limit ($0.01/$0.02 USD) - 2022/01/30 21:00:23 PT [2022/01/31 0:00:23 ET]
Table 'Fidelio II' 9-max Seat #6 is the button
Seat 2: Omar Cayman ($2 in chips) 
Seat 3: IndigoShirt ($2 in chips) 
Seat 4: thorivey ($4.61 in chips) 
Seat 5: modernexpo ($2 in chips) 
Seat 6: Dorex2007 ($2 in chips) 
Seat 8: umka186 ($3.39 in chips) 
umka186: posts small blind $0.01
sharkman7720: is sitting out 
Omar Cayman: posts big blind $0.02
*** HOLE CARDS ***
Dealt to Dorex2007 [2h 5c]
IndigoShirt: folds 
thorivey: raises $0.04 to $0.06
modernexpo: folds 
Dorex2007: folds 
umka186: folds 
Omar Cayman: folds 
Uncalled bet ($0.04) returned to thorivey
thorivey collected $0.05 from pot
thorivey: doesn't show hand 
*** SUMMARY ***
Total pot $0.05 | Rake $0 
Seat 2: Omar Cayman (big blind) folded before Flop
Seat 3: IndigoShirt folded before Flop (didn't bet)
Seat 4: thorivey collected ($0.05)
Seat 5: modernexpo folded before Flop (didn't bet)
Seat 6: Dorex2007 (button) folded before Flop (didn't bet)
Seat 8: umka186 (small blind) folded before Flop



PokerStars Hand #233641558019:  Hold'em No Limit ($0.01/$0.02 USD) - 2022/01/30 21:00:38 PT [2022/01/31 0:00:38 ET]
Table 'Fidelio II' 9-max Seat #8 is the button
Seat 2: Omar Cayman ($1.98 in chips) 
Seat 3: IndigoShirt ($2 in chips) 
Seat 4: thorivey ($4.64 in chips) 
Seat 5: modernexpo ($2 in chips) 
Seat 6: Dorex2007 ($2 in chips) 
Seat 7: DodgeGTS4 ($0.80 in chips) 
Seat 8: umka186 ($3.38 in chips) 
Omar Cayman: posts small blind $0.01
IndigoShirt: posts big blind $0.02
DodgeGTS4: posts big blind $0.02
*** HOLE CARDS ***
Dealt to Dorex2007 [Tc 7c]
thorivey: folds 
modernexpo: raises $0.08 to $0.10
Dorex2007: folds 
INTIMIDATOR69 joins the table at seat #9 
DodgeGTS4: calls $0.08
umka186: calls $0.10
sharkman7720 leaves the table
Omar Cayman: calls $0.09
IndigoShirt: folds 
*** FLOP *** [Qs 4h As]
Omar Cayman: checks 
modernexpo: bets $0.24
DodgeGTS4: folds 
umka186: folds 
Omar Cayman: calls $0.24
*** TURN *** [Qs 4h As] [Ts]
TECTO_ekv joins the table at seat #1 
Omar Cayman: checks 
modernexpo: checks 
*** RIVER *** [Qs 4h As Ts] [Ac]
Omar Cayman: bets $0.87
modernexpo: folds 
Uncalled bet ($0.87) returned to Omar Cayman
Omar Cayman collected $0.87 from pot
Omar Cayman: doesn't show hand 
*** SUMMARY ***
Total pot $0.90 | Rake $0.03 
Board [Qs 4h As Ts Ac]
Seat 2: Omar Cayman (small blind) collected ($0.87)
Seat 3: IndigoShirt (big blind) folded before Flop
Seat 4: thorivey folded before Flop (didn't bet)
Seat 5: modernexpo folded on the River
Seat 6: Dorex2007 folded before Flop (didn't bet)
Seat 7: DodgeGTS4 folded on the Flop
Seat 8: umka186 (button) folded on the Flop



PokerStars Hand #233641577297:  Hold'em No Limit ($0.01/$0.02 USD) - 2022/01/30 21:01:55 PT [2022/01/31 0:01:55 ET]
Table 'Fidelio II' 9-max Seat #2 is the button
Seat 1: TECTO_ekv ($2 in chips) 
Seat 2: Omar Cayman ($2.51 in chips) 
Seat 3: IndigoShirt ($2 in chips) 
Seat 4: thorivey ($4.64 in chips) 
Seat 5: modernexpo ($2 in chips) 
Seat 6: Dorex2007 ($2 in chips) 
Seat 7: DodgeGTS4 ($0.70 in chips) 
Seat 8: umka186 ($3.28 in chips) 
Seat 9: INTIMIDATOR69 ($1 in chips) 
IndigoShirt: posts small blind $0.01
thorivey: posts big blind $0.02
INTIMIDATOR69: posts big blind $0.02
TECTO_ekv: posts big blind $0.02
*** HOLE CARDS ***
Dealt to Dorex2007 [4h Kd]
modernexpo: folds 
Dorex2007: folds 
DodgeGTS4: folds 
umka186: folds 
INTIMIDATOR69: checks 
TECTO_ekv: raises $0.06 to $0.08
Omar Cayman: folds 
modernexpo leaves the table
IndigoShirt has timed out
IndigoShirt: folds 
thorivey: folds 
INTIMIDATOR69: folds 
Uncalled bet ($0.06) returned to TECTO_ekv
TECTO_ekv collected $0.07 from pot
TECTO_ekv: doesn't show hand 
*** SUMMARY ***
Total pot $0.07 | Rake $0 
Seat 1: TECTO_ekv collected ($0.07)
Seat 2: Omar Cayman (button) folded before Flop (didn't bet)
Seat 3: IndigoShirt (small blind) folded before Flop
Seat 4: thorivey (big blind) folded before Flop
Seat 5: modernexpo folded before Flop (didn't bet)
Seat 6: Dorex2007 folded before Flop (didn't bet)
Seat 7: DodgeGTS4 folded before Flop (didn't bet)
Seat 8: umka186 folded before Flop (didn't bet)
Seat 9: INTIMIDATOR69 folded before Flop (didn't bet)



PokerStars Hand #233641585460:  Hold'em No Limit ($0.01/$0.02 USD) - 2022/01/30 21:02:46 PT [2022/01/31 0:02:46 ET]
Table 'Fidelio II' 9-max Seat #6 is the button
Seat 1: TECTO_ekv ($2.05 in chips) 
Seat 2: Omar Cayman ($2.51 in chips) 
Seat 6: Dorex2007 ($2 in chips) 
Seat 7: DodgeGTS4 ($0.70 in chips) 
Seat 8: umka186 ($3.28 in chips) 
Seat 9: INTIMIDATOR69 ($1 in chips) 
DodgeGTS4: posts small blind $0.01
umka186: posts big blind $0.02
*** HOLE CARDS ***
Dealt to Dorex2007 [2d 8h]
thorivey leaves the table
INTIMIDATOR69: calls $0.02
Maria1995587 joins the table at seat #4 
TECTO_ekv: folds 
Omar Cayman: folds 
Dorex2007: folds 
DodgeGTS4: raises $0.03 to $0.05
umka186: folds 
INTIMIDATOR69: raises $0.25 to $0.30
DodgeGTS4: calls $0.25
*** FLOP *** [Th 3d 3c]
DodgeGTS4 is disconnected 
DodgeGTS4 is connected 
DodgeGTS4: checks 
INTIMIDATOR69: bets $0.04
DodgeGTS4: calls $0.04
*** TURN *** [Th 3d 3c] [Kc]
DodgeGTS4: checks 
INTIMIDATOR69: bets $0.06
DodgeGTS4: folds 
Uncalled bet ($0.06) returned to INTIMIDATOR69
INTIMIDATOR69 collected $0.68 from pot
*** SUMMARY ***
Total pot $0.70 | Rake $0.02 
Board [Th 3d 3c Kc]
Seat 1: TECTO_ekv folded before Flop (didn't bet)
Seat 2: Omar Cayman folded before Flop (didn't bet)
Seat 6: Dorex2007 (button) folded before Flop (didn't bet)
Seat 7: DodgeGTS4 (small blind) folded on the Turn
Seat 8: umka186 (big blind) folded before Flop
Seat 9: INTIMIDATOR69 collected ($0.68)



PokerStars Hand #233641610778:  Hold'em No Limit ($0.01/$0.02 USD) - 2022/01/30 21:04:45 PT [2022/01/31 0:04:45 ET]
Table 'Fidelio II' 9-max Seat #7 is the button
Seat 1: TECTO_ekv ($2.05 in chips) 
Seat 2: Omar Cayman ($2.51 in chips) 
Seat 3: IndigoShirt ($2 in chips) 
Seat 4: Maria1995587 ($0.80 in chips) 
Seat 6: Dorex2007 ($2 in chips) 
Seat 7: DodgeGTS4 ($0.36 in chips) 
Seat 8: umka186 ($3.26 in chips) 
Seat 9: INTIMIDATOR69 ($1.34 in chips) 
umka186: posts small blind $0.01
INTIMIDATOR69: posts big blind $0.02
Maria1995587: posts big blind $0.02
*** HOLE CARDS ***
Dealt to Dorex2007 [3d Qh]
TECTO_ekv: folds 
CA Sanchez joins the table at seat #5 
Omar Cayman: calls $0.02
IndigoShirt: folds 
Maria1995587: checks 
Dorex2007: folds 
DodgeGTS4: folds 
umka186: folds 
INTIMIDATOR69: checks 
*** FLOP *** [6s Kh 9d]
INTIMIDATOR69: checks 
Omar Cayman: checks 
Maria1995587: checks 
*** TURN *** [6s Kh 9d] [8s]
INTIMIDATOR69: bets $0.02
Omar Cayman: calls $0.02
Maria1995587: calls $0.02
*** RIVER *** [6s Kh 9d 8s] [5d]
INTIMIDATOR69: bets $0.36
Omar Cayman: folds 
Maria1995587: folds 
Uncalled bet ($0.36) returned to INTIMIDATOR69
INTIMIDATOR69 collected $0.13 from pot
*** SUMMARY ***
Total pot $0.13 | Rake $0 
Board [6s Kh 9d 8s 5d]
Seat 1: TECTO_ekv folded before Flop (didn't bet)
Seat 2: Omar Cayman folded on the River
Seat 3: IndigoShirt folded before Flop (didn't bet)
Seat 4: Maria1995587 folded on the River
Seat 6: Dorex2007 folded before Flop (didn't bet)
Seat 7: DodgeGTS4 (button) folded before Flop (didn't bet)
Seat 8: umka186 (small blind) folded before Flop
Seat 9: INTIMIDATOR69 (big blind) collected ($0.13)



PokerStars Hand #233641623409:  Hold'em No Limit ($0.01/$0.02 USD) - 2022/01/30 21:05:36 PT [2022/01/31 0:05:36 ET]
Table 'Fidelio II' 9-max Seat #8 is the button
Seat 1: TECTO_ekv ($2.05 in chips) 
Seat 2: Omar Cayman ($2.47 in chips) 
Seat 3: IndigoShirt ($2 in chips) 
Seat 4: Maria1995587 ($0.76 in chips) 
Seat 6: Dorex2007 ($2 in chips) 
Seat 7: DodgeGTS4 ($0.36 in chips) 
Seat 8: umka186 ($3.25 in chips) 
Seat 9: INTIMIDATOR69 ($1.43 in chips) 
INTIMIDATOR69: posts small blind $0.01
TECTO_ekv: posts big blind $0.02
CA Sanchez: sits out 
*** HOLE CARDS ***
Dealt to Dorex2007 [6d Qc]
Omar Cayman: folds 
IndigoShirt: folds 
Maria1995587: calls $0.02
Dorex2007: folds 
DodgeGTS4: raises $0.07 to $0.09
umka186: folds 
INTIMIDATOR69: folds 
TECTO_ekv: folds 
Maria1995587: folds 
Uncalled bet ($0.07) returned to DodgeGTS4
DodgeGTS4 collected $0.07 from pot
DodgeGTS4: doesn't show hand 
*** SUMMARY ***
Total pot $0.07 | Rake $0 
Seat 1: TECTO_ekv (big blind) folded before Flop
Seat 2: Omar Cayman folded before Flop (didn't bet)
Seat 3: IndigoShirt folded before Flop (didn't bet)
Seat 4: Maria1995587 folded before Flop
Seat 6: Dorex2007 folded before Flop (didn't bet)
Seat 7: DodgeGTS4 collected ($0.07)
Seat 8: umka186 (button) folded before Flop (didn't bet)
Seat 9: INTIMIDATOR69 (small blind) folded before Flop



PokerStars Hand #233641625999:  Hold'em No Limit ($0.01/$0.02 USD) - 2022/01/30 21:05:54 PT [2022/01/31 0:05:54 ET]
Table 'Fidelio II' 9-max Seat #9 is the button
Seat 1: TECTO_ekv ($2.03 in chips) 
Seat 2: Omar Cayman ($2.47 in chips) 
Seat 3: IndigoShirt ($2 in chips) 
Seat 4: Maria1995587 ($0.74 in chips) 
Seat 6: Dorex2007 ($2 in chips) 
Seat 7: DodgeGTS4 ($0.41 in chips) 
Seat 8: umka186 ($3.25 in chips) 
Seat 9: INTIMIDATOR69 ($1.42 in chips) 
TECTO_ekv: posts small blind $0.01
Omar Cayman: posts big blind $0.02
CA Sanchez: sits out 
*** HOLE CARDS ***
Dealt to Dorex2007 [Jd 9d]
IndigoShirt has timed out
IndigoShirt: folds 
Maria1995587: calls $0.02
Dorex2007: folds 
DodgeGTS4: folds 
umka186: folds 
INTIMIDATOR69: folds 
TECTO_ekv: calls $0.01
Omar Cayman: checks 
*** FLOP *** [Jc 6h 4h]
TECTO_ekv: checks 
Omar Cayman: checks 
Maria1995587: checks 
*** TURN *** [Jc 6h 4h] [7d]
TECTO_ekv: checks 
CA Sanchez is disconnected 
Omar Cayman: checks 
Maria1995587: checks 
*** RIVER *** [Jc 6h 4h 7d] [5d]
TECTO_ekv: bets $0.04
Omar Cayman: folds 
Maria1995587: folds 
Uncalled bet ($0.04) returned to TECTO_ekv
TECTO_ekv collected $0.06 from pot
TECTO_ekv: doesn't show hand 
*** SUMMARY ***
Total pot $0.06 | Rake $0 
Board [Jc 6h 4h 7d 5d]
Seat 1: TECTO_ekv (small blind) collected ($0.06)
Seat 2: Omar Cayman (big blind) folded on the River
Seat 3: IndigoShirt folded before Flop (didn't bet)
Seat 4: Maria1995587 folded on the River
Seat 6: Dorex2007 folded before Flop (didn't bet)
Seat 7: DodgeGTS4 folded before Flop (didn't bet)
Seat 8: umka186 folded before Flop (didn't bet)
Seat 9: INTIMIDATOR69 (button) folded before Flop (didn't bet)



PokerStars Hand #233641641677:  Hold'em No Limit ($0.01/$0.02 USD) - 2022/01/30 21:07:42 PT [2022/01/31 0:07:42 ET]
Table 'Fidelio II' 9-max Seat #1 is the button
Seat 1: TECTO_ekv ($2.07 in chips) 
Seat 2: Omar Cayman ($2.45 in chips) 
Seat 3: IndigoShirt ($2 in chips) 
Seat 4: Maria1995587 ($0.72 in chips) 
Seat 6: Dorex2007 ($2 in chips) 
Seat 7: DodgeGTS4 ($0.41 in chips) 
Seat 8: umka186 ($3.25 in chips) 
Seat 9: INTIMIDATOR69 ($1.42 in chips) 
Omar Cayman: posts small blind $0.01
IndigoShirt: posts big blind $0.02
CA Sanchez has timed out while disconnected
CA Sanchez: is sitting out 
*** HOLE CARDS ***
Dealt to Dorex2007 [Kh 6d]
Maria1995587: folds 
Dorex2007: folds 
DodgeGTS4: raises $0.05 to $0.07
umka186: folds 
INTIMIDATOR69: calls $0.07
TECTO_ekv: folds 
Omar Cayman: calls $0.06
IndigoShirt: folds 
*** FLOP *** [Kd 5h 4d]
Omar Cayman: checks 
DodgeGTS4: bets $0.16
INTIMIDATOR69: folds 
Omar Cayman: folds 
Uncalled bet ($0.16) returned to DodgeGTS4
DodgeGTS4 collected $0.22 from pot
DodgeGTS4: doesn't show hand 
*** SUMMARY ***
Total pot $0.23 | Rake $0.01 
Board [Kd 5h 4d]
Seat 1: TECTO_ekv (button) folded before Flop (didn't bet)
Seat 2: Omar Cayman (small blind) folded on the Flop
Seat 3: IndigoShirt (big blind) folded before Flop
Seat 4: Maria1995587 folded before Flop (didn't bet)
Seat 6: Dorex2007 folded before Flop (didn't bet)
Seat 7: DodgeGTS4 collected ($0.22)
Seat 8: umka186 folded before Flop (didn't bet)
Seat 9: INTIMIDATOR69 folded on the Flop



PokerStars Hand #233641651531:  Hold'em No Limit ($0.01/$0.02 USD) - 2022/01/30 21:08:50 PT [2022/01/31 0:08:50 ET]
Table 'Fidelio II' 9-max Seat #2 is the button
Seat 1: TECTO_ekv ($2.07 in chips) 
Seat 2: Omar Cayman ($2.38 in chips) 
Seat 3: IndigoShirt ($2 in chips) 
Seat 4: Maria1995587 ($0.72 in chips) 
Seat 6: Dorex2007 ($2 in chips) 
Seat 7: DodgeGTS4 ($0.56 in chips) 
Seat 8: umka186 ($3.25 in chips) 
Seat 9: INTIMIDATOR69 ($1.35 in chips) 
IndigoShirt: posts small blind $0.01
Maria1995587: posts big blind $0.02
CA Sanchez: sits out 
*** HOLE CARDS ***
Dealt to Dorex2007 [Td 8c]
Dorex2007: folds 
DodgeGTS4: folds 
umka186: folds 
INTIMIDATOR69: folds 
INTIMIDATOR69 leaves the table
TECTO_ekv: raises $0.04 to $0.06
Omar Cayman: calls $0.06
IndigoShirt: folds 
Maria1995587: folds 
*** FLOP *** [5c 5s 3c]
TECTO_ekv: checks 
t0m1sh joins the table at seat #9 
Omar Cayman: checks 
*** TURN *** [5c 5s 3c] [Kd]
TECTO_ekv: checks 
Omar Cayman: checks 
*** RIVER *** [5c 5s 3c Kd] [5h]
TECTO_ekv: bets $0.09
Omar Cayman: folds 
Uncalled bet ($0.09) returned to TECTO_ekv
TECTO_ekv collected $0.14 from pot
TECTO_ekv: doesn't show hand 
*** SUMMARY ***
Total pot $0.15 | Rake $0.01 
Board [5c 5s 3c Kd 5h]
Seat 1: TECTO_ekv collected ($0.14)
Seat 2: Omar Cayman (button) folded on the River
Seat 3: IndigoShirt (small blind) folded before Flop
Seat 4: Maria1995587 (big blind) folded before Flop
Seat 6: Dorex2007 folded before Flop (didn't bet)
Seat 7: DodgeGTS4 folded before Flop (didn't bet)
Seat 8: umka186 folded before Flop (didn't bet)
Seat 9: INTIMIDATOR69 folded before Flop (didn't bet)



PokerStars Hand #233641665633:  Hold'em No Limit ($0.01/$0.02 USD) - 2022/01/30 21:10:29 PT [2022/01/31 0:10:29 ET]
Table 'Fidelio II' 9-max Seat #3 is the button
Seat 1: TECTO_ekv ($2.15 in chips) 
Seat 2: Omar Cayman ($2.32 in chips) 
Seat 3: IndigoShirt ($2 in chips) 
Seat 4: Maria1995587 ($0.70 in chips) 
Seat 5: CA Sanchez ($1.60 in chips) 
Seat 6: Dorex2007 ($2 in chips) 
Seat 7: DodgeGTS4 ($0.56 in chips) 
Seat 8: umka186 ($3.25 in chips) 
Maria1995587: posts small blind $0.01
CA Sanchez: posts big blind $0.02
t0m1sh: sits out 
*** HOLE CARDS ***
Dealt to Dorex2007 [Tc 4d]
Dorex2007: folds 
DodgeGTS4: raises $0.05 to $0.07
umka186: folds 
TECTO_ekv: folds 
Omar Cayman: folds 
IndigoShirt: folds 
Maria1995587: folds 
CA Sanchez: calls $0.05
*** FLOP *** [Ah Kc 9d]
CA Sanchez: checks 
DodgeGTS4: bets $0.14
CA Sanchez: folds 
Uncalled bet ($0.14) returned to DodgeGTS4
DodgeGTS4 collected $0.14 from pot
DodgeGTS4: doesn't show hand 
*** SUMMARY ***
Total pot $0.15 | Rake $0.01 
Board [Ah Kc 9d]
Seat 1: TECTO_ekv folded before Flop (didn't bet)
Seat 2: Omar Cayman folded before Flop (didn't bet)
Seat 3: IndigoShirt (button) folded before Flop (didn't bet)
Seat 4: Maria1995587 (small blind) folded before Flop
Seat 5: CA Sanchez (big blind) folded on the Flop
Seat 6: Dorex2007 folded before Flop (didn't bet)
Seat 7: DodgeGTS4 collected ($0.14)
Seat 8: umka186 folded before Flop (didn't bet)



PokerStars Hand #233641673846:  Hold'em No Limit ($0.01/$0.02 USD) - 2022/01/30 21:11:27 PT [2022/01/31 0:11:27 ET]
Table 'Fidelio II' 9-max Seat #4 is the button
Seat 1: TECTO_ekv ($2.15 in chips) 
Seat 2: Omar Cayman ($2.32 in chips) 
Seat 3: IndigoShirt ($2 in chips) 
Seat 4: Maria1995587 ($0.69 in chips) 
Seat 5: CA Sanchez ($1.53 in chips) 
Seat 6: Dorex2007 ($2 in chips) 
Seat 7: DodgeGTS4 ($0.63 in chips) 
Seat 8: umka186 ($3.25 in chips) 
CA Sanchez: posts small blind $0.01
Dorex2007: posts big blind $0.02
t0m1sh: sits out 
*** HOLE CARDS ***
Dealt to Dorex2007 [Ac Th]
DodgeGTS4: folds 
umka186: folds 
TECTO_ekv: folds 
Omar Cayman: calls $0.02
IndigoShirt: folds 
Maria1995587 has timed out
Maria1995587: folds 
CA Sanchez: folds 
Dorex2007: checks 
*** FLOP *** [3h 3c 3s]
Dorex2007: checks 
Omar Cayman: checks 
*** TURN *** [3h 3c 3s] [Kc]
Dorex2007: checks 
Omar Cayman: checks 
*** RIVER *** [3h 3c 3s Kc] [8s]
Dorex2007: bets $0.03
Omar Cayman: folds 
Uncalled bet ($0.03) returned to Dorex2007
Dorex2007 collected $0.05 from pot
Dorex2007: doesn't show hand 
*** SUMMARY ***
Total pot $0.05 | Rake $0 
Board [3h 3c 3s Kc 8s]
Seat 1: TECTO_ekv folded before Flop (didn't bet)
Seat 2: Omar Cayman folded on the River
Seat 3: IndigoShirt folded before Flop (didn't bet)
Seat 4: Maria1995587 (button) folded before Flop (didn't bet)
Seat 5: CA Sanchez (small blind) folded before Flop
Seat 6: Dorex2007 (big blind) collected ($0.05)
Seat 7: DodgeGTS4 folded before Flop (didn't bet)
Seat 8: umka186 folded before Flop (didn't bet)



PokerStars Hand #233641682495:  Hold'em No Limit ($0.01/$0.02 USD) - 2022/01/30 21:12:27 PT [2022/01/31 0:12:27 ET]
Table 'Fidelio II' 9-max Seat #5 is the button
Seat 1: TECTO_ekv ($2.15 in chips) 
Seat 2: Omar Cayman ($2.30 in chips) 
Seat 3: IndigoShirt ($2 in chips) 
Seat 5: CA Sanchez ($1.52 in chips) 
Seat 6: Dorex2007 ($2.03 in chips) 
Seat 7: DodgeGTS4 ($0.63 in chips) 
Seat 8: umka186 ($3.25 in chips) 
Dorex2007: posts small blind $0.01
DodgeGTS4: posts big blind $0.02
t0m1sh: sits out 
*** HOLE CARDS ***
Dealt to Dorex2007 [4h Ah]
umka186: folds 
TECTO_ekv: folds 
Omar Cayman: calls $0.02
IndigoShirt: folds 
CA Sanchez: folds 
Dorex2007: calls $0.01
DodgeGTS4: checks 
*** FLOP *** [Ks As 3s]
Dorex2007: checks 
DodgeGTS4: checks 
Omar Cayman: checks 
*** TURN *** [Ks As 3s] [8s]
Dorex2007: checks 
DodgeGTS4: bets $0.02
Omar Cayman: calls $0.02
Dorex2007: folds 
*** RIVER *** [Ks As 3s 8s] [Ac]
DodgeGTS4: bets $0.02
Omar Cayman: folds 
Uncalled bet ($0.02) returned to DodgeGTS4
DodgeGTS4 collected $0.10 from pot
DodgeGTS4: doesn't show hand 
*** SUMMARY ***
Total pot $0.10 | Rake $0 
Board [Ks As 3s 8s Ac]
Seat 1: TECTO_ekv folded before Flop (didn't bet)
Seat 2: Omar Cayman folded on the River
Seat 3: IndigoShirt folded before Flop (didn't bet)
Seat 5: CA Sanchez (button) folded before Flop (didn't bet)
Seat 6: Dorex2007 (small blind) folded on the Turn
Seat 7: DodgeGTS4 (big blind) collected ($0.10)
Seat 8: umka186 folded before Flop (didn't bet)



PokerStars Hand #233641690689:  Hold'em No Limit ($0.01/$0.02 USD) - 2022/01/30 21:13:23 PT [2022/01/31 0:13:23 ET]
Table 'Fidelio II' 9-max Seat #6 is the button
Seat 1: TECTO_ekv ($2.15 in chips) 
Seat 2: Omar Cayman ($2.26 in chips) 
Seat 3: IndigoShirt ($2 in chips) 
Seat 4: Maria1995587 ($0.69 in chips) 
Seat 5: CA Sanchez ($1.52 in chips) 
Seat 6: Dorex2007 ($2.01 in chips) 
Seat 7: DodgeGTS4 ($0.69 in chips) 
Seat 8: umka186 ($3.25 in chips) 
DodgeGTS4: posts small blind $0.01
umka186: posts big blind $0.02
t0m1sh: sits out 
*** HOLE CARDS ***
Dealt to Dorex2007 [5h 8d]
TECTO_ekv: folds 
Omar Cayman: folds 
IndigoShirt: raises $0.05 to $0.07
Maria1995587: calls $0.07
CA Sanchez: folds 
Dorex2007: folds 
DodgeGTS4: calls $0.06
umka186: folds 
*** FLOP *** [2c 7c 9s]
DodgeGTS4: bets $0.02
IndigoShirt: calls $0.02
Maria1995587: calls $0.02
*** TURN *** [2c 7c 9s] [2h]
DodgeGTS4: bets $0.02
IndigoShirt: calls $0.02
Maria1995587: calls $0.02
*** RIVER *** [2c 7c 9s 2h] [Jd]
DodgeGTS4: bets $0.02
IndigoShirt: calls $0.02
Maria1995587: raises $0.20 to $0.22
DodgeGTS4: folds 
IndigoShirt: folds 
Uncalled bet ($0.20) returned to Maria1995587
Maria1995587 collected $0.40 from pot
Maria1995587: doesn't show hand 
*** SUMMARY ***
Total pot $0.41 | Rake $0.01 
Board [2c 7c 9s 2h Jd]
Seat 1: TECTO_ekv folded before Flop (didn't bet)
Seat 2: Omar Cayman folded before Flop (didn't bet)
Seat 3: IndigoShirt folded on the River
Seat 4: Maria1995587 collected ($0.40)
Seat 5: CA Sanchez folded before Flop (didn't bet)
Seat 6: Dorex2007 (button) folded before Flop (didn't bet)
Seat 7: DodgeGTS4 (small blind) folded on the River
Seat 8: umka186 (big blind) folded before Flop



PokerStars Hand #233641701350:  Hold'em No Limit ($0.01/$0.02 USD) - 2022/01/30 21:14:37 PT [2022/01/31 0:14:37 ET]
Table 'Fidelio II' 9-max Seat #7 is the button
Seat 1: TECTO_ekv ($2.15 in chips) 
Seat 2: Omar Cayman ($2.26 in chips) 
Seat 3: IndigoShirt ($2 in chips) 
Seat 4: Maria1995587 ($0.96 in chips) 
Seat 5: CA Sanchez ($1.52 in chips) 
Seat 6: Dorex2007 ($2.01 in chips) 
Seat 7: DodgeGTS4 ($0.56 in chips) 
Seat 8: umka186 ($3.23 in chips) 
Seat 9: t0m1sh ($2 in chips) 
umka186: posts small blind $0.01
t0m1sh: posts big blind $0.02
*** HOLE CARDS ***
Dealt to Dorex2007 [Jh 4d]
TECTO_ekv: raises $0.04 to $0.06
Omar Cayman: folds 
IndigoShirt: folds 
Maria1995587: folds 
CA Sanchez: folds 
Dorex2007: folds 
DodgeGTS4: calls $0.06
umka186: folds 
t0m1sh: folds 
*** FLOP *** [3c 9h 8s]
TECTO_ekv: bets $0.07
DodgeGTS4: raises $0.07 to $0.14
TECTO_ekv: calls $0.07
*** TURN *** [3c 9h 8s] [5h]
TECTO_ekv: checks 
DodgeGTS4: bets $0.36 and is all-in
TECTO_ekv: folds 
Uncalled bet ($0.36) returned to DodgeGTS4
DodgeGTS4 collected $0.41 from pot
DodgeGTS4: doesn't show hand 
*** SUMMARY ***
Total pot $0.43 | Rake $0.02 
Board [3c 9h 8s 5h]
Seat 1: TECTO_ekv folded on the Turn
Seat 2: Omar Cayman folded before Flop (didn't bet)
Seat 3: IndigoShirt folded before Flop (didn't bet)
Seat 4: Maria1995587 folded before Flop (didn't bet)
Seat 5: CA Sanchez folded before Flop (didn't bet)
Seat 6: Dorex2007 folded before Flop (didn't bet)
Seat 7: DodgeGTS4 (button) collected ($0.41)
Seat 8: umka186 (small blind) folded before Flop
Seat 9: t0m1sh (big blind) folded before Flop



PokerStars Hand #233641711498:  Hold'em No Limit ($0.01/$0.02 USD) - 2022/01/30 21:15:48 PT [2022/01/31 0:15:48 ET]
Table 'Fidelio II' 9-max Seat #8 is the button
Seat 1: TECTO_ekv ($1.95 in chips) 
Seat 2: Omar Cayman ($2.26 in chips) 
Seat 3: IndigoShirt ($2 in chips) 
Seat 4: Maria1995587 ($0.96 in chips) 
Seat 5: CA Sanchez ($1.52 in chips) 
Seat 6: Dorex2007 ($2.01 in chips) 
Seat 7: DodgeGTS4 ($0.77 in chips) 
Seat 8: umka186 ($3.22 in chips) 
Seat 9: t0m1sh ($2 in chips) 
t0m1sh: posts small blind $0.01
TECTO_ekv: posts big blind $0.02
*** HOLE CARDS ***
Dealt to Dorex2007 [Ah 2h]
Omar Cayman: folds 
IndigoShirt: folds 
Maria1995587: calls $0.02
CA Sanchez: folds 
Dorex2007: calls $0.02
DodgeGTS4: calls $0.02
umka186: folds 
t0m1sh: folds 
TECTO_ekv: checks 
*** FLOP *** [3h 6d 7s]
TECTO_ekv: bets $0.06
Maria1995587: folds 
Dorex2007: folds 
DodgeGTS4: folds 
Uncalled bet ($0.06) returned to TECTO_ekv
TECTO_ekv collected $0.09 from pot
TECTO_ekv: doesn't show hand 
*** SUMMARY ***
Total pot $0.09 | Rake $0 
Board [3h 6d 7s]
Seat 1: TECTO_ekv (big blind) collected ($0.09)
Seat 2: Omar Cayman folded before Flop (didn't bet)
Seat 3: IndigoShirt folded before Flop (didn't bet)
Seat 4: Maria1995587 folded on the Flop
Seat 5: CA Sanchez folded before Flop (didn't bet)
Seat 6: Dorex2007 folded on the Flop
Seat 7: DodgeGTS4 folded on the Flop
Seat 8: umka186 (button) folded before Flop (didn't bet)
Seat 9: t0m1sh (small blind) folded before Flop



PokerStars Hand #233641719514:  Hold'em No Limit ($0.01/$0.02 USD) - 2022/01/30 21:16:44 PT [2022/01/31 0:16:44 ET]
Table 'Fidelio II' 9-max Seat #9 is the button
Seat 1: TECTO_ekv ($2.02 in chips) 
Seat 2: Omar Cayman ($2.26 in chips) 
Seat 3: IndigoShirt ($2 in chips) 
Seat 4: Maria1995587 ($0.94 in chips) 
Seat 5: CA Sanchez ($1.52 in chips) 
Seat 6: Dorex2007 ($2 in chips) 
Seat 7: DodgeGTS4 ($0.75 in chips) 
Seat 8: umka186 ($3.22 in chips) 
Seat 9: t0m1sh ($2 in chips) 
TECTO_ekv: posts small blind $0.01
Omar Cayman: posts big blind $0.02
*** HOLE CARDS ***
Dealt to Dorex2007 [Kc Qh]
IndigoShirt: folds 
Maria1995587: raises $0.04 to $0.06
CA Sanchez: folds 
Dorex2007: folds 
DodgeGTS4 has timed out
DodgeGTS4: folds 
umka186: folds 
t0m1sh: folds 
TECTO_ekv: calls $0.05
Omar Cayman: calls $0.04
*** FLOP *** [3d 9h 8s]
TECTO_ekv: checks 
Omar Cayman: checks 
Maria1995587: bets $0.12
TECTO_ekv: folds 
Omar Cayman: folds 
Uncalled bet ($0.12) returned to Maria1995587
Maria1995587 collected $0.17 from pot
Maria1995587: doesn't show hand 
*** SUMMARY ***
Total pot $0.18 | Rake $0.01 
Board [3d 9h 8s]
Seat 1: TECTO_ekv (small blind) folded on the Flop
Seat 2: Omar Cayman (big blind) folded on the Flop
Seat 3: IndigoShirt folded before Flop (didn't bet)
Seat 4: Maria1995587 collected ($0.17)
Seat 5: CA Sanchez folded before Flop (didn't bet)
Seat 6: Dorex2007 folded before Flop (didn't bet)
Seat 7: DodgeGTS4 folded before Flop (didn't bet)
Seat 8: umka186 folded before Flop (didn't bet)
Seat 9: t0m1sh (button) folded before Flop (didn't bet)



PokerStars Hand #233641736489:  Hold'em No Limit ($0.01/$0.02 USD) - 2022/01/30 21:18:45 PT [2022/01/31 0:18:45 ET]
Table 'Fidelio II' 9-max Seat #1 is the button
Seat 1: TECTO_ekv ($1.96 in chips) 
Seat 2: Omar Cayman ($2.20 in chips) 
Seat 3: IndigoShirt ($2 in chips) 
Seat 4: Maria1995587 ($1.05 in chips) 
Seat 5: CA Sanchez ($1.52 in chips) 
Seat 6: Dorex2007 ($2 in chips) 
Seat 7: DodgeGTS4 ($0.75 in chips) 
Seat 8: umka186 ($3.22 in chips) 
Seat 9: t0m1sh ($2 in chips) 
Omar Cayman: posts small blind $0.01
IndigoShirt: posts big blind $0.02
*** HOLE CARDS ***
Dealt to Dorex2007 [Ad Tc]
Maria1995587: folds 
CA Sanchez has timed out
CA Sanchez: folds 
Dorex2007: folds 
DodgeGTS4: calls $0.02
umka186: folds 
t0m1sh: folds 
TECTO_ekv has timed out
TECTO_ekv: folds 
Omar Cayman: folds 
IndigoShirt: checks 
*** FLOP *** [Kh Js Td]
IndigoShirt: checks 
DodgeGTS4: bets $0.02
IndigoShirt: folds 
Uncalled bet ($0.02) returned to DodgeGTS4
DodgeGTS4 collected $0.05 from pot
DodgeGTS4: doesn't show hand 
*** SUMMARY ***
Total pot $0.05 | Rake $0 
Board [Kh Js Td]
Seat 1: TECTO_ekv (button) folded before Flop (didn't bet)
Seat 2: Omar Cayman (small blind) folded before Flop
Seat 3: IndigoShirt (big blind) folded on the Flop
Seat 4: Maria1995587 folded before Flop (didn't bet)
Seat 5: CA Sanchez folded before Flop (didn't bet)
Seat 6: Dorex2007 folded before Flop (didn't bet)
Seat 7: DodgeGTS4 collected ($0.05)
Seat 8: umka186 folded before Flop (didn't bet)
Seat 9: t0m1sh folded before Flop (didn't bet)



PokerStars Hand #233641743283:  Hold'em No Limit ($0.01/$0.02 USD) - 2022/01/30 21:19:33 PT [2022/01/31 0:19:33 ET]
Table 'Fidelio II' 9-max Seat #2 is the button
Seat 1: TECTO_ekv ($1.96 in chips) 
Seat 2: Omar Cayman ($2.19 in chips) 
Seat 3: IndigoShirt ($2 in chips) 
Seat 4: Maria1995587 ($1.05 in chips) 
Seat 5: CA Sanchez ($1.52 in chips) 
Seat 6: Dorex2007 ($2 in chips) 
Seat 7: DodgeGTS4 ($0.78 in chips) 
Seat 8: umka186 ($3.22 in chips) 
Seat 9: t0m1sh ($2 in chips) 
IndigoShirt: posts small blind $0.01
Maria1995587: posts big blind $0.02
*** HOLE CARDS ***
Dealt to Dorex2007 [6s 4c]
CA Sanchez: folds 
Dorex2007: folds 
DodgeGTS4: folds 
umka186: raises $0.04 to $0.06
t0m1sh: folds 
TECTO_ekv: folds 
Omar Cayman: calls $0.06
IndigoShirt: folds 
Maria1995587: folds 
*** FLOP *** [5c 2s 5s]
umka186: checks 
Omar Cayman: checks 
*** TURN *** [5c 2s 5s] [Kh]
umka186: bets $0.07
Omar Cayman: folds 
Uncalled bet ($0.07) returned to umka186
umka186 collected $0.14 from pot
*** SUMMARY ***
Total pot $0.15 | Rake $0.01 
Board [5c 2s 5s Kh]
Seat 1: TECTO_ekv folded before Flop (didn't bet)
Seat 2: Omar Cayman (button) folded on the Turn
Seat 3: IndigoShirt (small blind) folded before Flop
Seat 4: Maria1995587 (big blind) folded before Flop
Seat 5: CA Sanchez folded before Flop (didn't bet)
Seat 6: Dorex2007 folded before Flop (didn't bet)
Seat 7: DodgeGTS4 folded before Flop (didn't bet)
Seat 8: umka186 collected ($0.14)
Seat 9: t0m1sh folded before Flop (didn't bet)



PokerStars Hand #233641752122:  Hold'em No Limit ($0.01/$0.02 USD) - 2022/01/30 21:20:34 PT [2022/01/31 0:20:34 ET]
Table 'Fidelio II' 9-max Seat #3 is the button
Seat 1: TECTO_ekv ($1.96 in chips) 
Seat 2: Omar Cayman ($2.13 in chips) 
Seat 3: IndigoShirt ($2 in chips) 
Seat 4: Maria1995587 ($1.03 in chips) 
Seat 5: CA Sanchez ($1.52 in chips) 
Seat 6: Dorex2007 ($2 in chips) 
Seat 7: DodgeGTS4 ($0.78 in chips) 
Seat 8: umka186 ($3.30 in chips) 
Seat 9: t0m1sh ($2 in chips) 
Maria1995587: posts small blind $0.01
CA Sanchez: posts big blind $0.02
*** HOLE CARDS ***
Dealt to Dorex2007 [Ah 5d]
Dorex2007: folds 
DodgeGTS4: calls $0.02
umka186: folds 
t0m1sh: folds 
TECTO_ekv: raises $0.06 to $0.08
Omar Cayman: calls $0.08
IndigoShirt: folds 
Maria1995587: folds 
CA Sanchez: folds 
DodgeGTS4: calls $0.06
*** FLOP *** [7c Qd Td]
DodgeGTS4: checks 
TECTO_ekv: checks 
Omar Cayman: bets $0.26
DodgeGTS4: folds 
TECTO_ekv: folds 
Uncalled bet ($0.26) returned to Omar Cayman
Omar Cayman collected $0.26 from pot
Omar Cayman: doesn't show hand 
*** SUMMARY ***
Total pot $0.27 | Rake $0.01 
Board [7c Qd Td]
Seat 1: TECTO_ekv folded on the Flop
Seat 2: Omar Cayman collected ($0.26)
Seat 3: IndigoShirt (button) folded before Flop (didn't bet)
Seat 4: Maria1995587 (small blind) folded before Flop
Seat 5: CA Sanchez (big blind) folded before Flop
Seat 6: Dorex2007 folded before Flop (didn't bet)
Seat 7: DodgeGTS4 folded on the Flop
Seat 8: umka186 folded before Flop (didn't bet)
Seat 9: t0m1sh folded before Flop (didn't bet)



PokerStars Hand #233641765273:  Hold'em No Limit ($0.01/$0.02 USD) - 2022/01/30 21:22:04 PT [2022/01/31 0:22:04 ET]
Table 'Fidelio II' 9-max Seat #4 is the button
Seat 1: TECTO_ekv ($1.88 in chips) 
Seat 2: Omar Cayman ($2.31 in chips) 
Seat 3: IndigoShirt ($2 in chips) 
Seat 4: Maria1995587 ($1.02 in chips) 
Seat 5: CA Sanchez ($1.50 in chips) 
Seat 6: Dorex2007 ($2 in chips) 
Seat 7: DodgeGTS4 ($0.70 in chips) 
Seat 8: umka186 ($3.30 in chips) 
Seat 9: t0m1sh ($2 in chips) 
CA Sanchez: posts small blind $0.01
Dorex2007: posts big blind $0.02
*** HOLE CARDS ***
Dealt to Dorex2007 [6c 2h]
DodgeGTS4: raises $0.05 to $0.07
umka186: folds 
t0m1sh: folds 
TECTO_ekv: folds 
Omar Cayman: folds 
IndigoShirt: folds 
Maria1995587: folds 
CA Sanchez: folds 
Dorex2007: folds 
Uncalled bet ($0.05) returned to DodgeGTS4
DodgeGTS4 collected $0.05 from pot
DodgeGTS4: doesn't show hand 
*** SUMMARY ***
Total pot $0.05 | Rake $0 
Seat 1: TECTO_ekv folded before Flop (didn't bet)
Seat 2: Omar Cayman folded before Flop (didn't bet)
Seat 3: IndigoShirt folded before Flop (didn't bet)
Seat 4: Maria1995587 (button) folded before Flop (didn't bet)
Seat 5: CA Sanchez (small blind) folded before Flop
Seat 6: Dorex2007 (big blind) folded before Flop
Seat 7: DodgeGTS4 collected ($0.05)
Seat 8: umka186 folded before Flop (didn't bet)
Seat 9: t0m1sh folded before Flop (didn't bet)



PokerStars Hand #233641769323:  Hold'em No Limit ($0.01/$0.02 USD) - 2022/01/30 21:22:32 PT [2022/01/31 0:22:32 ET]
Table 'Fidelio II' 9-max Seat #5 is the button
Seat 1: TECTO_ekv ($1.88 in chips) 
Seat 2: Omar Cayman ($2.31 in chips) 
Seat 3: IndigoShirt ($2 in chips) 
Seat 4: Maria1995587 ($1.02 in chips) 
Seat 5: CA Sanchez ($1.49 in chips) 
Seat 6: Dorex2007 ($2 in chips) 
Seat 7: DodgeGTS4 ($0.73 in chips) 
Seat 8: umka186 ($3.30 in chips) 
Seat 9: t0m1sh ($2 in chips) 
Dorex2007: posts small blind $0.01
DodgeGTS4: posts big blind $0.02
*** HOLE CARDS ***
Dealt to Dorex2007 [Ad 5h]
umka186: folds 
t0m1sh: folds 
TECTO_ekv: folds 
Omar Cayman: calls $0.02
IndigoShirt: folds 
Maria1995587: folds 
CA Sanchez: calls $0.02
Dorex2007: calls $0.01
DodgeGTS4: checks 
*** FLOP *** [5d 4h 7h]
Dorex2007: checks 
DodgeGTS4: bets $0.02
Omar Cayman: calls $0.02
CA Sanchez: raises $0.07 to $0.09
Dorex2007: folds 
DodgeGTS4: raises $0.62 to $0.71 and is all-in
Omar Cayman: folds 
CA Sanchez: calls $0.62
*** TURN *** [5d 4h 7h] [Jc]
*** RIVER *** [5d 4h 7h Jc] [2h]
*** SHOW DOWN ***
DodgeGTS4: shows [6s 8c] (a straight, Four to Eight)
CA Sanchez: shows [4s 4d] (three of a kind, Fours)
DodgeGTS4 collected $1.47 from pot
*** SUMMARY ***
Total pot $1.52 | Rake $0.05 
Board [5d 4h 7h Jc 2h]
Seat 1: TECTO_ekv folded before Flop (didn't bet)
Seat 2: Omar Cayman folded on the Flop
Seat 3: IndigoShirt folded before Flop (didn't bet)
Seat 4: Maria1995587 folded before Flop (didn't bet)
Seat 5: CA Sanchez (button) showed [4s 4d] and lost with three of a kind, Fours
Seat 6: Dorex2007 (small blind) folded on the Flop
Seat 7: DodgeGTS4 (big blind) showed [6s 8c] and won ($1.47) with a straight, Four to Eight
Seat 8: umka186 folded before Flop (didn't bet)
Seat 9: t0m1sh folded before Flop (didn't bet)



PokerStars Hand #233641778845:  Hold'em No Limit ($0.01/$0.02 USD) - 2022/01/30 21:23:39 PT [2022/01/31 0:23:39 ET]
Table 'Fidelio II' 9-max Seat #6 is the button
Seat 1: TECTO_ekv ($1.88 in chips) 
Seat 2: Omar Cayman ($2.27 in chips) 
Seat 3: IndigoShirt ($2 in chips) 
Seat 4: Maria1995587 ($1.02 in chips) 
Seat 5: CA Sanchez ($0.76 in chips) 
Seat 6: Dorex2007 ($2 in chips) 
Seat 7: DodgeGTS4 ($1.47 in chips) 
Seat 8: umka186 ($3.30 in chips) 
Seat 9: t0m1sh ($2 in chips) 
DodgeGTS4: posts small blind $0.01
umka186: posts big blind $0.02
*** HOLE CARDS ***
Dealt to Dorex2007 [5d Jh]
t0m1sh: folds 
TECTO_ekv: folds 
Omar Cayman: folds 
IndigoShirt: folds 
Maria1995587 has timed out
Maria1995587: folds 
CA Sanchez: calls $0.02
Dorex2007: folds 
DodgeGTS4: folds 
umka186: checks 
*** FLOP *** [Ks 6c Kh]
umka186: bets $0.03
CA Sanchez: folds 
Uncalled bet ($0.03) returned to umka186
umka186 collected $0.05 from pot
*** SUMMARY ***
Total pot $0.05 | Rake $0 
Board [Ks 6c Kh]
Seat 1: TECTO_ekv folded before Flop (didn't bet)
Seat 2: Omar Cayman folded before Flop (didn't bet)
Seat 3: IndigoShirt folded before Flop (didn't bet)
Seat 4: Maria1995587 folded before Flop (didn't bet)
Seat 5: CA Sanchez folded on the Flop
Seat 6: Dorex2007 (button) folded before Flop (didn't bet)
Seat 7: DodgeGTS4 (small blind) folded before Flop
Seat 8: umka186 (big blind) collected ($0.05)
Seat 9: t0m1sh folded before Flop (didn't bet)



PokerStars Hand #233641785295:  Hold'em No Limit ($0.01/$0.02 USD) - 2022/01/30 21:24:23 PT [2022/01/31 0:24:23 ET]
Table 'Fidelio II' 9-max Seat #7 is the button
Seat 1: TECTO_ekv ($1.88 in chips) 
Seat 2: Omar Cayman ($2.27 in chips) 
Seat 3: IndigoShirt ($2 in chips) 
Seat 4: Maria1995587 ($1.02 in chips) 
Seat 5: CA Sanchez ($0.74 in chips) 
Seat 6: Dorex2007 ($2 in chips) 
Seat 7: DodgeGTS4 ($1.46 in chips) 
Seat 8: umka186 ($3.33 in chips) 
Seat 9: t0m1sh ($2 in chips) 
umka186: posts small blind $0.01
t0m1sh: posts big blind $0.02
*** HOLE CARDS ***
Dealt to Dorex2007 [9d Qh]
TECTO_ekv: folds 
Omar Cayman: raises $0.02 to $0.04
IndigoShirt: folds 
Maria1995587: folds 
CA Sanchez has timed out
CA Sanchez: folds 
Dorex2007: folds 
DodgeGTS4: folds 
umka186: folds 
t0m1sh: folds 
Uncalled bet ($0.02) returned to Omar Cayman
Omar Cayman collected $0.05 from pot
Omar Cayman: doesn't show hand 
*** SUMMARY ***
Total pot $0.05 | Rake $0 
Seat 1: TECTO_ekv folded before Flop (didn't bet)
Seat 2: Omar Cayman collected ($0.05)
Seat 3: IndigoShirt folded before Flop (didn't bet)
Seat 4: Maria1995587 folded before Flop (didn't bet)
Seat 5: CA Sanchez folded before Flop (didn't bet)
Seat 6: Dorex2007 folded before Flop (didn't bet)
Seat 7: DodgeGTS4 (button) folded before Flop (didn't bet)
Seat 8: umka186 (small blind) folded before Flop
Seat 9: t0m1sh (big blind) folded before Flop



PokerStars Hand #233641789729:  Hold'em No Limit ($0.01/$0.02 USD) - 2022/01/30 21:24:54 PT [2022/01/31 0:24:54 ET]
Table 'Fidelio II' 9-max Seat #8 is the button
Seat 1: TECTO_ekv ($1.88 in chips) 
Seat 2: Omar Cayman ($2.30 in chips) 
Seat 3: IndigoShirt ($2 in chips) 
Seat 4: Maria1995587 ($1.02 in chips) 
Seat 5: CA Sanchez ($0.74 in chips) 
Seat 6: Dorex2007 ($2 in chips) 
Seat 8: umka186 ($3.32 in chips) 
Seat 9: t0m1sh ($2 in chips) 
t0m1sh: posts small blind $0.01
TECTO_ekv: posts big blind $0.02
*** HOLE CARDS ***
Dealt to Dorex2007 [5d 3s]
Omar Cayman: calls $0.02
IndigoShirt: folds 
Maria1995587: folds 
Maria1995587 leaves the table
CA Sanchez has timed out
CA Sanchez: folds 
Dorex2007: folds 
umka186: folds 
t0m1sh: raises $0.08 to $0.10
TECTO_ekv: folds 
Omar Cayman: calls $0.08
*** FLOP *** [8d Th 5s]
t0m1sh: bets $0.14
Omar Cayman: calls $0.14
*** TURN *** [8d Th 5s] [2d]
t0m1sh: bets $0.36
Omar Cayman: calls $0.36
*** RIVER *** [8d Th 5s 2d] [3c]
t0m1sh: bets $0.89
Omar Cayman: folds 
Uncalled bet ($0.89) returned to t0m1sh
t0m1sh collected $1.18 from pot
t0m1sh: doesn't show hand 
*** SUMMARY ***
Total pot $1.22 | Rake $0.04 
Board [8d Th 5s 2d 3c]
Seat 1: TECTO_ekv (big blind) folded before Flop
Seat 2: Omar Cayman folded on the River
Seat 3: IndigoShirt folded before Flop (didn't bet)
Seat 4: Maria1995587 folded before Flop (didn't bet)
Seat 5: CA Sanchez folded before Flop (didn't bet)
Seat 6: Dorex2007 folded before Flop (didn't bet)
Seat 8: umka186 (button) folded before Flop (didn't bet)
Seat 9: t0m1sh (small blind) collected ($1.18)



PokerStars Hand #233641800864:  Hold'em No Limit ($0.01/$0.02 USD) - 2022/01/30 21:26:11 PT [2022/01/31 0:26:11 ET]
Table 'Fidelio II' 9-max Seat #9 is the button
Seat 1: TECTO_ekv ($1.86 in chips) 
Seat 2: Omar Cayman ($1.70 in chips) 
Seat 3: IndigoShirt ($2 in chips) 
Seat 5: CA Sanchez ($0.74 in chips) 
Seat 6: Dorex2007 ($2 in chips) 
Seat 8: umka186 ($3.32 in chips) 
Seat 9: t0m1sh ($2.58 in chips) 
TECTO_ekv: posts small blind $0.01
Omar Cayman: posts big blind $0.02
*** HOLE CARDS ***
Dealt to Dorex2007 [6h 5c]
IndigoShirt: folds 
CA Sanchez: folds 
Dorex2007: folds 
umka186: folds 
t0m1sh: folds 
TECTO_ekv: calls $0.01
Omar Cayman: checks 
*** FLOP *** [Ac 2h 5h]
TECTO_ekv: checks 
Omar Cayman: checks 
*** TURN *** [Ac 2h 5h] [Tc]
TECTO_ekv: checks 
GidraPonya joins the table at seat #4 
Omar Cayman: checks 
*** RIVER *** [Ac 2h 5h Tc] [6s]
TECTO_ekv: bets $0.03
Omar Cayman: folds 
Uncalled bet ($0.03) returned to TECTO_ekv
TECTO_ekv collected $0.04 from pot
TECTO_ekv: doesn't show hand 
*** SUMMARY ***
Total pot $0.04 | Rake $0 
Board [Ac 2h 5h Tc 6s]
Seat 1: TECTO_ekv (small blind) collected ($0.04)
Seat 2: Omar Cayman (big blind) folded on the River
Seat 3: IndigoShirt folded before Flop (didn't bet)
Seat 5: CA Sanchez folded before Flop (didn't bet)
Seat 6: Dorex2007 folded before Flop (didn't bet)
Seat 8: umka186 folded before Flop (didn't bet)
Seat 9: t0m1sh (button) folded before Flop (didn't bet)



PokerStars Hand #233641812179:  Hold'em No Limit ($0.01/$0.02 USD) - 2022/01/30 21:27:29 PT [2022/01/31 0:27:29 ET]
Table 'Fidelio II' 9-max Seat #1 is the button
Seat 1: TECTO_ekv ($1.88 in chips) 
Seat 2: Omar Cayman ($1.68 in chips) 
Seat 3: IndigoShirt ($2 in chips) 
Seat 4: GidraPonya ($1.01 in chips) 
Seat 5: CA Sanchez ($0.74 in chips) 
Seat 6: Dorex2007 ($2 in chips) 
Seat 8: umka186 ($3.32 in chips) 
Seat 9: t0m1sh ($2.58 in chips) 
Omar Cayman: posts small blind $0.01
IndigoShirt: posts big blind $0.02
GidraPonya: posts big blind $0.02
*** HOLE CARDS ***
Dealt to Dorex2007 [As 9h]
GidraPonya: checks 
CA Sanchez: calls $0.02
Dorex2007: folds 
umka186: folds 
t0m1sh: folds 
TECTO_ekv: raises $0.06 to $0.08
Omar Cayman: calls $0.07
IndigoShirt: folds 
GidraPonya: calls $0.06
CA Sanchez: calls $0.06
*** FLOP *** [Qc 5s 9c]
Omar Cayman: checks 
GidraPonya: checks 
CA Sanchez: bets $0.33
TECTO_ekv: calls $0.33
Omar Cayman: folds 
GidraPonya: raises $0.60 to $0.93 and is all-in
CA Sanchez: calls $0.33 and is all-in
TECTO_ekv: folds 
Uncalled bet ($0.27) returned to GidraPonya
*** TURN *** [Qc 5s 9c] [5d]
*** RIVER *** [Qc 5s 9c 5d] [Tc]
*** SHOW DOWN ***
GidraPonya: shows [Ts Qd] (two pair, Queens and Tens)
CA Sanchez: shows [8s Qs] (two pair, Queens and Fives)
GidraPonya collected $1.92 from pot
*** SUMMARY ***
Total pot $1.99 | Rake $0.07 
Board [Qc 5s 9c 5d Tc]
Seat 1: TECTO_ekv (button) folded on the Flop
Seat 2: Omar Cayman (small blind) folded on the Flop
Seat 3: IndigoShirt (big blind) folded before Flop
Seat 4: GidraPonya showed [Ts Qd] and won ($1.92) with two pair, Queens and Tens
Seat 5: CA Sanchez showed [8s Qs] and lost with two pair, Queens and Fives
Seat 6: Dorex2007 folded before Flop (didn't bet)
Seat 8: umka186 folded before Flop (didn't bet)
Seat 9: t0m1sh folded before Flop (didn't bet)



PokerStars Hand #233641833467:  Hold'em No Limit ($0.01/$0.02 USD) - 2022/01/30 21:29:24 PT [2022/01/31 0:29:24 ET]
Table 'Fidelio II' 9-max Seat #2 is the button
Seat 1: TECTO_ekv ($1.47 in chips) 
Seat 2: Omar Cayman ($1.60 in chips) 
Seat 3: IndigoShirt ($2 in chips) 
Seat 4: GidraPonya ($2.19 in chips) 
Seat 6: Dorex2007 ($2 in chips) 
Seat 8: umka186 ($3.32 in chips) 
Seat 9: t0m1sh ($2.58 in chips) 
IndigoShirt: posts small blind $0.01
GidraPonya: posts big blind $0.02
*** HOLE CARDS ***
Dealt to Dorex2007 [Ts 3d]
Dorex2007: folds 
CA Sanchez leaves the table
umka186: folds 
t0m1sh: folds 
TECTO_ekv: folds 
Omar Cayman: calls $0.02
IndigoShirt: raises $0.08 to $0.10
GidraPonya: calls $0.08
Omar Cayman: calls $0.08
*** FLOP *** [6h 3h Js]
_ALF_949 joins the table at seat #5 
IndigoShirt: checks 
GidraPonya: bets $0.14
Omar Cayman: folds 
IndigoShirt: folds 
Uncalled bet ($0.14) returned to GidraPonya
GidraPonya collected $0.29 from pot
GidraPonya: doesn't show hand 
*** SUMMARY ***
Total pot $0.30 | Rake $0.01 
Board [6h 3h Js]
Seat 1: TECTO_ekv folded before Flop (didn't bet)
Seat 2: Omar Cayman (button) folded on the Flop
Seat 3: IndigoShirt (small blind) folded on the Flop
Seat 4: GidraPonya (big blind) collected ($0.29)
Seat 6: Dorex2007 folded before Flop (didn't bet)
Seat 8: umka186 folded before Flop (didn't bet)
Seat 9: t0m1sh folded before Flop (didn't bet)



PokerStars Hand #233641843786:  Hold'em No Limit ($0.01/$0.02 USD) - 2022/01/30 21:30:36 PT [2022/01/31 0:30:36 ET]
Table 'Fidelio II' 9-max Seat #3 is the button
Seat 1: TECTO_ekv ($2 in chips) 
Seat 2: Omar Cayman ($1.50 in chips) 
Seat 3: IndigoShirt ($2 in chips) 
Seat 4: GidraPonya ($2.38 in chips) 
Seat 5: _ALF_949 ($0.80 in chips) 
Seat 6: Dorex2007 ($2 in chips) 
Seat 8: umka186 ($3.32 in chips) 
Seat 9: t0m1sh ($2.58 in chips) 
GidraPonya: posts small blind $0.01
_ALF_949: posts big blind $0.02
*** HOLE CARDS ***
Dealt to Dorex2007 [3d 2s]
Dorex2007: folds 
umka186: folds 
t0m1sh: folds 
TECTO_ekv: raises $0.04 to $0.06
Omar Cayman: raises $0.04 to $0.10
IndigoShirt: folds 
GidraPonya: calls $0.09
_ALF_949: folds 
TECTO_ekv: raises $0.30 to $0.40
Omar Cayman: calls $0.30
GidraPonya: calls $0.30
*** FLOP *** [9h 5h 4s]
GidraPonya: checks 
TECTO_ekv: bets $0.59
Omar Cayman: raises $0.51 to $1.10 and is all-in
GidraPonya: calls $1.10
TECTO_ekv: calls $0.51
*** TURN *** [9h 5h 4s] [3h]
GidraPonya: bets $0.88 and is all-in
TECTO_ekv: calls $0.50 and is all-in
Uncalled bet ($0.38) returned to GidraPonya
*** RIVER *** [9h 5h 4s 3h] [Qh]
*** SHOW DOWN ***
GidraPonya: shows [Td Th] (a flush, Queen high)
TECTO_ekv: shows [Kh Kc] (a flush, King high)
TECTO_ekv collected $0.97 from side pot
Omar Cayman: shows [8d 9d] (a pair of Nines)
TECTO_ekv collected $4.36 from main pot
GidraPonya cashed out the hand for $0.26
*** SUMMARY ***
Total pot $5.52 Main pot $4.36. Side pot $0.97. | Rake $0.19 
Board [9h 5h 4s 3h Qh]
Seat 1: TECTO_ekv showed [Kh Kc] and won ($5.33) with a flush, King high
Seat 2: Omar Cayman showed [8d 9d] and lost with a pair of Nines
Seat 3: IndigoShirt (button) folded before Flop (didn't bet)
Seat 4: GidraPonya (small blind) showed [Td Th] and lost with a flush, Queen high (cashed out).
Seat 5: _ALF_949 (big blind) folded before Flop
Seat 6: Dorex2007 folded before Flop (didn't bet)
Seat 8: umka186 folded before Flop (didn't bet)
Seat 9: t0m1sh folded before Flop (didn't bet)



PokerStars Hand #233641857795:  Hold'em No Limit ($0.01/$0.02 USD) - 2022/01/30 21:32:13 PT [2022/01/31 0:32:13 ET]
Table 'Fidelio II' 9-max Seat #4 is the button
Seat 1: TECTO_ekv ($5.33 in chips) 
Seat 3: IndigoShirt ($2 in chips) 
Seat 4: GidraPonya ($0.64 in chips) 
Seat 5: _ALF_949 ($0.78 in chips) 
Seat 6: Dorex2007 ($2 in chips) 
Seat 8: umka186 ($3.32 in chips) 
Seat 9: t0m1sh ($2.58 in chips) 
_ALF_949: posts small blind $0.01
Dorex2007: posts big blind $0.02
*** HOLE CARDS ***
Dealt to Dorex2007 [7s Qd]
umka186: folds 
t0m1sh: folds 
TECTO_ekv: raises $0.04 to $0.06
IndigoShirt: folds 
GidraPonya: folds 
_ALF_949: folds 
Dorex2007: folds 
Uncalled bet ($0.04) returned to TECTO_ekv
TECTO_ekv collected $0.05 from pot
TECTO_ekv: doesn't show hand 
*** SUMMARY ***
Total pot $0.05 | Rake $0 
Seat 1: TECTO_ekv collected ($0.05)
Seat 3: IndigoShirt folded before Flop (didn't bet)
Seat 4: GidraPonya (button) folded before Flop (didn't bet)
Seat 5: _ALF_949 (small blind) folded before Flop
Seat 6: Dorex2007 (big blind) folded before Flop
Seat 8: umka186 folded before Flop (didn't bet)
Seat 9: t0m1sh folded before Flop (didn't bet)



PokerStars Hand #233641859857:  Hold'em No Limit ($0.01/$0.02 USD) - 2022/01/30 21:32:27 PT [2022/01/31 0:32:27 ET]
Table 'Fidelio II' 9-max Seat #5 is the button
Seat 1: TECTO_ekv ($5.36 in chips) 
Seat 2: Omar Cayman ($2 in chips) 
Seat 3: IndigoShirt ($2 in chips) 
Seat 4: GidraPonya ($0.64 in chips) 
Seat 5: _ALF_949 ($0.77 in chips) 
Seat 6: Dorex2007 ($2 in chips) 
Seat 8: umka186 ($3.32 in chips) 
Seat 9: t0m1sh ($2.58 in chips) 
Dorex2007: posts small blind $0.01
umka186: posts big blind $0.02
*** HOLE CARDS ***
Dealt to Dorex2007 [5s Qh]
t0m1sh: folds 
TECTO_ekv: raises $0.04 to $0.06
Omar Cayman: folds 
IndigoShirt: folds 
GidraPonya: folds 
_ALF_949: folds 
Dorex2007: folds 
umka186: folds 
Uncalled bet ($0.04) returned to TECTO_ekv
TECTO_ekv collected $0.05 from pot
TECTO_ekv: doesn't show hand 
*** SUMMARY ***
Total pot $0.05 | Rake $0 
Seat 1: TECTO_ekv collected ($0.05)
Seat 2: Omar Cayman folded before Flop (didn't bet)
Seat 3: IndigoShirt folded before Flop (didn't bet)
Seat 4: GidraPonya folded before Flop (didn't bet)
Seat 5: _ALF_949 (button) folded before Flop (didn't bet)
Seat 6: Dorex2007 (small blind) folded before Flop
Seat 8: umka186 (big blind) folded before Flop
Seat 9: t0m1sh folded before Flop (didn't bet)



PokerStars Hand #233641862634:  Hold'em No Limit ($0.01/$0.02 USD) - 2022/01/30 21:32:47 PT [2022/01/31 0:32:47 ET]
Table 'Fidelio II' 9-max Seat #6 is the button
Seat 1: TECTO_ekv ($5.39 in chips) 
Seat 2: Omar Cayman ($2 in chips) 
Seat 3: IndigoShirt ($2 in chips) 
Seat 4: GidraPonya ($0.64 in chips) 
Seat 5: _ALF_949 ($0.77 in chips) 
Seat 6: Dorex2007 ($2 in chips) 
Seat 8: umka186 ($3.30 in chips) 
Seat 9: t0m1sh ($2.58 in chips) 
umka186: posts small blind $0.01
t0m1sh: posts big blind $0.02
*** HOLE CARDS ***
Dealt to Dorex2007 [5d 7c]
TECTO_ekv has timed out
TECTO_ekv: folds 
Omar Cayman: calls $0.02
IndigoShirt: raises $0.07 to $0.09
GidraPonya: calls $0.09
_ALF_949: folds 
Dorex2007: folds 
umka186: folds 
t0m1sh: folds 
Omar Cayman: calls $0.07
*** FLOP *** [4c 2s 6c]
Omar Cayman: checks 
IndigoShirt: checks 
GidraPonya: checks 
*** TURN *** [4c 2s 6c] [2h]
Omar Cayman: checks 
IndigoShirt: checks 
GidraPonya: checks 
*** RIVER *** [4c 2s 6c 2h] [8c]
Omar Cayman: checks 
IndigoShirt: bets $0.15
GidraPonya: folds 
Omar Cayman: folds 
Uncalled bet ($0.15) returned to IndigoShirt
IndigoShirt collected $0.29 from pot
IndigoShirt: doesn't show hand 
*** SUMMARY ***
Total pot $0.30 | Rake $0.01 
Board [4c 2s 6c 2h 8c]
Seat 1: TECTO_ekv folded before Flop (didn't bet)
Seat 2: Omar Cayman folded on the River
Seat 3: IndigoShirt collected ($0.29)
Seat 4: GidraPonya folded on the River
Seat 5: _ALF_949 folded before Flop (didn't bet)
Seat 6: Dorex2007 (button) folded before Flop (didn't bet)
Seat 8: umka186 (small blind) folded before Flop
Seat 9: t0m1sh (big blind) folded before Flop



PokerStars Hand #233641882162:  Hold'em No Limit ($0.01/$0.02 USD) - 2022/01/30 21:34:18 PT [2022/01/31 0:34:18 ET]
Table 'Fidelio II' 9-max Seat #8 is the button
Seat 1: TECTO_ekv ($5.39 in chips) 
Seat 2: Omar Cayman ($1.91 in chips) 
Seat 3: IndigoShirt ($2.20 in chips) 
Seat 4: GidraPonya ($0.55 in chips) 
Seat 5: _ALF_949 ($0.77 in chips) 
Seat 6: Dorex2007 ($2 in chips) 
Seat 7: DodgeGTS4 ($1.46 in chips) 
Seat 8: umka186 ($3.29 in chips) 
Seat 9: t0m1sh ($2.56 in chips) 
t0m1sh: posts small blind $0.01
TECTO_ekv: posts big blind $0.02
DodgeGTS4: posts small & big blinds $0.03
*** HOLE CARDS ***
Dealt to Dorex2007 [6s 5h]
Omar Cayman: folds 
IndigoShirt: folds 
GidraPonya: folds 
_ALF_949: folds 
Dorex2007: folds 
DodgeGTS4: checks 
umka186: folds 
t0m1sh: raises $0.12 to $0.14
TECTO_ekv: folds 
DodgeGTS4: calls $0.12
*** FLOP *** [4h 9d 6h]
t0m1sh: checks 
DodgeGTS4: checks 
*** TURN *** [4h 9d 6h] [8d]
t0m1sh: bets $0.23
DodgeGTS4: folds 
Uncalled bet ($0.23) returned to t0m1sh
t0m1sh collected $0.30 from pot
t0m1sh: doesn't show hand 
*** SUMMARY ***
Total pot $0.31 | Rake $0.01 
Board [4h 9d 6h 8d]
Seat 1: TECTO_ekv (big blind) folded before Flop
Seat 2: Omar Cayman folded before Flop (didn't bet)
Seat 3: IndigoShirt folded before Flop (didn't bet)
Seat 4: GidraPonya folded before Flop (didn't bet)
Seat 5: _ALF_949 folded before Flop (didn't bet)
Seat 6: Dorex2007 folded before Flop (didn't bet)
Seat 7: DodgeGTS4 folded on the Turn
Seat 8: umka186 (button) folded before Flop (didn't bet)
Seat 9: t0m1sh (small blind) collected ($0.30)



PokerStars Hand #233641889068:  Hold'em No Limit ($0.01/$0.02 USD) - 2022/01/30 21:35:06 PT [2022/01/31 0:35:06 ET]
Table 'Fidelio II' 9-max Seat #9 is the button
Seat 1: TECTO_ekv ($5.37 in chips) 
Seat 2: Omar Cayman ($1.91 in chips) 
Seat 3: IndigoShirt ($2.20 in chips) 
Seat 4: GidraPonya ($0.55 in chips) 
Seat 5: _ALF_949 ($0.77 in chips) 
Seat 6: Dorex2007 ($2 in chips) 
Seat 7: DodgeGTS4 ($1.31 in chips) 
Seat 8: umka186 ($3.29 in chips) 
Seat 9: t0m1sh ($2.72 in chips) 
TECTO_ekv: posts small blind $0.01
Omar Cayman: posts big blind $0.02
*** HOLE CARDS ***
Dealt to Dorex2007 [Ah 6d]
IndigoShirt: folds 
GidraPonya: calls $0.02
_ALF_949: calls $0.02
Dorex2007: folds 
DodgeGTS4: raises $0.02 to $0.04
umka186: folds 
t0m1sh: folds 
TECTO_ekv: raises $0.10 to $0.14
Omar Cayman: folds 
GidraPonya: folds 
_ALF_949: folds 
DodgeGTS4: calls $0.10
*** FLOP *** [8c 5d 6s]
TECTO_ekv: checks 
DodgeGTS4: checks 
*** TURN *** [8c 5d 6s] [4d]
TECTO_ekv: bets $0.22
DodgeGTS4: folds 
Uncalled bet ($0.22) returned to TECTO_ekv
TECTO_ekv collected $0.33 from pot
TECTO_ekv: doesn't show hand 
*** SUMMARY ***
Total pot $0.34 | Rake $0.01 
Board [8c 5d 6s 4d]
Seat 1: TECTO_ekv (small blind) collected ($0.33)
Seat 2: Omar Cayman (big blind) folded before Flop
Seat 3: IndigoShirt folded before Flop (didn't bet)
Seat 4: GidraPonya folded before Flop
Seat 5: _ALF_949 folded before Flop
Seat 6: Dorex2007 folded before Flop (didn't bet)
Seat 7: DodgeGTS4 folded on the Turn
Seat 8: umka186 folded before Flop (didn't bet)
Seat 9: t0m1sh (button) folded before Flop (didn't bet)



PokerStars Hand #233641898767:  Hold'em No Limit ($0.01/$0.02 USD) - 2022/01/30 21:36:14 PT [2022/01/31 0:36:14 ET]
Table 'Fidelio II' 9-max Seat #1 is the button
Seat 1: TECTO_ekv ($5.56 in chips) 
Seat 2: Omar Cayman ($1.89 in chips) 
Seat 3: IndigoShirt ($2.20 in chips) 
Seat 4: GidraPonya ($0.53 in chips) 
Seat 5: _ALF_949 ($0.75 in chips) 
Seat 6: Dorex2007 ($2 in chips) 
Seat 7: DodgeGTS4 ($1.17 in chips) 
Seat 8: umka186 ($3.29 in chips) 
Seat 9: t0m1sh ($2.72 in chips) 
Omar Cayman: posts small blind $0.01
IndigoShirt: posts big blind $0.02
*** HOLE CARDS ***
Dealt to Dorex2007 [9c 3h]
GidraPonya: calls $0.02
_ALF_949: calls $0.02
Dorex2007: folds 
DodgeGTS4: folds 
DodgeGTS4 leaves the table
umka186: folds 
t0m1sh: folds 
TECTO_ekv: folds 
Omar Cayman: calls $0.01
IndigoShirt: checks 
*** FLOP *** [4h 3c Kh]
Omar Cayman: checks 
IndigoShirt: checks 
GidraPonya: checks 
_ALF_949: checks 
*** TURN *** [4h 3c Kh] [9d]
Omar Cayman: checks 
IndigoShirt: checks 
GidraPonya: checks 
_ALF_949: checks 
*** RIVER *** [4h 3c Kh 9d] [5d]
Omar Cayman: checks 
IndigoShirt: bets $0.04
GidraPonya: folds 
marcel535d joins the table at seat #7 
_ALF_949: calls $0.04
Omar Cayman: folds 
*** SHOW DOWN ***
IndigoShirt: shows [7h Td] (high card King)
_ALF_949: shows [5s 7s] (a pair of Fives)
_ALF_949 collected $0.15 from pot
*** SUMMARY ***
Total pot $0.16 | Rake $0.01 
Board [4h 3c Kh 9d 5d]
Seat 1: TECTO_ekv (button) folded before Flop (didn't bet)
Seat 2: Omar Cayman (small blind) folded on the River
Seat 3: IndigoShirt (big blind) showed [7h Td] and lost with high card King
Seat 4: GidraPonya folded on the River
Seat 5: _ALF_949 showed [5s 7s] and won ($0.15) with a pair of Fives
Seat 6: Dorex2007 folded before Flop (didn't bet)
Seat 7: DodgeGTS4 folded before Flop (didn't bet)
Seat 8: umka186 folded before Flop (didn't bet)
Seat 9: t0m1sh folded before Flop (didn't bet)



PokerStars Hand #233641914870:  Hold'em No Limit ($0.01/$0.02 USD) - 2022/01/30 21:38:09 PT [2022/01/31 0:38:09 ET]
Table 'Fidelio II' 9-max Seat #2 is the button
Seat 1: TECTO_ekv ($5.56 in chips) 
Seat 2: Omar Cayman ($1.87 in chips) 
Seat 3: IndigoShirt ($2.14 in chips) 
Seat 4: GidraPonya ($0.51 in chips) 
Seat 5: _ALF_949 ($0.84 in chips) 
Seat 6: Dorex2007 ($2 in chips) 
Seat 7: marcel535d ($1.60 in chips) 
Seat 8: umka186 ($3.29 in chips) 
Seat 9: t0m1sh ($2.72 in chips) 
IndigoShirt: posts small blind $0.01
GidraPonya: posts big blind $0.02
marcel535d: posts big blind $0.02
*** HOLE CARDS ***
Dealt to Dorex2007 [Qc 4c]
_ALF_949: calls $0.02
Dorex2007: folds 
marcel535d: checks 
umka186: folds 
t0m1sh: folds 
TECTO_ekv: folds 
Omar Cayman: folds 
IndigoShirt: folds 
GidraPonya: checks 
*** FLOP *** [3s 8h 6h]
GidraPonya: checks 
_ALF_949: checks 
marcel535d: checks 
*** TURN *** [3s 8h 6h] [Qh]
GidraPonya: checks 
_ALF_949: bets $0.02
marcel535d: folds 
GidraPonya: folds 
Uncalled bet ($0.02) returned to _ALF_949
_ALF_949 collected $0.07 from pot
_ALF_949: doesn't show hand 
*** SUMMARY ***
Total pot $0.07 | Rake $0 
Board [3s 8h 6h Qh]
Seat 1: TECTO_ekv folded before Flop (didn't bet)
Seat 2: Omar Cayman (button) folded before Flop (didn't bet)
Seat 3: IndigoShirt (small blind) folded before Flop
Seat 4: GidraPonya (big blind) folded on the Turn
Seat 5: _ALF_949 collected ($0.07)
Seat 6: Dorex2007 folded before Flop (didn't bet)
Seat 7: marcel535d folded on the Turn (didn't bet)
Seat 8: umka186 folded before Flop (didn't bet)
Seat 9: t0m1sh folded before Flop (didn't bet)



PokerStars Hand #233641922689:  Hold'em No Limit ($0.01/$0.02 USD) - 2022/01/30 21:39:05 PT [2022/01/31 0:39:05 ET]
Table 'Fidelio II' 9-max Seat #3 is the button
Seat 1: TECTO_ekv ($5.56 in chips) 
Seat 2: Omar Cayman ($1.87 in chips) 
Seat 3: IndigoShirt ($2.13 in chips) 
Seat 4: GidraPonya ($0.49 in chips) 
Seat 5: _ALF_949 ($0.89 in chips) 
Seat 6: Dorex2007 ($2 in chips) 
Seat 7: marcel535d ($1.58 in chips) 
Seat 8: umka186 ($3.29 in chips) 
Seat 9: t0m1sh ($2.72 in chips) 
GidraPonya: posts small blind $0.01
_ALF_949: posts big blind $0.02
*** HOLE CARDS ***
Dealt to Dorex2007 [2c 4h]
Dorex2007: folds 
marcel535d has timed out
marcel535d: folds 
umka186: folds 
t0m1sh: raises $0.04 to $0.06
TECTO_ekv: folds 
Omar Cayman: folds 
IndigoShirt: folds 
GidraPonya: calls $0.05
_ALF_949: folds 
*** FLOP *** [3d Qs 4s]
GidraPonya: checks 
t0m1sh: bets $0.07
GidraPonya: calls $0.07
*** TURN *** [3d Qs 4s] [Kh]
GidraPonya: checks 
t0m1sh: checks 
*** RIVER *** [3d Qs 4s Kh] [Qd]
GidraPonya: bets $0.02
t0m1sh: calls $0.02
*** SHOW DOWN ***
GidraPonya: shows [Td 4d] (two pair, Queens and Fours)
t0m1sh: shows [7h 7c] (two pair, Queens and Sevens)
t0m1sh collected $0.31 from pot
*** SUMMARY ***
Total pot $0.32 | Rake $0.01 
Board [3d Qs 4s Kh Qd]
Seat 1: TECTO_ekv folded before Flop (didn't bet)
Seat 2: Omar Cayman folded before Flop (didn't bet)
Seat 3: IndigoShirt (button) folded before Flop (didn't bet)
Seat 4: GidraPonya (small blind) showed [Td 4d] and lost with two pair, Queens and Fours
Seat 5: _ALF_949 (big blind) folded before Flop
Seat 6: Dorex2007 folded before Flop (didn't bet)
Seat 7: marcel535d folded before Flop (didn't bet)
Seat 8: umka186 folded before Flop (didn't bet)
Seat 9: t0m1sh showed [7h 7c] and won ($0.31) with two pair, Queens and Sevens



PokerStars Hand #233641935763:  Hold'em No Limit ($0.01/$0.02 USD) - 2022/01/30 21:40:39 PT [2022/01/31 0:40:39 ET]
Table 'Fidelio II' 9-max Seat #4 is the button
Seat 1: TECTO_ekv ($5.56 in chips) 
Seat 2: Omar Cayman ($1.87 in chips) 
Seat 3: IndigoShirt ($2.13 in chips) 
Seat 4: GidraPonya ($0.34 in chips) 
Seat 5: _ALF_949 ($0.87 in chips) 
Seat 6: Dorex2007 ($2 in chips) 
Seat 7: marcel535d ($1.58 in chips) 
Seat 8: umka186 ($3.29 in chips) 
Seat 9: t0m1sh ($2.88 in chips) 
_ALF_949: posts small blind $0.01
Dorex2007: posts big blind $0.02
*** HOLE CARDS ***
Dealt to Dorex2007 [2h Td]
marcel535d has timed out
marcel535d: folds 
umka186: folds 
t0m1sh: folds 
TECTO_ekv: folds 
Omar Cayman: raises $0.02 to $0.04
IndigoShirt: folds 
GidraPonya: folds 
_ALF_949: calls $0.03
Dorex2007: folds 
*** FLOP *** [8d 5d Js]
_ALF_949: checks 
Omar Cayman: bets $0.10
_ALF_949: folds 
Uncalled bet ($0.10) returned to Omar Cayman
Omar Cayman collected $0.10 from pot
Omar Cayman: doesn't show hand 
*** SUMMARY ***
Total pot $0.10 | Rake $0 
Board [8d 5d Js]
Seat 1: TECTO_ekv folded before Flop (didn't bet)
Seat 2: Omar Cayman collected ($0.10)
Seat 3: IndigoShirt folded before Flop (didn't bet)
Seat 4: GidraPonya (button) folded before Flop (didn't bet)
Seat 5: _ALF_949 (small blind) folded on the Flop
Seat 6: Dorex2007 (big blind) folded before Flop
Seat 7: marcel535d folded before Flop (didn't bet)
Seat 8: umka186 folded before Flop (didn't bet)
Seat 9: t0m1sh folded before Flop (didn't bet)



PokerStars Hand #233641942739:  Hold'em No Limit ($0.01/$0.02 USD) - 2022/01/30 21:41:29 PT [2022/01/31 0:41:29 ET]
Table 'Fidelio II' 9-max Seat #5 is the button
Seat 1: TECTO_ekv ($5.56 in chips) 
Seat 2: Omar Cayman ($1.93 in chips) 
Seat 3: IndigoShirt ($2.13 in chips) 
Seat 4: GidraPonya ($0.34 in chips) 
Seat 5: _ALF_949 ($0.83 in chips) 
Seat 6: Dorex2007 ($2 in chips) 
Seat 7: marcel535d ($1.58 in chips) 
Seat 8: umka186 ($3.29 in chips) 
Seat 9: t0m1sh ($2.88 in chips) 
Dorex2007: posts small blind $0.01
marcel535d: posts big blind $0.02
*** HOLE CARDS ***
Dealt to Dorex2007 [6d 3s]
umka186: folds 
t0m1sh: raises $0.04 to $0.06
TECTO_ekv: folds 
Omar Cayman: raises $0.04 to $0.10
IndigoShirt: folds 
GidraPonya: folds 
_ALF_949: folds 
Dorex2007: folds 
marcel535d: calls $0.08
t0m1sh: raises $0.24 to $0.34
Omar Cayman: calls $0.24
marcel535d: folds 
*** FLOP *** [2h 8h 4d]
t0m1sh: bets $0.57
Omar Cayman: calls $0.57
*** TURN *** [2h 8h 4d] [5s]
t0m1sh: bets $1.97 and is all-in
Omar Cayman: calls $1.02 and is all-in
Uncalled bet ($0.95) returned to t0m1sh
*** RIVER *** [2h 8h 4d 5s] [Qc]
*** SHOW DOWN ***
t0m1sh: shows [Ah Ac] (a pair of Aces)
Omar Cayman: shows [6h 6c] (a pair of Sixes)
t0m1sh collected $3.83 from pot
*** SUMMARY ***
Total pot $3.97 | Rake $0.14 
Board [2h 8h 4d 5s Qc]
Seat 1: TECTO_ekv folded before Flop (didn't bet)
Seat 2: Omar Cayman showed [6h 6c] and lost with a pair of Sixes
Seat 3: IndigoShirt folded before Flop (didn't bet)
Seat 4: GidraPonya folded before Flop (didn't bet)
Seat 5: _ALF_949 (button) folded before Flop (didn't bet)
Seat 6: Dorex2007 (small blind) folded before Flop
Seat 7: marcel535d (big blind) folded before Flop
Seat 8: umka186 folded before Flop (didn't bet)
Seat 9: t0m1sh showed [Ah Ac] and won ($3.83) with a pair of Aces



PokerStars Hand #233641952888:  Hold'em No Limit ($0.01/$0.02 USD) - 2022/01/30 21:42:42 PT [2022/01/31 0:42:42 ET]
Table 'Fidelio II' 9-max Seat #6 is the button
Seat 1: TECTO_ekv ($5.56 in chips) 
Seat 3: IndigoShirt ($2.13 in chips) 
Seat 4: GidraPonya ($0.34 in chips) 
Seat 5: _ALF_949 ($0.83 in chips) 
Seat 6: Dorex2007 ($2 in chips) 
Seat 7: marcel535d ($1.48 in chips) 
Seat 8: umka186 ($3.29 in chips) 
Seat 9: t0m1sh ($4.78 in chips) 
marcel535d: posts small blind $0.01
umka186: posts big blind $0.02
*** HOLE CARDS ***
Dealt to Dorex2007 [8c 9h]
t0m1sh: folds 
TECTO_ekv: raises $0.04 to $0.06
IndigoShirt: folds 
GidraPonya: folds 
_ALF_949: folds 
Dorex2007: folds 
marcel535d: calls $0.05
umka186: folds 
*** FLOP *** [6h 6s 3s]
marcel535d: checks 
TECTO_ekv: bets $0.09
marcel535d: calls $0.09
*** TURN *** [6h 6s 3s] [Qh]
marcel535d: checks 
TECTO_ekv: bets $0.21
marcel535d: calls $0.21
*** RIVER *** [6h 6s 3s Qh] [4c]
marcel535d: checks 
TECTO_ekv: checks 
*** SHOW DOWN ***
marcel535d: shows [Qs 9s] (two pair, Queens and Sixes)
TECTO_ekv: mucks hand 
marcel535d collected $0.71 from pot
*** SUMMARY ***
Total pot $0.74 | Rake $0.03 
Board [6h 6s 3s Qh 4c]
Seat 1: TECTO_ekv mucked [As Kc]
Seat 3: IndigoShirt folded before Flop (didn't bet)
Seat 4: GidraPonya folded before Flop (didn't bet)
Seat 5: _ALF_949 folded before Flop (didn't bet)
Seat 6: Dorex2007 (button) folded before Flop (didn't bet)
Seat 7: marcel535d (small blind) showed [Qs 9s] and won ($0.71) with two pair, Queens and Sixes
Seat 8: umka186 (big blind) folded before Flop
Seat 9: t0m1sh folded before Flop (didn't bet)



PokerStars Hand #233641960038:  Hold'em No Limit ($0.01/$0.02 USD) - 2022/01/30 21:43:34 PT [2022/01/31 0:43:34 ET]
Table 'Fidelio II' 9-max Seat #7 is the button
Seat 1: TECTO_ekv ($5.20 in chips) 
Seat 2: Omar Cayman ($2 in chips) 
Seat 3: IndigoShirt ($2.13 in chips) 
Seat 4: GidraPonya ($1.06 in chips) 
Seat 5: _ALF_949 ($0.83 in chips) 
Seat 6: Dorex2007 ($2 in chips) 
Seat 7: marcel535d ($1.83 in chips) 
Seat 8: umka186 ($3.27 in chips) 
Seat 9: t0m1sh ($4.78 in chips) 
umka186: posts small blind $0.01
t0m1sh: posts big blind $0.02
*** HOLE CARDS ***
Dealt to Dorex2007 [9c Th]
TECTO_ekv: folds 
Omar Cayman: folds 
IndigoShirt: raises $0.05 to $0.07
GidraPonya: calls $0.07
_ALF_949: folds 
Dorex2007: folds 
marcel535d: calls $0.07
umka186: folds 
t0m1sh: folds 
*** FLOP *** [7c 2h 2d]
IndigoShirt: bets $0.12
GidraPonya: calls $0.12
marcel535d: folds 
*** TURN *** [7c 2h 2d] [4s]
IndigoShirt: bets $0.23
GidraPonya: calls $0.23
*** RIVER *** [7c 2h 2d 4s] [4d]
IndigoShirt: bets $1.71 and is all-in
GidraPonya: calls $0.64 and is all-in
Uncalled bet ($1.07) returned to IndigoShirt
*** SHOW DOWN ***
IndigoShirt: shows [Kd Ks] (two pair, Kings and Fours)
GidraPonya: shows [8s 7s] (two pair, Sevens and Fours)
IndigoShirt collected $2.14 from pot
*** SUMMARY ***
Total pot $2.22 | Rake $0.08 
Board [7c 2h 2d 4s 4d]
Seat 1: TECTO_ekv folded before Flop (didn't bet)
Seat 2: Omar Cayman folded before Flop (didn't bet)
Seat 3: IndigoShirt showed [Kd Ks] and won ($2.14) with two pair, Kings and Fours
Seat 4: GidraPonya showed [8s 7s] and lost with two pair, Sevens and Fours
Seat 5: _ALF_949 folded before Flop (didn't bet)
Seat 6: Dorex2007 folded before Flop (didn't bet)
Seat 7: marcel535d (button) folded on the Flop
Seat 8: umka186 (small blind) folded before Flop
Seat 9: t0m1sh (big blind) folded before Flop



PokerStars Hand #233641970198:  Hold'em No Limit ($0.01/$0.02 USD) - 2022/01/30 21:44:47 PT [2022/01/31 0:44:47 ET]
Table 'Fidelio II' 9-max Seat #8 is the button
Seat 1: TECTO_ekv ($5.20 in chips) 
Seat 2: Omar Cayman ($2 in chips) 
Seat 3: IndigoShirt ($3.21 in chips) 
Seat 5: _ALF_949 ($0.83 in chips) 
Seat 6: Dorex2007 ($2 in chips) 
Seat 7: marcel535d ($1.76 in chips) 
Seat 8: umka186 ($3.26 in chips) 
Seat 9: t0m1sh ($4.76 in chips) 
t0m1sh: posts small blind $0.01
TECTO_ekv: posts big blind $0.02
*** HOLE CARDS ***
Dealt to Dorex2007 [Jd 2s]
Omar Cayman: calls $0.02
IndigoShirt: folds 
_ALF_949: calls $0.02
Dorex2007: folds 
marcel535d: calls $0.02
umka186: folds 
t0m1sh: folds 
TECTO_ekv: raises $0.08 to $0.10
Omar Cayman: calls $0.08
_ALF_949: folds 
marcel535d: calls $0.08
*** FLOP *** [Ks Qh 9s]
TECTO_ekv: checks 
Omar Cayman: bets $0.32
marcel535d: folds 
TECTO_ekv: folds 
Uncalled bet ($0.32) returned to Omar Cayman
Omar Cayman collected $0.32 from pot
Omar Cayman: doesn't show hand 
*** SUMMARY ***
Total pot $0.33 | Rake $0.01 
Board [Ks Qh 9s]
Seat 1: TECTO_ekv (big blind) folded on the Flop
Seat 2: Omar Cayman collected ($0.32)
Seat 3: IndigoShirt folded before Flop (didn't bet)
Seat 5: _ALF_949 folded before Flop
Seat 6: Dorex2007 folded before Flop (didn't bet)
Seat 7: marcel535d folded on the Flop
Seat 8: umka186 (button) folded before Flop (didn't bet)
Seat 9: t0m1sh (small blind) folded before Flop



PokerStars Hand #233641986334:  Hold'em No Limit ($0.01/$0.02 USD) - 2022/01/30 21:45:50 PT [2022/01/31 0:45:50 ET]
Table 'Fidelio II' 9-max Seat #9 is the button
Seat 1: TECTO_ekv ($5.10 in chips) 
Seat 2: Omar Cayman ($2.22 in chips) 
Seat 3: IndigoShirt ($3.21 in chips) 
Seat 4: GidraPonya ($1.06 in chips) 
Seat 5: _ALF_949 ($0.81 in chips) 
Seat 6: Dorex2007 ($2 in chips) 
Seat 7: marcel535d ($1.66 in chips) 
Seat 8: umka186 ($3.26 in chips) 
Seat 9: t0m1sh ($4.75 in chips) 
TECTO_ekv: posts small blind $0.01
Omar Cayman: posts big blind $0.02
*** HOLE CARDS ***
Dealt to Dorex2007 [Ac Td]
IndigoShirt: folds 
GidraPonya: folds 
_ALF_949: calls $0.02
Dorex2007: calls $0.02
marcel535d: calls $0.02
umka186: raises $0.11 to $0.13
t0m1sh: folds 
TECTO_ekv: folds 
Omar Cayman: folds 
_ALF_949: calls $0.11
Dorex2007: folds 
marcel535d: folds 
*** FLOP *** [5h 6h 2h]
_ALF_949: checks 
umka186: checks 
*** TURN *** [5h 6h 2h] [7c]
_ALF_949: checks 
umka186: checks 
*** RIVER *** [5h 6h 2h 7c] [Qc]
_ALF_949: bets $0.02
umka186: calls $0.02
*** SHOW DOWN ***
_ALF_949: shows [Ts Th] (a pair of Tens)
umka186: mucks hand 
_ALF_949 collected $0.36 from pot
*** SUMMARY ***
Total pot $0.37 | Rake $0.01 
Board [5h 6h 2h 7c Qc]
Seat 1: TECTO_ekv (small blind) folded before Flop
Seat 2: Omar Cayman (big blind) folded before Flop
Seat 3: IndigoShirt folded before Flop (didn't bet)
Seat 4: GidraPonya folded before Flop (didn't bet)
Seat 5: _ALF_949 showed [Ts Th] and won ($0.36) with a pair of Tens
Seat 6: Dorex2007 folded before Flop
Seat 7: marcel535d folded before Flop
Seat 8: umka186 mucked [Kc Jh]
Seat 9: t0m1sh (button) folded before Flop (didn't bet)



PokerStars Hand #233641992442:  Hold'em No Limit ($0.01/$0.02 USD) - 2022/01/30 21:46:33 PT [2022/01/31 0:46:33 ET]
Table 'Fidelio II' 9-max Seat #1 is the button
Seat 1: TECTO_ekv ($5.09 in chips) 
Seat 2: Omar Cayman ($2.20 in chips) 
Seat 3: IndigoShirt ($3.21 in chips) 
Seat 4: GidraPonya ($1.06 in chips) 
Seat 5: _ALF_949 ($1.02 in chips) 
Seat 6: Dorex2007 ($2 in chips) 
Seat 7: marcel535d ($1.64 in chips) 
Seat 8: umka186 ($3.11 in chips) 
Seat 9: t0m1sh ($4.75 in chips) 
Omar Cayman: posts small blind $0.01
IndigoShirt: posts big blind $0.02
*** HOLE CARDS ***
Dealt to Dorex2007 [As 3c]
GidraPonya has timed out
GidraPonya: folds 
_ALF_949: folds 
Dorex2007: folds 
marcel535d: folds 
umka186: raises $0.04 to $0.06
t0m1sh: folds 
TECTO_ekv: folds 
Omar Cayman: calls $0.05
IndigoShirt: folds 
*** FLOP *** [4c 5h Qh]
Omar Cayman: checks 
umka186: bets $0.08
Omar Cayman: folds 
Uncalled bet ($0.08) returned to umka186
umka186 collected $0.14 from pot
*** SUMMARY ***
Total pot $0.14 | Rake $0 
Board [4c 5h Qh]
Seat 1: TECTO_ekv (button) folded before Flop (didn't bet)
Seat 2: Omar Cayman (small blind) folded on the Flop
Seat 3: IndigoShirt (big blind) folded before Flop
Seat 4: GidraPonya folded before Flop (didn't bet)
Seat 5: _ALF_949 folded before Flop (didn't bet)
Seat 6: Dorex2007 folded before Flop (didn't bet)
Seat 7: marcel535d folded before Flop (didn't bet)
Seat 8: umka186 collected ($0.14)
Seat 9: t0m1sh folded before Flop (didn't bet)



PokerStars Hand #233642001422:  Hold'em No Limit ($0.01/$0.02 USD) - 2022/01/30 21:47:37 PT [2022/01/31 0:47:37 ET]
Table 'Fidelio II' 9-max Seat #2 is the button
Seat 1: TECTO_ekv ($5.09 in chips) 
Seat 2: Omar Cayman ($2.14 in chips) 
Seat 3: IndigoShirt ($3.19 in chips) 
Seat 4: GidraPonya ($1.06 in chips) 
Seat 5: _ALF_949 ($1.02 in chips) 
Seat 6: Dorex2007 ($2 in chips) 
Seat 7: marcel535d ($1.64 in chips) 
Seat 8: umka186 ($3.19 in chips) 
Seat 9: t0m1sh ($4.75 in chips) 
IndigoShirt: posts small blind $0.01
GidraPonya: posts big blind $0.02
*** HOLE CARDS ***
Dealt to Dorex2007 [5c 3d]
_ALF_949: folds 
Dorex2007: folds 
marcel535d: calls $0.02
umka186: folds 
t0m1sh: folds 
TECTO_ekv: folds 
Omar Cayman: raises $0.02 to $0.04
IndigoShirt: folds 
GidraPonya has timed out
GidraPonya: folds 
marcel535d: raises $0.34 to $0.38
Omar Cayman: calls $0.34
*** FLOP *** [8h Qs Qh]
marcel535d: bets $0.76
Omar Cayman: folds 
Uncalled bet ($0.76) returned to marcel535d
marcel535d collected $0.76 from pot
marcel535d: doesn't show hand 
*** SUMMARY ***
Total pot $0.79 | Rake $0.03 
Board [8h Qs Qh]
Seat 1: TECTO_ekv folded before Flop (didn't bet)
Seat 2: Omar Cayman (button) folded on the Flop
Seat 3: IndigoShirt (small blind) folded before Flop
Seat 4: GidraPonya (big blind) folded before Flop
Seat 5: _ALF_949 folded before Flop (didn't bet)
Seat 6: Dorex2007 folded before Flop (didn't bet)
Seat 7: marcel535d collected ($0.76)
Seat 8: umka186 folded before Flop (didn't bet)
Seat 9: t0m1sh folded before Flop (didn't bet)



PokerStars Hand #233642011693:  Hold'em No Limit ($0.01/$0.02 USD) - 2022/01/30 21:48:52 PT [2022/01/31 0:48:52 ET]
Table 'Fidelio II' 9-max Seat #3 is the button
Seat 1: TECTO_ekv ($5.09 in chips) 
Seat 2: Omar Cayman ($1.76 in chips) 
Seat 3: IndigoShirt ($3.18 in chips) 
Seat 5: _ALF_949 ($1.02 in chips) 
Seat 6: Dorex2007 ($2 in chips) 
Seat 7: marcel535d ($2.02 in chips) 
Seat 8: umka186 ($3.19 in chips) 
Seat 9: t0m1sh ($4.75 in chips) 
_ALF_949: posts small blind $0.01
Dorex2007: posts big blind $0.02
*** HOLE CARDS ***
Dealt to Dorex2007 [4d 9s]
marcel535d: calls $0.02
GidraPonya is disconnected 
umka186: folds 
t0m1sh: folds 
TECTO_ekv: calls $0.02
Omar Cayman: folds 
IndigoShirt: raises $0.09 to $0.11
_ALF_949: folds 
Dorex2007: folds 
marcel535d: calls $0.09
TECTO_ekv: folds 
*** FLOP *** [8h Kc Ts]
marcel535d: checks 
IndigoShirt: bets $0.13
marcel535d: calls $0.13
*** TURN *** [8h Kc Ts] [8s]
marcel535d: checks 
IndigoShirt: checks 
*** RIVER *** [8h Kc Ts 8s] [2c]
marcel535d: bets $0.51
IndigoShirt: folds 
Uncalled bet ($0.51) returned to marcel535d
marcel535d collected $0.51 from pot
marcel535d: doesn't show hand 
*** SUMMARY ***
Total pot $0.53 | Rake $0.02 
Board [8h Kc Ts 8s 2c]
Seat 1: TECTO_ekv folded before Flop
Seat 2: Omar Cayman folded before Flop (didn't bet)
Seat 3: IndigoShirt (button) folded on the River
Seat 5: _ALF_949 (small blind) folded before Flop
Seat 6: Dorex2007 (big blind) folded before Flop
Seat 7: marcel535d collected ($0.51)
Seat 8: umka186 folded before Flop (didn't bet)
Seat 9: t0m1sh folded before Flop (didn't bet)



PokerStars Hand #233642021207:  Hold'em No Limit ($0.01/$0.02 USD) - 2022/01/30 21:50:00 PT [2022/01/31 0:50:00 ET]
Table 'Fidelio II' 9-max Seat #5 is the button
Seat 1: TECTO_ekv ($5.07 in chips) 
Seat 2: Omar Cayman ($1.76 in chips) 
Seat 3: IndigoShirt ($2.94 in chips) 
Seat 5: _ALF_949 ($1.01 in chips) 
Seat 6: Dorex2007 ($2 in chips) 
Seat 7: marcel535d ($2.29 in chips) 
Seat 8: umka186 ($3.19 in chips) 
Seat 9: t0m1sh ($4.75 in chips) 
Dorex2007: posts small blind $0.01
marcel535d: posts big blind $0.02
*** HOLE CARDS ***
Dealt to Dorex2007 [2h 2c]
umka186: folds 
t0m1sh: folds 
TECTO_ekv: folds 
Omar Cayman: folds 
IndigoShirt: folds 
_ALF_949: calls $0.02
Dorex2007: calls $0.01
marcel535d: checks 
*** FLOP *** [Jd 6h 3c]
Dorex2007: checks 
marcel535d: checks 
_ALF_949: checks 
*** TURN *** [Jd 6h 3c] [Th]
Dorex2007: checks 
marcel535d: bets $0.02
_ALF_949: calls $0.02
Dorex2007: folds 
*** RIVER *** [Jd 6h 3c Th] [Kh]
marcel535d: bets $0.02
_ALF_949: calls $0.02
*** SHOW DOWN ***
marcel535d: shows [4d Td] (a pair of Tens)
_ALF_949: shows [Tc 8d] (a pair of Tens - King+Jack+Eight kicker)
_ALF_949 collected $0.14 from pot
*** SUMMARY ***
Total pot $0.14 | Rake $0 
Board [Jd 6h 3c Th Kh]
Seat 1: TECTO_ekv folded before Flop (didn't bet)
Seat 2: Omar Cayman folded before Flop (didn't bet)
Seat 3: IndigoShirt folded before Flop (didn't bet)
Seat 5: _ALF_949 (button) showed [Tc 8d] and won ($0.14) with a pair of Tens
Seat 6: Dorex2007 (small blind) folded on the Turn
Seat 7: marcel535d (big blind) showed [4d Td] and lost with a pair of Tens
Seat 8: umka186 folded before Flop (didn't bet)
Seat 9: t0m1sh folded before Flop (didn't bet)



PokerStars Hand #233642029302:  Hold'em No Limit ($0.01/$0.02 USD) - 2022/01/30 21:50:59 PT [2022/01/31 0:50:59 ET]
Table 'Fidelio II' 9-max Seat #6 is the button
Seat 1: TECTO_ekv ($5.07 in chips) 
Seat 2: Omar Cayman ($1.76 in chips) 
Seat 3: IndigoShirt ($2.94 in chips) 
Seat 5: _ALF_949 ($1.09 in chips) 
Seat 6: Dorex2007 ($2 in chips) 
Seat 7: marcel535d ($2.23 in chips) 
Seat 8: umka186 ($3.19 in chips) 
Seat 9: t0m1sh ($4.75 in chips) 
marcel535d: posts small blind $0.01
umka186: posts big blind $0.02
*** HOLE CARDS ***
Dealt to Dorex2007 [6d 6h]
t0m1sh: folds 
TECTO_ekv: folds 
Omar Cayman: calls $0.02
IndigoShirt: folds 
_ALF_949: calls $0.02
Dorex2007: calls $0.02
marcel535d: calls $0.01
umka186: checks 
*** FLOP *** [8d 2h 5d]
marcel535d: checks 
umka186: checks 
Omar Cayman: checks 
_ALF_949: checks 
Dorex2007: bets $0.05
marcel535d: folds 
umka186: folds 
Omar Cayman: calls $0.05
_ALF_949: folds 
*** TURN *** [8d 2h 5d] [4c]
Omar Cayman: checks 
Dorex2007: checks 
*** RIVER *** [8d 2h 5d 4c] [3s]
Omar Cayman: checks 
Dorex2007: bets $0.13
Omar Cayman: calls $0.13
*** SHOW DOWN ***
Dorex2007: shows [6d 6h] (a straight, Deuce to Six)
Omar Cayman: mucks hand 
Dorex2007 collected $0.44 from pot
*** SUMMARY ***
Total pot $0.46 | Rake $0.02 
Board [8d 2h 5d 4c 3s]
Seat 1: TECTO_ekv folded before Flop (didn't bet)
Seat 2: Omar Cayman mucked [Jd 8h]
Seat 3: IndigoShirt folded before Flop (didn't bet)
Seat 5: _ALF_949 folded on the Flop
Seat 6: Dorex2007 (button) showed [6d 6h] and won ($0.44) with a straight, Deuce to Six
Seat 7: marcel535d (small blind) folded on the Flop
Seat 8: umka186 (big blind) folded on the Flop
Seat 9: t0m1sh folded before Flop (didn't bet)



PokerStars Hand #233642042675:  Hold'em No Limit ($0.01/$0.02 USD) - 2022/01/30 21:52:37 PT [2022/01/31 0:52:37 ET]
Table 'Fidelio II' 9-max Seat #7 is the button
Seat 1: TECTO_ekv ($5.07 in chips) 
Seat 2: Omar Cayman ($1.56 in chips) 
Seat 3: IndigoShirt ($2.94 in chips) 
Seat 5: _ALF_949 ($1.07 in chips) 
Seat 6: Dorex2007 ($2.24 in chips) 
Seat 7: marcel535d ($2.21 in chips) 
Seat 8: umka186 ($3.17 in chips) 
Seat 9: t0m1sh ($4.75 in chips) 
umka186: posts small blind $0.01
t0m1sh: posts big blind $0.02
*** HOLE CARDS ***
Dealt to Dorex2007 [6d Kc]
TECTO_ekv: folds 
Omar Cayman: calls $0.02
IndigoShirt: folds 
_ALF_949: calls $0.02
Dorex2007: folds 
marcel535d: folds 
umka186: raises $0.08 to $0.10
t0m1sh: calls $0.08
Omar Cayman: calls $0.08
_ALF_949: folds 
*** FLOP *** [Tc Kd 9h]
umka186: bets $0.16
t0m1sh: calls $0.16
Omar Cayman: folds 
*** TURN *** [Tc Kd 9h] [6c]
umka186: bets $0.11
t0m1sh: calls $0.11
*** RIVER *** [Tc Kd 9h 6c] [2s]
umka186: checks 
t0m1sh: checks 
*** SHOW DOWN ***
umka186: shows [Js Ah] (high card Ace)
t0m1sh: mucks hand 
umka186 collected $0.83 from pot
*** SUMMARY ***
Total pot $0.86 | Rake $0.03 
Board [Tc Kd 9h 6c 2s]
Seat 1: TECTO_ekv folded before Flop (didn't bet)
Seat 2: Omar Cayman folded on the Flop
Seat 3: IndigoShirt folded before Flop (didn't bet)
Seat 5: _ALF_949 folded before Flop
Seat 6: Dorex2007 folded before Flop (didn't bet)
Seat 7: marcel535d (button) folded before Flop (didn't bet)
Seat 8: umka186 (small blind) showed [Js Ah] and won ($0.83) with high card Ace
Seat 9: t0m1sh (big blind) mucked [7d Ad]



PokerStars Hand #233642051798:  Hold'em No Limit ($0.01/$0.02 USD) - 2022/01/30 21:53:43 PT [2022/01/31 0:53:43 ET]
Table 'Fidelio II' 9-max Seat #8 is the button
Seat 1: TECTO_ekv ($5.07 in chips) 
Seat 2: Omar Cayman ($1.46 in chips) 
Seat 3: IndigoShirt ($2.94 in chips) 
Seat 5: _ALF_949 ($1.05 in chips) 
Seat 6: Dorex2007 ($2.24 in chips) 
Seat 7: marcel535d ($2.21 in chips) 
Seat 8: umka186 ($3.63 in chips) 
Seat 9: t0m1sh ($4.38 in chips) 
t0m1sh: posts small blind $0.01
TECTO_ekv: posts big blind $0.02
*** HOLE CARDS ***
Dealt to Dorex2007 [Th 7s]
Omar Cayman: folds 
IndigoShirt: folds 
_ALF_949: calls $0.02
Dorex2007: folds 
marcel535d: calls $0.02
umka186: folds 
t0m1sh: folds 
TECTO_ekv: raises $0.06 to $0.08
_ALF_949: calls $0.06
marcel535d: folds 
*** FLOP *** [5s Ks Kh]
TECTO_ekv: bets $0.12
_ALF_949: calls $0.12
*** TURN *** [5s Ks Kh] [Js]
TECTO_ekv: bets $0.27
_ALF_949: calls $0.27
*** RIVER *** [5s Ks Kh Js] [Qc]
TECTO_ekv: checks 
_ALF_949: bets $0.58 and is all-in
TECTO_ekv: folds 
Uncalled bet ($0.58) returned to _ALF_949
_ALF_949 collected $0.94 from pot
_ALF_949: doesn't show hand 
*** SUMMARY ***
Total pot $0.97 | Rake $0.03 
Board [5s Ks Kh Js Qc]
Seat 1: TECTO_ekv (big blind) folded on the River
Seat 2: Omar Cayman folded before Flop (didn't bet)
Seat 3: IndigoShirt folded before Flop (didn't bet)
Seat 5: _ALF_949 collected ($0.94)
Seat 6: Dorex2007 folded before Flop (didn't bet)
Seat 7: marcel535d folded before Flop
Seat 8: umka186 (button) folded before Flop (didn't bet)
Seat 9: t0m1sh (small blind) folded before Flop



PokerStars Hand #233642060692:  Hold'em No Limit ($0.01/$0.02 USD) - 2022/01/30 21:54:48 PT [2022/01/31 0:54:48 ET]
Table 'Fidelio II' 9-max Seat #9 is the button
Seat 1: TECTO_ekv ($4.60 in chips) 
Seat 2: Omar Cayman ($1.46 in chips) 
Seat 3: IndigoShirt ($2.94 in chips) 
Seat 5: _ALF_949 ($1.52 in chips) 
Seat 6: Dorex2007 ($2.24 in chips) 
Seat 7: marcel535d ($2.19 in chips) 
Seat 8: umka186 ($3.63 in chips) 
Seat 9: t0m1sh ($4.37 in chips) 
TECTO_ekv: posts small blind $0.01
Omar Cayman: posts big blind $0.02
*** HOLE CARDS ***
Dealt to Dorex2007 [Td Qc]
IndigoShirt: folds 
_ALF_949: calls $0.02
Dorex2007: folds 
marcel535d: calls $0.02
umka186: folds 
t0m1sh: raises $0.10 to $0.12
TECTO_ekv: folds 
Omar Cayman: folds 
_ALF_949: folds 
marcel535d: calls $0.10
*** FLOP *** [7h 4c 9c]
marcel535d: checks 
t0m1sh: bets $0.21
marcel535d: calls $0.21
*** TURN *** [7h 4c 9c] [Qd]
marcel535d: checks 
t0m1sh: bets $0.52
marcel535d: calls $0.52
*** RIVER *** [7h 4c 9c Qd] [8h]
marcel535d: checks 
t0m1sh: bets $1.36
marcel535d: folds 
Uncalled bet ($1.36) returned to t0m1sh
t0m1sh collected $1.69 from pot
t0m1sh: doesn't show hand 
*** SUMMARY ***
Total pot $1.75 | Rake $0.06 
Board [7h 4c 9c Qd 8h]
Seat 1: TECTO_ekv (small blind) folded before Flop
Seat 2: Omar Cayman (big blind) folded before Flop
Seat 3: IndigoShirt folded before Flop (didn't bet)
Seat 5: _ALF_949 folded before Flop
Seat 6: Dorex2007 folded before Flop (didn't bet)
Seat 7: marcel535d folded on the River
Seat 8: umka186 folded before Flop (didn't bet)
Seat 9: t0m1sh (button) collected ($1.69)



PokerStars Hand #233642066187:  Hold'em No Limit ($0.01/$0.02 USD) - 2022/01/30 21:55:30 PT [2022/01/31 0:55:30 ET]
Table 'Fidelio II' 9-max Seat #1 is the button
Seat 1: TECTO_ekv ($4.59 in chips) 
Seat 2: Omar Cayman ($1.44 in chips) 
Seat 3: IndigoShirt ($2.94 in chips) 
Seat 5: _ALF_949 ($1.50 in chips) 
Seat 6: Dorex2007 ($2.24 in chips) 
Seat 7: marcel535d ($1.34 in chips) 
Seat 8: umka186 ($3.63 in chips) 
Seat 9: t0m1sh ($5.21 in chips) 
Omar Cayman: posts small blind $0.01
IndigoShirt: posts big blind $0.02
*** HOLE CARDS ***
Dealt to Dorex2007 [7d Ad]
_ALF_949: folds 
Dorex2007: calls $0.02
marcel535d: folds 
umka186: folds 
t0m1sh: raises $0.07 to $0.09
TECTO_ekv: folds 
Omar Cayman: calls $0.08
IndigoShirt: folds 
Dorex2007: calls $0.07
*** FLOP *** [4h Qs 9c]
Omar Cayman: checks 
Dorex2007: checks 
t0m1sh: checks 
*** TURN *** [4h Qs 9c] [Jc]
Omar Cayman: checks 
Dorex2007: checks 
t0m1sh: checks 
*** RIVER *** [4h Qs 9c Jc] [5s]
Omar Cayman: checks 
Dorex2007: bets $0.14
t0m1sh: folds 
Omar Cayman: folds 
Uncalled bet ($0.14) returned to Dorex2007
Dorex2007 collected $0.28 from pot
Dorex2007: doesn't show hand 
*** SUMMARY ***
Total pot $0.29 | Rake $0.01 
Board [4h Qs 9c Jc 5s]
Seat 1: TECTO_ekv (button) folded before Flop (didn't bet)
Seat 2: Omar Cayman (small blind) folded on the River
Seat 3: IndigoShirt (big blind) folded before Flop
Seat 5: _ALF_949 folded before Flop (didn't bet)
Seat 6: Dorex2007 collected ($0.28)
Seat 7: marcel535d folded before Flop (didn't bet)
Seat 8: umka186 folded before Flop (didn't bet)
Seat 9: t0m1sh folded on the River



PokerStars Hand #233642074866:  Hold'em No Limit ($0.01/$0.02 USD) - 2022/01/30 21:56:39 PT [2022/01/31 0:56:39 ET]
Table 'Fidelio II' 9-max Seat #2 is the button
Seat 1: TECTO_ekv ($4.59 in chips) 
Seat 2: Omar Cayman ($1.35 in chips) 
Seat 3: IndigoShirt ($2.92 in chips) 
Seat 5: _ALF_949 ($1.50 in chips) 
Seat 6: Dorex2007 ($2.43 in chips) 
Seat 7: marcel535d ($1.34 in chips) 
Seat 8: umka186 ($3.63 in chips) 
Seat 9: t0m1sh ($5.12 in chips) 
IndigoShirt: posts small blind $0.01
_ALF_949: posts big blind $0.02
*** HOLE CARDS ***
Dealt to Dorex2007 [7s 8h]
Dorex2007: folds 
marcel535d: calls $0.02
umka186: folds 
t0m1sh: folds 
TECTO_ekv: folds 
Omar Cayman: calls $0.02
IndigoShirt: folds 
_ALF_949: checks 
*** FLOP *** [9h Tc 5c]
_ALF_949: checks 
marcel535d: checks 
Omar Cayman: checks 
*** TURN *** [9h Tc 5c] [Td]
_ALF_949: checks 
marcel535d: bets $0.04
Omar Cayman: folds 
_ALF_949: calls $0.04
*** RIVER *** [9h Tc 5c Td] [6d]
_ALF_949: checks 
marcel535d: checks 
*** SHOW DOWN ***
_ALF_949: shows [3s 3c] (two pair, Tens and Threes)
marcel535d: shows [5s Ac] (two pair, Tens and Fives)
marcel535d collected $0.14 from pot
*** SUMMARY ***
Total pot $0.15 | Rake $0.01 
Board [9h Tc 5c Td 6d]
Seat 1: TECTO_ekv folded before Flop (didn't bet)
Seat 2: Omar Cayman (button) folded on the Turn
Seat 3: IndigoShirt (small blind) folded before Flop
Seat 5: _ALF_949 (big blind) showed [3s 3c] and lost with two pair, Tens and Threes
Seat 6: Dorex2007 folded before Flop (didn't bet)
Seat 7: marcel535d showed [5s Ac] and won ($0.14) with two pair, Tens and Fives
Seat 8: umka186 folded before Flop (didn't bet)
Seat 9: t0m1sh folded before Flop (didn't bet)



PokerStars Hand #233642079754:  Hold'em No Limit ($0.01/$0.02 USD) - 2022/01/30 21:57:20 PT [2022/01/31 0:57:20 ET]
Table 'Fidelio II' 9-max Seat #3 is the button
Seat 2: Omar Cayman ($1.33 in chips) 
Seat 3: IndigoShirt ($2.91 in chips) 
Seat 5: _ALF_949 ($1.44 in chips) 
Seat 6: Dorex2007 ($2.43 in chips) 
Seat 7: marcel535d ($1.42 in chips) 
Seat 8: umka186 ($3.63 in chips) 
Seat 9: t0m1sh ($5.12 in chips) 
_ALF_949: posts small blind $0.01
Dorex2007: posts big blind $0.02
*** HOLE CARDS ***
Dealt to Dorex2007 [6s 9s]
marcel535d: calls $0.02
umka186: folds 
t0m1sh: folds 
Omar Cayman: calls $0.02
IndigoShirt has timed out
IndigoShirt: folds 
_ALF_949: calls $0.01
Dorex2007: checks 
*** FLOP *** [Js Td 7c]
_ALF_949: checks 
Dorex2007: checks 
marcel535d: checks 
Omar Cayman: checks 
*** TURN *** [Js Td 7c] [2s]
_ALF_949: checks 
Dorex2007: checks 
marcel535d: checks 
TECTO_ekv leaves the table
Omar Cayman: checks 
*** RIVER *** [Js Td 7c 2s] [Kc]
_ALF_949: checks 
Dorex2007: checks 
marcel535d: checks 
Omar Cayman: checks 
*** SHOW DOWN ***
_ALF_949: shows [Qc 4h] (high card King)
Dorex2007: mucks hand 
marcel535d: shows [2d Ah] (a pair of Deuces)
Omar Cayman: mucks hand 
marcel535d collected $0.08 from pot
*** SUMMARY ***
Total pot $0.08 | Rake $0 
Board [Js Td 7c 2s Kc]
Seat 2: Omar Cayman mucked [3h As]
Seat 3: IndigoShirt (button) folded before Flop (didn't bet)
Seat 5: _ALF_949 (small blind) showed [Qc 4h] and lost with high card King
Seat 6: Dorex2007 (big blind) mucked [6s 9s]
Seat 7: marcel535d showed [2d Ah] and won ($0.08) with a pair of Deuces
Seat 8: umka186 folded before Flop (didn't bet)
Seat 9: t0m1sh folded before Flop (didn't bet)



PokerStars Hand #233642087673:  Hold'em No Limit ($0.01/$0.02 USD) - 2022/01/30 21:58:27 PT [2022/01/31 0:58:27 ET]
Table 'Fidelio II' 9-max Seat #5 is the button
Seat 2: Omar Cayman ($1.31 in chips) 
Seat 3: IndigoShirt ($2.91 in chips) 
Seat 5: _ALF_949 ($1.42 in chips) 
Seat 6: Dorex2007 ($2.41 in chips) 
Seat 7: marcel535d ($1.48 in chips) 
Seat 8: umka186 ($3.63 in chips) 
Seat 9: t0m1sh ($5.12 in chips) 
Dorex2007: posts small blind $0.01
marcel535d: posts big blind $0.02
*** HOLE CARDS ***
Dealt to Dorex2007 [6s 7c]
umka186: raises $0.04 to $0.06
attila225 joins the table at seat #1 
t0m1sh: folds 
Omar Cayman: calls $0.06
IndigoShirt: folds 
_ALF_949: folds 
Dorex2007: folds 
marcel535d: calls $0.04
*** FLOP *** [5s 9c 4s]
_ALF_949 leaves the table
marcel535d: checks 
umka186: bets $0.06
Omar Cayman: folds 
marcel535d: folds 
Uncalled bet ($0.06) returned to umka186
umka186 collected $0.18 from pot
GidraPonya leaves the table
*** SUMMARY ***
Total pot $0.19 | Rake $0.01 
Board [5s 9c 4s]
Seat 2: Omar Cayman folded on the Flop
Seat 3: IndigoShirt folded before Flop (didn't bet)
Seat 5: _ALF_949 (button) folded before Flop (didn't bet)
Seat 6: Dorex2007 (small blind) folded before Flop
Seat 7: marcel535d (big blind) folded on the Flop
Seat 8: umka186 collected ($0.18)
Seat 9: t0m1sh folded before Flop (didn't bet)



PokerStars Hand #233642091382:  Hold'em No Limit ($0.01/$0.02 USD) - 2022/01/30 21:58:58 PT [2022/01/31 0:58:58 ET]
Table 'Fidelio II' 9-max Seat #6 is the button
Seat 2: Omar Cayman ($1.25 in chips) 
Seat 3: IndigoShirt ($2.91 in chips) 
Seat 6: Dorex2007 ($2.40 in chips) 
Seat 7: marcel535d ($1.42 in chips) 
Seat 9: t0m1sh ($5.12 in chips) 
marcel535d: posts small blind $0.01
umka186: is sitting out 
t0m1sh: posts big blind $0.02
attila225: sits out 
*** HOLE CARDS ***
Dealt to Dorex2007 [Js 8h]
Omar Cayman: folds 
umka186 leaves the table
IndigoShirt: folds 
Dorex2007: folds 
marcel535d: calls $0.01
t0m1sh: checks 
*** FLOP *** [Ah Ts Kd]
marcel535d: checks 
t0m1sh: checks 
*** TURN *** [Ah Ts Kd] [9h]
marcel535d: checks 
t0m1sh: checks 
*** RIVER *** [Ah Ts Kd 9h] [2d]
marcel535d: checks 
t0m1sh: checks 
*** SHOW DOWN ***
marcel535d: shows [5s Qs] (high card Ace)
t0m1sh: shows [Qc 6s] (high card Ace)
marcel535d collected $0.02 from pot
t0m1sh collected $0.02 from pot
*** SUMMARY ***
Total pot $0.04 | Rake $0 
Board [Ah Ts Kd 9h 2d]
Seat 2: Omar Cayman folded before Flop (didn't bet)
Seat 3: IndigoShirt folded before Flop (didn't bet)
Seat 6: Dorex2007 (button) folded before Flop (didn't bet)
Seat 7: marcel535d (small blind) showed [5s Qs] and won ($0.02) with high card Ace
Seat 9: t0m1sh (big blind) showed [Qc 6s] and won ($0.02) with high card Ace



PokerStars Hand #233642094521:  Hold'em No Limit ($0.01/$0.02 USD) - 2022/01/30 21:59:25 PT [2022/01/31 0:59:25 ET]
Table 'Fidelio II' 9-max Seat #7 is the button
Seat 1: attila225 ($0.80 in chips) 
Seat 2: Omar Cayman ($1.25 in chips) 
Seat 3: IndigoShirt ($2.91 in chips) 
Seat 6: Dorex2007 ($2.40 in chips) 
Seat 7: marcel535d ($1.42 in chips) 
Seat 9: t0m1sh ($5.12 in chips) 
t0m1sh: posts small blind $0.01
attila225: posts big blind $0.02
*** HOLE CARDS ***
Dealt to Dorex2007 [Th 8d]
REOcl joins the table at seat #4 
ickejapa joins the table at seat #5 
Omar Cayman: calls $0.02
IndigoShirt: folds 
Dorex2007: folds 
marcel535d: calls $0.02
t0m1sh: folds 
SMUTJAN72 joins the table at seat #8 
attila225: checks 
*** FLOP *** [5d 8s 6c]
attila225: checks 
Omar Cayman: checks 
marcel535d: checks 
*** TURN *** [5d 8s 6c] [Jd]
attila225: checks 
Omar Cayman: bets $0.02
marcel535d: calls $0.02
attila225: calls $0.02
*** RIVER *** [5d 8s 6c Jd] [2h]
attila225: checks 
Omar Cayman: checks 
marcel535d: checks 
*** SHOW DOWN ***
attila225: shows [7d 4s] (a straight, Four to Eight)
Omar Cayman: mucks hand 
marcel535d: mucks hand 
attila225 collected $0.13 from pot
*** SUMMARY ***
Total pot $0.13 | Rake $0 
Board [5d 8s 6c Jd 2h]
Seat 1: attila225 (big blind) showed [7d 4s] and won ($0.13) with a straight, Four to Eight
Seat 2: Omar Cayman mucked [Kh Jc]
Seat 3: IndigoShirt folded before Flop (didn't bet)
Seat 6: Dorex2007 folded before Flop (didn't bet)
Seat 7: marcel535d (button) mucked [7s Ad]
Seat 9: t0m1sh (small blind) folded before Flop



PokerStars Hand #233642108136:  Hold'em No Limit ($0.01/$0.02 USD) - 2022/01/30 22:00:56 PT [2022/01/31 1:00:56 ET]
Table 'Fidelio II' 9-max Seat #9 is the button
Seat 1: attila225 ($0.89 in chips) 
Seat 2: Omar Cayman ($1.21 in chips) 
Seat 3: IndigoShirt ($2.91 in chips) 
Seat 4: REOcl ($0.80 in chips) 
Seat 5: ickejapa ($1.60 in chips) 
Seat 6: Dorex2007 ($2.40 in chips) 
Seat 7: marcel535d ($1.38 in chips) 
Seat 9: t0m1sh ($5.11 in chips) 
attila225: posts small blind $0.01
Omar Cayman: posts big blind $0.02
REOcl: posts big blind $0.02
ickejapa: posts big blind $0.02
SMUTJAN72: sits out 
*** HOLE CARDS ***
Dealt to Dorex2007 [Qh 6s]
IndigoShirt: folds 
REOcl: checks 
ickejapa: checks 
Dorex2007: folds 
marcel535d: folds 
t0m1sh: folds 
attila225: calls $0.01
Omar Cayman: checks 
*** FLOP *** [Qd 4c 6d]
attila225: checks 
Omar Cayman: checks 
REOcl: checks 
ickejapa: bets $0.02
attila225: folds 
Omar Cayman: calls $0.02
REOcl: calls $0.02
*** TURN *** [Qd 4c 6d] [5d]
Omar Cayman: checks 
REOcl: checks 
ickejapa: bets $0.04
Omar Cayman: folds 
REOcl: calls $0.04
*** RIVER *** [Qd 4c 6d 5d] [Ac]
REOcl: checks 
ickejapa: checks 
*** SHOW DOWN ***
REOcl: shows [4d Ts] (a pair of Fours)
ickejapa: shows [Th 6h] (a pair of Sixes)
ickejapa collected $0.21 from pot
*** SUMMARY ***
Total pot $0.22 | Rake $0.01 
Board [Qd 4c 6d 5d Ac]
Seat 1: attila225 (small blind) folded on the Flop
Seat 2: Omar Cayman (big blind) folded on the Turn
Seat 3: IndigoShirt folded before Flop (didn't bet)
Seat 4: REOcl showed [4d Ts] and lost with a pair of Fours
Seat 5: ickejapa showed [Th 6h] and won ($0.21) with a pair of Sixes
Seat 6: Dorex2007 folded before Flop (didn't bet)
Seat 7: marcel535d folded before Flop (didn't bet)
Seat 9: t0m1sh (button) folded before Flop (didn't bet)



PokerStars Hand #233642120806:  Hold'em No Limit ($0.01/$0.02 USD) - 2022/01/30 22:02:33 PT [2022/01/31 1:02:33 ET]
Table 'Fidelio II' 9-max Seat #1 is the button
Seat 1: attila225 ($0.87 in chips) 
Seat 2: Omar Cayman ($1.17 in chips) 
Seat 3: IndigoShirt ($2.91 in chips) 
Seat 4: REOcl ($0.72 in chips) 
Seat 5: ickejapa ($1.73 in chips) 
Seat 6: Dorex2007 ($2.40 in chips) 
Seat 7: marcel535d ($1.38 in chips) 
Seat 9: t0m1sh ($5.11 in chips) 
Omar Cayman: posts small blind $0.01
IndigoShirt: posts big blind $0.02
SMUTJAN72: sits out 
*** HOLE CARDS ***
Dealt to Dorex2007 [3h 4c]
REOcl: calls $0.02
ickejapa: folds 
Dorex2007: folds 
marcel535d: calls $0.02
t0m1sh: folds 
attila225: calls $0.02
Omar Cayman: calls $0.01
IndigoShirt: raises $0.14 to $0.16
REOcl: calls $0.14
marcel535d: folds 
attila225: folds 
Omar Cayman: folds 
*** FLOP *** [4h 9d 8c]
IndigoShirt: bets $0.28
REOcl: calls $0.28
*** TURN *** [4h 9d 8c] [2d]
IndigoShirt: bets $2.47 and is all-in
REOcl: calls $0.28 and is all-in
Uncalled bet ($2.19) returned to IndigoShirt
*** RIVER *** [4h 9d 8c 2d] [As]
*** SHOW DOWN ***
IndigoShirt: shows [Jh Jd] (a pair of Jacks)
REOcl: shows [Kc 8d] (a pair of Eights)
IndigoShirt collected $1.45 from pot
*** SUMMARY ***
Total pot $1.50 | Rake $0.05 
Board [4h 9d 8c 2d As]
Seat 1: attila225 (button) folded before Flop
Seat 2: Omar Cayman (small blind) folded before Flop
Seat 3: IndigoShirt (big blind) showed [Jh Jd] and won ($1.45) with a pair of Jacks
Seat 4: REOcl showed [Kc 8d] and lost with a pair of Eights
Seat 5: ickejapa folded before Flop (didn't bet)
Seat 6: Dorex2007 folded before Flop (didn't bet)
Seat 7: marcel535d folded before Flop
Seat 9: t0m1sh folded before Flop (didn't bet)



PokerStars Hand #233642132200:  Hold'em No Limit ($0.01/$0.02 USD) - 2022/01/30 22:03:59 PT [2022/01/31 1:03:59 ET]
Table 'Fidelio II' 9-max Seat #2 is the button
Seat 1: attila225 ($0.85 in chips) 
Seat 2: Omar Cayman ($1.15 in chips) 
Seat 3: IndigoShirt ($3.64 in chips) 
Seat 5: ickejapa ($1.73 in chips) 
Seat 6: Dorex2007 ($2.40 in chips) 
Seat 7: marcel535d ($1.36 in chips) 
Seat 9: t0m1sh ($5.11 in chips) 
IndigoShirt: posts small blind $0.01
ickejapa: posts big blind $0.02
SMUTJAN72: sits out 
*** HOLE CARDS ***
Dealt to Dorex2007 [6s 7s]
Dorex2007: folds 
marcel535d: folds 
t0m1sh: folds 
attila225: folds 
Omar Cayman: calls $0.02
IndigoShirt: folds 
ickejapa: checks 
*** FLOP *** [6h 6d 3h]
ickejapa: checks 
Omar Cayman: checks 
*** TURN *** [6h 6d 3h] [Kc]
ickejapa: bets $0.02
REOcl leaves the table
Omar Cayman: folds 
Uncalled bet ($0.02) returned to ickejapa
ickejapa collected $0.05 from pot
ickejapa: doesn't show hand 
*** SUMMARY ***
Total pot $0.05 | Rake $0 
Board [6h 6d 3h Kc]
Seat 1: attila225 folded before Flop (didn't bet)
Seat 2: Omar Cayman (button) folded on the Turn
Seat 3: IndigoShirt (small blind) folded before Flop
Seat 5: ickejapa (big blind) collected ($0.05)
Seat 6: Dorex2007 folded before Flop (didn't bet)
Seat 7: marcel535d folded before Flop (didn't bet)
Seat 9: t0m1sh folded before Flop (didn't bet)



PokerStars Hand #233642138201:  Hold'em No Limit ($0.01/$0.02 USD) - 2022/01/30 22:04:44 PT [2022/01/31 1:04:44 ET]
Table 'Fidelio II' 9-max Seat #3 is the button
Seat 1: attila225 ($0.85 in chips) 
Seat 2: Omar Cayman ($1.13 in chips) 
Seat 3: IndigoShirt ($3.63 in chips) 
Seat 5: ickejapa ($1.76 in chips) 
Seat 6: Dorex2007 ($2.40 in chips) 
Seat 7: marcel535d ($1.36 in chips) 
Seat 9: t0m1sh ($5.11 in chips) 
ickejapa: posts small blind $0.01
Dorex2007: posts big blind $0.02
SMUTJAN72: sits out 
*** HOLE CARDS ***
Dealt to Dorex2007 [Kd Jd]
Mayor1020 joins the table at seat #4 
marcel535d has timed out
marcel535d: folds 
t0m1sh: folds 
attila225: folds 
Omar Cayman: raises $0.02 to $0.04
IndigoShirt: folds 
ickejapa: calls $0.03
Dorex2007: calls $0.02
*** FLOP *** [9c 2c 5d]
ickejapa: checks 
Dorex2007 is disconnected 
Dorex2007 has timed out while disconnected
Dorex2007: checks 
Omar Cayman: bets $0.12
ickejapa: folds 
Dorex2007 has timed out while disconnected
Dorex2007: folds 
Uncalled bet ($0.12) returned to Omar Cayman
Omar Cayman collected $0.12 from pot
Omar Cayman: doesn't show hand 
*** SUMMARY ***
Total pot $0.12 | Rake $0 
Board [9c 2c 5d]
Seat 1: attila225 folded before Flop (didn't bet)
Seat 2: Omar Cayman collected ($0.12)
Seat 3: IndigoShirt (button) folded before Flop (didn't bet)
Seat 5: ickejapa (small blind) folded on the Flop
Seat 6: Dorex2007 (big blind) folded on the Flop
Seat 7: marcel535d folded before Flop (didn't bet)
Seat 9: t0m1sh folded before Flop (didn't bet)



