PokerStars Hand #229835426835:  Hold'em No Limit ($0.01/$0.02 USD) - 2021/09/13 16:40:43 PT [2021/09/13 19:40:43 ET]
Table 'Orthos III' 9-max Seat #3 is the button
Seat 1: zvieira33 ($1.87 in chips) 
Seat 2: Dorex2007 ($2 in chips) 
Seat 3: TT_Arg2020 ($0.79 in chips) 
Seat 4: MayZerG ($2.21 in chips) 
Seat 6: Bademan787 ($2.14 in chips) 
Seat 7: babatopna ($1.40 in chips) 
Seat 8: kaizer203 ($2 in chips) 
Seat 9: Faacundo2000 ($0.80 in chips) 
MayZerG: posts small blind $0.01
BraveGirl: is sitting out 
Bademan787: posts big blind $0.02
Faacundo2000: posts big blind $0.02
Dorex2007: posts big blind $0.02
*** HOLE CARDS ***
Dealt to Dorex2007 [9h Kh]
babatopna: folds 
kaizer203: folds 
Faacundo2000: checks 
zvieira33: calls $0.02
BraveGirl leaves the table
Dorex2007: checks 
TT_Arg2020: calls $0.02
MayZerG: calls $0.01
Bademan787: checks 
*** FLOP *** [6s Qd 4s]
MayZerG: checks 
Bademan787: checks 
Faacundo2000: checks 
zvieira33: checks 
Dorex2007: checks 
saunter joins the table at seat #5 
TT_Arg2020: bets $0.24
MayZerG: folds 
Bademan787: folds 
Faacundo2000: folds 
zvieira33: folds 
Dorex2007: folds 
Uncalled bet ($0.24) returned to TT_Arg2020
TT_Arg2020 collected $0.12 from pot
TT_Arg2020: doesn't show hand 
*** SUMMARY ***
Total pot $0.12 | Rake $0 
Board [6s Qd 4s]
Seat 1: zvieira33 folded on the Flop
Seat 2: Dorex2007 folded on the Flop (didn't bet)
Seat 3: TT_Arg2020 (button) collected ($0.12)
Seat 4: MayZerG (small blind) folded on the Flop
Seat 6: Bademan787 (big blind) folded on the Flop
Seat 7: babatopna folded before Flop (didn't bet)
Seat 8: kaizer203 folded before Flop (didn't bet)
Seat 9: Faacundo2000 folded on the Flop (didn't bet)



PokerStars Hand #229835442453:  Hold'em No Limit ($0.01/$0.02 USD) - 2021/09/13 16:41:34 PT [2021/09/13 19:41:34 ET]
Table 'Orthos III' 9-max Seat #4 is the button
Seat 1: zvieira33 ($1.85 in chips) 
Seat 2: Dorex2007 ($1.98 in chips) 
Seat 3: TT_Arg2020 ($0.89 in chips) 
Seat 4: MayZerG ($2.19 in chips) 
Seat 6: Bademan787 ($2.12 in chips) 
Seat 7: babatopna ($1.40 in chips) 
Seat 8: kaizer203 ($2 in chips) 
Seat 9: Faacundo2000 ($0.78 in chips) 
Bademan787: posts small blind $0.01
babatopna: posts big blind $0.02
*** HOLE CARDS ***
Dealt to Dorex2007 [7c Th]
kaizer203: folds 
Faacundo2000: raises $0.02 to $0.04
zvieira33: folds 
Dorex2007: folds 
TT_Arg2020: folds 
MayZerG: folds 
Bademan787: folds 
babatopna: raises $0.12 to $0.16
Faacundo2000: folds 
Uncalled bet ($0.12) returned to babatopna
babatopna collected $0.09 from pot
babatopna: doesn't show hand 
*** SUMMARY ***
Total pot $0.09 | Rake $0 
Seat 1: zvieira33 folded before Flop (didn't bet)
Seat 2: Dorex2007 folded before Flop (didn't bet)
Seat 3: TT_Arg2020 folded before Flop (didn't bet)
Seat 4: MayZerG (button) folded before Flop (didn't bet)
Seat 6: Bademan787 (small blind) folded before Flop
Seat 7: babatopna (big blind) collected ($0.09)
Seat 8: kaizer203 folded before Flop (didn't bet)
Seat 9: Faacundo2000 folded before Flop



PokerStars Hand #229835456804:  Hold'em No Limit ($0.01/$0.02 USD) - 2021/09/13 16:42:04 PT [2021/09/13 19:42:04 ET]
Table 'Orthos III' 9-max Seat #6 is the button
Seat 1: zvieira33 ($1.85 in chips) 
Seat 2: Dorex2007 ($1.98 in chips) 
Seat 3: TT_Arg2020 ($0.89 in chips) 
Seat 4: MayZerG ($2.19 in chips) 
Seat 5: saunter ($0.80 in chips) 
Seat 6: Bademan787 ($2.11 in chips) 
Seat 7: babatopna ($1.45 in chips) 
Seat 8: kaizer203 ($2 in chips) 
Seat 9: Faacundo2000 ($0.74 in chips) 
babatopna: posts small blind $0.01
kaizer203: posts big blind $0.02
saunter: posts big blind $0.02
*** HOLE CARDS ***
Dealt to Dorex2007 [9s Td]
Faacundo2000: folds 
zvieira33: folds 
Dorex2007: folds 
TT_Arg2020: folds 
MayZerG: folds 
saunter: checks 
Bademan787: raises $0.04 to $0.06
babatopna: calls $0.05
kaizer203: folds 
saunter: folds 
*** FLOP *** [3d 6h 4s]
babatopna: checks 
Bademan787: checks 
*** TURN *** [3d 6h 4s] [As]
babatopna: checks 
Bademan787: bets $0.12
babatopna: folds 
Uncalled bet ($0.12) returned to Bademan787
Bademan787 collected $0.15 from pot
*** SUMMARY ***
Total pot $0.16 | Rake $0.01 
Board [3d 6h 4s As]
Seat 1: zvieira33 folded before Flop (didn't bet)
Seat 2: Dorex2007 folded before Flop (didn't bet)
Seat 3: TT_Arg2020 folded before Flop (didn't bet)
Seat 4: MayZerG folded before Flop (didn't bet)
Seat 5: saunter folded before Flop (didn't bet)
Seat 6: Bademan787 (button) collected ($0.15)
Seat 7: babatopna (small blind) folded on the Turn
Seat 8: kaizer203 (big blind) folded before Flop
Seat 9: Faacundo2000 folded before Flop (didn't bet)



PokerStars Hand #229835468971:  Hold'em No Limit ($0.01/$0.02 USD) - 2021/09/13 16:42:43 PT [2021/09/13 19:42:43 ET]
Table 'Orthos III' 9-max Seat #7 is the button
Seat 1: zvieira33 ($1.85 in chips) 
Seat 2: Dorex2007 ($1.98 in chips) 
Seat 3: TT_Arg2020 ($0.89 in chips) 
Seat 4: MayZerG ($2.19 in chips) 
Seat 5: saunter ($0.78 in chips) 
Seat 6: Bademan787 ($2.20 in chips) 
Seat 7: babatopna ($1.39 in chips) 
Seat 8: kaizer203 ($2 in chips) 
Seat 9: Faacundo2000 ($0.74 in chips) 
kaizer203: posts small blind $0.01
Faacundo2000: posts big blind $0.02
*** HOLE CARDS ***
Dealt to Dorex2007 [Kh 3d]
zvieira33: folds 
Dorex2007: folds 
TT_Arg2020: folds 
MayZerG has timed out
MayZerG: folds 
saunter: calls $0.02
Bademan787: calls $0.02
babatopna: calls $0.02
kaizer203: folds 
Faacundo2000: checks 
*** FLOP *** [9d Jc 5h]
Faacundo2000: bets $0.09
saunter: folds 
Bademan787: folds 
babatopna: folds 
Uncalled bet ($0.09) returned to Faacundo2000
Faacundo2000 collected $0.09 from pot
Faacundo2000: doesn't show hand 
*** SUMMARY ***
Total pot $0.09 | Rake $0 
Board [9d Jc 5h]
Seat 1: zvieira33 folded before Flop (didn't bet)
Seat 2: Dorex2007 folded before Flop (didn't bet)
Seat 3: TT_Arg2020 folded before Flop (didn't bet)
Seat 4: MayZerG folded before Flop (didn't bet)
Seat 5: saunter folded on the Flop
Seat 6: Bademan787 folded on the Flop
Seat 7: babatopna (button) folded on the Flop
Seat 8: kaizer203 (small blind) folded before Flop
Seat 9: Faacundo2000 (big blind) collected ($0.09)



PokerStars Hand #229835480937:  Hold'em No Limit ($0.01/$0.02 USD) - 2021/09/13 16:43:23 PT [2021/09/13 19:43:23 ET]
Table 'Orthos III' 9-max Seat #8 is the button
Seat 1: zvieira33 ($1.85 in chips) 
Seat 2: Dorex2007 ($1.98 in chips) 
Seat 3: TT_Arg2020 ($0.89 in chips) 
Seat 4: MayZerG ($2.19 in chips) 
Seat 5: saunter ($0.76 in chips) 
Seat 6: Bademan787 ($2.18 in chips) 
Seat 7: babatopna ($1.37 in chips) 
Seat 8: kaizer203 ($2 in chips) 
Seat 9: Faacundo2000 ($0.81 in chips) 
Faacundo2000: posts small blind $0.01
zvieira33: posts big blind $0.02
*** HOLE CARDS ***
Dealt to Dorex2007 [Ad 7d]
Dorex2007: folds 
TT_Arg2020: folds 
MayZerG: folds 
saunter: folds 
Bademan787: raises $0.03 to $0.05
babatopna: calls $0.05
kaizer203: folds 
Faacundo2000: folds 
zvieira33: folds 
*** FLOP *** [4h 6s Qd]
Bademan787: checks 
babatopna: checks 
*** TURN *** [4h 6s Qd] [Tc]
Bademan787: bets $0.06
babatopna: calls $0.06
*** RIVER *** [4h 6s Qd Tc] [3h]
Bademan787: bets $0.18
babatopna: calls $0.18
*** SHOW DOWN ***
Bademan787: shows [Qs Qc] (three of a kind, Queens)
babatopna: mucks hand 
Bademan787 collected $0.59 from pot
*** SUMMARY ***
Total pot $0.61 | Rake $0.02 
Board [4h 6s Qd Tc 3h]
Seat 1: zvieira33 (big blind) folded before Flop
Seat 2: Dorex2007 folded before Flop (didn't bet)
Seat 3: TT_Arg2020 folded before Flop (didn't bet)
Seat 4: MayZerG folded before Flop (didn't bet)
Seat 5: saunter folded before Flop (didn't bet)
Seat 6: Bademan787 showed [Qs Qc] and won ($0.59) with three of a kind, Queens
Seat 7: babatopna mucked [Th Jd]
Seat 8: kaizer203 (button) folded before Flop (didn't bet)
Seat 9: Faacundo2000 (small blind) folded before Flop



PokerStars Hand #229835494556:  Hold'em No Limit ($0.01/$0.02 USD) - 2021/09/13 16:44:07 PT [2021/09/13 19:44:07 ET]
Table 'Orthos III' 9-max Seat #9 is the button
Seat 1: zvieira33 ($1.83 in chips) 
Seat 2: Dorex2007 ($1.98 in chips) 
Seat 3: TT_Arg2020 ($0.89 in chips) 
Seat 4: MayZerG ($2.19 in chips) 
Seat 5: saunter ($0.76 in chips) 
Seat 6: Bademan787 ($2.48 in chips) 
Seat 7: babatopna ($1.08 in chips) 
Seat 8: kaizer203 ($2 in chips) 
Seat 9: Faacundo2000 ($0.80 in chips) 
zvieira33: posts small blind $0.01
Dorex2007: posts big blind $0.02
*** HOLE CARDS ***
Dealt to Dorex2007 [Jd 7c]
TT_Arg2020: folds 
MayZerG has timed out
MayZerG: folds 
saunter: folds 
Bademan787: raises $0.03 to $0.05
babatopna: folds 
kaizer203: folds 
Faacundo2000: folds 
zvieira33: calls $0.04
Dorex2007: folds 
*** FLOP *** [As Qs 4s]
zvieira33: checks 
Bademan787: bets $0.04
zvieira33: calls $0.04
*** TURN *** [As Qs 4s] [5d]
zvieira33: checks 
Bademan787: checks 
*** RIVER *** [As Qs 4s 5d] [4h]
zvieira33: checks 
Bademan787: checks 
*** SHOW DOWN ***
zvieira33: shows [Ac 9h] (two pair, Aces and Fours)
Bademan787: mucks hand 
zvieira33 collected $0.19 from pot
*** SUMMARY ***
Total pot $0.20 | Rake $0.01 
Board [As Qs 4s 5d 4h]
Seat 1: zvieira33 (small blind) showed [Ac 9h] and won ($0.19) with two pair, Aces and Fours
Seat 2: Dorex2007 (big blind) folded before Flop
Seat 3: TT_Arg2020 folded before Flop (didn't bet)
Seat 4: MayZerG folded before Flop (didn't bet)
Seat 5: saunter folded before Flop (didn't bet)
Seat 6: Bademan787 mucked [Tc Qc]
Seat 7: babatopna folded before Flop (didn't bet)
Seat 8: kaizer203 folded before Flop (didn't bet)
Seat 9: Faacundo2000 (button) folded before Flop (didn't bet)



PokerStars Hand #229835513532:  Hold'em No Limit ($0.01/$0.02 USD) - 2021/09/13 16:45:09 PT [2021/09/13 19:45:09 ET]
Table 'Orthos III' 9-max Seat #1 is the button
Seat 1: zvieira33 ($1.93 in chips) 
Seat 2: Dorex2007 ($1.96 in chips) 
Seat 3: TT_Arg2020 ($0.89 in chips) 
Seat 4: MayZerG ($2.19 in chips) 
Seat 5: saunter ($0.76 in chips) 
Seat 6: Bademan787 ($2.39 in chips) 
Seat 7: babatopna ($1.08 in chips) 
Seat 8: kaizer203 ($2 in chips) 
Seat 9: Faacundo2000 ($0.80 in chips) 
Dorex2007: posts small blind $0.01
TT_Arg2020: posts big blind $0.02
*** HOLE CARDS ***
Dealt to Dorex2007 [4s Qc]
MayZerG: folds 
saunter: folds 
Bademan787: folds 
babatopna: folds 
kaizer203: folds 
Faacundo2000: folds 
zvieira33: raises $0.02 to $0.04
Dorex2007: folds 
TT_Arg2020: folds 
Uncalled bet ($0.02) returned to zvieira33
zvieira33 collected $0.05 from pot
zvieira33: doesn't show hand 
*** SUMMARY ***
Total pot $0.05 | Rake $0 
Seat 1: zvieira33 (button) collected ($0.05)
Seat 2: Dorex2007 (small blind) folded before Flop
Seat 3: TT_Arg2020 (big blind) folded before Flop
Seat 4: MayZerG folded before Flop (didn't bet)
Seat 5: saunter folded before Flop (didn't bet)
Seat 6: Bademan787 folded before Flop (didn't bet)
Seat 7: babatopna folded before Flop (didn't bet)
Seat 8: kaizer203 folded before Flop (didn't bet)
Seat 9: Faacundo2000 folded before Flop (didn't bet)



PokerStars Hand #229835519366:  Hold'em No Limit ($0.01/$0.02 USD) - 2021/09/13 16:45:28 PT [2021/09/13 19:45:28 ET]
Table 'Orthos III' 9-max Seat #2 is the button
Seat 1: zvieira33 ($1.96 in chips) 
Seat 2: Dorex2007 ($1.95 in chips) 
Seat 3: TT_Arg2020 ($0.87 in chips) 
Seat 4: MayZerG ($2.19 in chips) 
Seat 5: saunter ($0.76 in chips) 
Seat 6: Bademan787 ($2.39 in chips) 
Seat 7: babatopna ($1.08 in chips) 
Seat 8: kaizer203 ($2 in chips) 
Seat 9: Faacundo2000 ($0.80 in chips) 
TT_Arg2020: posts small blind $0.01
MayZerG: posts big blind $0.02
*** HOLE CARDS ***
Dealt to Dorex2007 [4d Qh]
saunter: folds 
Bademan787: folds 
babatopna: folds 
kaizer203: folds 
Faacundo2000: folds 
zvieira33: calls $0.02
Dorex2007: folds 
TT_Arg2020: raises $0.04 to $0.06
MayZerG: raises $0.08 to $0.14
zvieira33: folds 
TT_Arg2020: calls $0.08
*** FLOP *** [Ac As 8d]
TT_Arg2020: checks 
MayZerG: bets $0.10
TT_Arg2020: calls $0.10
*** TURN *** [Ac As 8d] [8h]
TT_Arg2020: checks 
MayZerG: bets $0.10
TT_Arg2020: raises $0.53 to $0.63 and is all-in
MayZerG: calls $0.53
*** RIVER *** [Ac As 8d 8h] [6h]
*** SHOW DOWN ***
TT_Arg2020: shows [Ad Ks] (a full house, Aces full of Eights)
MayZerG: shows [Js Ah] (a full house, Aces full of Eights)
TT_Arg2020 collected $0.85 from pot
MayZerG collected $0.85 from pot
*** SUMMARY ***
Total pot $1.76 | Rake $0.06 
Board [Ac As 8d 8h 6h]
Seat 1: zvieira33 folded before Flop
Seat 2: Dorex2007 (button) folded before Flop (didn't bet)
Seat 3: TT_Arg2020 (small blind) showed [Ad Ks] and won ($0.85) with a full house, Aces full of Eights
Seat 4: MayZerG (big blind) showed [Js Ah] and won ($0.85) with a full house, Aces full of Eights
Seat 5: saunter folded before Flop (didn't bet)
Seat 6: Bademan787 folded before Flop (didn't bet)
Seat 7: babatopna folded before Flop (didn't bet)
Seat 8: kaizer203 folded before Flop (didn't bet)
Seat 9: Faacundo2000 folded before Flop (didn't bet)



PokerStars Hand #229835542458:  Hold'em No Limit ($0.01/$0.02 USD) - 2021/09/13 16:46:44 PT [2021/09/13 19:46:44 ET]
Table 'Orthos III' 9-max Seat #3 is the button
Seat 1: zvieira33 ($1.94 in chips) 
Seat 2: Dorex2007 ($1.95 in chips) 
Seat 3: TT_Arg2020 ($0.85 in chips) 
Seat 4: MayZerG ($2.17 in chips) 
Seat 5: saunter ($0.76 in chips) 
Seat 6: Bademan787 ($2.39 in chips) 
Seat 7: babatopna ($1.08 in chips) 
Seat 8: kaizer203 ($2 in chips) 
Seat 9: Faacundo2000 ($0.80 in chips) 
MayZerG: posts small blind $0.01
saunter: posts big blind $0.02
*** HOLE CARDS ***
Dealt to Dorex2007 [9d Jc]
Bademan787: raises $0.03 to $0.05
babatopna: calls $0.05
kaizer203: calls $0.05
Faacundo2000: folds 
zvieira33: folds 
Dorex2007: folds 
TT_Arg2020: folds 
MayZerG: folds 
saunter: folds 
*** FLOP *** [8c 4d 5d]
Bademan787: bets $0.08
babatopna: calls $0.08
kaizer203: folds 
*** TURN *** [8c 4d 5d] [As]
Bademan787: checks 
babatopna: bets $0.18
Bademan787: folds 
Uncalled bet ($0.18) returned to babatopna
babatopna collected $0.33 from pot
babatopna: doesn't show hand 
*** SUMMARY ***
Total pot $0.34 | Rake $0.01 
Board [8c 4d 5d As]
Seat 1: zvieira33 folded before Flop (didn't bet)
Seat 2: Dorex2007 folded before Flop (didn't bet)
Seat 3: TT_Arg2020 (button) folded before Flop (didn't bet)
Seat 4: MayZerG (small blind) folded before Flop
Seat 5: saunter (big blind) folded before Flop
Seat 6: Bademan787 folded on the Turn
Seat 7: babatopna collected ($0.33)
Seat 8: kaizer203 folded on the Flop
Seat 9: Faacundo2000 folded before Flop (didn't bet)



PokerStars Hand #229835560926:  Hold'em No Limit ($0.01/$0.02 USD) - 2021/09/13 16:47:45 PT [2021/09/13 19:47:45 ET]
Table 'Orthos III' 9-max Seat #4 is the button
Seat 1: zvieira33 ($1.94 in chips) 
Seat 2: Dorex2007 ($1.95 in chips) 
Seat 3: TT_Arg2020 ($0.85 in chips) 
Seat 4: MayZerG ($2.16 in chips) 
Seat 5: saunter ($0.74 in chips) 
Seat 6: Bademan787 ($2.26 in chips) 
Seat 7: babatopna ($1.28 in chips) 
Seat 8: kaizer203 ($2 in chips) 
Seat 9: Faacundo2000 ($0.80 in chips) 
saunter: posts small blind $0.01
Bademan787: posts big blind $0.02
*** HOLE CARDS ***
Dealt to Dorex2007 [Kd Qc]
babatopna: folds 
kaizer203: folds 
Faacundo2000: folds 
zvieira33: calls $0.02
Dorex2007: calls $0.02
TT_Arg2020: folds 
MayZerG: folds 
saunter: calls $0.01
Bademan787: checks 
*** FLOP *** [8d 9d 8h]
saunter: checks 
Bademan787: checks 
zvieira33: checks 
Dorex2007: bets $0.05
saunter: calls $0.05
Bademan787: folds 
zvieira33: calls $0.05
*** TURN *** [8d 9d 8h] [Jc]
saunter: checks 
zvieira33: checks 
Dorex2007: checks 
*** RIVER *** [8d 9d 8h Jc] [Kc]
saunter: checks 
zvieira33: bets $0.11
Dorex2007: calls $0.11
saunter: folds 
*** SHOW DOWN ***
zvieira33: shows [As 8s] (three of a kind, Eights)
Dorex2007: mucks hand 
zvieira33 collected $0.43 from pot
*** SUMMARY ***
Total pot $0.45 | Rake $0.02 
Board [8d 9d 8h Jc Kc]
Seat 1: zvieira33 showed [As 8s] and won ($0.43) with three of a kind, Eights
Seat 2: Dorex2007 mucked [Kd Qc]
Seat 3: TT_Arg2020 folded before Flop (didn't bet)
Seat 4: MayZerG (button) folded before Flop (didn't bet)
Seat 5: saunter (small blind) folded on the River
Seat 6: Bademan787 (big blind) folded on the Flop
Seat 7: babatopna folded before Flop (didn't bet)
Seat 8: kaizer203 folded before Flop (didn't bet)
Seat 9: Faacundo2000 folded before Flop (didn't bet)



PokerStars Hand #229835581776:  Hold'em No Limit ($0.01/$0.02 USD) - 2021/09/13 16:48:54 PT [2021/09/13 19:48:54 ET]
Table 'Orthos III' 9-max Seat #5 is the button
Seat 1: zvieira33 ($2.19 in chips) 
Seat 2: Dorex2007 ($1.77 in chips) 
Seat 3: TT_Arg2020 ($0.85 in chips) 
Seat 4: MayZerG ($2.16 in chips) 
Seat 5: saunter ($0.67 in chips) 
Seat 6: Bademan787 ($2.24 in chips) 
Seat 7: babatopna ($1.28 in chips) 
Seat 8: kaizer203 ($2 in chips) 
Seat 9: Faacundo2000 ($0.80 in chips) 
Bademan787: posts small blind $0.01
babatopna: posts big blind $0.02
*** HOLE CARDS ***
Dealt to Dorex2007 [Ks 7d]
kaizer203: folds 
Faacundo2000: folds 
zvieira33: folds 
Dorex2007: folds 
TT_Arg2020: folds 
MayZerG: folds 
saunter: folds 
Bademan787: raises $0.04 to $0.06
babatopna: folds 
Uncalled bet ($0.04) returned to Bademan787
Bademan787 collected $0.04 from pot
*** SUMMARY ***
Total pot $0.04 | Rake $0 
Seat 1: zvieira33 folded before Flop (didn't bet)
Seat 2: Dorex2007 folded before Flop (didn't bet)
Seat 3: TT_Arg2020 folded before Flop (didn't bet)
Seat 4: MayZerG folded before Flop (didn't bet)
Seat 5: saunter (button) folded before Flop (didn't bet)
Seat 6: Bademan787 (small blind) collected ($0.04)
Seat 7: babatopna (big blind) folded before Flop
Seat 8: kaizer203 folded before Flop (didn't bet)
Seat 9: Faacundo2000 folded before Flop (didn't bet)



PokerStars Hand #229835591355:  Hold'em No Limit ($0.01/$0.02 USD) - 2021/09/13 16:49:26 PT [2021/09/13 19:49:26 ET]
Table 'Orthos III' 9-max Seat #6 is the button
Seat 1: zvieira33 ($2.19 in chips) 
Seat 2: Dorex2007 ($2 in chips) 
Seat 3: TT_Arg2020 ($0.85 in chips) 
Seat 4: MayZerG ($2.16 in chips) 
Seat 5: saunter ($0.67 in chips) 
Seat 6: Bademan787 ($2.26 in chips) 
Seat 7: babatopna ($1.26 in chips) 
Seat 8: kaizer203 ($2 in chips) 
Seat 9: Faacundo2000 ($0.80 in chips) 
babatopna: posts small blind $0.01
kaizer203: posts big blind $0.02
*** HOLE CARDS ***
Dealt to Dorex2007 [4d Ac]
Faacundo2000: folds 
zvieira33: calls $0.02
Dorex2007: folds 
TT_Arg2020: folds 
MayZerG: folds 
saunter: folds 
Bademan787: folds 
babatopna: calls $0.01
kaizer203: checks 
*** FLOP *** [6d 9d 4h]
babatopna: checks 
kaizer203: checks 
zvieira33: checks 
*** TURN *** [6d 9d 4h] [9c]
babatopna: checks 
kaizer203: checks 
zvieira33: checks 
*** RIVER *** [6d 9d 4h 9c] [5s]
babatopna: checks 
kaizer203: checks 
zvieira33: checks 
*** SHOW DOWN ***
babatopna: shows [Ts 3s] (a pair of Nines)
kaizer203: shows [Kh 6s] (two pair, Nines and Sixes)
zvieira33: mucks hand 
kaizer203 collected $0.06 from pot
*** SUMMARY ***
Total pot $0.06 | Rake $0 
Board [6d 9d 4h 9c 5s]
Seat 1: zvieira33 mucked [4s Ks]
Seat 2: Dorex2007 folded before Flop (didn't bet)
Seat 3: TT_Arg2020 folded before Flop (didn't bet)
Seat 4: MayZerG folded before Flop (didn't bet)
Seat 5: saunter folded before Flop (didn't bet)
Seat 6: Bademan787 (button) folded before Flop (didn't bet)
Seat 7: babatopna (small blind) showed [Ts 3s] and lost with a pair of Nines
Seat 8: kaizer203 (big blind) showed [Kh 6s] and won ($0.06) with two pair, Nines and Sixes
Seat 9: Faacundo2000 folded before Flop (didn't bet)



PokerStars Hand #229835624076:  Hold'em No Limit ($0.01/$0.02 USD) - 2021/09/13 16:50:50 PT [2021/09/13 19:50:50 ET]
Table 'Orthos III' 9-max Seat #7 is the button
Seat 1: zvieira33 ($2.17 in chips) 
Seat 2: Dorex2007 ($2 in chips) 
Seat 3: TT_Arg2020 ($0.85 in chips) 
Seat 4: MayZerG ($2.16 in chips) 
Seat 5: saunter ($0.67 in chips) 
Seat 6: Bademan787 ($2.26 in chips) 
Seat 7: babatopna ($1.24 in chips) 
Seat 8: kaizer203 ($2.04 in chips) 
Seat 9: Faacundo2000 ($0.80 in chips) 
kaizer203: posts small blind $0.01
Faacundo2000: posts big blind $0.02
*** HOLE CARDS ***
Dealt to Dorex2007 [Ah 4d]
zvieira33: calls $0.02
Dorex2007: folds 
TT_Arg2020: folds 
MayZerG: folds 
saunter: folds 
Bademan787: folds 
babatopna: calls $0.02
kaizer203: folds 
Faacundo2000: checks 
*** FLOP *** [Kh Ks Td]
Faacundo2000: checks 
zvieira33: checks 
babatopna: checks 
*** TURN *** [Kh Ks Td] [5s]
Faacundo2000: checks 
zvieira33: checks 
babatopna: checks 
*** RIVER *** [Kh Ks Td 5s] [Tc]
Faacundo2000: checks 
zvieira33: checks 
babatopna: checks 
*** SHOW DOWN ***
Faacundo2000: shows [9h 6c] (two pair, Kings and Tens)
zvieira33: shows [Ac 7d] (two pair, Kings and Tens - Ace kicker)
babatopna: mucks hand 
zvieira33 collected $0.07 from pot
*** SUMMARY ***
Total pot $0.07 | Rake $0 
Board [Kh Ks Td 5s Tc]
Seat 1: zvieira33 showed [Ac 7d] and won ($0.07) with two pair, Kings and Tens
Seat 2: Dorex2007 folded before Flop (didn't bet)
Seat 3: TT_Arg2020 folded before Flop (didn't bet)
Seat 4: MayZerG folded before Flop (didn't bet)
Seat 5: saunter folded before Flop (didn't bet)
Seat 6: Bademan787 folded before Flop (didn't bet)
Seat 7: babatopna (button) mucked [3c Jc]
Seat 8: kaizer203 (small blind) folded before Flop
Seat 9: Faacundo2000 (big blind) showed [9h 6c] and lost with two pair, Kings and Tens



PokerStars Hand #229835642849:  Hold'em No Limit ($0.01/$0.02 USD) - 2021/09/13 16:51:53 PT [2021/09/13 19:51:53 ET]
Table 'Orthos III' 9-max Seat #8 is the button
Seat 1: zvieira33 ($2.22 in chips) 
Seat 2: Dorex2007 ($2 in chips) 
Seat 3: TT_Arg2020 ($0.85 in chips) 
Seat 4: MayZerG ($2.16 in chips) 
Seat 5: saunter ($0.67 in chips) 
Seat 6: Bademan787 ($2.26 in chips) 
Seat 7: babatopna ($1.22 in chips) 
Seat 8: kaizer203 ($2.03 in chips) 
Seat 9: Faacundo2000 ($0.78 in chips) 
Faacundo2000: posts small blind $0.01
zvieira33: posts big blind $0.02
*** HOLE CARDS ***
Dealt to Dorex2007 [Jd 6h]
Dorex2007: folds 
TT_Arg2020: folds 
MayZerG: folds 
saunter: folds 
Bademan787 has timed out
Bademan787: folds 
babatopna: calls $0.02
kaizer203: raises $0.06 to $0.08
Faacundo2000: folds 
zvieira33: folds 
babatopna: calls $0.06
*** FLOP *** [4h 8h 7c]
babatopna: checks 
kaizer203: bets $0.14
babatopna: calls $0.14
*** TURN *** [4h 8h 7c] [7s]
babatopna: checks 
kaizer203: checks 
*** RIVER *** [4h 8h 7c 7s] [Qs]
babatopna: checks 
kaizer203: checks 
*** SHOW DOWN ***
babatopna: shows [8s Ac] (two pair, Eights and Sevens)
kaizer203: mucks hand 
babatopna collected $0.45 from pot
*** SUMMARY ***
Total pot $0.47 | Rake $0.02 
Board [4h 8h 7c 7s Qs]
Seat 1: zvieira33 (big blind) folded before Flop
Seat 2: Dorex2007 folded before Flop (didn't bet)
Seat 3: TT_Arg2020 folded before Flop (didn't bet)
Seat 4: MayZerG folded before Flop (didn't bet)
Seat 5: saunter folded before Flop (didn't bet)
Seat 6: Bademan787 folded before Flop (didn't bet)
Seat 7: babatopna showed [8s Ac] and won ($0.45) with two pair, Eights and Sevens
Seat 8: kaizer203 (button) mucked [Ah 5h]
Seat 9: Faacundo2000 (small blind) folded before Flop



PokerStars Hand #229835662274:  Hold'em No Limit ($0.01/$0.02 USD) - 2021/09/13 16:52:59 PT [2021/09/13 19:52:59 ET]
Table 'Orthos III' 9-max Seat #9 is the button
Seat 1: zvieira33 ($2.20 in chips) 
Seat 2: Dorex2007 ($2 in chips) 
Seat 3: TT_Arg2020 ($0.85 in chips) 
Seat 4: MayZerG ($2.16 in chips) 
Seat 5: saunter ($0.67 in chips) 
Seat 6: Bademan787 ($2.26 in chips) 
Seat 7: babatopna ($1.45 in chips) 
Seat 8: kaizer203 ($2 in chips) 
Seat 9: Faacundo2000 ($0.77 in chips) 
zvieira33: posts small blind $0.01
Dorex2007: posts big blind $0.02
*** HOLE CARDS ***
Dealt to Dorex2007 [9d 2c]
TT_Arg2020: raises $0.04 to $0.06
MayZerG: folds 
saunter: folds 
Bademan787: folds 
babatopna: folds 
kaizer203: folds 
Faacundo2000: folds 
zvieira33: calls $0.05
Dorex2007: folds 
*** FLOP *** [7c 4d Kc]
zvieira33: checks 
TT_Arg2020: bets $0.14
zvieira33: folds 
Uncalled bet ($0.14) returned to TT_Arg2020
TT_Arg2020 collected $0.14 from pot
TT_Arg2020: doesn't show hand 
*** SUMMARY ***
Total pot $0.14 | Rake $0 
Board [7c 4d Kc]
Seat 1: zvieira33 (small blind) folded on the Flop
Seat 2: Dorex2007 (big blind) folded before Flop
Seat 3: TT_Arg2020 collected ($0.14)
Seat 4: MayZerG folded before Flop (didn't bet)
Seat 5: saunter folded before Flop (didn't bet)
Seat 6: Bademan787 folded before Flop (didn't bet)
Seat 7: babatopna folded before Flop (didn't bet)
Seat 8: kaizer203 folded before Flop (didn't bet)
Seat 9: Faacundo2000 (button) folded before Flop (didn't bet)



PokerStars Hand #229835674723:  Hold'em No Limit ($0.01/$0.02 USD) - 2021/09/13 16:53:41 PT [2021/09/13 19:53:41 ET]
Table 'Orthos III' 9-max Seat #1 is the button
Seat 1: zvieira33 ($2.14 in chips) 
Seat 2: Dorex2007 ($1.98 in chips) 
Seat 3: TT_Arg2020 ($0.93 in chips) 
Seat 4: MayZerG ($2.16 in chips) 
Seat 5: saunter ($0.67 in chips) 
Seat 6: Bademan787 ($2.26 in chips) 
Seat 7: babatopna ($1.45 in chips) 
Seat 8: kaizer203 ($2 in chips) 
Seat 9: Faacundo2000 ($0.77 in chips) 
Dorex2007: posts small blind $0.01
TT_Arg2020: posts big blind $0.02
*** HOLE CARDS ***
Dealt to Dorex2007 [5h 2s]
MayZerG: folds 
saunter: folds 
Bademan787: folds 
babatopna: folds 
kaizer203: folds 
Faacundo2000: raises $0.04 to $0.06
zvieira33: folds 
Dorex2007: folds 
TT_Arg2020: folds 
Uncalled bet ($0.04) returned to Faacundo2000
Faacundo2000 collected $0.05 from pot
Faacundo2000: doesn't show hand 
*** SUMMARY ***
Total pot $0.05 | Rake $0 
Seat 1: zvieira33 (button) folded before Flop (didn't bet)
Seat 2: Dorex2007 (small blind) folded before Flop
Seat 3: TT_Arg2020 (big blind) folded before Flop
Seat 4: MayZerG folded before Flop (didn't bet)
Seat 5: saunter folded before Flop (didn't bet)
Seat 6: Bademan787 folded before Flop (didn't bet)
Seat 7: babatopna folded before Flop (didn't bet)
Seat 8: kaizer203 folded before Flop (didn't bet)
Seat 9: Faacundo2000 collected ($0.05)



PokerStars Hand #229835681109:  Hold'em No Limit ($0.01/$0.02 USD) - 2021/09/13 16:54:03 PT [2021/09/13 19:54:03 ET]
Table 'Orthos III' 9-max Seat #2 is the button
Seat 1: zvieira33 ($2.14 in chips) 
Seat 2: Dorex2007 ($1.97 in chips) 
Seat 3: TT_Arg2020 ($0.91 in chips) 
Seat 4: MayZerG ($2.16 in chips) 
Seat 5: saunter ($0.67 in chips) 
Seat 6: Bademan787 ($2.26 in chips) 
Seat 7: babatopna ($1.45 in chips) 
Seat 8: kaizer203 ($2 in chips) 
Seat 9: Faacundo2000 ($0.80 in chips) 
TT_Arg2020: posts small blind $0.01
MayZerG: posts big blind $0.02
*** HOLE CARDS ***
Dealt to Dorex2007 [9s 9d]
saunter: folds 
Bademan787: raises $0.03 to $0.05
babatopna: calls $0.05
kaizer203: folds 
Faacundo2000: raises $0.11 to $0.16
zvieira33: folds 
Dorex2007: folds 
TT_Arg2020: folds 
MayZerG: folds 
Bademan787: folds 
babatopna: calls $0.11
*** FLOP *** [9c Tc 3s]
babatopna: checks 
Faacundo2000: bets $0.14
babatopna: calls $0.14
*** TURN *** [9c Tc 3s] [3d]
babatopna: checks 
Faacundo2000: bets $0.26
babatopna: calls $0.26
*** RIVER *** [9c Tc 3s 3d] [2h]
babatopna: checks 
Faacundo2000: bets $0.24 and is all-in
babatopna: folds 
Uncalled bet ($0.24) returned to Faacundo2000
Faacundo2000 collected $1.16 from pot
Faacundo2000: doesn't show hand 
*** SUMMARY ***
Total pot $1.20 | Rake $0.04 
Board [9c Tc 3s 3d 2h]
Seat 1: zvieira33 folded before Flop (didn't bet)
Seat 2: Dorex2007 (button) folded before Flop (didn't bet)
Seat 3: TT_Arg2020 (small blind) folded before Flop
Seat 4: MayZerG (big blind) folded before Flop
Seat 5: saunter folded before Flop (didn't bet)
Seat 6: Bademan787 folded before Flop
Seat 7: babatopna folded on the River
Seat 8: kaizer203 folded before Flop (didn't bet)
Seat 9: Faacundo2000 collected ($1.16)



PokerStars Hand #229835701160:  Hold'em No Limit ($0.01/$0.02 USD) - 2021/09/13 16:55:12 PT [2021/09/13 19:55:12 ET]
Table 'Orthos III' 9-max Seat #3 is the button
Seat 1: zvieira33 ($2.14 in chips) 
Seat 2: Dorex2007 ($1.97 in chips) 
Seat 3: TT_Arg2020 ($0.90 in chips) 
Seat 4: MayZerG ($2.14 in chips) 
Seat 5: saunter ($0.67 in chips) 
Seat 6: Bademan787 ($2.21 in chips) 
Seat 7: babatopna ($0.89 in chips) 
Seat 8: kaizer203 ($2 in chips) 
Seat 9: Faacundo2000 ($1.40 in chips) 
MayZerG: posts small blind $0.01
saunter: posts big blind $0.02
*** HOLE CARDS ***
Dealt to Dorex2007 [6c 5h]
Bademan787: folds 
babatopna: calls $0.02
kaizer203: folds 
Faacundo2000: folds 
zvieira33: raises $0.05 to $0.07
Dorex2007: folds 
TT_Arg2020: folds 
MayZerG: folds 
saunter: folds 
babatopna: calls $0.05
*** FLOP *** [3s 6h As]
babatopna: checks 
zvieira33: bets $0.16
babatopna: folds 
Uncalled bet ($0.16) returned to zvieira33
zvieira33 collected $0.16 from pot
zvieira33: doesn't show hand 
*** SUMMARY ***
Total pot $0.17 | Rake $0.01 
Board [3s 6h As]
Seat 1: zvieira33 collected ($0.16)
Seat 2: Dorex2007 folded before Flop (didn't bet)
Seat 3: TT_Arg2020 (button) folded before Flop (didn't bet)
Seat 4: MayZerG (small blind) folded before Flop
Seat 5: saunter (big blind) folded before Flop
Seat 6: Bademan787 folded before Flop (didn't bet)
Seat 7: babatopna folded on the Flop
Seat 8: kaizer203 folded before Flop (didn't bet)
Seat 9: Faacundo2000 folded before Flop (didn't bet)



PokerStars Hand #229835717632:  Hold'em No Limit ($0.01/$0.02 USD) - 2021/09/13 16:55:58 PT [2021/09/13 19:55:58 ET]
Table 'Orthos III' 9-max Seat #4 is the button
Seat 1: zvieira33 ($2.23 in chips) 
Seat 2: Dorex2007 ($1.97 in chips) 
Seat 3: TT_Arg2020 ($0.90 in chips) 
Seat 4: MayZerG ($2.13 in chips) 
Seat 5: saunter ($0.65 in chips) 
Seat 6: Bademan787 ($2.21 in chips) 
Seat 7: babatopna ($0.82 in chips) 
Seat 8: kaizer203 ($2 in chips) 
Seat 9: Faacundo2000 ($1.40 in chips) 
saunter: posts small blind $0.01
Bademan787: posts big blind $0.02
*** HOLE CARDS ***
Dealt to Dorex2007 [Qs 4c]
babatopna: folds 
kaizer203: folds 
Faacundo2000: folds 
zvieira33: raises $0.02 to $0.04
Dorex2007: folds 
TT_Arg2020: folds 
MayZerG: raises $0.08 to $0.12
saunter: folds 
Bademan787: folds 
zvieira33: folds 
Uncalled bet ($0.08) returned to MayZerG
MayZerG collected $0.11 from pot
MayZerG: doesn't show hand 
*** SUMMARY ***
Total pot $0.11 | Rake $0 
Seat 1: zvieira33 folded before Flop
Seat 2: Dorex2007 folded before Flop (didn't bet)
Seat 3: TT_Arg2020 folded before Flop (didn't bet)
Seat 4: MayZerG (button) collected ($0.11)
Seat 5: saunter (small blind) folded before Flop
Seat 6: Bademan787 (big blind) folded before Flop
Seat 7: babatopna folded before Flop (didn't bet)
Seat 8: kaizer203 folded before Flop (didn't bet)
Seat 9: Faacundo2000 folded before Flop (didn't bet)



PokerStars Hand #229835727390:  Hold'em No Limit ($0.01/$0.02 USD) - 2021/09/13 16:56:40 PT [2021/09/13 19:56:40 ET]
Table 'Orthos III' 9-max Seat #5 is the button
Seat 1: zvieira33 ($2.19 in chips) 
Seat 2: Dorex2007 ($1.97 in chips) 
Seat 3: TT_Arg2020 ($0.90 in chips) 
Seat 4: MayZerG ($2.20 in chips) 
Seat 5: saunter ($0.64 in chips) 
Seat 7: babatopna ($0.82 in chips) 
Seat 8: kaizer203 ($2 in chips) 
Seat 9: Faacundo2000 ($1.40 in chips) 
babatopna: posts small blind $0.01
kaizer203: posts big blind $0.02
*** HOLE CARDS ***
Dealt to Dorex2007 [6h 7h]
Faacundo2000: folds 
zvieira33: calls $0.02
Dorex2007: folds 
TT_Arg2020: calls $0.02
MayZerG: raises $0.10 to $0.12
saunter: folds 
babatopna: folds 
kaizer203: folds 
zvieira33: calls $0.10
TT_Arg2020: folds 
*** FLOP *** [Qh Ks 9d]
zvieira33: bets $0.28
MayZerG: folds 
Uncalled bet ($0.28) returned to zvieira33
zvieira33 collected $0.28 from pot
zvieira33: doesn't show hand 
*** SUMMARY ***
Total pot $0.29 | Rake $0.01 
Board [Qh Ks 9d]
Seat 1: zvieira33 collected ($0.28)
Seat 2: Dorex2007 folded before Flop (didn't bet)
Seat 3: TT_Arg2020 folded before Flop
Seat 4: MayZerG folded on the Flop
Seat 5: saunter (button) folded before Flop (didn't bet)
Seat 7: babatopna (small blind) folded before Flop
Seat 8: kaizer203 (big blind) folded before Flop
Seat 9: Faacundo2000 folded before Flop (didn't bet)



PokerStars Hand #229835737113:  Hold'em No Limit ($0.01/$0.02 USD) - 2021/09/13 16:57:22 PT [2021/09/13 19:57:22 ET]
Table 'Orthos III' 9-max Seat #7 is the button
Seat 1: zvieira33 ($2.35 in chips) 
Seat 2: Dorex2007 ($1.97 in chips) 
Seat 3: TT_Arg2020 ($0.88 in chips) 
Seat 4: MayZerG ($2.08 in chips) 
Seat 5: saunter ($0.64 in chips) 
Seat 7: babatopna ($0.81 in chips) 
Seat 8: kaizer203 ($2 in chips) 
Seat 9: Faacundo2000 ($1.40 in chips) 
kaizer203: posts small blind $0.01
Faacundo2000: posts big blind $0.02
*** HOLE CARDS ***
Dealt to Dorex2007 [Th 6d]
zvieira33: calls $0.02
Dorex2007: folds 
TT_Arg2020: raises $0.06 to $0.08
MayZerG: folds 
saunter: folds 
babatopna: calls $0.08
kaizer203: folds 
Faacundo2000: folds 
zvieira33: calls $0.06
*** FLOP *** [6s 2s 2h]
zvieira33: checks 
TT_Arg2020: bets $0.10
babatopna: folds 
zvieira33: folds 
Uncalled bet ($0.10) returned to TT_Arg2020
TT_Arg2020 collected $0.26 from pot
TT_Arg2020: doesn't show hand 
*** SUMMARY ***
Total pot $0.27 | Rake $0.01 
Board [6s 2s 2h]
Seat 1: zvieira33 folded on the Flop
Seat 2: Dorex2007 folded before Flop (didn't bet)
Seat 3: TT_Arg2020 collected ($0.26)
Seat 4: MayZerG folded before Flop (didn't bet)
Seat 5: saunter folded before Flop (didn't bet)
Seat 7: babatopna (button) folded on the Flop
Seat 8: kaizer203 (small blind) folded before Flop
Seat 9: Faacundo2000 (big blind) folded before Flop



PokerStars Hand #229835748896:  Hold'em No Limit ($0.01/$0.02 USD) - 2021/09/13 16:58:13 PT [2021/09/13 19:58:13 ET]
Table 'Orthos III' 9-max Seat #8 is the button
Seat 1: zvieira33 ($2.27 in chips) 
Seat 2: Dorex2007 ($1.97 in chips) 
Seat 3: TT_Arg2020 ($1.06 in chips) 
Seat 4: MayZerG ($2.08 in chips) 
Seat 5: saunter ($0.64 in chips) 
Seat 7: babatopna ($0.73 in chips) 
Seat 8: kaizer203 ($2 in chips) 
Seat 9: Faacundo2000 ($1.38 in chips) 
Faacundo2000: posts small blind $0.01
zvieira33: posts big blind $0.02
*** HOLE CARDS ***
Dealt to Dorex2007 [4c 9s]
Dorex2007: folds 
TT_Arg2020: raises $0.08 to $0.10
MayZerG: folds 
saunter: folds 
babatopna: raises $0.08 to $0.18
kaizer203: folds 
Faacundo2000: folds 
zvieira33: folds 
TT_Arg2020: raises $0.88 to $1.06 and is all-in
babatopna: calls $0.55 and is all-in
Uncalled bet ($0.33) returned to TT_Arg2020
*** FLOP *** [Td 9h Ks]
*** TURN *** [Td 9h Ks] [Kc]
*** RIVER *** [Td 9h Ks Kc] [Qh]
*** SHOW DOWN ***
TT_Arg2020: shows [Qc Qs] (a full house, Queens full of Kings)
babatopna: shows [As 8s] (a pair of Kings)
TT_Arg2020 cashed out the hand for $0.98 | Cash Out Fee $0.01
*** SUMMARY ***
Total pot $1.49 | Rake $0.05 
Board [Td 9h Ks Kc Qh]
Seat 1: zvieira33 (big blind) folded before Flop
Seat 2: Dorex2007 folded before Flop (didn't bet)
Seat 3: TT_Arg2020 showed [Qc Qs] and won ($1.44) with a full house, Queens full of Kings (pot not awarded as player cashed out)
Seat 4: MayZerG folded before Flop (didn't bet)
Seat 5: saunter folded before Flop (didn't bet)
Seat 7: babatopna showed [As 8s] and lost with a pair of Kings
Seat 8: kaizer203 (button) folded before Flop (didn't bet)
Seat 9: Faacundo2000 (small blind) folded before Flop



PokerStars Hand #229835758593:  Hold'em No Limit ($0.01/$0.02 USD) - 2021/09/13 16:58:55 PT [2021/09/13 19:58:55 ET]
Table 'Orthos III' 9-max Seat #9 is the button
Seat 1: zvieira33 ($2.25 in chips) 
Seat 2: Dorex2007 ($1.97 in chips) 
Seat 3: TT_Arg2020 ($1.31 in chips) 
Seat 4: MayZerG ($2.08 in chips) 
Seat 5: saunter ($0.64 in chips) 
Seat 8: kaizer203 ($2 in chips) 
Seat 9: Faacundo2000 ($1.37 in chips) 
zvieira33: posts small blind $0.01
Dorex2007: posts big blind $0.02
*** HOLE CARDS ***
Dealt to Dorex2007 [9h Jh]
TT_Arg2020: calls $0.02
MayZerG: folds 
saunter: folds 
kaizer203: folds 
Faacundo2000: raises $0.04 to $0.06
zvieira33: folds 
Dorex2007: folds 
TT_Arg2020: calls $0.04
*** FLOP *** [5c Td Qd]
TT_Arg2020: checks 
Faacundo2000: bets $0.10
TT_Arg2020: calls $0.10
*** TURN *** [5c Td Qd] [Jc]
TT_Arg2020: checks 
Faacundo2000: bets $0.20
TT_Arg2020: calls $0.20
*** RIVER *** [5c Td Qd Jc] [9c]
TT_Arg2020: bets $0.38
Faacundo2000: calls $0.38
*** SHOW DOWN ***
TT_Arg2020: shows [Ad 9d] (a pair of Nines)
Faacundo2000: shows [Kh Qc] (a straight, Nine to King)
Faacundo2000 collected $1.46 from pot
*** SUMMARY ***
Total pot $1.51 | Rake $0.05 
Board [5c Td Qd Jc 9c]
Seat 1: zvieira33 (small blind) folded before Flop
Seat 2: Dorex2007 (big blind) folded before Flop
Seat 3: TT_Arg2020 showed [Ad 9d] and lost with a pair of Nines
Seat 4: MayZerG folded before Flop (didn't bet)
Seat 5: saunter folded before Flop (didn't bet)
Seat 8: kaizer203 folded before Flop (didn't bet)
Seat 9: Faacundo2000 (button) showed [Kh Qc] and won ($1.46) with a straight, Nine to King



PokerStars Hand #229835779025:  Hold'em No Limit ($0.01/$0.02 USD) - 2021/09/13 17:00:23 PT [2021/09/13 20:00:23 ET]
Table 'Orthos III' 9-max Seat #1 is the button
Seat 1: zvieira33 ($2.24 in chips) 
Seat 2: Dorex2007 ($1.95 in chips) 
Seat 3: TT_Arg2020 ($0.57 in chips) 
Seat 4: MayZerG ($2.08 in chips) 
Seat 5: saunter ($0.64 in chips) 
Seat 8: kaizer203 ($2 in chips) 
Seat 9: Faacundo2000 ($2.09 in chips) 
Dorex2007: posts small blind $0.01
TT_Arg2020: posts big blind $0.02
*** HOLE CARDS ***
Dealt to Dorex2007 [2d 8h]
MayZerG: folds 
saunter: folds 
kaizer203: folds 
Faacundo2000: folds 
zvieira33: raises $0.06 to $0.08
Dorex2007: folds 
TT_Arg2020: folds 
Uncalled bet ($0.06) returned to zvieira33
zvieira33 collected $0.05 from pot
zvieira33: doesn't show hand 
*** SUMMARY ***
Total pot $0.05 | Rake $0 
Seat 1: zvieira33 (button) collected ($0.05)
Seat 2: Dorex2007 (small blind) folded before Flop
Seat 3: TT_Arg2020 (big blind) folded before Flop
Seat 4: MayZerG folded before Flop (didn't bet)
Seat 5: saunter folded before Flop (didn't bet)
Seat 8: kaizer203 folded before Flop (didn't bet)
Seat 9: Faacundo2000 folded before Flop (didn't bet)



PokerStars Hand #229835784168:  Hold'em No Limit ($0.01/$0.02 USD) - 2021/09/13 17:00:44 PT [2021/09/13 20:00:44 ET]
Table 'Orthos III' 9-max Seat #2 is the button
Seat 1: zvieira33 ($2.27 in chips) 
Seat 2: Dorex2007 ($1.94 in chips) 
Seat 3: TT_Arg2020 ($0.55 in chips) 
Seat 5: saunter ($0.64 in chips) 
Seat 8: kaizer203 ($2 in chips) 
Seat 9: Faacundo2000 ($2.09 in chips) 
TT_Arg2020: posts small blind $0.01
MayZerG: is sitting out 
saunter: posts big blind $0.02
*** HOLE CARDS ***
Dealt to Dorex2007 [Ks 2h]
kaizer203: folds 
Faacundo2000: calls $0.02
zvieira33: raises $0.05 to $0.07
Dorex2007: folds 
TT_Arg2020: folds 
saunter: folds 
babatopna is disconnected 
Faacundo2000: calls $0.05
*** FLOP *** [3h 2d Ad]
babatopna is disconnected 
Faacundo2000: bets $0.05
zvieira33: folds 
Uncalled bet ($0.05) returned to Faacundo2000
Faacundo2000 collected $0.16 from pot
Faacundo2000: doesn't show hand 
*** SUMMARY ***
Total pot $0.17 | Rake $0.01 
Board [3h 2d Ad]
Seat 1: zvieira33 folded on the Flop
Seat 2: Dorex2007 (button) folded before Flop (didn't bet)
Seat 3: TT_Arg2020 (small blind) folded before Flop
Seat 5: saunter (big blind) folded before Flop
Seat 8: kaizer203 folded before Flop (didn't bet)
Seat 9: Faacundo2000 collected ($0.16)



PokerStars Hand #229835793316:  Hold'em No Limit ($0.01/$0.02 USD) - 2021/09/13 17:01:19 PT [2021/09/13 20:01:19 ET]
Table 'Orthos III' 9-max Seat #3 is the button
Seat 1: zvieira33 ($2.20 in chips) 
Seat 2: Dorex2007 ($1.94 in chips) 
Seat 3: TT_Arg2020 ($0.54 in chips) 
Seat 5: saunter ($0.62 in chips) 
Seat 8: kaizer203 ($2 in chips) 
Seat 9: Faacundo2000 ($2.18 in chips) 
saunter: posts small blind $0.01
kaizer203: posts big blind $0.02
*** HOLE CARDS ***
Dealt to Dorex2007 [Ac 4c]
Faacundo2000: folds 
zvieira33: raises $0.04 to $0.06
Dorex2007: folds 
TT_Arg2020: folds 
saunter: folds 
kaizer203: folds 
Uncalled bet ($0.04) returned to zvieira33
zvieira33 collected $0.05 from pot
zvieira33: doesn't show hand 
*** SUMMARY ***
Total pot $0.05 | Rake $0 
Seat 1: zvieira33 collected ($0.05)
Seat 2: Dorex2007 folded before Flop (didn't bet)
Seat 3: TT_Arg2020 (button) folded before Flop (didn't bet)
Seat 5: saunter (small blind) folded before Flop
Seat 8: kaizer203 (big blind) folded before Flop
Seat 9: Faacundo2000 folded before Flop (didn't bet)



PokerStars Hand #229835800186:  Hold'em No Limit ($0.01/$0.02 USD) - 2021/09/13 17:01:45 PT [2021/09/13 20:01:45 ET]
Table 'Orthos III' 9-max Seat #5 is the button
Seat 1: zvieira33 ($2.23 in chips) 
Seat 2: Dorex2007 ($1.94 in chips) 
Seat 3: TT_Arg2020 ($0.54 in chips) 
Seat 5: saunter ($0.61 in chips) 
Seat 8: kaizer203 ($2 in chips) 
Seat 9: Faacundo2000 ($2.18 in chips) 
kaizer203: posts small blind $0.01
Faacundo2000: posts big blind $0.02
*** HOLE CARDS ***
Dealt to Dorex2007 [9h 7h]
zvieira33: calls $0.02
Dorex2007: folds 
TT_Arg2020: folds 
saunter: folds 
kaizer203: folds 
Faacundo2000: raises $0.04 to $0.06
zvieira33: calls $0.04
*** FLOP *** [2s 6s 7d]
Faacundo2000: checks 
zvieira33: checks 
*** TURN *** [2s 6s 7d] [5d]
Faacundo2000: checks 
zvieira33: bets $0.22
Faacundo2000: folds 
Uncalled bet ($0.22) returned to zvieira33
zvieira33 collected $0.13 from pot
zvieira33: doesn't show hand 
*** SUMMARY ***
Total pot $0.13 | Rake $0 
Board [2s 6s 7d 5d]
Seat 1: zvieira33 collected ($0.13)
Seat 2: Dorex2007 folded before Flop (didn't bet)
Seat 3: TT_Arg2020 folded before Flop (didn't bet)
Seat 5: saunter (button) folded before Flop (didn't bet)
Seat 8: kaizer203 (small blind) folded before Flop
Seat 9: Faacundo2000 (big blind) folded on the Turn



PokerStars Hand #229835812153:  Hold'em No Limit ($0.01/$0.02 USD) - 2021/09/13 17:02:28 PT [2021/09/13 20:02:28 ET]
Table 'Orthos III' 9-max Seat #8 is the button
Seat 1: zvieira33 ($2.30 in chips) 
Seat 2: Dorex2007 ($1.94 in chips) 
Seat 3: TT_Arg2020 ($0.54 in chips) 
Seat 5: saunter ($0.61 in chips) 
Seat 8: kaizer203 ($2 in chips) 
Seat 9: Faacundo2000 ($2.12 in chips) 
Faacundo2000: posts small blind $0.01
zvieira33: posts big blind $0.02
*** HOLE CARDS ***
Dealt to Dorex2007 [8s Kc]
Dorex2007: folds 
MayZerG leaves the table
TT_Arg2020 has timed out
TT_Arg2020: folds 
saunter: folds 
kaizer203: raises $0.04 to $0.06
Faacundo2000: folds 
zvieira33: folds 
Uncalled bet ($0.04) returned to kaizer203
zvieira33 leaves the table
kaizer203 collected $0.05 from pot
kaizer203: doesn't show hand 
*** SUMMARY ***
Total pot $0.05 | Rake $0 
Seat 1: zvieira33 (big blind) folded before Flop
Seat 2: Dorex2007 folded before Flop (didn't bet)
Seat 3: TT_Arg2020 folded before Flop (didn't bet)
Seat 5: saunter folded before Flop (didn't bet)
Seat 8: kaizer203 (button) collected ($0.05)
Seat 9: Faacundo2000 (small blind) folded before Flop



PokerStars Hand #229835821568:  Hold'em No Limit ($0.01/$0.02 USD) - 2021/09/13 17:03:01 PT [2021/09/13 20:03:01 ET]
Table 'Orthos III' 9-max Seat #9 is the button
Seat 2: Dorex2007 ($1.94 in chips) 
Seat 3: TT_Arg2020 ($0.54 in chips) 
Seat 5: saunter ($0.61 in chips) 
Seat 8: kaizer203 ($2.03 in chips) 
Seat 9: Faacundo2000 ($2.11 in chips) 
Dorex2007: posts small blind $0.01
TT_Arg2020: posts big blind $0.02
*** HOLE CARDS ***
Dealt to Dorex2007 [9s 3h]
saunter: folds 
kaizer203: folds 
Faacundo2000: folds 
Dorex2007: folds 
Uncalled bet ($0.01) returned to TT_Arg2020
TT_Arg2020 collected $0.02 from pot
TT_Arg2020: doesn't show hand 
*** SUMMARY ***
Total pot $0.02 | Rake $0 
Seat 2: Dorex2007 (small blind) folded before Flop
Seat 3: TT_Arg2020 (big blind) collected ($0.02)
Seat 5: saunter folded before Flop (didn't bet)
Seat 8: kaizer203 folded before Flop (didn't bet)
Seat 9: Faacundo2000 (button) folded before Flop (didn't bet)



PokerStars Hand #229835825131:  Hold'em No Limit ($0.01/$0.02 USD) - 2021/09/13 17:03:14 PT [2021/09/13 20:03:14 ET]
Table 'Orthos III' 9-max Seat #2 is the button
Seat 2: Dorex2007 ($2 in chips) 
Seat 3: TT_Arg2020 ($0.55 in chips) 
Seat 5: saunter ($0.61 in chips) 
Seat 8: kaizer203 ($2.03 in chips) 
Seat 9: Faacundo2000 ($2.11 in chips) 
TT_Arg2020: posts small blind $0.01
saunter: posts big blind $0.02
*** HOLE CARDS ***
Dealt to Dorex2007 [Kc 5c]
kaizer203: folds 
Faacundo2000: folds 
Dorex2007: raises $0.04 to $0.06
TT_Arg2020: folds 
saunter: folds 
Uncalled bet ($0.04) returned to Dorex2007
Dorex2007 collected $0.05 from pot
Dorex2007: doesn't show hand 
*** SUMMARY ***
Total pot $0.05 | Rake $0 
Seat 2: Dorex2007 (button) collected ($0.05)
Seat 3: TT_Arg2020 (small blind) folded before Flop
Seat 5: saunter (big blind) folded before Flop
Seat 8: kaizer203 folded before Flop (didn't bet)
Seat 9: Faacundo2000 folded before Flop (didn't bet)



