PokerStars Hand #224576892540:  Hold'em No Limit ($0.01/$0.02 USD) - 2021/03/07 15:41:10 PT [2021/03/07 18:41:10 ET]
Table 'Felicitas II' 9-max Seat #3 is the button
Seat 1: nmjp1 ($2.22 in chips) 
Seat 2: kostamega777 ($2.52 in chips) 
Seat 3: POLLO ISRA75 ($1.95 in chips) 
Seat 4: Fatalimerrr ($2.74 in chips) 
Seat 5: Dorex2007 ($1.50 in chips) 
Seat 6: PG big blind ($6.59 in chips) 
Seat 8: Alex Motornyi ($2.25 in chips) 
Seat 9: rusty438 ($1.51 in chips) 
Fatalimerrr: posts small blind $0.01
Dorex2007: posts big blind $0.02
*** HOLE CARDS ***
Dealt to Dorex2007 [Qh 9c]
PG big blind: raises $0.04 to $0.06
Alex Motornyi: folds 
rusty438: folds 
nmjp1: calls $0.06
kostamega777: calls $0.06
POLLO ISRA75: folds 
Fatalimerrr: folds 
Dorex2007: folds 
*** FLOP *** [As 2h 7c]
PG big blind: bets $0.02
nmjp1: calls $0.02
kostamega777: calls $0.02
*** TURN *** [As 2h 7c] [Th]
PG big blind: bets $0.02
nmjp1: raises $0.08 to $0.10
kostamega777: folds 
PG big blind: calls $0.08
*** RIVER *** [As 2h 7c Th] [Tc]
PG big blind: bets $0.22
nmjp1: calls $0.22
*** SHOW DOWN ***
PG big blind: shows [Jh Js] (two pair, Jacks and Tens)
nmjp1: shows [Ah 8c] (two pair, Aces and Tens)
nmjp1 collected $0.88 from pot
*** SUMMARY ***
Total pot $0.91 | Rake $0.03 
Board [As 2h 7c Th Tc]
Seat 1: nmjp1 showed [Ah 8c] and won ($0.88) with two pair, Aces and Tens
Seat 2: kostamega777 folded on the Turn
Seat 3: POLLO ISRA75 (button) folded before Flop (didn't bet)
Seat 4: Fatalimerrr (small blind) folded before Flop
Seat 5: Dorex2007 (big blind) folded before Flop
Seat 6: PG big blind showed [Jh Js] and lost with two pair, Jacks and Tens
Seat 8: Alex Motornyi folded before Flop (didn't bet)
Seat 9: rusty438 folded before Flop (didn't bet)



PokerStars Hand #224576934672:  Hold'em No Limit ($0.01/$0.02 USD) - 2021/03/07 15:42:29 PT [2021/03/07 18:42:29 ET]
Table 'Felicitas II' 9-max Seat #4 is the button
Seat 1: nmjp1 ($2.70 in chips) 
Seat 2: kostamega777 ($2.44 in chips) 
Seat 3: POLLO ISRA75 ($1.95 in chips) 
Seat 4: Fatalimerrr ($2.73 in chips) 
Seat 5: Dorex2007 ($1.48 in chips) 
Seat 6: PG big blind ($6.19 in chips) 
Seat 8: Alex Motornyi ($2.25 in chips) 
Seat 9: rusty438 ($1.51 in chips) 
Dorex2007: posts small blind $0.01
PG big blind: posts big blind $0.02
*** HOLE CARDS ***
Dealt to Dorex2007 [Kh 2d]
Alex Motornyi: folds 
rusty438: folds 
nmjp1: calls $0.02
kostamega777: folds 
POLLO ISRA75: folds 
Fatalimerrr: raises $0.07 to $0.09
Dorex2007: folds 
PG big blind: folds 
nmjp1: calls $0.07
*** FLOP *** [7d 9s Ac]
nmjp1: checks 
Fatalimerrr: bets $0.07
nmjp1: folds 
Uncalled bet ($0.07) returned to Fatalimerrr
Fatalimerrr collected $0.20 from pot
Fatalimerrr: doesn't show hand 
*** SUMMARY ***
Total pot $0.21 | Rake $0.01 
Board [7d 9s Ac]
Seat 1: nmjp1 folded on the Flop
Seat 2: kostamega777 folded before Flop (didn't bet)
Seat 3: POLLO ISRA75 folded before Flop (didn't bet)
Seat 4: Fatalimerrr (button) collected ($0.20)
Seat 5: Dorex2007 (small blind) folded before Flop
Seat 6: PG big blind (big blind) folded before Flop
Seat 8: Alex Motornyi folded before Flop (didn't bet)
Seat 9: rusty438 folded before Flop (didn't bet)



PokerStars Hand #224577258554:  Hold'em No Limit ($0.01/$0.02 USD) - 2021/03/07 15:52:25 PT [2021/03/07 18:52:25 ET]
Table 'Felicitas II' 9-max Seat #3 is the button
Seat 1: Valentin373 ($1.20 in chips) 
Seat 3: POLLO ISRA75 ($1.66 in chips) 
Seat 4: Fatalimerrr ($4.21 in chips) 
Seat 5: Dorex2007 ($1.47 in chips) 
Seat 6: PG big blind ($6.15 in chips) 
Seat 7: gixer_1101 ($1.79 in chips) 
Seat 9: rusty438 ($1.38 in chips) 
Fatalimerrr: posts small blind $0.01
Dorex2007: posts big blind $0.02
*** HOLE CARDS ***
Dealt to Dorex2007 [7d 5h]
PG big blind: calls $0.02
gixer_1101: calls $0.02
truceskates joins the table at seat #2 
rusty438: calls $0.02
Valentin373: folds 
POLLO ISRA75: folds 
Fatalimerrr: folds 
Dorex2007: checks 
*** FLOP *** [4h 2s 9h]
kvzonx100pre joins the table at seat #8 
Dorex2007: checks 
PG big blind: checks 
gixer_1101: checks 
rusty438: checks 
*** TURN *** [4h 2s 9h] [7s]
Dorex2007: checks 
PG big blind: checks 
gixer_1101: checks 
rusty438: checks 
*** RIVER *** [4h 2s 9h 7s] [6h]
Dorex2007: checks 
PG big blind: checks 
gixer_1101: checks 
rusty438: checks 
*** SHOW DOWN ***
Dorex2007: shows [7d 5h] (a pair of Sevens)
PG big blind: mucks hand 
gixer_1101: mucks hand 
rusty438: mucks hand 
Dorex2007 collected $0.09 from pot
*** SUMMARY ***
Total pot $0.09 | Rake $0 
Board [4h 2s 9h 7s 6h]
Seat 1: Valentin373 folded before Flop (didn't bet)
Seat 3: POLLO ISRA75 (button) folded before Flop (didn't bet)
Seat 4: Fatalimerrr (small blind) folded before Flop
Seat 5: Dorex2007 (big blind) showed [7d 5h] and won ($0.09) with a pair of Sevens
Seat 6: PG big blind mucked [3s Js]
Seat 7: gixer_1101 mucked [Kd 8s]
Seat 9: rusty438 mucked [Qc As]



PokerStars Hand #224577292254:  Hold'em No Limit ($0.01/$0.02 USD) - 2021/03/07 15:53:33 PT [2021/03/07 18:53:33 ET]
Table 'Felicitas II' 9-max Seat #4 is the button
Seat 1: Valentin373 ($1.20 in chips) 
Seat 3: POLLO ISRA75 ($1.66 in chips) 
Seat 4: Fatalimerrr ($4.20 in chips) 
Seat 5: Dorex2007 ($1.54 in chips) 
Seat 6: PG big blind ($6.13 in chips) 
Seat 7: gixer_1101 ($1.77 in chips) 
Seat 9: rusty438 ($1.36 in chips) 
Dorex2007: posts small blind $0.01
PG big blind: posts big blind $0.02
kvzonx100pre: sits out 
truceskates: sits out 
*** HOLE CARDS ***
Dealt to Dorex2007 [Jd 2s]
gixer_1101: folds 
rusty438: calls $0.02
Valentin373: folds 
POLLO ISRA75: raises $0.04 to $0.06
Fatalimerrr: folds 
Dorex2007: folds 
PG big blind: calls $0.04
rusty438: calls $0.04
*** FLOP *** [Js 6c 3d]
PG big blind: bets $0.02
rusty438: calls $0.02
POLLO ISRA75: raises $0.08 to $0.10
PG big blind: calls $0.08
rusty438: calls $0.08
*** TURN *** [Js 6c 3d] [2h]
PG big blind: checks 
rusty438: checks 
POLLO ISRA75: checks 
*** RIVER *** [Js 6c 3d 2h] [8h]
PG big blind: checks 
rusty438: bets $0.02
POLLO ISRA75: calls $0.02
PG big blind: calls $0.02
*** SHOW DOWN ***
rusty438: shows [3s 3h] (three of a kind, Threes)
POLLO ISRA75: mucks hand 
PG big blind: mucks hand 
rusty438 collected $0.53 from pot
*** SUMMARY ***
Total pot $0.55 | Rake $0.02 
Board [Js 6c 3d 2h 8h]
Seat 1: Valentin373 folded before Flop (didn't bet)
Seat 3: POLLO ISRA75 mucked [Ts Td]
Seat 4: Fatalimerrr (button) folded before Flop (didn't bet)
Seat 5: Dorex2007 (small blind) folded before Flop
Seat 6: PG big blind (big blind) mucked [6d Ad]
Seat 7: gixer_1101 folded before Flop (didn't bet)
Seat 9: rusty438 showed [3s 3h] and won ($0.53) with three of a kind, Threes



PokerStars Hand #224577328567:  Hold'em No Limit ($0.01/$0.02 USD) - 2021/03/07 15:54:48 PT [2021/03/07 18:54:48 ET]
Table 'Felicitas II' 9-max Seat #5 is the button
Seat 1: Valentin373 ($1.20 in chips) 
Seat 3: POLLO ISRA75 ($1.48 in chips) 
Seat 4: Fatalimerrr ($4.20 in chips) 
Seat 5: Dorex2007 ($2 in chips) 
Seat 6: PG big blind ($5.95 in chips) 
Seat 7: gixer_1101 ($1.77 in chips) 
Seat 9: rusty438 ($1.71 in chips) 
PG big blind: posts small blind $0.01
gixer_1101: posts big blind $0.02
kvzonx100pre: sits out 
truceskates: sits out 
*** HOLE CARDS ***
Dealt to Dorex2007 [3s 6h]
rusty438: folds 
Valentin373: folds 
POLLO ISRA75: calls $0.02
Fatalimerrr: folds 
Dorex2007: folds 
PG big blind: calls $0.01
gixer_1101: checks 
*** FLOP *** [5s Ad 2c]
PG big blind: checks 
gixer_1101: checks 
POLLO ISRA75: checks 
*** TURN *** [5s Ad 2c] [5h]
PG big blind: checks 
gixer_1101: checks 
POLLO ISRA75: checks 
*** RIVER *** [5s Ad 2c 5h] [Jc]
PG big blind: checks 
gixer_1101: checks 
POLLO ISRA75: checks 
*** SHOW DOWN ***
PG big blind: shows [8c Tc] (a pair of Fives)
gixer_1101: shows [Ks 3c] (a pair of Fives - Ace+King kicker)
POLLO ISRA75: shows [4s 4d] (two pair, Fives and Fours)
POLLO ISRA75 collected $0.06 from pot
*** SUMMARY ***
Total pot $0.06 | Rake $0 
Board [5s Ad 2c 5h Jc]
Seat 1: Valentin373 folded before Flop (didn't bet)
Seat 3: POLLO ISRA75 showed [4s 4d] and won ($0.06) with two pair, Fives and Fours
Seat 4: Fatalimerrr folded before Flop (didn't bet)
Seat 5: Dorex2007 (button) folded before Flop (didn't bet)
Seat 6: PG big blind (small blind) showed [8c Tc] and lost with a pair of Fives
Seat 7: gixer_1101 (big blind) showed [Ks 3c] and lost with a pair of Fives
Seat 9: rusty438 folded before Flop (didn't bet)



PokerStars Hand #224577351295:  Hold'em No Limit ($0.01/$0.02 USD) - 2021/03/07 15:55:48 PT [2021/03/07 18:55:48 ET]
Table 'Felicitas II' 9-max Seat #6 is the button
Seat 1: Valentin373 ($1.20 in chips) 
Seat 3: POLLO ISRA75 ($1.52 in chips) 
Seat 4: Fatalimerrr ($4.20 in chips) 
Seat 5: Dorex2007 ($2 in chips) 
Seat 6: PG big blind ($5.93 in chips) 
Seat 7: gixer_1101 ($1.75 in chips) 
Seat 8: kvzonx100pre ($2 in chips) 
Seat 9: rusty438 ($1.71 in chips) 
gixer_1101: posts small blind $0.01
kvzonx100pre: posts big blind $0.02
truceskates: sits out 
*** HOLE CARDS ***
Dealt to Dorex2007 [7h Ks]
rusty438: folds 
Valentin373: folds 
POLLO ISRA75: folds 
Fatalimerrr: folds 
Dorex2007: folds 
PG big blind: folds 
gixer_1101: calls $0.01
kvzonx100pre: checks 
*** FLOP *** [7d Th Js]
gixer_1101: checks 
kvzonx100pre: bets $0.03
gixer_1101: calls $0.03
*** TURN *** [7d Th Js] [Ad]
gixer_1101: checks 
kvzonx100pre: bets $0.08
gixer_1101: calls $0.08
*** RIVER *** [7d Th Js Ad] [Qd]
gixer_1101: checks 
kvzonx100pre: checks 
*** SHOW DOWN ***
gixer_1101: shows [Ac Kh] (a straight, Ten to Ace)
kvzonx100pre: mucks hand 
gixer_1101 collected $0.25 from pot
*** SUMMARY ***
Total pot $0.26 | Rake $0.01 
Board [7d Th Js Ad Qd]
Seat 1: Valentin373 folded before Flop (didn't bet)
Seat 3: POLLO ISRA75 folded before Flop (didn't bet)
Seat 4: Fatalimerrr folded before Flop (didn't bet)
Seat 5: Dorex2007 folded before Flop (didn't bet)
Seat 6: PG big blind (button) folded before Flop (didn't bet)
Seat 7: gixer_1101 (small blind) showed [Ac Kh] and won ($0.25) with a straight, Ten to Ace
Seat 8: kvzonx100pre (big blind) mucked [9c 8h]
Seat 9: rusty438 folded before Flop (didn't bet)



PokerStars Hand #224577368429:  Hold'em No Limit ($0.01/$0.02 USD) - 2021/03/07 15:56:33 PT [2021/03/07 18:56:33 ET]
Table 'Felicitas II' 9-max Seat #7 is the button
Seat 1: Valentin373 ($1.20 in chips) 
Seat 3: POLLO ISRA75 ($1.52 in chips) 
Seat 4: Fatalimerrr ($4.20 in chips) 
Seat 5: Dorex2007 ($2 in chips) 
Seat 6: PG big blind ($5.93 in chips) 
Seat 7: gixer_1101 ($1.87 in chips) 
Seat 8: kvzonx100pre ($1.87 in chips) 
Seat 9: rusty438 ($1.71 in chips) 
kvzonx100pre: posts small blind $0.01
rusty438: posts big blind $0.02
truceskates: sits out 
*** HOLE CARDS ***
Dealt to Dorex2007 [Ac Td]
Valentin373: folds 
POLLO ISRA75: raises $0.04 to $0.06
Fatalimerrr: folds 
Dorex2007: calls $0.06
PG big blind: calls $0.06
gixer_1101: calls $0.06
kvzonx100pre: folds 
rusty438: folds 
*** FLOP *** [8c 2c 7s]
POLLO ISRA75: bets $0.13
Dorex2007: folds 
PG big blind: folds 
gixer_1101: calls $0.13
*** TURN *** [8c 2c 7s] [4h]
POLLO ISRA75: bets $0.26
gixer_1101: calls $0.26
*** RIVER *** [8c 2c 7s 4h] [Th]
POLLO ISRA75: checks 
gixer_1101: bets $1.42 and is all-in
POLLO ISRA75: folds 
Uncalled bet ($1.42) returned to gixer_1101
gixer_1101 collected $1.01 from pot
gixer_1101: doesn't show hand 
*** SUMMARY ***
Total pot $1.05 | Rake $0.04 
Board [8c 2c 7s 4h Th]
Seat 1: Valentin373 folded before Flop (didn't bet)
Seat 3: POLLO ISRA75 folded on the River
Seat 4: Fatalimerrr folded before Flop (didn't bet)
Seat 5: Dorex2007 folded on the Flop
Seat 6: PG big blind folded on the Flop
Seat 7: gixer_1101 (button) collected ($1.01)
Seat 8: kvzonx100pre (small blind) folded before Flop
Seat 9: rusty438 (big blind) folded before Flop



PokerStars Hand #224577392609:  Hold'em No Limit ($0.01/$0.02 USD) - 2021/03/07 15:57:43 PT [2021/03/07 18:57:43 ET]
Table 'Felicitas II' 9-max Seat #8 is the button
Seat 1: Valentin373 ($1.20 in chips) 
Seat 3: POLLO ISRA75 ($1.07 in chips) 
Seat 4: Fatalimerrr ($4.20 in chips) 
Seat 5: Dorex2007 ($1.94 in chips) 
Seat 6: PG big blind ($5.87 in chips) 
Seat 7: gixer_1101 ($2.43 in chips) 
Seat 8: kvzonx100pre ($2 in chips) 
Seat 9: rusty438 ($1.69 in chips) 
rusty438: posts small blind $0.01
Valentin373: posts big blind $0.02
truceskates: sits out 
*** HOLE CARDS ***
Dealt to Dorex2007 [Td 5h]
POLLO ISRA75: folds 
Fatalimerrr: folds 
Dorex2007: folds 
PG big blind has timed out
PG big blind: folds 
gixer_1101: calls $0.02
kvzonx100pre: folds 
rusty438: folds 
Valentin373: raises $0.03 to $0.05
gixer_1101: raises $1.03 to $1.08
Valentin373: folds 
Uncalled bet ($1.03) returned to gixer_1101
gixer_1101 collected $0.11 from pot
gixer_1101: doesn't show hand 
*** SUMMARY ***
Total pot $0.11 | Rake $0 
Seat 1: Valentin373 (big blind) folded before Flop
Seat 3: POLLO ISRA75 folded before Flop (didn't bet)
Seat 4: Fatalimerrr folded before Flop (didn't bet)
Seat 5: Dorex2007 folded before Flop (didn't bet)
Seat 6: PG big blind folded before Flop (didn't bet)
Seat 7: gixer_1101 collected ($0.11)
Seat 8: kvzonx100pre (button) folded before Flop (didn't bet)
Seat 9: rusty438 (small blind) folded before Flop



PokerStars Hand #224577404012:  Hold'em No Limit ($0.01/$0.02 USD) - 2021/03/07 15:58:17 PT [2021/03/07 18:58:17 ET]
Table 'Felicitas II' 9-max Seat #9 is the button
Seat 1: Valentin373 ($1.15 in chips) 
Seat 2: truceskates ($1.60 in chips) 
Seat 3: POLLO ISRA75 ($1.07 in chips) 
Seat 4: Fatalimerrr ($4.20 in chips) 
Seat 5: Dorex2007 ($1.94 in chips) 
Seat 6: PG big blind ($5.87 in chips) 
Seat 7: gixer_1101 ($2.49 in chips) 
Seat 8: kvzonx100pre ($2 in chips) 
Seat 9: rusty438 ($1.68 in chips) 
Valentin373: posts small blind $0.01
truceskates: posts big blind $0.02
*** HOLE CARDS ***
Dealt to Dorex2007 [5d Js]
POLLO ISRA75: folds 
Fatalimerrr: folds 
Dorex2007: folds 
gixer_1101 said, "Thats what I though"
PG big blind: calls $0.02
gixer_1101: folds 
kvzonx100pre: folds 
rusty438: calls $0.02
Valentin373: folds 
gixer_1101 said, "Joke"
truceskates: checks 
*** FLOP *** [4h 9d 4s]
truceskates: checks 
PG big blind: bets $0.02
rusty438: folds 
truceskates: folds 
Uncalled bet ($0.02) returned to PG big blind
PG big blind collected $0.07 from pot
PG big blind: doesn't show hand 
*** SUMMARY ***
Total pot $0.07 | Rake $0 
Board [4h 9d 4s]
Seat 1: Valentin373 (small blind) folded before Flop
Seat 2: truceskates (big blind) folded on the Flop
Seat 3: POLLO ISRA75 folded before Flop (didn't bet)
Seat 4: Fatalimerrr folded before Flop (didn't bet)
Seat 5: Dorex2007 folded before Flop (didn't bet)
Seat 6: PG big blind collected ($0.07)
Seat 7: gixer_1101 folded before Flop (didn't bet)
Seat 8: kvzonx100pre folded before Flop (didn't bet)
Seat 9: rusty438 (button) folded on the Flop



PokerStars Hand #224577418025:  Hold'em No Limit ($0.01/$0.02 USD) - 2021/03/07 15:58:58 PT [2021/03/07 18:58:58 ET]
Table 'Felicitas II' 9-max Seat #1 is the button
Seat 1: Valentin373 ($1.14 in chips) 
Seat 2: truceskates ($1.58 in chips) 
Seat 3: POLLO ISRA75 ($1.07 in chips) 
Seat 4: Fatalimerrr ($4.20 in chips) 
Seat 5: Dorex2007 ($1.94 in chips) 
Seat 6: PG big blind ($5.92 in chips) 
Seat 7: gixer_1101 ($2.49 in chips) 
Seat 8: kvzonx100pre ($2 in chips) 
Seat 9: rusty438 ($1.66 in chips) 
truceskates: posts small blind $0.01
POLLO ISRA75: posts big blind $0.02
*** HOLE CARDS ***
Dealt to Dorex2007 [Js 3c]
Fatalimerrr: folds 
Dorex2007: folds 
PG big blind: calls $0.02
gixer_1101: calls $0.02
kvzonx100pre: folds 
rusty438: calls $0.02
Valentin373: calls $0.02
truceskates: raises $0.12 to $0.14
POLLO ISRA75: folds 
PG big blind: calls $0.12
gixer_1101: calls $0.12
rusty438: folds 
Valentin373: folds 
*** FLOP *** [6c 6d 5c]
truceskates: checks 
PG big blind: bets $0.46
gixer_1101: folds 
truceskates: folds 
Uncalled bet ($0.46) returned to PG big blind
PG big blind collected $0.46 from pot
PG big blind: doesn't show hand 
*** SUMMARY ***
Total pot $0.48 | Rake $0.02 
Board [6c 6d 5c]
Seat 1: Valentin373 (button) folded before Flop
Seat 2: truceskates (small blind) folded on the Flop
Seat 3: POLLO ISRA75 (big blind) folded before Flop
Seat 4: Fatalimerrr folded before Flop (didn't bet)
Seat 5: Dorex2007 folded before Flop (didn't bet)
Seat 6: PG big blind collected ($0.46)
Seat 7: gixer_1101 folded on the Flop
Seat 8: kvzonx100pre folded before Flop (didn't bet)
Seat 9: rusty438 folded before Flop



PokerStars Hand #224577438948:  Hold'em No Limit ($0.01/$0.02 USD) - 2021/03/07 16:00:00 PT [2021/03/07 19:00:00 ET]
Table 'Felicitas II' 9-max Seat #2 is the button
Seat 1: Valentin373 ($1.12 in chips) 
Seat 2: truceskates ($1.44 in chips) 
Seat 3: POLLO ISRA75 ($1.05 in chips) 
Seat 5: Dorex2007 ($1.94 in chips) 
Seat 6: PG big blind ($6.24 in chips) 
Seat 7: gixer_1101 ($2.35 in chips) 
Seat 8: kvzonx100pre ($2 in chips) 
Seat 9: rusty438 ($1.64 in chips) 
POLLO ISRA75: posts small blind $0.01
Fatalimerrr: is sitting out 
Dorex2007: posts big blind $0.02
*** HOLE CARDS ***
Dealt to Dorex2007 [Qs 4c]
PG big blind: calls $0.02
gixer_1101: folds 
kvzonx100pre: folds 
rusty438: folds 
Valentin373: raises $0.03 to $0.05
truceskates: folds 
POLLO ISRA75: folds 
Dorex2007: folds 
PG big blind: calls $0.03
*** FLOP *** [7d 3h Qc]
PG big blind: checks 
Valentin373: bets $0.07
PG big blind: folds 
Uncalled bet ($0.07) returned to Valentin373
Valentin373 collected $0.13 from pot
Valentin373: doesn't show hand 
*** SUMMARY ***
Total pot $0.13 | Rake $0 
Board [7d 3h Qc]
Seat 1: Valentin373 collected ($0.13)
Seat 2: truceskates (button) folded before Flop (didn't bet)
Seat 3: POLLO ISRA75 (small blind) folded before Flop
Seat 5: Dorex2007 (big blind) folded before Flop
Seat 6: PG big blind folded on the Flop
Seat 7: gixer_1101 folded before Flop (didn't bet)
Seat 8: kvzonx100pre folded before Flop (didn't bet)
Seat 9: rusty438 folded before Flop (didn't bet)



PokerStars Hand #224577449756:  Hold'em No Limit ($0.01/$0.02 USD) - 2021/03/07 16:00:29 PT [2021/03/07 19:00:29 ET]
Table 'Felicitas II' 9-max Seat #3 is the button
Seat 1: Valentin373 ($1.20 in chips) 
Seat 2: truceskates ($1.99 in chips) 
Seat 3: POLLO ISRA75 ($1.40 in chips) 
Seat 5: Dorex2007 ($1.92 in chips) 
Seat 6: PG big blind ($6.19 in chips) 
Seat 7: gixer_1101 ($2.35 in chips) 
Seat 8: kvzonx100pre ($2 in chips) 
Seat 9: rusty438 ($1.64 in chips) 
Dorex2007: posts small blind $0.01
PG big blind: posts big blind $0.02
*** HOLE CARDS ***
Dealt to Dorex2007 [Tc 9d]
gixer_1101: folds 
kvzonx100pre: folds 
rusty438: folds 
Valentin373: raises $0.03 to $0.05
truceskates: folds 
POLLO ISRA75: calls $0.05
Dorex2007: folds 
PG big blind: calls $0.03
*** FLOP *** [6s Jc 5h]
PG big blind: bets $0.02
Valentin373: raises $0.09 to $0.11
POLLO ISRA75: folds 
PG big blind: calls $0.09
*** TURN *** [6s Jc 5h] [4d]
PG big blind: bets $0.02
Valentin373: raises $0.19 to $0.21
PG big blind: folds 
Uncalled bet ($0.19) returned to Valentin373
Valentin373 collected $0.41 from pot
Valentin373: doesn't show hand 
*** SUMMARY ***
Total pot $0.42 | Rake $0.01 
Board [6s Jc 5h 4d]
Seat 1: Valentin373 collected ($0.41)
Seat 2: truceskates folded before Flop (didn't bet)
Seat 3: POLLO ISRA75 (button) folded on the Flop
Seat 5: Dorex2007 (small blind) folded before Flop
Seat 6: PG big blind (big blind) folded on the Turn
Seat 7: gixer_1101 folded before Flop (didn't bet)
Seat 8: kvzonx100pre folded before Flop (didn't bet)
Seat 9: rusty438 folded before Flop (didn't bet)



PokerStars Hand #224577477014:  Hold'em No Limit ($0.01/$0.02 USD) - 2021/03/07 16:01:35 PT [2021/03/07 19:01:35 ET]
Table 'Felicitas II' 9-max Seat #5 is the button
Seat 1: Valentin373 ($1.43 in chips) 
Seat 2: truceskates ($1.99 in chips) 
Seat 3: POLLO ISRA75 ($1.35 in chips) 
Seat 5: Dorex2007 ($1.91 in chips) 
Seat 6: PG big blind ($6.01 in chips) 
Seat 7: gixer_1101 ($2.35 in chips) 
Seat 8: kvzonx100pre ($2 in chips) 
Seat 9: rusty438 ($1.64 in chips) 
PG big blind: posts small blind $0.01
gixer_1101: posts big blind $0.02
*** HOLE CARDS ***
Dealt to Dorex2007 [6s 8h]
kvzonx100pre: folds 
rusty438: calls $0.02
Valentin373: folds 
truceskates: folds 
POLLO ISRA75: calls $0.02
Dorex2007: folds 
PG big blind: folds 
gixer_1101: folds 
*** FLOP *** [9d Js 9s]
gixer_1101 leaves the table
rusty438: checks 
POLLO ISRA75: bets $0.04
rusty438: folds 
Uncalled bet ($0.04) returned to POLLO ISRA75
POLLO ISRA75 collected $0.07 from pot
POLLO ISRA75: doesn't show hand 
*** SUMMARY ***
Total pot $0.07 | Rake $0 
Board [9d Js 9s]
Seat 1: Valentin373 folded before Flop (didn't bet)
Seat 2: truceskates folded before Flop (didn't bet)
Seat 3: POLLO ISRA75 collected ($0.07)
Seat 5: Dorex2007 (button) folded before Flop (didn't bet)
Seat 6: PG big blind (small blind) folded before Flop
Seat 7: gixer_1101 (big blind) folded before Flop
Seat 8: kvzonx100pre folded before Flop (didn't bet)
Seat 9: rusty438 folded on the Flop



PokerStars Hand #224577492564:  Hold'em No Limit ($0.01/$0.02 USD) - 2021/03/07 16:02:04 PT [2021/03/07 19:02:04 ET]
Table 'Felicitas II' 9-max Seat #6 is the button
Seat 1: Valentin373 ($1.43 in chips) 
Seat 2: truceskates ($1.99 in chips) 
Seat 3: POLLO ISRA75 ($1.40 in chips) 
Seat 5: Dorex2007 ($1.91 in chips) 
Seat 6: PG big blind ($6 in chips) 
Seat 8: kvzonx100pre ($2 in chips) 
Seat 9: rusty438 ($1.62 in chips) 
kvzonx100pre: posts small blind $0.01
rusty438: posts big blind $0.02
*** HOLE CARDS ***
Dealt to Dorex2007 [4d Ts]
Valentin373: folds 
truceskates: calls $0.02
POLLO ISRA75: calls $0.02
Dorex2007: folds 
PG big blind: folds 
kvzonx100pre: folds 
rusty438: checks 
*** FLOP *** [8h 9s 4h]
rusty438: checks 
eT.NightDemon joins the table at seat #7 
truceskates: checks 
POLLO ISRA75: bets $0.04
rusty438: folds 
truceskates: folds 
Uncalled bet ($0.04) returned to POLLO ISRA75
POLLO ISRA75 collected $0.07 from pot
*** SUMMARY ***
Total pot $0.07 | Rake $0 
Board [8h 9s 4h]
Seat 1: Valentin373 folded before Flop (didn't bet)
Seat 2: truceskates folded on the Flop
Seat 3: POLLO ISRA75 collected ($0.07)
Seat 5: Dorex2007 folded before Flop (didn't bet)
Seat 6: PG big blind (button) folded before Flop (didn't bet)
Seat 8: kvzonx100pre (small blind) folded before Flop
Seat 9: rusty438 (big blind) folded on the Flop



PokerStars Hand #224577505612:  Hold'em No Limit ($0.01/$0.02 USD) - 2021/03/07 16:02:33 PT [2021/03/07 19:02:33 ET]
Table 'Felicitas II' 9-max Seat #8 is the button
Seat 1: Valentin373 ($1.43 in chips) 
Seat 2: truceskates ($1.97 in chips) 
Seat 3: POLLO ISRA75 ($1.45 in chips) 
Seat 5: Dorex2007 ($1.91 in chips) 
Seat 6: PG big blind ($6 in chips) 
Seat 8: kvzonx100pre ($1.99 in chips) 
Seat 9: rusty438 ($1.60 in chips) 
rusty438: posts small blind $0.01
Valentin373: posts big blind $0.02
eT.NightDemon: sits out 
*** HOLE CARDS ***
Dealt to Dorex2007 [Ac 3d]
truceskates: folds 
POLLO ISRA75: folds 
Dorex2007: folds 
PG big blind: raises $0.04 to $0.06
kvzonx100pre: folds 
rusty438: folds 
Valentin373: raises $0.16 to $0.22
PG big blind: raises $0.16 to $0.38
Valentin373: calls $0.16
*** FLOP *** [6s 7s 2s]
Fatalimerrr leaves the table
Valentin373: bets $0.24
PG big blind: raises $5.38 to $5.62 and is all-in
Valentin373: calls $0.81 and is all-in
Uncalled bet ($4.57) returned to PG big blind
*** TURN *** [6s 7s 2s] [4c]
*** RIVER *** [6s 7s 2s 4c] [8h]
*** SHOW DOWN ***
Valentin373: shows [Qc Qd] (a pair of Queens)
PG big blind: shows [Qs Qh] (a pair of Queens)
Valentin373 collected $1.39 from pot
PG big blind collected $1.38 from pot
*** SUMMARY ***
Total pot $2.87 | Rake $0.10 
Board [6s 7s 2s 4c 8h]
Seat 1: Valentin373 (big blind) showed [Qc Qd] and won ($1.39) with a pair of Queens
Seat 2: truceskates folded before Flop (didn't bet)
Seat 3: POLLO ISRA75 folded before Flop (didn't bet)
Seat 5: Dorex2007 folded before Flop (didn't bet)
Seat 6: PG big blind showed [Qs Qh] and won ($1.38) with a pair of Queens
Seat 8: kvzonx100pre (button) folded before Flop (didn't bet)
Seat 9: rusty438 (small blind) folded before Flop



PokerStars Hand #224577530311:  Hold'em No Limit ($0.01/$0.02 USD) - 2021/03/07 16:03:25 PT [2021/03/07 19:03:25 ET]
Table 'Felicitas II' 9-max Seat #9 is the button
Seat 1: Valentin373 ($1.39 in chips) 
Seat 2: truceskates ($1.97 in chips) 
Seat 3: POLLO ISRA75 ($1.45 in chips) 
Seat 5: Dorex2007 ($1.91 in chips) 
Seat 6: PG big blind ($5.95 in chips) 
Seat 8: kvzonx100pre ($1.99 in chips) 
Seat 9: rusty438 ($1.59 in chips) 
Valentin373: posts small blind $0.01
truceskates: posts big blind $0.02
eT.NightDemon: sits out 
*** HOLE CARDS ***
Dealt to Dorex2007 [4c 3c]
POLLO ISRA75: calls $0.02
Dorex2007: folds 
gixer_1101 joins the table at seat #4 
PG big blind: raises $0.04 to $0.06
kvzonx100pre: folds 
rusty438: folds 
Valentin373: calls $0.05
truceskates: folds 
POLLO ISRA75: calls $0.04
*** FLOP *** [4s 7h 6h]
Valentin373: checks 
POLLO ISRA75: checks 
PG big blind: checks 
*** TURN *** [4s 7h 6h] [Qd]
Valentin373: bets $0.08
POLLO ISRA75: raises $0.18 to $0.26
PG big blind: folds 
Valentin373: calls $0.18
*** RIVER *** [4s 7h 6h Qd] [5d]
Valentin373: checks 
POLLO ISRA75: checks 
*** SHOW DOWN ***
Valentin373: shows [Qs Ts] (a pair of Queens)
POLLO ISRA75: shows [7c 7s] (three of a kind, Sevens)
POLLO ISRA75 collected $0.69 from pot
*** SUMMARY ***
Total pot $0.72 | Rake $0.03 
Board [4s 7h 6h Qd 5d]
Seat 1: Valentin373 (small blind) showed [Qs Ts] and lost with a pair of Queens
Seat 2: truceskates (big blind) folded before Flop
Seat 3: POLLO ISRA75 showed [7c 7s] and won ($0.69) with three of a kind, Sevens
Seat 5: Dorex2007 folded before Flop (didn't bet)
Seat 6: PG big blind folded on the Turn
Seat 8: kvzonx100pre folded before Flop (didn't bet)
Seat 9: rusty438 (button) folded before Flop (didn't bet)



PokerStars Hand #224577557600:  Hold'em No Limit ($0.01/$0.02 USD) - 2021/03/07 16:04:23 PT [2021/03/07 19:04:23 ET]
Table 'Felicitas II' 9-max Seat #1 is the button
Seat 1: Valentin373 ($1.07 in chips) 
Seat 2: truceskates ($1.95 in chips) 
Seat 3: POLLO ISRA75 ($1.82 in chips) 
Seat 4: gixer_1101 ($2.33 in chips) 
Seat 5: Dorex2007 ($1.91 in chips) 
Seat 6: PG big blind ($5.89 in chips) 
Seat 8: kvzonx100pre ($1.99 in chips) 
Seat 9: rusty438 ($1.59 in chips) 
truceskates: posts small blind $0.01
POLLO ISRA75: posts big blind $0.02
gixer_1101: posts big blind $0.02
eT.NightDemon: sits out 
*** HOLE CARDS ***
Dealt to Dorex2007 [6d 9h]
gixer_1101: checks 
Dorex2007: folds 
PG big blind: calls $0.02
kvzonx100pre: folds 
rusty438: folds 
Valentin373: folds 
truceskates: folds 
POLLO ISRA75: checks 
*** FLOP *** [Th Qd 3h]
POLLO ISRA75: checks 
gixer_1101: checks 
PG big blind: checks 
*** TURN *** [Th Qd 3h] [3d]
POLLO ISRA75: checks 
gixer_1101: checks 
PG big blind: checks 
*** RIVER *** [Th Qd 3h 3d] [5c]
POLLO ISRA75: checks 
gixer_1101: checks 
PG big blind: checks 
*** SHOW DOWN ***
POLLO ISRA75: shows [9c 7h] (a pair of Threes)
gixer_1101: shows [9s 2d] (a pair of Threes)
PG big blind: shows [7d Jh] (a pair of Threes - Queen+Jack kicker)
PG big blind collected $0.07 from pot
*** SUMMARY ***
Total pot $0.07 | Rake $0 
Board [Th Qd 3h 3d 5c]
Seat 1: Valentin373 (button) folded before Flop (didn't bet)
Seat 2: truceskates (small blind) folded before Flop
Seat 3: POLLO ISRA75 (big blind) showed [9c 7h] and lost with a pair of Threes
Seat 4: gixer_1101 showed [9s 2d] and lost with a pair of Threes
Seat 5: Dorex2007 folded before Flop (didn't bet)
Seat 6: PG big blind showed [7d Jh] and won ($0.07) with a pair of Threes
Seat 8: kvzonx100pre folded before Flop (didn't bet)
Seat 9: rusty438 folded before Flop (didn't bet)



PokerStars Hand #224577596226:  Hold'em No Limit ($0.01/$0.02 USD) - 2021/03/07 16:05:29 PT [2021/03/07 19:05:29 ET]
Table 'Felicitas II' 9-max Seat #2 is the button
Seat 1: Valentin373 ($1.07 in chips) 
Seat 2: truceskates ($1.94 in chips) 
Seat 3: POLLO ISRA75 ($1.80 in chips) 
Seat 4: gixer_1101 ($2.31 in chips) 
Seat 5: Dorex2007 ($1.91 in chips) 
Seat 6: PG big blind ($5.94 in chips) 
Seat 8: kvzonx100pre ($1.99 in chips) 
Seat 9: rusty438 ($1.59 in chips) 
POLLO ISRA75: posts small blind $0.01
gixer_1101: posts big blind $0.02
eT.NightDemon: sits out 
*** HOLE CARDS ***
Dealt to Dorex2007 [7s 9s]
Dorex2007: folds 
PG big blind: folds 
kvzonx100pre: folds 
rusty438: calls $0.02
Valentin373: raises $0.03 to $0.05
truceskates: raises $0.15 to $0.20
POLLO ISRA75: folds 
gixer_1101: folds 
rusty438: folds 
Valentin373: folds 
Uncalled bet ($0.15) returned to truceskates
truceskates collected $0.15 from pot
truceskates: doesn't show hand 
*** SUMMARY ***
Total pot $0.15 | Rake $0 
Seat 1: Valentin373 folded before Flop
Seat 2: truceskates (button) collected ($0.15)
Seat 3: POLLO ISRA75 (small blind) folded before Flop
Seat 4: gixer_1101 (big blind) folded before Flop
Seat 5: Dorex2007 folded before Flop (didn't bet)
Seat 6: PG big blind folded before Flop (didn't bet)
Seat 8: kvzonx100pre folded before Flop (didn't bet)
Seat 9: rusty438 folded before Flop



PokerStars Hand #224577612951:  Hold'em No Limit ($0.01/$0.02 USD) - 2021/03/07 16:06:04 PT [2021/03/07 19:06:04 ET]
Table 'Felicitas II' 9-max Seat #3 is the button
Seat 1: Valentin373 ($1.02 in chips) 
Seat 2: truceskates ($2.04 in chips) 
Seat 3: POLLO ISRA75 ($1.79 in chips) 
Seat 4: gixer_1101 ($2.29 in chips) 
Seat 5: Dorex2007 ($1.91 in chips) 
Seat 6: PG big blind ($5.94 in chips) 
Seat 8: kvzonx100pre ($1.99 in chips) 
Seat 9: rusty438 ($1.57 in chips) 
gixer_1101: posts small blind $0.01
Dorex2007: posts big blind $0.02
eT.NightDemon: sits out 
*** HOLE CARDS ***
Dealt to Dorex2007 [Ac 8h]
PG big blind: calls $0.02
kvzonx100pre: folds 
rusty438: folds 
Valentin373: raises $0.02 to $0.04
truceskates: folds 
POLLO ISRA75: folds 
gixer_1101: folds 
Dorex2007: calls $0.02
PG big blind: calls $0.02
*** FLOP *** [2c 7h Qs]
Dorex2007: checks 
PG big blind: checks 
Valentin373: bets $0.04
Dorex2007: folds 
PG big blind: folds 
Uncalled bet ($0.04) returned to Valentin373
Valentin373 collected $0.13 from pot
Valentin373: doesn't show hand 
*** SUMMARY ***
Total pot $0.13 | Rake $0 
Board [2c 7h Qs]
Seat 1: Valentin373 collected ($0.13)
Seat 2: truceskates folded before Flop (didn't bet)
Seat 3: POLLO ISRA75 (button) folded before Flop (didn't bet)
Seat 4: gixer_1101 (small blind) folded before Flop
Seat 5: Dorex2007 (big blind) folded on the Flop
Seat 6: PG big blind folded on the Flop
Seat 8: kvzonx100pre folded before Flop (didn't bet)
Seat 9: rusty438 folded before Flop (didn't bet)



PokerStars Hand #224577634565:  Hold'em No Limit ($0.01/$0.02 USD) - 2021/03/07 16:06:52 PT [2021/03/07 19:06:52 ET]
Table 'Felicitas II' 9-max Seat #4 is the button
Seat 1: Valentin373 ($1.11 in chips) 
Seat 2: truceskates ($2.04 in chips) 
Seat 3: POLLO ISRA75 ($1.79 in chips) 
Seat 4: gixer_1101 ($2.28 in chips) 
Seat 5: Dorex2007 ($1.87 in chips) 
Seat 6: PG big blind ($5.90 in chips) 
Seat 8: kvzonx100pre ($1.99 in chips) 
Seat 9: rusty438 ($1.57 in chips) 
Dorex2007: posts small blind $0.01
PG big blind: posts big blind $0.02
eT.NightDemon: sits out 
*** HOLE CARDS ***
Dealt to Dorex2007 [Td 8d]
kvzonx100pre: folds 
rusty438: folds 
Valentin373: folds 
truceskates: folds 
POLLO ISRA75: folds 
gixer_1101: calls $0.02
Dorex2007: calls $0.01
PG big blind: checks 
*** FLOP *** [6h Tc 4s]
Dorex2007: bets $0.06
PG big blind: folds 
gixer_1101: folds 
Uncalled bet ($0.06) returned to Dorex2007
Dorex2007 collected $0.06 from pot
Dorex2007: doesn't show hand 
*** SUMMARY ***
Total pot $0.06 | Rake $0 
Board [6h Tc 4s]
Seat 1: Valentin373 folded before Flop (didn't bet)
Seat 2: truceskates folded before Flop (didn't bet)
Seat 3: POLLO ISRA75 folded before Flop (didn't bet)
Seat 4: gixer_1101 (button) folded on the Flop
Seat 5: Dorex2007 (small blind) collected ($0.06)
Seat 6: PG big blind (big blind) folded on the Flop
Seat 8: kvzonx100pre folded before Flop (didn't bet)
Seat 9: rusty438 folded before Flop (didn't bet)



PokerStars Hand #224577661629:  Hold'em No Limit ($0.01/$0.02 USD) - 2021/03/07 16:07:29 PT [2021/03/07 19:07:29 ET]
Table 'Felicitas II' 9-max Seat #5 is the button
Seat 1: Valentin373 ($1.11 in chips) 
Seat 2: truceskates ($2.04 in chips) 
Seat 3: POLLO ISRA75 ($1.79 in chips) 
Seat 4: gixer_1101 ($2.26 in chips) 
Seat 5: Dorex2007 ($1.91 in chips) 
Seat 6: PG big blind ($5.88 in chips) 
Seat 7: eT.NightDemon ($1 in chips) 
Seat 8: kvzonx100pre ($1.99 in chips) 
Seat 9: rusty438 ($1.57 in chips) 
PG big blind: posts small blind $0.01
eT.NightDemon: posts big blind $0.02
*** HOLE CARDS ***
Dealt to Dorex2007 [Tc Jc]
kvzonx100pre: folds 
rusty438: folds 
Valentin373: folds 
truceskates: raises $0.03 to $0.05
POLLO ISRA75: folds 
gixer_1101: calls $0.05
Dorex2007: calls $0.05
PG big blind: raises $0.03 to $0.08
eT.NightDemon: folds 
truceskates: calls $0.03
gixer_1101: calls $0.03
Dorex2007: calls $0.03
*** FLOP *** [Qc 4c 2c]
PG big blind: checks 
truceskates: checks 
gixer_1101: checks 
Dorex2007: bets $0.40
PG big blind: folds 
truceskates: folds 
gixer_1101: calls $0.40
*** TURN *** [Qc 4c 2c] [5s]
gixer_1101: checks 
Dorex2007: checks 
*** RIVER *** [Qc 4c 2c 5s] [9d]
gixer_1101: bets $1.78 and is all-in
Dorex2007: calls $1.43 and is all-in
Uncalled bet ($0.35) returned to gixer_1101
*** SHOW DOWN ***
gixer_1101: shows [Ac 7d] (high card Ace)
Dorex2007: shows [Tc Jc] (a flush, Queen high)
Dorex2007 collected $3.86 from pot
*** SUMMARY ***
Total pot $4 | Rake $0.14 
Board [Qc 4c 2c 5s 9d]
Seat 1: Valentin373 folded before Flop (didn't bet)
Seat 2: truceskates folded on the Flop
Seat 3: POLLO ISRA75 folded before Flop (didn't bet)
Seat 4: gixer_1101 showed [Ac 7d] and lost with high card Ace
Seat 5: Dorex2007 (button) showed [Tc Jc] and won ($3.86) with a flush, Queen high
Seat 6: PG big blind (small blind) folded on the Flop
Seat 7: eT.NightDemon (big blind) folded before Flop
Seat 8: kvzonx100pre folded before Flop (didn't bet)
Seat 9: rusty438 folded before Flop (didn't bet)



PokerStars Hand #224577698849:  Hold'em No Limit ($0.01/$0.02 USD) - 2021/03/07 16:08:42 PT [2021/03/07 19:08:42 ET]
Table 'Felicitas II' 9-max Seat #6 is the button
Seat 1: Valentin373 ($1.11 in chips) 
Seat 2: truceskates ($1.96 in chips) 
Seat 3: POLLO ISRA75 ($1.79 in chips) 
Seat 4: gixer_1101 ($0.35 in chips) 
Seat 5: Dorex2007 ($3.86 in chips) 
Seat 6: PG big blind ($5.80 in chips) 
Seat 7: eT.NightDemon ($0.98 in chips) 
Seat 8: kvzonx100pre ($1.99 in chips) 
Seat 9: rusty438 ($1.57 in chips) 
eT.NightDemon: posts small blind $0.01
kvzonx100pre: posts big blind $0.02
*** HOLE CARDS ***
Dealt to Dorex2007 [3s Kh]
rusty438: calls $0.02
Valentin373: folds 
truceskates: folds 
POLLO ISRA75: raises $0.07 to $0.09
gixer_1101: folds 
gixer_1101 leaves the table
Luke Duarte joins the table at seat #4 
Dorex2007: folds 
PG big blind: folds 
eT.NightDemon: folds 
kvzonx100pre: folds 
rusty438: calls $0.07
*** FLOP *** [2c 8s Th]
rusty438: checks 
POLLO ISRA75: bets $0.10
rusty438: folds 
Uncalled bet ($0.10) returned to POLLO ISRA75
POLLO ISRA75 collected $0.20 from pot
POLLO ISRA75: doesn't show hand 
*** SUMMARY ***
Total pot $0.21 | Rake $0.01 
Board [2c 8s Th]
Seat 1: Valentin373 folded before Flop (didn't bet)
Seat 2: truceskates folded before Flop (didn't bet)
Seat 3: POLLO ISRA75 collected ($0.20)
Seat 4: gixer_1101 folded before Flop (didn't bet)
Seat 5: Dorex2007 folded before Flop (didn't bet)
Seat 6: PG big blind (button) folded before Flop (didn't bet)
Seat 7: eT.NightDemon (small blind) folded before Flop
Seat 8: kvzonx100pre (big blind) folded before Flop
Seat 9: rusty438 folded on the Flop



PokerStars Hand #224577718366:  Hold'em No Limit ($0.01/$0.02 USD) - 2021/03/07 16:09:24 PT [2021/03/07 19:09:24 ET]
Table 'Felicitas II' 9-max Seat #7 is the button
Seat 1: Valentin373 ($1.11 in chips) 
Seat 2: truceskates ($2 in chips) 
Seat 3: POLLO ISRA75 ($1.90 in chips) 
Seat 5: Dorex2007 ($3.86 in chips) 
Seat 6: PG big blind ($5.80 in chips) 
Seat 7: eT.NightDemon ($0.97 in chips) 
Seat 8: kvzonx100pre ($1.97 in chips) 
Seat 9: rusty438 ($1.48 in chips) 
kvzonx100pre: posts small blind $0.01
rusty438: posts big blind $0.02
Luke Duarte: sits out 
*** HOLE CARDS ***
Dealt to Dorex2007 [Ad 2d]
Valentin373: folds 
truceskates: raises $0.03 to $0.05
POLLO ISRA75: folds 
Dorex2007: folds 
PG big blind: folds 
eT.NightDemon: calls $0.05
kvzonx100pre: folds 
rusty438: calls $0.03
*** FLOP *** [2h Ah Qd]
rusty438: checks 
truceskates: checks 
eT.NightDemon: bets $0.04
rusty438: calls $0.04
truceskates: folds 
*** TURN *** [2h Ah Qd] [Tc]
rusty438: checks 
eT.NightDemon: bets $0.06
rusty438: calls $0.06
*** RIVER *** [2h Ah Qd Tc] [3s]
rusty438: checks 
eT.NightDemon: checks 
*** SHOW DOWN ***
rusty438: shows [7d 7c] (a pair of Sevens)
eT.NightDemon: shows [Jh Jc] (a pair of Jacks)
eT.NightDemon collected $0.35 from pot
*** SUMMARY ***
Total pot $0.36 | Rake $0.01 
Board [2h Ah Qd Tc 3s]
Seat 1: Valentin373 folded before Flop (didn't bet)
Seat 2: truceskates folded on the Flop
Seat 3: POLLO ISRA75 folded before Flop (didn't bet)
Seat 5: Dorex2007 folded before Flop (didn't bet)
Seat 6: PG big blind folded before Flop (didn't bet)
Seat 7: eT.NightDemon (button) showed [Jh Jc] and won ($0.35) with a pair of Jacks
Seat 8: kvzonx100pre (small blind) folded before Flop
Seat 9: rusty438 (big blind) showed [7d 7c] and lost with a pair of Sevens



PokerStars Hand #224577740084:  Hold'em No Limit ($0.01/$0.02 USD) - 2021/03/07 16:10:11 PT [2021/03/07 19:10:11 ET]
Table 'Felicitas II' 9-max Seat #8 is the button
Seat 1: Valentin373 ($1.11 in chips) 
Seat 2: truceskates ($1.95 in chips) 
Seat 3: POLLO ISRA75 ($1.90 in chips) 
Seat 5: Dorex2007 ($3.86 in chips) 
Seat 6: PG big blind ($5.80 in chips) 
Seat 7: eT.NightDemon ($1.17 in chips) 
Seat 8: kvzonx100pre ($1.96 in chips) 
Seat 9: rusty438 ($1.33 in chips) 
rusty438: posts small blind $0.01
Valentin373: posts big blind $0.02
Luke Duarte: sits out 
*** HOLE CARDS ***
Dealt to Dorex2007 [9c 6s]
truceskates: folds 
POLLO ISRA75: folds 
Dorex2007: folds 
PG big blind: calls $0.02
eT.NightDemon: calls $0.02
kvzonx100pre: folds 
rusty438: folds 
Valentin373: raises $0.06 to $0.08
PG big blind: calls $0.06
eT.NightDemon: folds 
*** FLOP *** [3c Ac 7s]
Valentin373: bets $0.10
PG big blind: folds 
Uncalled bet ($0.10) returned to Valentin373
Valentin373 collected $0.18 from pot
Valentin373: doesn't show hand 
*** SUMMARY ***
Total pot $0.19 | Rake $0.01 
Board [3c Ac 7s]
Seat 1: Valentin373 (big blind) collected ($0.18)
Seat 2: truceskates folded before Flop (didn't bet)
Seat 3: POLLO ISRA75 folded before Flop (didn't bet)
Seat 5: Dorex2007 folded before Flop (didn't bet)
Seat 6: PG big blind folded on the Flop
Seat 7: eT.NightDemon folded before Flop
Seat 8: kvzonx100pre (button) folded before Flop (didn't bet)
Seat 9: rusty438 (small blind) folded before Flop



PokerStars Hand #224577766153:  Hold'em No Limit ($0.01/$0.02 USD) - 2021/03/07 16:11:07 PT [2021/03/07 19:11:07 ET]
Table 'Felicitas II' 9-max Seat #9 is the button
Seat 1: Valentin373 ($1.21 in chips) 
Seat 2: truceskates ($1.95 in chips) 
Seat 3: POLLO ISRA75 ($1.90 in chips) 
Seat 5: Dorex2007 ($3.86 in chips) 
Seat 6: PG big blind ($5.72 in chips) 
Seat 7: eT.NightDemon ($1.15 in chips) 
Seat 8: kvzonx100pre ($1.96 in chips) 
Seat 9: rusty438 ($1.32 in chips) 
Valentin373: posts small blind $0.01
truceskates: posts big blind $0.02
Luke Duarte: sits out 
*** HOLE CARDS ***
Dealt to Dorex2007 [As 2d]
POLLO ISRA75: folds 
Dorex2007: folds 
PG big blind: calls $0.02
eT.NightDemon: folds 
kvzonx100pre: folds 
rusty438: folds 
Valentin373: calls $0.01
truceskates: checks 
*** FLOP *** [8h 8s Kc]
Valentin373: checks 
truceskates: checks 
PG big blind: checks 
*** TURN *** [8h 8s Kc] [6c]
Valentin373: checks 
truceskates: checks 
PG big blind: checks 
*** RIVER *** [8h 8s Kc 6c] [5c]
Valentin373: checks 
truceskates: checks 
PG big blind: checks 
*** SHOW DOWN ***
Valentin373: shows [2s Ac] (a pair of Eights)
truceskates: mucks hand 
PG big blind: mucks hand 
Valentin373 collected $0.06 from pot
*** SUMMARY ***
Total pot $0.06 | Rake $0 
Board [8h 8s Kc 6c 5c]
Seat 1: Valentin373 (small blind) showed [2s Ac] and won ($0.06) with a pair of Eights
Seat 2: truceskates (big blind) mucked [3c Qd]
Seat 3: POLLO ISRA75 folded before Flop (didn't bet)
Seat 5: Dorex2007 folded before Flop (didn't bet)
Seat 6: PG big blind mucked [Jh 3h]
Seat 7: eT.NightDemon folded before Flop (didn't bet)
Seat 8: kvzonx100pre folded before Flop (didn't bet)
Seat 9: rusty438 (button) folded before Flop (didn't bet)



PokerStars Hand #224577784271:  Hold'em No Limit ($0.01/$0.02 USD) - 2021/03/07 16:11:47 PT [2021/03/07 19:11:47 ET]
Table 'Felicitas II' 9-max Seat #1 is the button
Seat 1: Valentin373 ($1.25 in chips) 
Seat 2: truceskates ($1.93 in chips) 
Seat 3: POLLO ISRA75 ($1.90 in chips) 
Seat 5: Dorex2007 ($3.86 in chips) 
Seat 6: PG big blind ($5.70 in chips) 
Seat 7: eT.NightDemon ($1.15 in chips) 
Seat 8: kvzonx100pre ($1.96 in chips) 
Seat 9: rusty438 ($1.32 in chips) 
truceskates: posts small blind $0.01
POLLO ISRA75: posts big blind $0.02
Luke Duarte: sits out 
*** HOLE CARDS ***
Dealt to Dorex2007 [Ks 8h]
Dorex2007: folds 
PG big blind: folds 
eT.NightDemon: raises $0.04 to $0.06
kvzonx100pre: folds 
rusty438: folds 
Valentin373: folds 
truceskates: folds 
POLLO ISRA75: folds 
Uncalled bet ($0.04) returned to eT.NightDemon
eT.NightDemon collected $0.05 from pot
eT.NightDemon: doesn't show hand 
*** SUMMARY ***
Total pot $0.05 | Rake $0 
Seat 1: Valentin373 (button) folded before Flop (didn't bet)
Seat 2: truceskates (small blind) folded before Flop
Seat 3: POLLO ISRA75 (big blind) folded before Flop
Seat 5: Dorex2007 folded before Flop (didn't bet)
Seat 6: PG big blind folded before Flop (didn't bet)
Seat 7: eT.NightDemon collected ($0.05)
Seat 8: kvzonx100pre folded before Flop (didn't bet)
Seat 9: rusty438 folded before Flop (didn't bet)



PokerStars Hand #224577793244:  Hold'em No Limit ($0.01/$0.02 USD) - 2021/03/07 16:12:06 PT [2021/03/07 19:12:06 ET]
Table 'Felicitas II' 9-max Seat #2 is the button
Seat 1: Valentin373 ($1.25 in chips) 
Seat 2: truceskates ($1.99 in chips) 
Seat 3: POLLO ISRA75 ($1.88 in chips) 
Seat 4: Luke Duarte ($2 in chips) 
Seat 5: Dorex2007 ($3.86 in chips) 
Seat 6: PG big blind ($5.70 in chips) 
Seat 7: eT.NightDemon ($1.18 in chips) 
Seat 8: kvzonx100pre ($1.96 in chips) 
Seat 9: rusty438 ($1.32 in chips) 
POLLO ISRA75: posts small blind $0.01
Luke Duarte: posts big blind $0.02
*** HOLE CARDS ***
Dealt to Dorex2007 [2h 9d]
Dorex2007: folds 
PG big blind: folds 
eT.NightDemon: raises $0.02 to $0.04
kvzonx100pre: folds 
rusty438: folds 
Valentin373: calls $0.04
truceskates: folds 
POLLO ISRA75: folds 
Luke Duarte has timed out
Luke Duarte: folds 
*** FLOP *** [Kh 2d Kd]
eT.NightDemon: bets $0.06
Valentin373: calls $0.06
*** TURN *** [Kh 2d Kd] [3c]
eT.NightDemon: bets $0.11
Valentin373: folds 
Uncalled bet ($0.11) returned to eT.NightDemon
eT.NightDemon collected $0.22 from pot
eT.NightDemon: doesn't show hand 
*** SUMMARY ***
Total pot $0.23 | Rake $0.01 
Board [Kh 2d Kd 3c]
Seat 1: Valentin373 folded on the Turn
Seat 2: truceskates (button) folded before Flop (didn't bet)
Seat 3: POLLO ISRA75 (small blind) folded before Flop
Seat 4: Luke Duarte (big blind) folded before Flop
Seat 5: Dorex2007 folded before Flop (didn't bet)
Seat 6: PG big blind folded before Flop (didn't bet)
Seat 7: eT.NightDemon collected ($0.22)
Seat 8: kvzonx100pre folded before Flop (didn't bet)
Seat 9: rusty438 folded before Flop (didn't bet)



PokerStars Hand #224577823947:  Hold'em No Limit ($0.01/$0.02 USD) - 2021/03/07 16:13:14 PT [2021/03/07 19:13:14 ET]
Table 'Felicitas II' 9-max Seat #3 is the button
Seat 1: Valentin373 ($1.15 in chips) 
Seat 2: truceskates ($1.99 in chips) 
Seat 3: POLLO ISRA75 ($1.87 in chips) 
Seat 5: Dorex2007 ($3.86 in chips) 
Seat 6: PG big blind ($5.70 in chips) 
Seat 7: eT.NightDemon ($1.30 in chips) 
Seat 8: kvzonx100pre ($1.96 in chips) 
Seat 9: rusty438 ($1.32 in chips) 
Dorex2007: posts small blind $0.01
PG big blind: posts big blind $0.02
*** HOLE CARDS ***
Dealt to Dorex2007 [Jc 9c]
eT.NightDemon: folds 
kvzonx100pre: folds 
rusty438: calls $0.02
Valentin373: folds 
truceskates: folds 
POLLO ISRA75: calls $0.02
Dorex2007: calls $0.01
PG big blind: checks 
*** FLOP *** [2s Js 8s]
Dorex2007: checks 
truceskates leaves the table
PG big blind: checks 
rusty438: checks 
POLLO ISRA75: bets $0.04
iwannabe29 joins the table at seat #2 
Dorex2007: folds 
PG big blind: folds 
rusty438: calls $0.04
*** TURN *** [2s Js 8s] [2d]
rusty438: checks 
POLLO ISRA75: checks 
*** RIVER *** [2s Js 8s 2d] [4h]
rusty438: checks 
POLLO ISRA75: checks 
*** SHOW DOWN ***
rusty438: shows [Jd Ac] (two pair, Jacks and Deuces)
POLLO ISRA75: mucks hand 
rusty438 collected $0.15 from pot
*** SUMMARY ***
Total pot $0.16 | Rake $0.01 
Board [2s Js 8s 2d 4h]
Seat 1: Valentin373 folded before Flop (didn't bet)
Seat 2: truceskates folded before Flop (didn't bet)
Seat 3: POLLO ISRA75 (button) mucked [Td Qh]
Seat 5: Dorex2007 (small blind) folded on the Flop
Seat 6: PG big blind (big blind) folded on the Flop
Seat 7: eT.NightDemon folded before Flop (didn't bet)
Seat 8: kvzonx100pre folded before Flop (didn't bet)
Seat 9: rusty438 showed [Jd Ac] and won ($0.15) with two pair, Jacks and Deuces



PokerStars Hand #224577864291:  Hold'em No Limit ($0.01/$0.02 USD) - 2021/03/07 16:14:43 PT [2021/03/07 19:14:43 ET]
Table 'Felicitas II' 9-max Seat #5 is the button
Seat 1: Valentin373 ($1.15 in chips) 
Seat 2: iwannabe29 ($1.60 in chips) 
Seat 3: POLLO ISRA75 ($1.81 in chips) 
Seat 5: Dorex2007 ($3.84 in chips) 
Seat 6: PG big blind ($5.68 in chips) 
Seat 7: eT.NightDemon ($1.30 in chips) 
Seat 8: kvzonx100pre ($1.96 in chips) 
Seat 9: rusty438 ($1.41 in chips) 
PG big blind: posts small blind $0.01
eT.NightDemon: posts big blind $0.02
iwannabe29: posts big blind $0.02
*** HOLE CARDS ***
Dealt to Dorex2007 [8h 2s]
kvzonx100pre: folds 
rusty438: calls $0.02
Valentin373: folds 
iwannabe29: raises $0.08 to $0.10
POLLO ISRA75: folds 
Dorex2007: folds 
PG big blind: calls $0.09
eT.NightDemon: calls $0.08
rusty438: calls $0.08
*** FLOP *** [3s 5h Kd]
PG big blind: checks 
eT.NightDemon: checks 
rusty438: checks 
iwannabe29: checks 
*** TURN *** [3s 5h Kd] [5c]
PG big blind: checks 
eT.NightDemon: checks 
rusty438: checks 
iwannabe29: bets $0.20
PG big blind: folds 
eT.NightDemon: folds 
rusty438: folds 
Uncalled bet ($0.20) returned to iwannabe29
iwannabe29 collected $0.39 from pot
iwannabe29: doesn't show hand 
*** SUMMARY ***
Total pot $0.40 | Rake $0.01 
Board [3s 5h Kd 5c]
Seat 1: Valentin373 folded before Flop (didn't bet)
Seat 2: iwannabe29 collected ($0.39)
Seat 3: POLLO ISRA75 folded before Flop (didn't bet)
Seat 5: Dorex2007 (button) folded before Flop (didn't bet)
Seat 6: PG big blind (small blind) folded on the Turn
Seat 7: eT.NightDemon (big blind) folded on the Turn
Seat 8: kvzonx100pre folded before Flop (didn't bet)
Seat 9: rusty438 folded on the Turn



PokerStars Hand #224577888617:  Hold'em No Limit ($0.01/$0.02 USD) - 2021/03/07 16:15:37 PT [2021/03/07 19:15:37 ET]
Table 'Felicitas II' 9-max Seat #6 is the button
Seat 1: Valentin373 ($1.15 in chips) 
Seat 2: iwannabe29 ($1.89 in chips) 
Seat 3: POLLO ISRA75 ($1.81 in chips) 
Seat 5: Dorex2007 ($3.84 in chips) 
Seat 6: PG big blind ($5.58 in chips) 
Seat 7: eT.NightDemon ($1.20 in chips) 
Seat 8: kvzonx100pre ($1.96 in chips) 
Seat 9: rusty438 ($1.31 in chips) 
eT.NightDemon: posts small blind $0.01
kvzonx100pre: posts big blind $0.02
*** HOLE CARDS ***
Dealt to Dorex2007 [8s Js]
rusty438: folds 
Valentin373: raises $0.02 to $0.04
iwannabe29: calls $0.04
POLLO ISRA75: calls $0.04
rusty438 leaves the table
Dorex2007: folds 
PG big blind: calls $0.04
eT.NightDemon: folds 
kvzonx100pre: folds 
*** FLOP *** [5h Td Ac]
Valentin373: checks 
iwannabe29: bets $0.02
POLLO ISRA75: calls $0.02
Pelino Santos joins the table at seat #9 
PG big blind: calls $0.02
Valentin373: calls $0.02
*** TURN *** [5h Td Ac] [Jh]
Valentin373: checks 
iwannabe29: bets $0.13
POLLO ISRA75: folds 
PG big blind: folds 
Valentin373: folds 
Uncalled bet ($0.13) returned to iwannabe29
iwannabe29 collected $0.26 from pot
iwannabe29: doesn't show hand 
*** SUMMARY ***
Total pot $0.27 | Rake $0.01 
Board [5h Td Ac Jh]
Seat 1: Valentin373 folded on the Turn
Seat 2: iwannabe29 collected ($0.26)
Seat 3: POLLO ISRA75 folded on the Turn
Seat 5: Dorex2007 folded before Flop (didn't bet)
Seat 6: PG big blind (button) folded on the Turn
Seat 7: eT.NightDemon (small blind) folded before Flop
Seat 8: kvzonx100pre (big blind) folded before Flop
Seat 9: rusty438 folded before Flop (didn't bet)



PokerStars Hand #224577927952:  Hold'em No Limit ($0.01/$0.02 USD) - 2021/03/07 16:16:45 PT [2021/03/07 19:16:45 ET]
Table 'Felicitas II' 9-max Seat #7 is the button
Seat 1: Valentin373 ($1.09 in chips) 
Seat 2: iwannabe29 ($2.09 in chips) 
Seat 3: POLLO ISRA75 ($1.75 in chips) 
Seat 5: Dorex2007 ($3.84 in chips) 
Seat 6: PG big blind ($5.52 in chips) 
Seat 7: eT.NightDemon ($1.19 in chips) 
Seat 8: kvzonx100pre ($1.94 in chips) 
Seat 9: Pelino Santos ($1.60 in chips) 
kvzonx100pre: posts small blind $0.01
Pelino Santos: posts big blind $0.02
*** HOLE CARDS ***
Dealt to Dorex2007 [3c 9s]
Valentin373: folds 
iwannabe29: folds 
POLLO ISRA75: folds 
Dorex2007: folds 
PG big blind: raises $0.04 to $0.06
eT.NightDemon: folds 
kvzonx100pre: folds 
Pelino Santos: calls $0.04
*** FLOP *** [Qd 7h 7c]
Pelino Santos: checks 
PG big blind: bets $0.02
Pelino Santos: calls $0.02
*** TURN *** [Qd 7h 7c] [9d]
Pelino Santos: checks 
PG big blind: checks 
*** RIVER *** [Qd 7h 7c 9d] [8h]
Pelino Santos: bets $0.16
PG big blind: folds 
Uncalled bet ($0.16) returned to Pelino Santos
Pelino Santos collected $0.16 from pot
Pelino Santos: doesn't show hand 
*** SUMMARY ***
Total pot $0.17 | Rake $0.01 
Board [Qd 7h 7c 9d 8h]
Seat 1: Valentin373 folded before Flop (didn't bet)
Seat 2: iwannabe29 folded before Flop (didn't bet)
Seat 3: POLLO ISRA75 folded before Flop (didn't bet)
Seat 5: Dorex2007 folded before Flop (didn't bet)
Seat 6: PG big blind folded on the River
Seat 7: eT.NightDemon (button) folded before Flop (didn't bet)
Seat 8: kvzonx100pre (small blind) folded before Flop
Seat 9: Pelino Santos (big blind) collected ($0.16)



PokerStars Hand #224577944841:  Hold'em No Limit ($0.01/$0.02 USD) - 2021/03/07 16:17:23 PT [2021/03/07 19:17:23 ET]
Table 'Felicitas II' 9-max Seat #8 is the button
Seat 1: Valentin373 ($1.09 in chips) 
Seat 2: iwannabe29 ($2.09 in chips) 
Seat 3: POLLO ISRA75 ($1.75 in chips) 
Seat 5: Dorex2007 ($3.84 in chips) 
Seat 6: PG big blind ($5.44 in chips) 
Seat 7: eT.NightDemon ($1.19 in chips) 
Seat 8: kvzonx100pre ($1.93 in chips) 
Seat 9: Pelino Santos ($1.68 in chips) 
Pelino Santos: posts small blind $0.01
Valentin373: posts big blind $0.02
*** HOLE CARDS ***
Dealt to Dorex2007 [Ts Qh]
iwannabe29: raises $0.02 to $0.04
POLLO ISRA75: folds 
Dorex2007: folds 
PG big blind: calls $0.04
eT.NightDemon: calls $0.04
kvzonx100pre: raises $0.20 to $0.24
Pelino Santos: folds 
Valentin373: raises $0.36 to $0.60
iwannabe29: calls $0.56
PG big blind: folds 
eT.NightDemon: folds 
POLLO ISRA75 is disconnected 
kvzonx100pre: calls $0.36
*** FLOP *** [3h 2h 9d]
Valentin373: bets $0.49 and is all-in
iwannabe29: calls $0.49
kvzonx100pre: folds 
*** TURN *** [3h 2h 9d] [4h]
*** RIVER *** [3h 2h 9d 4h] [6s]
*** SHOW DOWN ***
Valentin373: shows [Ah Ad] (a pair of Aces)
iwannabe29: shows [Td Th] (a pair of Tens)
Valentin373 collected $2.77 from pot
*** SUMMARY ***
Total pot $2.87 | Rake $0.10 
Board [3h 2h 9d 4h 6s]
Seat 1: Valentin373 (big blind) showed [Ah Ad] and won ($2.77) with a pair of Aces
Seat 2: iwannabe29 showed [Td Th] and lost with a pair of Tens
Seat 3: POLLO ISRA75 folded before Flop (didn't bet)
Seat 5: Dorex2007 folded before Flop (didn't bet)
Seat 6: PG big blind folded before Flop
Seat 7: eT.NightDemon folded before Flop
Seat 8: kvzonx100pre (button) folded on the Flop
Seat 9: Pelino Santos (small blind) folded before Flop



PokerStars Hand #224577977837:  Hold'em No Limit ($0.01/$0.02 USD) - 2021/03/07 16:18:38 PT [2021/03/07 19:18:38 ET]
Table 'Felicitas II' 9-max Seat #9 is the button
Seat 1: Valentin373 ($2.77 in chips) 
Seat 2: iwannabe29 ($1 in chips) 
Seat 3: POLLO ISRA75 ($1.75 in chips) 
Seat 5: Dorex2007 ($3.84 in chips) 
Seat 6: PG big blind ($5.40 in chips) 
Seat 7: eT.NightDemon ($1.15 in chips) 
Seat 8: kvzonx100pre ($2 in chips) 
Seat 9: Pelino Santos ($1.67 in chips) 
Valentin373: posts small blind $0.01
iwannabe29: posts big blind $0.02
*** HOLE CARDS ***
Dealt to Dorex2007 [Tc 4h]
POLLO ISRA75 has timed out
POLLO ISRA75: folds 
Dorex2007: folds 
PG big blind: calls $0.02
eT.NightDemon has timed out
eT.NightDemon: folds 
kvzonx100pre: folds 
Pelino Santos: folds 
POLLO ISRA75 is disconnected 
Valentin373: calls $0.01
iwannabe29: checks 
*** FLOP *** [2s 2h Th]
Valentin373: bets $0.04
iwannabe29: calls $0.04
PG big blind: folds 
*** TURN *** [2s 2h Th] [5c]
Valentin373: bets $0.16
iwannabe29: folds 
Uncalled bet ($0.16) returned to Valentin373
Valentin373 collected $0.14 from pot
Valentin373: doesn't show hand 
*** SUMMARY ***
Total pot $0.14 | Rake $0 
Board [2s 2h Th 5c]
Seat 1: Valentin373 (small blind) collected ($0.14)
Seat 2: iwannabe29 (big blind) folded on the Turn
Seat 3: POLLO ISRA75 folded before Flop (didn't bet)
Seat 5: Dorex2007 folded before Flop (didn't bet)
Seat 6: PG big blind folded on the Flop
Seat 7: eT.NightDemon folded before Flop (didn't bet)
Seat 8: kvzonx100pre folded before Flop (didn't bet)
Seat 9: Pelino Santos (button) folded before Flop (didn't bet)



PokerStars Hand #224578007921:  Hold'em No Limit ($0.01/$0.02 USD) - 2021/03/07 16:19:47 PT [2021/03/07 19:19:47 ET]
Table 'Felicitas II' 9-max Seat #1 is the button
Seat 1: Valentin373 ($2.85 in chips) 
Seat 2: iwannabe29 ($0.94 in chips) 
Seat 5: Dorex2007 ($3.84 in chips) 
Seat 6: PG big blind ($5.38 in chips) 
Seat 7: eT.NightDemon ($1.15 in chips) 
Seat 8: kvzonx100pre ($2 in chips) 
Seat 9: Pelino Santos ($1.67 in chips) 
iwannabe29: posts small blind $0.01
Dorex2007: posts big blind $0.02
*** HOLE CARDS ***
Dealt to Dorex2007 [2h Ac]
PG big blind: folds 
eT.NightDemon has timed out
eT.NightDemon: folds 
kvzonx100pre: raises $0.04 to $0.06
Pelino Santos: calls $0.06
Valentin373: folds 
iwannabe29: folds 
Dorex2007: folds 
*** FLOP *** [6s 5c Kd]
kvzonx100pre: checks 
Pelino Santos: bets $0.10
kvzonx100pre: folds 
Uncalled bet ($0.10) returned to Pelino Santos
Pelino Santos collected $0.14 from pot
Pelino Santos: doesn't show hand 
*** SUMMARY ***
Total pot $0.15 | Rake $0.01 
Board [6s 5c Kd]
Seat 1: Valentin373 (button) folded before Flop (didn't bet)
Seat 2: iwannabe29 (small blind) folded before Flop
Seat 5: Dorex2007 (big blind) folded before Flop
Seat 6: PG big blind folded before Flop (didn't bet)
Seat 7: eT.NightDemon folded before Flop (didn't bet)
Seat 8: kvzonx100pre folded on the Flop
Seat 9: Pelino Santos collected ($0.14)



PokerStars Hand #224578024233:  Hold'em No Limit ($0.01/$0.02 USD) - 2021/03/07 16:20:24 PT [2021/03/07 19:20:24 ET]
Table 'Felicitas II' 9-max Seat #2 is the button
Seat 1: Valentin373 ($2.85 in chips) 
Seat 2: iwannabe29 ($0.93 in chips) 
Seat 5: Dorex2007 ($3.82 in chips) 
Seat 6: PG big blind ($5.38 in chips) 
Seat 7: eT.NightDemon ($1.15 in chips) 
Seat 8: kvzonx100pre ($1.94 in chips) 
Seat 9: Pelino Santos ($1.75 in chips) 
Dorex2007: posts small blind $0.01
PG big blind: posts big blind $0.02
*** HOLE CARDS ***
Dealt to Dorex2007 [7s Jc]
eT.NightDemon: calls $0.02
kvzonx100pre: folds 
Pelino Santos: calls $0.02
Valentin373: folds 
iwannabe29: folds 
Dorex2007: folds 
PG big blind: checks 
*** FLOP *** [4h Jd 6h]
PG big blind: checks 
eT.NightDemon: checks 
Pelino Santos: bets $0.10
PG big blind: folds 
eT.NightDemon: folds 
Uncalled bet ($0.10) returned to Pelino Santos
Pelino Santos collected $0.07 from pot
Pelino Santos: doesn't show hand 
*** SUMMARY ***
Total pot $0.07 | Rake $0 
Board [4h Jd 6h]
Seat 1: Valentin373 folded before Flop (didn't bet)
Seat 2: iwannabe29 (button) folded before Flop (didn't bet)
Seat 5: Dorex2007 (small blind) folded before Flop
Seat 6: PG big blind (big blind) folded on the Flop
Seat 7: eT.NightDemon folded on the Flop
Seat 8: kvzonx100pre folded before Flop (didn't bet)
Seat 9: Pelino Santos collected ($0.07)



PokerStars Hand #224578047280:  Hold'em No Limit ($0.01/$0.02 USD) - 2021/03/07 16:21:17 PT [2021/03/07 19:21:17 ET]
Table 'Felicitas II' 9-max Seat #5 is the button
Seat 1: Valentin373 ($2.85 in chips) 
Seat 2: iwannabe29 ($0.93 in chips) 
Seat 3: POLLO ISRA75 ($1.75 in chips) 
Seat 5: Dorex2007 ($3.81 in chips) 
Seat 6: PG big blind ($5.36 in chips) 
Seat 7: eT.NightDemon ($1.13 in chips) 
Seat 8: kvzonx100pre ($1.94 in chips) 
Seat 9: Pelino Santos ($1.80 in chips) 
PG big blind: posts small blind $0.01
eT.NightDemon: posts big blind $0.02
POLLO ISRA75: posts small & big blinds $0.03
*** HOLE CARDS ***
Dealt to Dorex2007 [5s Tc]
kvzonx100pre: folds 
Pelino Santos: calls $0.02
Valentin373: folds 
iwannabe29: calls $0.02
POLLO ISRA75: checks 
Dorex2007: folds 
PG big blind: folds 
eT.NightDemon: checks 
*** FLOP *** [3d 2d Jc]
eT.NightDemon: bets $0.02
Pelino Santos: folds 
iwannabe29: calls $0.02
POLLO ISRA75: folds 
*** TURN *** [3d 2d Jc] [6d]
eT.NightDemon has timed out
eT.NightDemon: checks 
iwannabe29: checks 
*** RIVER *** [3d 2d Jc 6d] [9s]
eT.NightDemon has timed out
eT.NightDemon: checks 
iwannabe29: checks 
*** SHOW DOWN ***
eT.NightDemon: shows [5d 3c] (a pair of Threes)
iwannabe29: mucks hand 
eT.NightDemon collected $0.14 from pot
*** SUMMARY ***
Total pot $0.14 | Rake $0 
Board [3d 2d Jc 6d 9s]
Seat 1: Valentin373 folded before Flop (didn't bet)
Seat 2: iwannabe29 mucked [7d As]
Seat 3: POLLO ISRA75 folded on the Flop (didn't bet)
Seat 5: Dorex2007 (button) folded before Flop (didn't bet)
Seat 6: PG big blind (small blind) folded before Flop
Seat 7: eT.NightDemon (big blind) showed [5d 3c] and won ($0.14) with a pair of Threes
Seat 8: kvzonx100pre folded before Flop (didn't bet)
Seat 9: Pelino Santos folded on the Flop



PokerStars Hand #224578095829:  Hold'em No Limit ($0.01/$0.02 USD) - 2021/03/07 16:23:10 PT [2021/03/07 19:23:10 ET]
Table 'Felicitas II' 9-max Seat #6 is the button
Seat 1: Valentin373 ($2.85 in chips) 
Seat 2: iwannabe29 ($0.89 in chips) 
Seat 3: POLLO ISRA75 ($1.72 in chips) 
Seat 4: Luke Duarte ($1.98 in chips) 
Seat 5: Dorex2007 ($3.81 in chips) 
Seat 6: PG big blind ($5.35 in chips) 
Seat 7: eT.NightDemon ($1.23 in chips) 
Seat 8: kvzonx100pre ($1.94 in chips) 
Seat 9: Pelino Santos ($1.78 in chips) 
eT.NightDemon: posts small blind $0.01
kvzonx100pre: posts big blind $0.02
Luke Duarte: posts small & big blinds $0.03
*** HOLE CARDS ***
Dealt to Dorex2007 [5d 7s]
Pelino Santos: calls $0.02
Valentin373: raises $0.03 to $0.05
iwannabe29: folds 
POLLO ISRA75: calls $0.05
Luke Duarte: folds 
Dorex2007: folds 
PG big blind: calls $0.05
eT.NightDemon: folds 
kvzonx100pre: calls $0.03
Pelino Santos: calls $0.03
*** FLOP *** [Kc Kd Qh]
kvzonx100pre: checks 
Pelino Santos: checks 
Valentin373: bets $0.09
POLLO ISRA75: folds 
PG big blind: calls $0.09
kvzonx100pre: folds 
Pelino Santos: calls $0.09
*** TURN *** [Kc Kd Qh] [4d]
Pelino Santos: checks 
Valentin373: checks 
PG big blind: checks 
*** RIVER *** [Kc Kd Qh 4d] [7h]
Pelino Santos: checks 
Valentin373: checks 
PG big blind: bets $0.02
Pelino Santos: folds 
Valentin373: folds 
Uncalled bet ($0.02) returned to PG big blind
PG big blind collected $0.54 from pot
PG big blind: doesn't show hand 
*** SUMMARY ***
Total pot $0.56 | Rake $0.02 
Board [Kc Kd Qh 4d 7h]
Seat 1: Valentin373 folded on the River
Seat 2: iwannabe29 folded before Flop (didn't bet)
Seat 3: POLLO ISRA75 folded on the Flop
Seat 4: Luke Duarte folded before Flop (didn't bet)
Seat 5: Dorex2007 folded before Flop (didn't bet)
Seat 6: PG big blind (button) collected ($0.54)
Seat 7: eT.NightDemon (small blind) folded before Flop
Seat 8: kvzonx100pre (big blind) folded on the Flop
Seat 9: Pelino Santos folded on the River



PokerStars Hand #224578133180:  Hold'em No Limit ($0.01/$0.02 USD) - 2021/03/07 16:24:24 PT [2021/03/07 19:24:24 ET]
Table 'Felicitas II' 9-max Seat #7 is the button
Seat 1: Valentin373 ($2.71 in chips) 
Seat 2: iwannabe29 ($0.89 in chips) 
Seat 3: POLLO ISRA75 ($1.67 in chips) 
Seat 4: Luke Duarte ($1.95 in chips) 
Seat 5: Dorex2007 ($3.81 in chips) 
Seat 6: PG big blind ($5.75 in chips) 
Seat 7: eT.NightDemon ($1.22 in chips) 
Seat 8: kvzonx100pre ($2 in chips) 
Seat 9: Pelino Santos ($1.64 in chips) 
kvzonx100pre: posts small blind $0.01
Pelino Santos: posts big blind $0.02
*** HOLE CARDS ***
Dealt to Dorex2007 [4s 9h]
Valentin373: folds 
iwannabe29: calls $0.02
POLLO ISRA75: folds 
Luke Duarte: folds 
Dorex2007: folds 
PG big blind: folds 
eT.NightDemon: folds 
kvzonx100pre: folds 
Pelino Santos: checks 
*** FLOP *** [Qd 5c As]
Pelino Santos: checks 
iwannabe29: checks 
*** TURN *** [Qd 5c As] [4h]
Pelino Santos: bets $0.10
iwannabe29: calls $0.10
*** RIVER *** [Qd 5c As 4h] [Qs]
Pelino Santos: checks 
iwannabe29: bets $0.12
Pelino Santos: folds 
Uncalled bet ($0.12) returned to iwannabe29
iwannabe29 collected $0.24 from pot
iwannabe29: doesn't show hand 
*** SUMMARY ***
Total pot $0.25 | Rake $0.01 
Board [Qd 5c As 4h Qs]
Seat 1: Valentin373 folded before Flop (didn't bet)
Seat 2: iwannabe29 collected ($0.24)
Seat 3: POLLO ISRA75 folded before Flop (didn't bet)
Seat 4: Luke Duarte folded before Flop (didn't bet)
Seat 5: Dorex2007 folded before Flop (didn't bet)
Seat 6: PG big blind folded before Flop (didn't bet)
Seat 7: eT.NightDemon (button) folded before Flop (didn't bet)
Seat 8: kvzonx100pre (small blind) folded before Flop
Seat 9: Pelino Santos (big blind) folded on the River



PokerStars Hand #224578159315:  Hold'em No Limit ($0.01/$0.02 USD) - 2021/03/07 16:25:12 PT [2021/03/07 19:25:12 ET]
Table 'Felicitas II' 9-max Seat #8 is the button
Seat 1: Valentin373 ($2.71 in chips) 
Seat 2: iwannabe29 ($1.01 in chips) 
Seat 3: POLLO ISRA75 ($1.67 in chips) 
Seat 4: Luke Duarte ($1.95 in chips) 
Seat 5: Dorex2007 ($3.81 in chips) 
Seat 6: PG big blind ($5.75 in chips) 
Seat 7: eT.NightDemon ($1.22 in chips) 
Seat 8: kvzonx100pre ($1.99 in chips) 
Seat 9: Pelino Santos ($1.52 in chips) 
Pelino Santos: posts small blind $0.01
Valentin373: posts big blind $0.02
*** HOLE CARDS ***
Dealt to Dorex2007 [4c 7s]
iwannabe29: raises $0.06 to $0.08
POLLO ISRA75: folds 
Luke Duarte: folds 
Dorex2007: folds 
PG big blind: raises $0.06 to $0.14
eT.NightDemon: folds 
kvzonx100pre: folds 
Pelino Santos: folds 
Valentin373: folds 
iwannabe29: raises $0.87 to $1.01 and is all-in
PG big blind: calls $0.87
*** FLOP *** [Ad 8s Ts]
*** TURN *** [Ad 8s Ts] [9c]
*** RIVER *** [Ad 8s Ts 9c] [4s]
*** SHOW DOWN ***
iwannabe29: shows [Kc Kd] (a pair of Kings)
PG big blind: shows [Qc Ah] (a pair of Aces)
PG big blind cashed out the hand for $0.54 | Cash Out Fee $0.01
*** SUMMARY ***
Total pot $2.05 | Rake $0.07 
Board [Ad 8s Ts 9c 4s]
Seat 1: Valentin373 (big blind) folded before Flop
Seat 2: iwannabe29 showed [Kc Kd] and lost with a pair of Kings
Seat 3: POLLO ISRA75 folded before Flop (didn't bet)
Seat 4: Luke Duarte folded before Flop (didn't bet)
Seat 5: Dorex2007 folded before Flop (didn't bet)
Seat 6: PG big blind showed [Qc Ah] and won ($1.98) with a pair of Aces (pot not awarded as player cashed out)
Seat 7: eT.NightDemon folded before Flop (didn't bet)
Seat 8: kvzonx100pre (button) folded before Flop (didn't bet)
Seat 9: Pelino Santos (small blind) folded before Flop



PokerStars Hand #224578182361:  Hold'em No Limit ($0.01/$0.02 USD) - 2021/03/07 16:26:06 PT [2021/03/07 19:26:06 ET]
Table 'Felicitas II' 9-max Seat #9 is the button
Seat 1: Valentin373 ($2.69 in chips) 
Seat 3: POLLO ISRA75 ($1.67 in chips) 
Seat 4: Luke Duarte ($1.95 in chips) 
Seat 5: Dorex2007 ($3.81 in chips) 
Seat 6: PG big blind ($5.28 in chips) 
Seat 7: eT.NightDemon ($1.22 in chips) 
Seat 8: kvzonx100pre ($1.99 in chips) 
Seat 9: Pelino Santos ($1.51 in chips) 
Valentin373: posts small blind $0.01
POLLO ISRA75: posts big blind $0.02
*** HOLE CARDS ***
Dealt to Dorex2007 [Kh 3d]
Luke Duarte: folds 
Dorex2007: folds 
iwannabe29 leaves the table
PG big blind: raises $0.04 to $0.06
eT.NightDemon: folds 
kvzonx100pre: folds 
Pelino Santos: folds 
Valentin373: folds 
GeeeTeee333 joins the table at seat #2 
POLLO ISRA75: folds 
Uncalled bet ($0.04) returned to PG big blind
PG big blind collected $0.05 from pot
PG big blind: doesn't show hand 
*** SUMMARY ***
Total pot $0.05 | Rake $0 
Seat 1: Valentin373 (small blind) folded before Flop
Seat 3: POLLO ISRA75 (big blind) folded before Flop
Seat 4: Luke Duarte folded before Flop (didn't bet)
Seat 5: Dorex2007 folded before Flop (didn't bet)
Seat 6: PG big blind collected ($0.05)
Seat 7: eT.NightDemon folded before Flop (didn't bet)
Seat 8: kvzonx100pre folded before Flop (didn't bet)
Seat 9: Pelino Santos (button) folded before Flop (didn't bet)



PokerStars Hand #224578195395:  Hold'em No Limit ($0.01/$0.02 USD) - 2021/03/07 16:26:37 PT [2021/03/07 19:26:37 ET]
Table 'Felicitas II' 9-max Seat #1 is the button
Seat 1: Valentin373 ($2.68 in chips) 
Seat 3: POLLO ISRA75 ($1.65 in chips) 
Seat 4: Luke Duarte ($1.95 in chips) 
Seat 5: Dorex2007 ($3.81 in chips) 
Seat 6: PG big blind ($5.31 in chips) 
Seat 7: eT.NightDemon ($1.22 in chips) 
Seat 8: kvzonx100pre ($1.99 in chips) 
Seat 9: Pelino Santos ($1.51 in chips) 
POLLO ISRA75: posts small blind $0.01
Luke Duarte: posts big blind $0.02
*** HOLE CARDS ***
Dealt to Dorex2007 [3s 6h]
Dorex2007: folds 
PG big blind: calls $0.02
eT.NightDemon: folds 
kvzonx100pre: raises $0.06 to $0.08
Pelino Santos: folds 
Valentin373: folds 
POLLO ISRA75: folds 
Luke Duarte: folds 
PG big blind: calls $0.06
*** FLOP *** [Qh 7c Jd]
PG big blind: bets $0.02
kvzonx100pre: calls $0.02
*** TURN *** [Qh 7c Jd] [2s]
PG big blind: checks 
kvzonx100pre: checks 
*** RIVER *** [Qh 7c Jd 2s] [Qs]
PG big blind: bets $0.11
kvzonx100pre: folds 
Uncalled bet ($0.11) returned to PG big blind
PG big blind collected $0.22 from pot
PG big blind: doesn't show hand 
*** SUMMARY ***
Total pot $0.23 | Rake $0.01 
Board [Qh 7c Jd 2s Qs]
Seat 1: Valentin373 (button) folded before Flop (didn't bet)
Seat 3: POLLO ISRA75 (small blind) folded before Flop
Seat 4: Luke Duarte (big blind) folded before Flop
Seat 5: Dorex2007 folded before Flop (didn't bet)
Seat 6: PG big blind collected ($0.22)
Seat 7: eT.NightDemon folded before Flop (didn't bet)
Seat 8: kvzonx100pre folded on the River
Seat 9: Pelino Santos folded before Flop (didn't bet)



PokerStars Hand #224578215376:  Hold'em No Limit ($0.01/$0.02 USD) - 2021/03/07 16:27:25 PT [2021/03/07 19:27:25 ET]
Table 'Felicitas II' 9-max Seat #3 is the button
Seat 1: Valentin373 ($2.68 in chips) 
Seat 3: POLLO ISRA75 ($1.64 in chips) 
Seat 4: Luke Duarte ($1.93 in chips) 
Seat 5: Dorex2007 ($3.81 in chips) 
Seat 6: PG big blind ($5.43 in chips) 
Seat 7: eT.NightDemon ($1.22 in chips) 
Seat 8: kvzonx100pre ($1.89 in chips) 
Seat 9: Pelino Santos ($1.51 in chips) 
Luke Duarte: posts small blind $0.01
Dorex2007: posts big blind $0.02
GeeeTeee333 has timed out
GeeeTeee333: is sitting out 
*** HOLE CARDS ***
Dealt to Dorex2007 [Ts 6h]
PG big blind: folds 
GeeeTeee333 is disconnected 
eT.NightDemon: raises $0.04 to $0.06
kvzonx100pre: folds 
Pelino Santos: folds 
Valentin373: folds 
POLLO ISRA75: folds 
Luke Duarte: folds 
Dorex2007: folds 
Uncalled bet ($0.04) returned to eT.NightDemon
eT.NightDemon collected $0.05 from pot
eT.NightDemon: doesn't show hand 
*** SUMMARY ***
Total pot $0.05 | Rake $0 
Seat 1: Valentin373 folded before Flop (didn't bet)
Seat 3: POLLO ISRA75 (button) folded before Flop (didn't bet)
Seat 4: Luke Duarte (small blind) folded before Flop
Seat 5: Dorex2007 (big blind) folded before Flop
Seat 6: PG big blind folded before Flop (didn't bet)
Seat 7: eT.NightDemon collected ($0.05)
Seat 8: kvzonx100pre folded before Flop (didn't bet)
Seat 9: Pelino Santos folded before Flop (didn't bet)



PokerStars Hand #224578235553:  Hold'em No Limit ($0.01/$0.02 USD) - 2021/03/07 16:28:14 PT [2021/03/07 19:28:14 ET]
Table 'Felicitas II' 9-max Seat #4 is the button
Seat 1: Valentin373 ($2.68 in chips) 
Seat 2: GeeeTeee333 ($1.07 in chips) 
Seat 3: POLLO ISRA75 ($1.64 in chips) 
Seat 4: Luke Duarte ($1.92 in chips) 
Seat 5: Dorex2007 ($3.79 in chips) 
Seat 6: PG big blind ($5.43 in chips) 
Seat 7: eT.NightDemon ($1.25 in chips) 
Seat 8: kvzonx100pre ($2 in chips) 
Seat 9: Pelino Santos ($1.51 in chips) 
Dorex2007: posts small blind $0.01
PG big blind: posts big blind $0.02
GeeeTeee333: posts big blind $0.02
*** HOLE CARDS ***
Dealt to Dorex2007 [Jd 9s]
eT.NightDemon: folds 
kvzonx100pre: raises $0.06 to $0.08
Pelino Santos: folds 
Valentin373: folds 
GeeeTeee333: folds 
POLLO ISRA75 has timed out
POLLO ISRA75: folds 
Luke Duarte: folds 
Dorex2007: folds 
PG big blind: folds 
Uncalled bet ($0.06) returned to kvzonx100pre
kvzonx100pre collected $0.07 from pot
kvzonx100pre: doesn't show hand 
*** SUMMARY ***
Total pot $0.07 | Rake $0 
Seat 1: Valentin373 folded before Flop (didn't bet)
Seat 2: GeeeTeee333 folded before Flop (didn't bet)
Seat 3: POLLO ISRA75 folded before Flop (didn't bet)
Seat 4: Luke Duarte (button) folded before Flop (didn't bet)
Seat 5: Dorex2007 (small blind) folded before Flop
Seat 6: PG big blind (big blind) folded before Flop
Seat 7: eT.NightDemon folded before Flop (didn't bet)
Seat 8: kvzonx100pre collected ($0.07)
Seat 9: Pelino Santos folded before Flop (didn't bet)



PokerStars Hand #224578256392:  Hold'em No Limit ($0.01/$0.02 USD) - 2021/03/07 16:28:59 PT [2021/03/07 19:28:59 ET]
Table 'Felicitas II' 9-max Seat #5 is the button
Seat 1: Valentin373 ($2.68 in chips) 
Seat 2: GeeeTeee333 ($1.05 in chips) 
Seat 4: Luke Duarte ($1.92 in chips) 
Seat 5: Dorex2007 ($3.78 in chips) 
Seat 7: eT.NightDemon ($1.25 in chips) 
Seat 8: kvzonx100pre ($2.05 in chips) 
Seat 9: Pelino Santos ($1.51 in chips) 
eT.NightDemon: posts small blind $0.01
kvzonx100pre: posts big blind $0.02
*** HOLE CARDS ***
Dealt to Dorex2007 [5c Jd]
Pelino Santos: folds 
GeeeTeee333 is disconnected 
Valentin373: folds 
GeeeTeee333 is connected 
GeeeTeee333: calls $0.02
Luke Duarte has timed out
Luke Duarte: folds 
Dorex2007: folds 
eT.NightDemon: raises $0.04 to $0.06
kvzonx100pre: folds 
GeeeTeee333: calls $0.04
*** FLOP *** [Qc 5d Ts]
eT.NightDemon: checks 
GeeeTeee333: bets $0.14
eT.NightDemon: folds 
Uncalled bet ($0.14) returned to GeeeTeee333
GeeeTeee333 collected $0.14 from pot
GeeeTeee333: doesn't show hand 
*** SUMMARY ***
Total pot $0.14 | Rake $0 
Board [Qc 5d Ts]
Seat 1: Valentin373 folded before Flop (didn't bet)
Seat 2: GeeeTeee333 collected ($0.14)
Seat 4: Luke Duarte folded before Flop (didn't bet)
Seat 5: Dorex2007 (button) folded before Flop (didn't bet)
Seat 7: eT.NightDemon (small blind) folded on the Flop
Seat 8: kvzonx100pre (big blind) folded before Flop
Seat 9: Pelino Santos folded before Flop (didn't bet)



PokerStars Hand #224578274232:  Hold'em No Limit ($0.01/$0.02 USD) - 2021/03/07 16:29:42 PT [2021/03/07 19:29:42 ET]
Table 'Felicitas II' 9-max Seat #7 is the button
Seat 1: Valentin373 ($2.68 in chips) 
Seat 2: GeeeTeee333 ($1.13 in chips) 
Seat 3: POLLO ISRA75 ($1.64 in chips) 
Seat 5: Dorex2007 ($3.78 in chips) 
Seat 7: eT.NightDemon ($1.19 in chips) 
Seat 8: kvzonx100pre ($2.03 in chips) 
Seat 9: Pelino Santos ($1.51 in chips) 
kvzonx100pre: posts small blind $0.01
Pelino Santos: posts big blind $0.02
*** HOLE CARDS ***
Dealt to Dorex2007 [Kc 4d]
Valentin373: raises $0.04 to $0.06
GeeeTeee333: calls $0.06
POLLO ISRA75 has timed out
POLLO ISRA75: folds 
Dorex2007: folds 
eT.NightDemon: folds 
kvzonx100pre: folds 
Pelino Santos: folds 
*** FLOP *** [8s 6s 2c]
Valentin373: bets $0.04
GeeeTeee333: calls $0.04
*** TURN *** [8s 6s 2c] [5c]
Valentin373: checks 
GeeeTeee333: bets $0.11
Valentin373: calls $0.11
*** RIVER *** [8s 6s 2c 5c] [As]
Valentin373: checks 
GeeeTeee333: bets $0.43
Valentin373: calls $0.43
*** SHOW DOWN ***
GeeeTeee333: shows [Ks 4s] (a flush, Ace high)
Valentin373: mucks hand 
GeeeTeee333 collected $1.26 from pot
*** SUMMARY ***
Total pot $1.31 | Rake $0.05 
Board [8s 6s 2c 5c As]
Seat 1: Valentin373 mucked [Ac Qc]
Seat 2: GeeeTeee333 showed [Ks 4s] and won ($1.26) with a flush, Ace high
Seat 3: POLLO ISRA75 folded before Flop (didn't bet)
Seat 5: Dorex2007 folded before Flop (didn't bet)
Seat 7: eT.NightDemon (button) folded before Flop (didn't bet)
Seat 8: kvzonx100pre (small blind) folded before Flop
Seat 9: Pelino Santos (big blind) folded before Flop



PokerStars Hand #224578303991:  Hold'em No Limit ($0.01/$0.02 USD) - 2021/03/07 16:30:46 PT [2021/03/07 19:30:46 ET]
Table 'Felicitas II' 9-max Seat #8 is the button
Seat 1: Valentin373 ($2.04 in chips) 
Seat 2: GeeeTeee333 ($1.75 in chips) 
Seat 5: Dorex2007 ($3.78 in chips) 
Seat 7: eT.NightDemon ($1.19 in chips) 
Seat 8: kvzonx100pre ($2.02 in chips) 
Seat 9: Pelino Santos ($1.49 in chips) 
Pelino Santos: posts small blind $0.01
Valentin373: posts big blind $0.02
*** HOLE CARDS ***
Dealt to Dorex2007 [2s 5s]
GeeeTeee333: folds 
Dorex2007: folds 
POLLO ISRA75 is disconnected 
eT.NightDemon: raises $0.02 to $0.04
kvzonx100pre: calls $0.04
Pelino Santos: folds 
Valentin373: calls $0.02
*** FLOP *** [Kh 9s 8c]
Valentin373: checks 
eT.NightDemon: bets $0.07
kvzonx100pre: folds 
Valentin373: calls $0.07
*** TURN *** [Kh 9s 8c] [As]
Valentin373: checks 
eT.NightDemon: bets $0.13
Valentin373: folds 
Uncalled bet ($0.13) returned to eT.NightDemon
eT.NightDemon collected $0.26 from pot
eT.NightDemon: doesn't show hand 
*** SUMMARY ***
Total pot $0.27 | Rake $0.01 
Board [Kh 9s 8c As]
Seat 1: Valentin373 (big blind) folded on the Turn
Seat 2: GeeeTeee333 folded before Flop (didn't bet)
Seat 5: Dorex2007 folded before Flop (didn't bet)
Seat 7: eT.NightDemon collected ($0.26)
Seat 8: kvzonx100pre (button) folded on the Flop
Seat 9: Pelino Santos (small blind) folded before Flop



PokerStars Hand #224578323225:  Hold'em No Limit ($0.01/$0.02 USD) - 2021/03/07 16:31:33 PT [2021/03/07 19:31:33 ET]
Table 'Felicitas II' 9-max Seat #9 is the button
Seat 1: Valentin373 ($1.93 in chips) 
Seat 2: GeeeTeee333 ($1.75 in chips) 
Seat 5: Dorex2007 ($3.78 in chips) 
Seat 7: eT.NightDemon ($1.34 in chips) 
Seat 8: kvzonx100pre ($1.98 in chips) 
Seat 9: Pelino Santos ($1.48 in chips) 
Valentin373: posts small blind $0.01
GeeeTeee333: posts big blind $0.02
*** HOLE CARDS ***
Dealt to Dorex2007 [3d Js]
Dorex2007: folds 
eT.NightDemon: folds 
kvzonx100pre: raises $0.04 to $0.06
Pelino Santos: calls $0.06
Valentin373: folds 
GeeeTeee333: folds 
*** FLOP *** [Jh 8d 4d]
kvzonx100pre: checks 
Pelino Santos: bets $0.10
kvzonx100pre: folds 
Uncalled bet ($0.10) returned to Pelino Santos
Pelino Santos collected $0.14 from pot
Pelino Santos: doesn't show hand 
*** SUMMARY ***
Total pot $0.15 | Rake $0.01 
Board [Jh 8d 4d]
Seat 1: Valentin373 (small blind) folded before Flop
Seat 2: GeeeTeee333 (big blind) folded before Flop
Seat 5: Dorex2007 folded before Flop (didn't bet)
Seat 7: eT.NightDemon folded before Flop (didn't bet)
Seat 8: kvzonx100pre folded on the Flop
Seat 9: Pelino Santos (button) collected ($0.14)



PokerStars Hand #224578334025:  Hold'em No Limit ($0.01/$0.02 USD) - 2021/03/07 16:31:59 PT [2021/03/07 19:31:59 ET]
Table 'Felicitas II' 9-max Seat #1 is the button
Seat 1: Valentin373 ($1.92 in chips) 
Seat 2: GeeeTeee333 ($1.73 in chips) 
Seat 5: Dorex2007 ($3.78 in chips) 
Seat 7: eT.NightDemon ($1.34 in chips) 
Seat 8: kvzonx100pre ($1.92 in chips) 
Seat 9: Pelino Santos ($1.56 in chips) 
GeeeTeee333: posts small blind $0.01
Dorex2007: posts big blind $0.02
*** HOLE CARDS ***
Dealt to Dorex2007 [8c Ks]
eT.NightDemon: calls $0.02
kvzonx100pre: folds 
Pelino Santos: calls $0.02
Valentin373: raises $0.03 to $0.05
GeeeTeee333: folds 
Dorex2007: folds 
eT.NightDemon: calls $0.03
Pelino Santos: calls $0.03
*** FLOP *** [5d 4c Kh]
eT.NightDemon: checks 
Pelino Santos: checks 
Valentin373: bets $0.05
eT.NightDemon: folds 
Pelino Santos: calls $0.05
*** TURN *** [5d 4c Kh] [8d]
Pelino Santos: checks 
Valentin373: checks 
*** RIVER *** [5d 4c Kh 8d] [3s]
Pelino Santos: checks 
Valentin373: bets $0.17
Pelino Santos: folds 
Uncalled bet ($0.17) returned to Valentin373
Valentin373 collected $0.27 from pot
Valentin373: doesn't show hand 
*** SUMMARY ***
Total pot $0.28 | Rake $0.01 
Board [5d 4c Kh 8d 3s]
Seat 1: Valentin373 (button) collected ($0.27)
Seat 2: GeeeTeee333 (small blind) folded before Flop
Seat 5: Dorex2007 (big blind) folded before Flop
Seat 7: eT.NightDemon folded on the Flop
Seat 8: kvzonx100pre folded before Flop (didn't bet)
Seat 9: Pelino Santos folded on the River



PokerStars Hand #224578356757:  Hold'em No Limit ($0.01/$0.02 USD) - 2021/03/07 16:32:55 PT [2021/03/07 19:32:55 ET]
Table 'Felicitas II' 9-max Seat #2 is the button
Seat 1: Valentin373 ($2.09 in chips) 
Seat 2: GeeeTeee333 ($1.72 in chips) 
Seat 5: Dorex2007 ($3.76 in chips) 
Seat 7: eT.NightDemon ($1.29 in chips) 
Seat 8: kvzonx100pre ($1.92 in chips) 
Seat 9: Pelino Santos ($1.46 in chips) 
Dorex2007: posts small blind $0.01
eT.NightDemon: posts big blind $0.02
*** HOLE CARDS ***
Dealt to Dorex2007 [9c Td]
kvzonx100pre: raises $0.04 to $0.06
Pelino Santos: calls $0.06
Valentin373: folds 
GeeeTeee333: folds 
Dorex2007: folds 
eT.NightDemon: folds 
*** FLOP *** [2c Qs 3d]
kvzonx100pre: checks 
Pelino Santos: bets $0.10
kvzonx100pre: calls $0.10
*** TURN *** [2c Qs 3d] [Kc]
kvzonx100pre: checks 
Pelino Santos: bets $0.21
kvzonx100pre: folds 
Uncalled bet ($0.21) returned to Pelino Santos
Pelino Santos collected $0.34 from pot
Pelino Santos: doesn't show hand 
*** SUMMARY ***
Total pot $0.35 | Rake $0.01 
Board [2c Qs 3d Kc]
Seat 1: Valentin373 folded before Flop (didn't bet)
Seat 2: GeeeTeee333 (button) folded before Flop (didn't bet)
Seat 5: Dorex2007 (small blind) folded before Flop
Seat 7: eT.NightDemon (big blind) folded before Flop
Seat 8: kvzonx100pre folded on the Turn
Seat 9: Pelino Santos collected ($0.34)



PokerStars Hand #224578371316:  Hold'em No Limit ($0.01/$0.02 USD) - 2021/03/07 16:33:24 PT [2021/03/07 19:33:24 ET]
Table 'Felicitas II' 9-max Seat #5 is the button
Seat 1: Valentin373 ($2.09 in chips) 
Seat 2: GeeeTeee333 ($1.72 in chips) 
Seat 5: Dorex2007 ($3.75 in chips) 
Seat 7: eT.NightDemon ($1.27 in chips) 
Seat 8: kvzonx100pre ($1.76 in chips) 
Seat 9: Pelino Santos ($1.64 in chips) 
eT.NightDemon: posts small blind $0.01
kvzonx100pre: posts big blind $0.02
Luke Duarte: sits out 
*** HOLE CARDS ***
Dealt to Dorex2007 [9c As]
Pelino Santos: folds 
Valentin373: folds 
GeeeTeee333 has timed out
GeeeTeee333: folds 
Dorex2007: folds 
eT.NightDemon: calls $0.01
kvzonx100pre: checks 
*** FLOP *** [Tc 4c 9h]
eT.NightDemon: checks 
kvzonx100pre: checks 
*** TURN *** [Tc 4c 9h] [8h]
eT.NightDemon: checks 
kvzonx100pre: checks 
*** RIVER *** [Tc 4c 9h 8h] [3h]
eT.NightDemon: bets $0.02
kvzonx100pre: folds 
Uncalled bet ($0.02) returned to eT.NightDemon
eT.NightDemon collected $0.04 from pot
eT.NightDemon: doesn't show hand 
*** SUMMARY ***
Total pot $0.04 | Rake $0 
Board [Tc 4c 9h 8h 3h]
Seat 1: Valentin373 folded before Flop (didn't bet)
Seat 2: GeeeTeee333 folded before Flop (didn't bet)
Seat 5: Dorex2007 (button) folded before Flop (didn't bet)
Seat 7: eT.NightDemon (small blind) collected ($0.04)
Seat 8: kvzonx100pre (big blind) folded on the River
Seat 9: Pelino Santos folded before Flop (didn't bet)



PokerStars Hand #224578384772:  Hold'em No Limit ($0.01/$0.02 USD) - 2021/03/07 16:33:58 PT [2021/03/07 19:33:58 ET]
Table 'Felicitas II' 9-max Seat #8 is the button
Seat 1: Valentin373 ($2.09 in chips) 
Seat 5: Dorex2007 ($3.75 in chips) 
Seat 8: kvzonx100pre ($1.74 in chips) 
Seat 9: Pelino Santos ($1.64 in chips) 
Pelino Santos: posts small blind $0.01
Valentin373: posts big blind $0.02
Luke Duarte: sits out 
*** HOLE CARDS ***
Dealt to Dorex2007 [9h 7c]
Dorex2007: folds 
kvzonx100pre: folds 
Pelino Santos: calls $0.01
Valentin373: raises $0.04 to $0.06
Pelino Santos: raises $0.04 to $0.10
Valentin373: calls $0.04
*** FLOP *** [Qs 8c 3d]
Pelino Santos: checks 
Valentin373: checks 
*** TURN *** [Qs 8c 3d] [4d]
Pelino Santos: bets $0.11
Valentin373: calls $0.11
*** RIVER *** [Qs 8c 3d 4d] [Js]
Pelino Santos: bets $0.20
Valentin373: raises $0.38 to $0.58
Pelino Santos: calls $0.38
*** SHOW DOWN ***
Valentin373: shows [Qc Qh] (three of a kind, Queens)
Pelino Santos: mucks hand 
Valentin373 collected $1.52 from pot
*** SUMMARY ***
Total pot $1.58 | Rake $0.06 
Board [Qs 8c 3d 4d Js]
Seat 1: Valentin373 (big blind) showed [Qc Qh] and won ($1.52) with three of a kind, Queens
Seat 5: Dorex2007 folded before Flop (didn't bet)
Seat 8: kvzonx100pre (button) folded before Flop (didn't bet)
Seat 9: Pelino Santos (small blind) mucked [Jh As]



PokerStars Hand #224578404753:  Hold'em No Limit ($0.01/$0.02 USD) - 2021/03/07 16:34:47 PT [2021/03/07 19:34:47 ET]
Table 'Felicitas II' 9-max Seat #9 is the button
Seat 1: Valentin373 ($2.82 in chips) 
Seat 2: GeeeTeee333 ($1.72 in chips) 
Seat 5: Dorex2007 ($3.75 in chips) 
Seat 8: kvzonx100pre ($2 in chips) 
Seat 9: Pelino Santos ($0.85 in chips) 
Valentin373: posts small blind $0.01
GeeeTeee333: posts big blind $0.02
Luke Duarte: sits out 
*** HOLE CARDS ***
Dealt to Dorex2007 [7s Kh]
Dorex2007: folds 
kvzonx100pre: folds 
Pelino Santos: calls $0.02
Valentin373: calls $0.01
GeeeTeee333: raises $0.02 to $0.04
Pelino Santos: calls $0.02
Valentin373: calls $0.02
*** FLOP *** [Kd Td 5d]
Valentin373: checks 
GeeeTeee333: bets $0.12
Pelino Santos: calls $0.12
Valentin373: folds 
*** TURN *** [Kd Td 5d] [8d]
GeeeTeee333: checks 
Pelino Santos: checks 
*** RIVER *** [Kd Td 5d 8d] [6h]
GeeeTeee333: bets $0.35
Pelino Santos: folds 
Uncalled bet ($0.35) returned to GeeeTeee333
GeeeTeee333 collected $0.35 from pot
GeeeTeee333: doesn't show hand 
*** SUMMARY ***
Total pot $0.36 | Rake $0.01 
Board [Kd Td 5d 8d 6h]
Seat 1: Valentin373 (small blind) folded on the Flop
Seat 2: GeeeTeee333 (big blind) collected ($0.35)
Seat 5: Dorex2007 folded before Flop (didn't bet)
Seat 8: kvzonx100pre folded before Flop (didn't bet)
Seat 9: Pelino Santos (button) folded on the River



PokerStars Hand #224578429880:  Hold'em No Limit ($0.01/$0.02 USD) - 2021/03/07 16:35:42 PT [2021/03/07 19:35:42 ET]
Table 'Felicitas II' 9-max Seat #1 is the button
Seat 1: Valentin373 ($2.78 in chips) 
Seat 2: GeeeTeee333 ($1.91 in chips) 
Seat 4: Luke Duarte ($1.92 in chips) 
Seat 5: Dorex2007 ($3.75 in chips) 
Seat 8: kvzonx100pre ($2 in chips) 
Seat 9: Pelino Santos ($0.69 in chips) 
GeeeTeee333: posts small blind $0.01
Luke Duarte: posts big blind $0.02
*** HOLE CARDS ***
Dealt to Dorex2007 [7h 8d]
Dorex2007: folds 
kvzonx100pre: raises $0.04 to $0.06
Pelino Santos: calls $0.06
Valentin373: folds 
GeeeTeee333: folds 
Luke Duarte: folds 
*** FLOP *** [Ts 4h 7c]
kvzonx100pre: checks 
Pelino Santos: bets $0.06
kvzonx100pre: folds 
Uncalled bet ($0.06) returned to Pelino Santos
Pelino Santos collected $0.14 from pot
Pelino Santos: doesn't show hand 
*** SUMMARY ***
Total pot $0.15 | Rake $0.01 
Board [Ts 4h 7c]
Seat 1: Valentin373 (button) folded before Flop (didn't bet)
Seat 2: GeeeTeee333 (small blind) folded before Flop
Seat 4: Luke Duarte (big blind) folded before Flop
Seat 5: Dorex2007 folded before Flop (didn't bet)
Seat 8: kvzonx100pre folded on the Flop
Seat 9: Pelino Santos collected ($0.14)



PokerStars Hand #224578439095:  Hold'em No Limit ($0.01/$0.02 USD) - 2021/03/07 16:36:05 PT [2021/03/07 19:36:05 ET]
Table 'Felicitas II' 9-max Seat #2 is the button
Seat 1: Valentin373 ($2.78 in chips) 
Seat 2: GeeeTeee333 ($1.90 in chips) 
Seat 4: Luke Duarte ($1.90 in chips) 
Seat 5: Dorex2007 ($3.75 in chips) 
Seat 8: kvzonx100pre ($1.94 in chips) 
Seat 9: Pelino Santos ($0.77 in chips) 
Luke Duarte: posts small blind $0.01
Dorex2007: posts big blind $0.02
*** HOLE CARDS ***
Dealt to Dorex2007 [5s Ks]
kvzonx100pre: folds 
Pelino Santos: calls $0.02
Valentin373: folds 
GeeeTeee333: folds 
Luke Duarte: raises $0.06 to $0.08
Dorex2007: folds 
Pelino Santos: calls $0.06
*** FLOP *** [2s Qs 7s]
Luke Duarte: bets $0.02
Pelino Santos: raises $0.10 to $0.12
Luke Duarte: calls $0.10
*** TURN *** [2s Qs 7s] [9c]
Luke Duarte: checks 
Pelino Santos: checks 
*** RIVER *** [2s Qs 7s 9c] [Ts]
Luke Duarte: checks 
Pelino Santos: bets $0.57 and is all-in
Luke Duarte: folds 
Uncalled bet ($0.57) returned to Pelino Santos
Pelino Santos collected $0.41 from pot
Pelino Santos: doesn't show hand 
*** SUMMARY ***
Total pot $0.42 | Rake $0.01 
Board [2s Qs 7s 9c Ts]
Seat 1: Valentin373 folded before Flop (didn't bet)
Seat 2: GeeeTeee333 (button) folded before Flop (didn't bet)
Seat 4: Luke Duarte (small blind) folded on the River
Seat 5: Dorex2007 (big blind) folded before Flop
Seat 8: kvzonx100pre folded before Flop (didn't bet)
Seat 9: Pelino Santos collected ($0.41)



PokerStars Hand #224578472978:  Hold'em No Limit ($0.01/$0.02 USD) - 2021/03/07 16:37:07 PT [2021/03/07 19:37:07 ET]
Table 'Felicitas II' 9-max Seat #4 is the button
Seat 1: Valentin373 ($2.78 in chips) 
Seat 2: GeeeTeee333 ($1.90 in chips) 
Seat 4: Luke Duarte ($1.70 in chips) 
Seat 5: Dorex2007 ($3.73 in chips) 
Seat 8: kvzonx100pre ($1.94 in chips) 
Seat 9: Pelino Santos ($0.98 in chips) 
Dorex2007: posts small blind $0.01
kvzonx100pre: posts big blind $0.02
*** HOLE CARDS ***
Dealt to Dorex2007 [Kh Jc]
Pelino Santos: folds 
Valentin373: raises $0.03 to $0.05
GeeeTeee333: folds 
Luke Duarte: folds 
Dorex2007: calls $0.04
kvzonx100pre: folds 
*** FLOP *** [Th 8s Ad]
Dorex2007: checks 
Valentin373: bets $0.08
Dorex2007: calls $0.08
*** TURN *** [Th 8s Ad] [Jd]
Dorex2007: bets $0.20
Valentin373: calls $0.20
*** RIVER *** [Th 8s Ad Jd] [8c]
POLLO ISRA75 is disconnected 
Dorex2007: bets $0.50
Valentin373: calls $0.50
*** SHOW DOWN ***
Dorex2007: shows [Kh Jc] (two pair, Jacks and Eights)
Valentin373: shows [As 6s] (two pair, Aces and Eights)
Valentin373 collected $1.62 from pot
*** SUMMARY ***
Total pot $1.68 | Rake $0.06 
Board [Th 8s Ad Jd 8c]
Seat 1: Valentin373 showed [As 6s] and won ($1.62) with two pair, Aces and Eights
Seat 2: GeeeTeee333 folded before Flop (didn't bet)
Seat 4: Luke Duarte (button) folded before Flop (didn't bet)
Seat 5: Dorex2007 (small blind) showed [Kh Jc] and lost with two pair, Jacks and Eights
Seat 8: kvzonx100pre (big blind) folded before Flop
Seat 9: Pelino Santos folded before Flop (didn't bet)



PokerStars Hand #224578502192:  Hold'em No Limit ($0.01/$0.02 USD) - 2021/03/07 16:38:21 PT [2021/03/07 19:38:21 ET]
Table 'Felicitas II' 9-max Seat #5 is the button
Seat 1: Valentin373 ($3.57 in chips) 
Seat 2: GeeeTeee333 ($1.90 in chips) 
Seat 4: Luke Duarte ($1.70 in chips) 
Seat 5: Dorex2007 ($2.90 in chips) 
Seat 8: kvzonx100pre ($1.92 in chips) 
Seat 9: Pelino Santos ($0.98 in chips) 
kvzonx100pre: posts small blind $0.01
Pelino Santos: posts big blind $0.02
*** HOLE CARDS ***
Dealt to Dorex2007 [3s 7h]
Valentin373: calls $0.02
GeeeTeee333: folds 
Luke Duarte: calls $0.02
Dorex2007: folds 
kvzonx100pre: folds 
Pelino Santos: checks 
*** FLOP *** [8d 6c 2h]
Pelino Santos: checks 
Valentin373: bets $0.04
Luke Duarte: folds 
Pelino Santos: calls $0.04
*** TURN *** [8d 6c 2h] [7d]
Pelino Santos: checks 
Valentin373: bets $0.09
Pelino Santos: calls $0.09
*** RIVER *** [8d 6c 2h 7d] [Ad]
Pelino Santos: checks 
Valentin373: bets $0.28
Pelino Santos: raises $0.55 to $0.83 and is all-in
Valentin373: calls $0.55
*** SHOW DOWN ***
Pelino Santos: shows [4c 5c] (a straight, Four to Eight)
Valentin373: shows [2c 2s] (three of a kind, Deuces)
Pelino Santos collected $1.92 from pot
*** SUMMARY ***
Total pot $1.99 | Rake $0.07 
Board [8d 6c 2h 7d Ad]
Seat 1: Valentin373 showed [2c 2s] and lost with three of a kind, Deuces
Seat 2: GeeeTeee333 folded before Flop (didn't bet)
Seat 4: Luke Duarte folded on the Flop
Seat 5: Dorex2007 (button) folded before Flop (didn't bet)
Seat 8: kvzonx100pre (small blind) folded before Flop
Seat 9: Pelino Santos (big blind) showed [4c 5c] and won ($1.92) with a straight, Four to Eight



PokerStars Hand #224578540015:  Hold'em No Limit ($0.01/$0.02 USD) - 2021/03/07 16:39:46 PT [2021/03/07 19:39:46 ET]
Table 'Felicitas II' 9-max Seat #8 is the button
Seat 1: Valentin373 ($2.59 in chips) 
Seat 2: GeeeTeee333 ($1.90 in chips) 
Seat 4: Luke Duarte ($1.68 in chips) 
Seat 5: Dorex2007 ($2.90 in chips) 
Seat 8: kvzonx100pre ($1.91 in chips) 
Seat 9: Pelino Santos ($1.92 in chips) 
Pelino Santos: posts small blind $0.01
Valentin373: posts big blind $0.02
*** HOLE CARDS ***
Dealt to Dorex2007 [7c 7s]
GeeeTeee333: calls $0.02
Luke Duarte: folds 
Dorex2007: calls $0.02
kvzonx100pre: folds 
Pelino Santos: calls $0.01
Valentin373: checks 
*** FLOP *** [Kh 7d Ks]
Pelino Santos: checks 
Valentin373: checks 
GeeeTeee333: checks 
Dorex2007: checks 
*** TURN *** [Kh 7d Ks] [5c]
Pelino Santos: checks 
Valentin373: checks 
GeeeTeee333: bets $0.08
Dorex2007: calls $0.08
Pelino Santos: folds 
Valentin373: folds 
*** RIVER *** [Kh 7d Ks 5c] [5h]
GeeeTeee333: bets $0.76
Dorex2007: raises $0.76 to $1.52
GeeeTeee333: raises $0.28 to $1.80 and is all-in
Dorex2007: calls $0.28
*** SHOW DOWN ***
GeeeTeee333: shows [Jd Kc] (a full house, Kings full of Fives)
Dorex2007: shows [7c 7s] (a full house, Sevens full of Kings)
GeeeTeee333 collected $3.71 from pot
*** SUMMARY ***
Total pot $3.84 | Rake $0.13 
Board [Kh 7d Ks 5c 5h]
Seat 1: Valentin373 (big blind) folded on the Turn
Seat 2: GeeeTeee333 showed [Jd Kc] and won ($3.71) with a full house, Kings full of Fives
Seat 4: Luke Duarte folded before Flop (didn't bet)
Seat 5: Dorex2007 showed [7c 7s] and lost with a full house, Sevens full of Kings
Seat 8: kvzonx100pre (button) folded before Flop (didn't bet)
Seat 9: Pelino Santos (small blind) folded on the Turn



PokerStars Hand #224578569344:  Hold'em No Limit ($0.01/$0.02 USD) - 2021/03/07 16:41:01 PT [2021/03/07 19:41:01 ET]
Table 'Felicitas II' 9-max Seat #9 is the button
Seat 1: Valentin373 ($2.57 in chips) 
Seat 2: GeeeTeee333 ($3.71 in chips) 
Seat 4: Luke Duarte ($1.68 in chips) 
Seat 5: Dorex2007 ($2 in chips) 
Seat 8: kvzonx100pre ($1.91 in chips) 
Seat 9: Pelino Santos ($1.90 in chips) 
Valentin373: posts small blind $0.01
GeeeTeee333: posts big blind $0.02
eT.NightDemon: sits out 
*** HOLE CARDS ***
Dealt to Dorex2007 [Ad Kd]
Luke Duarte: folds 
Dorex2007: raises $0.02 to $0.04
kvzonx100pre: folds 
Pelino Santos: calls $0.04
Valentin373: folds 
GeeeTeee333: calls $0.02
*** FLOP *** [7s Qd 4c]
GeeeTeee333: bets $0.13
Dorex2007: calls $0.13
Pelino Santos: folds 
*** TURN *** [7s Qd 4c] [9d]
GeeeTeee333: bets $0.19
Dorex2007: calls $0.19
*** RIVER *** [7s Qd 4c 9d] [9h]
GeeeTeee333: bets $0.37
Dorex2007: folds 
Uncalled bet ($0.37) returned to GeeeTeee333
GeeeTeee333 collected $0.74 from pot
GeeeTeee333: doesn't show hand 
*** SUMMARY ***
Total pot $0.77 | Rake $0.03 
Board [7s Qd 4c 9d 9h]
Seat 1: Valentin373 (small blind) folded before Flop
Seat 2: GeeeTeee333 (big blind) collected ($0.74)
Seat 4: Luke Duarte folded before Flop (didn't bet)
Seat 5: Dorex2007 folded on the River
Seat 8: kvzonx100pre folded before Flop (didn't bet)
Seat 9: Pelino Santos (button) folded on the Flop



PokerStars Hand #224578592503:  Hold'em No Limit ($0.01/$0.02 USD) - 2021/03/07 16:41:59 PT [2021/03/07 19:41:59 ET]
Table 'Felicitas II' 9-max Seat #1 is the button
Seat 1: Valentin373 ($2.56 in chips) 
Seat 2: GeeeTeee333 ($4.09 in chips) 
Seat 4: Luke Duarte ($1.68 in chips) 
Seat 5: Dorex2007 ($1.64 in chips) 
Seat 8: kvzonx100pre ($1.91 in chips) 
Seat 9: Pelino Santos ($1.86 in chips) 
GeeeTeee333: posts small blind $0.01
Luke Duarte: posts big blind $0.02
eT.NightDemon: sits out 
*** HOLE CARDS ***
Dealt to Dorex2007 [Qh 8d]
Dorex2007: folds 
kvzonx100pre: folds 
Pelino Santos: calls $0.02
Valentin373 has timed out
Valentin373: folds 
GeeeTeee333: calls $0.01
Luke Duarte: checks 
*** FLOP *** [5d Td 8c]
GeeeTeee333: bets $0.02
Luke Duarte: calls $0.02
Pelino Santos: folds 
*** TURN *** [5d Td 8c] [Qc]
GeeeTeee333: checks 
Luke Duarte: checks 
*** RIVER *** [5d Td 8c Qc] [9c]
GeeeTeee333: checks 
Luke Duarte: checks 
*** SHOW DOWN ***
GeeeTeee333: shows [5s Kh] (a pair of Fives)
Luke Duarte: shows [9d 3d] (a pair of Nines)
Luke Duarte collected $0.10 from pot
*** SUMMARY ***
Total pot $0.10 | Rake $0 
Board [5d Td 8c Qc 9c]
Seat 1: Valentin373 (button) folded before Flop (didn't bet)
Seat 2: GeeeTeee333 (small blind) showed [5s Kh] and lost with a pair of Fives
Seat 4: Luke Duarte (big blind) showed [9d 3d] and won ($0.10) with a pair of Nines
Seat 5: Dorex2007 folded before Flop (didn't bet)
Seat 8: kvzonx100pre folded before Flop (didn't bet)
Seat 9: Pelino Santos folded on the Flop



PokerStars Hand #224578610505:  Hold'em No Limit ($0.01/$0.02 USD) - 2021/03/07 16:42:45 PT [2021/03/07 19:42:45 ET]
Table 'Felicitas II' 9-max Seat #2 is the button
Seat 1: Valentin373 ($2.56 in chips) 
Seat 2: GeeeTeee333 ($4.05 in chips) 
Seat 4: Luke Duarte ($1.74 in chips) 
Seat 5: Dorex2007 ($1.64 in chips) 
Seat 8: kvzonx100pre ($1.91 in chips) 
Seat 9: Pelino Santos ($1.84 in chips) 
Luke Duarte: posts small blind $0.01
Dorex2007: posts big blind $0.02
eT.NightDemon: sits out 
*** HOLE CARDS ***
Dealt to Dorex2007 [Ah Ad]
kvzonx100pre: folds 
Pelino Santos: folds 
Valentin373: folds 
GeeeTeee333: calls $0.02
Luke Duarte: calls $0.01
Dorex2007: raises $0.04 to $0.06
GeeeTeee333: calls $0.04
Luke Duarte: folds 
*** FLOP *** [Qs 8c 5d]
Dorex2007: checks 
GeeeTeee333: checks 
*** TURN *** [Qs 8c 5d] [8d]
Dorex2007: bets $0.07
POLLO ISRA75 is disconnected 
GeeeTeee333: folds 
Uncalled bet ($0.07) returned to Dorex2007
Dorex2007 collected $0.14 from pot
Dorex2007: doesn't show hand 
*** SUMMARY ***
Total pot $0.14 | Rake $0 
Board [Qs 8c 5d 8d]
Seat 1: Valentin373 folded before Flop (didn't bet)
Seat 2: GeeeTeee333 (button) folded on the Turn
Seat 4: Luke Duarte (small blind) folded before Flop
Seat 5: Dorex2007 (big blind) collected ($0.14)
Seat 8: kvzonx100pre folded before Flop (didn't bet)
Seat 9: Pelino Santos folded before Flop (didn't bet)



PokerStars Hand #224578625073:  Hold'em No Limit ($0.01/$0.02 USD) - 2021/03/07 16:43:22 PT [2021/03/07 19:43:22 ET]
Table 'Felicitas II' 9-max Seat #4 is the button
Seat 1: Valentin373 ($2.56 in chips) 
Seat 2: GeeeTeee333 ($3.99 in chips) 
Seat 4: Luke Duarte ($1.72 in chips) 
Seat 5: Dorex2007 ($2 in chips) 
Seat 7: eT.NightDemon ($1.29 in chips) 
Seat 8: kvzonx100pre ($1.91 in chips) 
Seat 9: Pelino Santos ($1.84 in chips) 
Dorex2007: posts small blind $0.01
eT.NightDemon: posts big blind $0.02
*** HOLE CARDS ***
Dealt to Dorex2007 [8d 4d]
kvzonx100pre: folds 
Pelino Santos: calls $0.02
Valentin373: raises $0.03 to $0.05
GeeeTeee333: folds 
GeeeTeee333 leaves the table
Luke Duarte: folds 
Dorex2007: folds 
eT.NightDemon: folds 
Pelino Santos: calls $0.03
*** FLOP *** [Jh 4c Ks]
Pelino Santos: checks 
Valentin373: bets $0.04
Pelino Santos: calls $0.04
*** TURN *** [Jh 4c Ks] [4s]
Pelino Santos: checks 
Valentin373: checks 
*** RIVER *** [Jh 4c Ks 4s] [5c]
Pelino Santos: checks 
Valentin373: checks 
*** SHOW DOWN ***
Pelino Santos: shows [7c 7h] (two pair, Sevens and Fours)
Valentin373: mucks hand 
Pelino Santos collected $0.20 from pot
PG big blind leaves the table
*** SUMMARY ***
Total pot $0.21 | Rake $0.01 
Board [Jh 4c Ks 4s 5c]
Seat 1: Valentin373 mucked [Ts Ac]
Seat 2: GeeeTeee333 folded before Flop (didn't bet)
Seat 4: Luke Duarte (button) folded before Flop (didn't bet)
Seat 5: Dorex2007 (small blind) folded before Flop
Seat 7: eT.NightDemon (big blind) folded before Flop
Seat 8: kvzonx100pre folded before Flop (didn't bet)
Seat 9: Pelino Santos showed [7c 7h] and won ($0.20) with two pair, Sevens and Fours



PokerStars Hand #224578659678:  Hold'em No Limit ($0.01/$0.02 USD) - 2021/03/07 16:44:30 PT [2021/03/07 19:44:30 ET]
Table 'Felicitas II' 9-max Seat #5 is the button
Seat 1: Valentin373 ($2.47 in chips) 
Seat 4: Luke Duarte ($1.72 in chips) 
Seat 5: Dorex2007 ($2 in chips) 
Seat 7: eT.NightDemon ($1.27 in chips) 
Seat 8: kvzonx100pre ($1.91 in chips) 
Seat 9: Pelino Santos ($1.95 in chips) 
eT.NightDemon: posts small blind $0.01
kvzonx100pre: posts big blind $0.02
*** HOLE CARDS ***
Dealt to Dorex2007 [Jh Qs]
Pelino Santos: calls $0.02
Valentin373 has timed out
Valentin373: folds 
Luke Duarte: folds 
Dorex2007: raises $0.04 to $0.06
eT.NightDemon: folds 
kvzonx100pre: folds 
Pelino Santos: calls $0.04
*** FLOP *** [3s 9h Th]
Valentin373 is disconnected 
Pelino Santos: checks 
Dorex2007: bets $0.14
Pelino Santos: folds 
Uncalled bet ($0.14) returned to Dorex2007
Dorex2007 collected $0.14 from pot
Dorex2007: doesn't show hand 
*** SUMMARY ***
Total pot $0.15 | Rake $0.01 
Board [3s 9h Th]
Seat 1: Valentin373 folded before Flop (didn't bet)
Seat 4: Luke Duarte folded before Flop (didn't bet)
Seat 5: Dorex2007 (button) collected ($0.14)
Seat 7: eT.NightDemon (small blind) folded before Flop
Seat 8: kvzonx100pre (big blind) folded before Flop
Seat 9: Pelino Santos folded on the Flop



PokerStars Hand #224578677967:  Hold'em No Limit ($0.01/$0.02 USD) - 2021/03/07 16:45:17 PT [2021/03/07 19:45:17 ET]
Table 'Felicitas II' 9-max Seat #7 is the button
Seat 4: Luke Duarte ($1.72 in chips) 
Seat 5: Dorex2007 ($2.08 in chips) 
Seat 7: eT.NightDemon ($1.26 in chips) 
Seat 8: kvzonx100pre ($2 in chips) 
Seat 9: Pelino Santos ($1.89 in chips) 
kvzonx100pre: posts small blind $0.01
Pelino Santos: posts big blind $0.02
*** HOLE CARDS ***
Dealt to Dorex2007 [5d 5c]
donderob3 joins the table at seat #6 
Luke Duarte: folds 
Dorex2007: calls $0.02
eT.NightDemon: calls $0.02
kvzonx100pre: folds 
Pelino Santos: checks 
*** FLOP *** [6h 7c 3d]
Pelino Santos: checks 
Dorex2007: bets $0.07
eT.NightDemon: folds 
Pelino Santos: folds 
Uncalled bet ($0.07) returned to Dorex2007
Dorex2007 collected $0.07 from pot
Dorex2007: doesn't show hand 
*** SUMMARY ***
Total pot $0.07 | Rake $0 
Board [6h 7c 3d]
Seat 4: Luke Duarte folded before Flop (didn't bet)
Seat 5: Dorex2007 collected ($0.07)
Seat 7: eT.NightDemon (button) folded on the Flop
Seat 8: kvzonx100pre (small blind) folded before Flop
Seat 9: Pelino Santos (big blind) folded on the Flop



PokerStars Hand #224578685579:  Hold'em No Limit ($0.01/$0.02 USD) - 2021/03/07 16:45:36 PT [2021/03/07 19:45:36 ET]
Table 'Felicitas II' 9-max Seat #8 is the button
Seat 4: Luke Duarte ($1.72 in chips) 
Seat 5: Dorex2007 ($2.13 in chips) 
Seat 7: eT.NightDemon ($1.24 in chips) 
Seat 8: kvzonx100pre ($1.99 in chips) 
Seat 9: Pelino Santos ($1.87 in chips) 
Pelino Santos: posts small blind $0.01
Luke Duarte: posts big blind $0.02
donderob3: sits out 
*** HOLE CARDS ***
Dealt to Dorex2007 [Qh 7c]
Dorex2007: folds 
eT.NightDemon: raises $0.04 to $0.06
kvzonx100pre: folds 
Pelino Santos: folds 
PAAL2020 joins the table at seat #2 
Luke Duarte: folds 
Uncalled bet ($0.04) returned to eT.NightDemon
eT.NightDemon collected $0.05 from pot
POLLO ISRA75 leaves the table
eT.NightDemon: doesn't show hand 
*** SUMMARY ***
Total pot $0.05 | Rake $0 
Seat 4: Luke Duarte (big blind) folded before Flop
Seat 5: Dorex2007 folded before Flop (didn't bet)
Seat 7: eT.NightDemon collected ($0.05)
Seat 8: kvzonx100pre (button) folded before Flop (didn't bet)
Seat 9: Pelino Santos (small blind) folded before Flop



PokerStars Hand #224578692074:  Hold'em No Limit ($0.01/$0.02 USD) - 2021/03/07 16:45:53 PT [2021/03/07 19:45:53 ET]
Table 'Felicitas II' 9-max Seat #9 is the button
Seat 4: Luke Duarte ($1.70 in chips) 
Seat 5: Dorex2007 ($2.13 in chips) 
Seat 7: eT.NightDemon ($1.27 in chips) 
Seat 8: kvzonx100pre ($1.99 in chips) 
Seat 9: Pelino Santos ($1.86 in chips) 
Luke Duarte: posts small blind $0.01
Dorex2007: posts big blind $0.02
donderob3: sits out 
*** HOLE CARDS ***
Dealt to Dorex2007 [Js 5c]
eT.NightDemon: raises $0.04 to $0.06
kvzonx100pre: folds 
Pelino Santos: calls $0.06
Luke Duarte: folds 
Dorex2007: folds 
*** FLOP *** [Ad 4d 6h]
eT.NightDemon: bets $0.08
Pelino Santos: folds 
Uncalled bet ($0.08) returned to eT.NightDemon
POLLO ISRA75 joins the table at seat #3 
eT.NightDemon collected $0.14 from pot
eT.NightDemon: doesn't show hand 
*** SUMMARY ***
Total pot $0.15 | Rake $0.01 
Board [Ad 4d 6h]
Seat 4: Luke Duarte (small blind) folded before Flop
Seat 5: Dorex2007 (big blind) folded before Flop
Seat 7: eT.NightDemon collected ($0.14)
Seat 8: kvzonx100pre folded before Flop (didn't bet)
Seat 9: Pelino Santos (button) folded on the Flop



PokerStars Hand #224578705097:  Hold'em No Limit ($0.01/$0.02 USD) - 2021/03/07 16:46:27 PT [2021/03/07 19:46:27 ET]
Table 'Felicitas II' 9-max Seat #4 is the button
Seat 1: Valentin373 ($2.47 in chips) 
Seat 4: Luke Duarte ($1.69 in chips) 
Seat 5: Dorex2007 ($2.11 in chips) 
Seat 6: donderob3 ($1.60 in chips) 
Seat 7: eT.NightDemon ($1.35 in chips) 
Seat 8: kvzonx100pre ($1.99 in chips) 
Seat 9: Pelino Santos ($1.80 in chips) 
Dorex2007: posts small blind $0.01
donderob3: posts big blind $0.02
Valentin373: posts small & big blinds $0.03
PAAL2020: sits out 
POLLO ISRA75: sits out 
*** HOLE CARDS ***
Dealt to Dorex2007 [Qh 9s]
eT.NightDemon: folds 
kvzonx100pre: folds 
Pelino Santos: folds 
Valentin373: checks 
Luke Duarte: calls $0.02
Dorex2007: calls $0.01
donderob3: checks 
*** FLOP *** [Tc 5d Kh]
Dorex2007: checks 
donderob3: bets $0.05
Valentin373: calls $0.05
Luke Duarte: folds 
Dorex2007: calls $0.05
*** TURN *** [Tc 5d Kh] [Ah]
Dorex2007: checks 
donderob3: checks 
Valentin373: checks 
*** RIVER *** [Tc 5d Kh Ah] [7h]
Dorex2007: bets $0.23
donderob3: folds 
Valentin373: calls $0.23
*** SHOW DOWN ***
Dorex2007: shows [Qh 9s] (high card Ace)
Valentin373: shows [Kc 3d] (a pair of Kings)
Valentin373 collected $0.68 from pot
*** SUMMARY ***
Total pot $0.70 | Rake $0.02 
Board [Tc 5d Kh Ah 7h]
Seat 1: Valentin373 showed [Kc 3d] and won ($0.68) with a pair of Kings
Seat 4: Luke Duarte (button) folded on the Flop
Seat 5: Dorex2007 (small blind) showed [Qh 9s] and lost with high card Ace
Seat 6: donderob3 (big blind) folded on the River
Seat 7: eT.NightDemon folded before Flop (didn't bet)
Seat 8: kvzonx100pre folded before Flop (didn't bet)
Seat 9: Pelino Santos folded before Flop (didn't bet)



PokerStars Hand #224578739338:  Hold'em No Limit ($0.01/$0.02 USD) - 2021/03/07 16:47:56 PT [2021/03/07 19:47:56 ET]
Table 'Felicitas II' 9-max Seat #5 is the button
Seat 1: Valentin373 ($2.84 in chips) 
Seat 3: POLLO ISRA75 ($1.64 in chips) 
Seat 4: Luke Duarte ($1.67 in chips) 
Seat 5: Dorex2007 ($2 in chips) 
Seat 6: donderob3 ($1.53 in chips) 
Seat 7: eT.NightDemon ($1.35 in chips) 
Seat 8: kvzonx100pre ($1.99 in chips) 
Seat 9: Pelino Santos ($1.80 in chips) 
donderob3: posts small blind $0.01
eT.NightDemon: posts big blind $0.02
PAAL2020: sits out 
POLLO ISRA75: posts big blind $0.02
*** HOLE CARDS ***
Dealt to Dorex2007 [Th Qc]
kvzonx100pre: folds 
Pelino Santos: folds 
Valentin373: raises $0.02 to $0.04
POLLO ISRA75: folds 
Luke Duarte: folds 
Dorex2007: folds 
donderob3: calls $0.03
eT.NightDemon: calls $0.02
*** FLOP *** [9s 8s Kh]
donderob3: checks 
eT.NightDemon: bets $0.06
Valentin373: folds 
donderob3: folds 
Uncalled bet ($0.06) returned to eT.NightDemon
eT.NightDemon collected $0.14 from pot
eT.NightDemon: doesn't show hand 
*** SUMMARY ***
Total pot $0.14 | Rake $0 
Board [9s 8s Kh]
Seat 1: Valentin373 folded on the Flop
Seat 3: POLLO ISRA75 folded before Flop (didn't bet)
Seat 4: Luke Duarte folded before Flop (didn't bet)
Seat 5: Dorex2007 (button) folded before Flop (didn't bet)
Seat 6: donderob3 (small blind) folded on the Flop
Seat 7: eT.NightDemon (big blind) collected ($0.14)
Seat 8: kvzonx100pre folded before Flop (didn't bet)
Seat 9: Pelino Santos folded before Flop (didn't bet)



PokerStars Hand #224578749982:  Hold'em No Limit ($0.01/$0.02 USD) - 2021/03/07 16:48:24 PT [2021/03/07 19:48:24 ET]
Table 'Felicitas II' 9-max Seat #6 is the button
Seat 1: Valentin373 ($2.80 in chips) 
Seat 3: POLLO ISRA75 ($1.62 in chips) 
Seat 4: Luke Duarte ($1.67 in chips) 
Seat 5: Dorex2007 ($2 in chips) 
Seat 6: donderob3 ($1.49 in chips) 
Seat 7: eT.NightDemon ($1.45 in chips) 
Seat 8: kvzonx100pre ($1.99 in chips) 
Seat 9: Pelino Santos ($1.80 in chips) 
eT.NightDemon: posts small blind $0.01
kvzonx100pre: posts big blind $0.02
PAAL2020: sits out 
*** HOLE CARDS ***
Dealt to Dorex2007 [9h 4c]
Pelino Santos: calls $0.02
Valentin373: folds 
POLLO ISRA75: folds 
Luke Duarte: calls $0.02
Dorex2007: folds 
donderob3: calls $0.02
eT.NightDemon: calls $0.01
kvzonx100pre: checks 
*** FLOP *** [6h 3h 5c]
eT.NightDemon: bets $0.08
kvzonx100pre: folds 
Pelino Santos: folds 
Luke Duarte: folds 
donderob3: folds 
Uncalled bet ($0.08) returned to eT.NightDemon
eT.NightDemon collected $0.10 from pot
eT.NightDemon: doesn't show hand 
*** SUMMARY ***
Total pot $0.10 | Rake $0 
Board [6h 3h 5c]
Seat 1: Valentin373 folded before Flop (didn't bet)
Seat 3: POLLO ISRA75 folded before Flop (didn't bet)
Seat 4: Luke Duarte folded on the Flop
Seat 5: Dorex2007 folded before Flop (didn't bet)
Seat 6: donderob3 (button) folded on the Flop
Seat 7: eT.NightDemon (small blind) collected ($0.10)
Seat 8: kvzonx100pre (big blind) folded on the Flop
Seat 9: Pelino Santos folded on the Flop



PokerStars Hand #224578764128:  Hold'em No Limit ($0.01/$0.02 USD) - 2021/03/07 16:49:02 PT [2021/03/07 19:49:02 ET]
Table 'Felicitas II' 9-max Seat #7 is the button
Seat 1: Valentin373 ($2.80 in chips) 
Seat 3: POLLO ISRA75 ($1.62 in chips) 
Seat 4: Luke Duarte ($1.65 in chips) 
Seat 5: Dorex2007 ($2 in chips) 
Seat 6: donderob3 ($1.47 in chips) 
Seat 7: eT.NightDemon ($1.53 in chips) 
Seat 8: kvzonx100pre ($1.97 in chips) 
Seat 9: Pelino Santos ($1.78 in chips) 
kvzonx100pre: posts small blind $0.01
Pelino Santos: posts big blind $0.02
PAAL2020: sits out 
*** HOLE CARDS ***
Dealt to Dorex2007 [Jh Ah]
Valentin373: folds 
POLLO ISRA75: calls $0.02
Luke Duarte: folds 
Dorex2007: raises $0.04 to $0.06
donderob3: folds 
eT.NightDemon: folds 
kvzonx100pre: folds 
Pelino Santos: calls $0.04
POLLO ISRA75: calls $0.04
*** FLOP *** [6c 7d Ac]
Pelino Santos: checks 
POLLO ISRA75: checks 
Dorex2007: bets $0.18
Pelino Santos: folds 
POLLO ISRA75: calls $0.18
*** TURN *** [6c 7d Ac] [8s]
POLLO ISRA75: checks 
Dorex2007: checks 
*** RIVER *** [6c 7d Ac 8s] [Kc]
POLLO ISRA75: checks 
Dorex2007: checks 
*** SHOW DOWN ***
POLLO ISRA75: shows [Ad Js] (a pair of Aces)
Dorex2007: shows [Jh Ah] (a pair of Aces)
POLLO ISRA75 collected $0.27 from pot
Dorex2007 collected $0.26 from pot
*** SUMMARY ***
Total pot $0.55 | Rake $0.02 
Board [6c 7d Ac 8s Kc]
Seat 1: Valentin373 folded before Flop (didn't bet)
Seat 3: POLLO ISRA75 showed [Ad Js] and won ($0.27) with a pair of Aces
Seat 4: Luke Duarte folded before Flop (didn't bet)
Seat 5: Dorex2007 showed [Jh Ah] and won ($0.26) with a pair of Aces
Seat 6: donderob3 folded before Flop (didn't bet)
Seat 7: eT.NightDemon (button) folded before Flop (didn't bet)
Seat 8: kvzonx100pre (small blind) folded before Flop
Seat 9: Pelino Santos (big blind) folded on the Flop



PokerStars Hand #224578789705:  Hold'em No Limit ($0.01/$0.02 USD) - 2021/03/07 16:50:09 PT [2021/03/07 19:50:09 ET]
Table 'Felicitas II' 9-max Seat #8 is the button
Seat 1: Valentin373 ($2.80 in chips) 
Seat 2: PAAL2020 ($2 in chips) 
Seat 3: POLLO ISRA75 ($1.65 in chips) 
Seat 4: Luke Duarte ($1.65 in chips) 
Seat 5: Dorex2007 ($2.02 in chips) 
Seat 6: donderob3 ($1.47 in chips) 
Seat 7: eT.NightDemon ($1.53 in chips) 
Seat 8: kvzonx100pre ($1.96 in chips) 
Seat 9: Pelino Santos ($1.72 in chips) 
Pelino Santos: posts small blind $0.01
Valentin373: posts big blind $0.02
PAAL2020: posts big blind $0.02
*** HOLE CARDS ***
Dealt to Dorex2007 [2c As]
PAAL2020: checks 
POLLO ISRA75: folds 
Luke Duarte: folds 
Dorex2007: folds 
donderob3: folds 
eT.NightDemon: folds 
kvzonx100pre: folds 
Pelino Santos: calls $0.01
Valentin373: raises $0.04 to $0.06
PAAL2020 has timed out
PAAL2020: folds 
Pelino Santos: calls $0.04
*** FLOP *** [7h 9h Jd]
Pelino Santos: checks 
Valentin373: bets $0.07
Pelino Santos: calls $0.07
*** TURN *** [7h 9h Jd] [4c]
Pelino Santos: checks 
Valentin373: bets $0.17
Pelino Santos: folds 
Uncalled bet ($0.17) returned to Valentin373
Valentin373 collected $0.27 from pot
Valentin373: doesn't show hand 
*** SUMMARY ***
Total pot $0.28 | Rake $0.01 
Board [7h 9h Jd 4c]
Seat 1: Valentin373 (big blind) collected ($0.27)
Seat 2: PAAL2020 folded before Flop (didn't bet)
Seat 3: POLLO ISRA75 folded before Flop (didn't bet)
Seat 4: Luke Duarte folded before Flop (didn't bet)
Seat 5: Dorex2007 folded before Flop (didn't bet)
Seat 6: donderob3 folded before Flop (didn't bet)
Seat 7: eT.NightDemon folded before Flop (didn't bet)
Seat 8: kvzonx100pre (button) folded before Flop (didn't bet)
Seat 9: Pelino Santos (small blind) folded on the Turn



PokerStars Hand #224578834639:  Hold'em No Limit ($0.01/$0.02 USD) - 2021/03/07 16:51:41 PT [2021/03/07 19:51:41 ET]
Table 'Felicitas II' 9-max Seat #9 is the button
Seat 1: Valentin373 ($2.94 in chips) 
Seat 2: PAAL2020 ($1.98 in chips) 
Seat 3: POLLO ISRA75 ($1.65 in chips) 
Seat 4: Luke Duarte ($1.65 in chips) 
Seat 5: Dorex2007 ($2.02 in chips) 
Seat 6: donderob3 ($1.47 in chips) 
Seat 7: eT.NightDemon ($1.53 in chips) 
Seat 8: kvzonx100pre ($1.96 in chips) 
Seat 9: Pelino Santos ($1.59 in chips) 
Valentin373: posts small blind $0.01
PAAL2020: posts big blind $0.02
*** HOLE CARDS ***
Dealt to Dorex2007 [Kd Jc]
POLLO ISRA75: folds 
Luke Duarte: folds 
Dorex2007: folds 
donderob3: folds 
eT.NightDemon: raises $0.02 to $0.04
kvzonx100pre: folds 
Pelino Santos: calls $0.04
Valentin373: folds 
PAAL2020: calls $0.02
*** FLOP *** [Ac 6s 3d]
PAAL2020: checks 
eT.NightDemon: bets $0.04
Pelino Santos: calls $0.04
PAAL2020: calls $0.04
*** TURN *** [Ac 6s 3d] [Th]
PAAL2020: checks 
eT.NightDemon: bets $0.04
Pelino Santos: calls $0.04
PAAL2020: folds 
*** RIVER *** [Ac 6s 3d Th] [3s]
eT.NightDemon: checks 
Pelino Santos: checks 
*** SHOW DOWN ***
eT.NightDemon: shows [5h 5c] (two pair, Fives and Threes)
Pelino Santos: shows [9s 9d] (two pair, Nines and Threes)
Pelino Santos collected $0.32 from pot
*** SUMMARY ***
Total pot $0.33 | Rake $0.01 
Board [Ac 6s 3d Th 3s]
Seat 1: Valentin373 (small blind) folded before Flop
Seat 2: PAAL2020 (big blind) folded on the Turn
Seat 3: POLLO ISRA75 folded before Flop (didn't bet)
Seat 4: Luke Duarte folded before Flop (didn't bet)
Seat 5: Dorex2007 folded before Flop (didn't bet)
Seat 6: donderob3 folded before Flop (didn't bet)
Seat 7: eT.NightDemon showed [5h 5c] and lost with two pair, Fives and Threes
Seat 8: kvzonx100pre folded before Flop (didn't bet)
Seat 9: Pelino Santos (button) showed [9s 9d] and won ($0.32) with two pair, Nines and Threes



PokerStars Hand #224578860123:  Hold'em No Limit ($0.01/$0.02 USD) - 2021/03/07 16:52:49 PT [2021/03/07 19:52:49 ET]
Table 'Felicitas II' 9-max Seat #1 is the button
Seat 1: Valentin373 ($2.93 in chips) 
Seat 2: PAAL2020 ($1.90 in chips) 
Seat 3: POLLO ISRA75 ($1.65 in chips) 
Seat 4: Luke Duarte ($1.65 in chips) 
Seat 5: Dorex2007 ($2.02 in chips) 
Seat 6: donderob3 ($1.47 in chips) 
Seat 7: eT.NightDemon ($1.41 in chips) 
Seat 8: kvzonx100pre ($1.96 in chips) 
Seat 9: Pelino Santos ($1.79 in chips) 
PAAL2020: posts small blind $0.01
POLLO ISRA75: posts big blind $0.02
*** HOLE CARDS ***
Dealt to Dorex2007 [9d 2h]
Luke Duarte: folds 
Dorex2007: folds 
donderob3: folds 
eT.NightDemon: calls $0.02
kvzonx100pre: folds 
Pelino Santos: calls $0.02
Valentin373: folds 
PAAL2020: calls $0.01
POLLO ISRA75: checks 
*** FLOP *** [5c Ts Kc]
PAAL2020: checks 
POLLO ISRA75: checks 
eT.NightDemon: bets $0.02
Pelino Santos: folds 
PAAL2020: calls $0.02
POLLO ISRA75: calls $0.02
*** TURN *** [5c Ts Kc] [9s]
PAAL2020: checks 
POLLO ISRA75: checks 
eT.NightDemon: bets $0.02
PAAL2020: folds 
POLLO ISRA75: calls $0.02
*** RIVER *** [5c Ts Kc 9s] [Qd]
POLLO ISRA75: bets $0.17
eT.NightDemon: calls $0.17
*** SHOW DOWN ***
POLLO ISRA75: shows [Td Jh] (a straight, Nine to King)
eT.NightDemon: mucks hand 
POLLO ISRA75 collected $0.50 from pot
*** SUMMARY ***
Total pot $0.52 | Rake $0.02 
Board [5c Ts Kc 9s Qd]
Seat 1: Valentin373 (button) folded before Flop (didn't bet)
Seat 2: PAAL2020 (small blind) folded on the Turn
Seat 3: POLLO ISRA75 (big blind) showed [Td Jh] and won ($0.50) with a straight, Nine to King
Seat 4: Luke Duarte folded before Flop (didn't bet)
Seat 5: Dorex2007 folded before Flop (didn't bet)
Seat 6: donderob3 folded before Flop (didn't bet)
Seat 7: eT.NightDemon mucked [Qh 5h]
Seat 8: kvzonx100pre folded before Flop (didn't bet)
Seat 9: Pelino Santos folded on the Flop



PokerStars Hand #224578892080:  Hold'em No Limit ($0.01/$0.02 USD) - 2021/03/07 16:53:54 PT [2021/03/07 19:53:54 ET]
Table 'Felicitas II' 9-max Seat #2 is the button
Seat 1: Valentin373 ($2.93 in chips) 
Seat 2: PAAL2020 ($1.86 in chips) 
Seat 3: POLLO ISRA75 ($1.92 in chips) 
Seat 4: Luke Duarte ($1.65 in chips) 
Seat 5: Dorex2007 ($2.02 in chips) 
Seat 6: donderob3 ($1.47 in chips) 
Seat 7: eT.NightDemon ($1.18 in chips) 
Seat 8: kvzonx100pre ($1.96 in chips) 
Seat 9: Pelino Santos ($1.77 in chips) 
POLLO ISRA75: posts small blind $0.01
Luke Duarte: posts big blind $0.02
*** HOLE CARDS ***
Dealt to Dorex2007 [Kh 4h]
Dorex2007: folds 
donderob3: folds 
eT.NightDemon: folds 
kvzonx100pre: folds 
Pelino Santos: calls $0.02
Valentin373: raises $0.03 to $0.05
PAAL2020: calls $0.05
POLLO ISRA75: folds 
Luke Duarte: folds 
Pelino Santos: calls $0.03
*** FLOP *** [7c 7d Th]
Pelino Santos: checks 
Valentin373: checks 
PAAL2020: checks 
*** TURN *** [7c 7d Th] [4s]
Pelino Santos: checks 
Valentin373: checks 
PAAL2020: checks 
*** RIVER *** [7c 7d Th 4s] [3c]
Pelino Santos: checks 
Valentin373: bets $0.05
PAAL2020: folds 
Pelino Santos: folds 
Uncalled bet ($0.05) returned to Valentin373
Valentin373 collected $0.17 from pot
Valentin373: doesn't show hand 
*** SUMMARY ***
Total pot $0.18 | Rake $0.01 
Board [7c 7d Th 4s 3c]
Seat 1: Valentin373 collected ($0.17)
Seat 2: PAAL2020 (button) folded on the River
Seat 3: POLLO ISRA75 (small blind) folded before Flop
Seat 4: Luke Duarte (big blind) folded before Flop
Seat 5: Dorex2007 folded before Flop (didn't bet)
Seat 6: donderob3 folded before Flop (didn't bet)
Seat 7: eT.NightDemon folded before Flop (didn't bet)
Seat 8: kvzonx100pre folded before Flop (didn't bet)
Seat 9: Pelino Santos folded on the River



PokerStars Hand #224578910252:  Hold'em No Limit ($0.01/$0.02 USD) - 2021/03/07 16:54:43 PT [2021/03/07 19:54:43 ET]
Table 'Felicitas II' 9-max Seat #3 is the button
Seat 1: Valentin373 ($3.05 in chips) 
Seat 2: PAAL2020 ($1.81 in chips) 
Seat 3: POLLO ISRA75 ($1.91 in chips) 
Seat 4: Luke Duarte ($1.63 in chips) 
Seat 5: Dorex2007 ($2.02 in chips) 
Seat 6: donderob3 ($1.47 in chips) 
Seat 7: eT.NightDemon ($1.18 in chips) 
Seat 8: kvzonx100pre ($1.96 in chips) 
Seat 9: Pelino Santos ($1.72 in chips) 
Luke Duarte: posts small blind $0.01
Dorex2007: posts big blind $0.02
*** HOLE CARDS ***
Dealt to Dorex2007 [Ac 2d]
donderob3: folds 
eT.NightDemon: folds 
kvzonx100pre: folds 
Pelino Santos: calls $0.02
Valentin373: folds 
PAAL2020: folds 
POLLO ISRA75: folds 
Luke Duarte: raises $0.02 to $0.04
Dorex2007: folds 
Pelino Santos: calls $0.02
*** FLOP *** [Ts Js 7h]
Luke Duarte: bets $0.10
Pelino Santos: calls $0.10
*** TURN *** [Ts Js 7h] [7c]
Luke Duarte: bets $0.29
Pelino Santos: calls $0.29
*** RIVER *** [Ts Js 7h 7c] [Qs]
Luke Duarte: bets $0.06
Pelino Santos: raises $0.49 to $0.55
Luke Duarte: calls $0.49
*** SHOW DOWN ***
Pelino Santos: shows [7d Ad] (three of a kind, Sevens)
Luke Duarte: mucks hand 
Pelino Santos collected $1.91 from pot
*** SUMMARY ***
Total pot $1.98 | Rake $0.07 
Board [Ts Js 7h 7c Qs]
Seat 1: Valentin373 folded before Flop (didn't bet)
Seat 2: PAAL2020 folded before Flop (didn't bet)
Seat 3: POLLO ISRA75 (button) folded before Flop (didn't bet)
Seat 4: Luke Duarte (small blind) mucked [Kc Kd]
Seat 5: Dorex2007 (big blind) folded before Flop
Seat 6: donderob3 folded before Flop (didn't bet)
Seat 7: eT.NightDemon folded before Flop (didn't bet)
Seat 8: kvzonx100pre folded before Flop (didn't bet)
Seat 9: Pelino Santos showed [7d Ad] and won ($1.91) with three of a kind, Sevens



PokerStars Hand #224578935093:  Hold'em No Limit ($0.01/$0.02 USD) - 2021/03/07 16:55:49 PT [2021/03/07 19:55:49 ET]
Table 'Felicitas II' 9-max Seat #4 is the button
Seat 1: Valentin373 ($3.05 in chips) 
Seat 2: PAAL2020 ($1.81 in chips) 
Seat 3: POLLO ISRA75 ($1.91 in chips) 
Seat 4: Luke Duarte ($0.65 in chips) 
Seat 5: Dorex2007 ($2 in chips) 
Seat 6: donderob3 ($1.47 in chips) 
Seat 7: eT.NightDemon ($1.18 in chips) 
Seat 8: kvzonx100pre ($1.96 in chips) 
Seat 9: Pelino Santos ($2.65 in chips) 
Dorex2007: posts small blind $0.01
donderob3: posts big blind $0.02
*** HOLE CARDS ***
Dealt to Dorex2007 [5s 3c]
eT.NightDemon: folds 
kvzonx100pre: folds 
Pelino Santos: calls $0.02
Valentin373: folds 
PAAL2020: calls $0.02
POLLO ISRA75: folds 
Luke Duarte: folds 
Dorex2007: calls $0.01
donderob3: raises $0.08 to $0.10
Pelino Santos: folds 
PAAL2020: folds 
Dorex2007: folds 
Uncalled bet ($0.08) returned to donderob3
donderob3 collected $0.08 from pot
*** SUMMARY ***
Total pot $0.08 | Rake $0 
Seat 1: Valentin373 folded before Flop (didn't bet)
Seat 2: PAAL2020 folded before Flop
Seat 3: POLLO ISRA75 folded before Flop (didn't bet)
Seat 4: Luke Duarte (button) folded before Flop (didn't bet)
Seat 5: Dorex2007 (small blind) folded before Flop
Seat 6: donderob3 (big blind) collected ($0.08)
Seat 7: eT.NightDemon folded before Flop (didn't bet)
Seat 8: kvzonx100pre folded before Flop (didn't bet)
Seat 9: Pelino Santos folded before Flop



PokerStars Hand #224578947177:  Hold'em No Limit ($0.01/$0.02 USD) - 2021/03/07 16:56:31 PT [2021/03/07 19:56:31 ET]
Table 'Felicitas II' 9-max Seat #5 is the button
Seat 1: Valentin373 ($3.05 in chips) 
Seat 2: PAAL2020 ($1.79 in chips) 
Seat 3: POLLO ISRA75 ($1.91 in chips) 
Seat 4: Luke Duarte ($0.65 in chips) 
Seat 5: Dorex2007 ($2 in chips) 
Seat 6: donderob3 ($1.53 in chips) 
Seat 7: eT.NightDemon ($1.18 in chips) 
Seat 8: kvzonx100pre ($1.96 in chips) 
Seat 9: Pelino Santos ($2.63 in chips) 
donderob3: posts small blind $0.01
eT.NightDemon: posts big blind $0.02
*** HOLE CARDS ***
Dealt to Dorex2007 [Kh 3h]
kvzonx100pre: raises $0.04 to $0.06
Pelino Santos: raises $0.10 to $0.16
Valentin373: calls $0.16
PAAL2020: folds 
POLLO ISRA75: folds 
Luke Duarte: folds 
Dorex2007: folds 
donderob3: calls $0.15
eT.NightDemon: calls $0.14
kvzonx100pre: calls $0.10
*** FLOP *** [Qh Qd Tc]
donderob3: checks 
eT.NightDemon: bets $0.10
kvzonx100pre: folds 
Pelino Santos: calls $0.10
Valentin373: folds 
donderob3: calls $0.10
*** TURN *** [Qh Qd Tc] [7d]
donderob3: checks 
eT.NightDemon: bets $0.34
Pelino Santos: calls $0.34
donderob3: folds 
*** RIVER *** [Qh Qd Tc 7d] [2s]
eT.NightDemon: checks 
Pelino Santos: checks 
*** SHOW DOWN ***
eT.NightDemon: shows [Ac Kc] (a pair of Queens)
Pelino Santos: shows [Ah Ad] (two pair, Aces and Queens)
Pelino Santos collected $1.72 from pot
*** SUMMARY ***
Total pot $1.78 | Rake $0.06 
Board [Qh Qd Tc 7d 2s]
Seat 1: Valentin373 folded on the Flop
Seat 2: PAAL2020 folded before Flop (didn't bet)
Seat 3: POLLO ISRA75 folded before Flop (didn't bet)
Seat 4: Luke Duarte folded before Flop (didn't bet)
Seat 5: Dorex2007 (button) folded before Flop (didn't bet)
Seat 6: donderob3 (small blind) folded on the Turn
Seat 7: eT.NightDemon (big blind) showed [Ac Kc] and lost with a pair of Queens
Seat 8: kvzonx100pre folded on the Flop
Seat 9: Pelino Santos showed [Ah Ad] and won ($1.72) with two pair, Aces and Queens



PokerStars Hand #224578961334:  Hold'em No Limit ($0.01/$0.02 USD) - 2021/03/07 16:57:21 PT [2021/03/07 19:57:21 ET]
Table 'Felicitas II' 9-max Seat #7 is the button
Seat 1: Valentin373 ($2.89 in chips) 
Seat 2: PAAL2020 ($1.79 in chips) 
Seat 3: POLLO ISRA75 ($1.91 in chips) 
Seat 4: Luke Duarte ($0.65 in chips) 
Seat 5: Dorex2007 ($2 in chips) 
Seat 7: eT.NightDemon ($0.58 in chips) 
Seat 8: kvzonx100pre ($1.80 in chips) 
Seat 9: Pelino Santos ($3.75 in chips) 
kvzonx100pre: posts small blind $0.01
Pelino Santos: posts big blind $0.02
*** HOLE CARDS ***
Dealt to Dorex2007 [Kd Th]
Valentin373: folds 
PAAL2020: calls $0.02
POLLO ISRA75: folds 
Luke Duarte: raises $0.02 to $0.04
Dorex2007: folds 
eT.NightDemon: folds 
kvzonx100pre: calls $0.03
Pelino Santos: calls $0.02
PAAL2020: calls $0.02
*** FLOP *** [7d Ah 7c]
kvzonx100pre: checks 
Pelino Santos: checks 
PAAL2020: checks 
Luke Duarte: bets $0.15
kvzonx100pre: folds 
Pelino Santos: folds 
PAAL2020: calls $0.15
*** TURN *** [7d Ah 7c] [Qc]
PAAL2020: checks 
Luke Duarte: bets $0.02
PAAL2020: calls $0.02
*** RIVER *** [7d Ah 7c Qc] [Js]
PAAL2020: bets $0.40
Luke Duarte: folds 
Uncalled bet ($0.40) returned to PAAL2020
PAAL2020 collected $0.48 from pot
PAAL2020: doesn't show hand 
*** SUMMARY ***
Total pot $0.50 | Rake $0.02 
Board [7d Ah 7c Qc Js]
Seat 1: Valentin373 folded before Flop (didn't bet)
Seat 2: PAAL2020 collected ($0.48)
Seat 3: POLLO ISRA75 folded before Flop (didn't bet)
Seat 4: Luke Duarte folded on the River
Seat 5: Dorex2007 folded before Flop (didn't bet)
Seat 7: eT.NightDemon (button) folded before Flop (didn't bet)
Seat 8: kvzonx100pre (small blind) folded on the Flop
Seat 9: Pelino Santos (big blind) folded on the Flop



PokerStars Hand #224578986175:  Hold'em No Limit ($0.01/$0.02 USD) - 2021/03/07 16:58:48 PT [2021/03/07 19:58:48 ET]
Table 'Felicitas II' 9-max Seat #8 is the button
Seat 1: Valentin373 ($2.89 in chips) 
Seat 2: PAAL2020 ($2.06 in chips) 
Seat 3: POLLO ISRA75 ($1.91 in chips) 
Seat 4: Luke Duarte ($0.94 in chips) 
Seat 5: Dorex2007 ($2 in chips) 
Seat 7: eT.NightDemon ($0.58 in chips) 
Seat 8: kvzonx100pre ($2 in chips) 
Seat 9: Pelino Santos ($3.71 in chips) 
Pelino Santos: posts small blind $0.01
Valentin373: posts big blind $0.02
*** HOLE CARDS ***
Dealt to Dorex2007 [Qs 5c]
PAAL2020: calls $0.02
POLLO ISRA75: calls $0.02
Luke Duarte: folds 
Dorex2007: folds 
eT.NightDemon: folds 
kvzonx100pre: raises $0.06 to $0.08
Pelino Santos: folds 
Valentin373: folds 
PAAL2020: calls $0.06
POLLO ISRA75: calls $0.06
*** FLOP *** [7d Kd 7s]
PAAL2020: checks 
POLLO ISRA75: checks 
kvzonx100pre: checks 
*** TURN *** [7d Kd 7s] [Jc]
PAAL2020: checks 
POLLO ISRA75: bets $0.13
kvzonx100pre: calls $0.13
PAAL2020: calls $0.13
*** RIVER *** [7d Kd 7s Jc] [2d]
PAAL2020: checks 
POLLO ISRA75: checks 
kvzonx100pre: bets $0.50
PAAL2020: calls $0.50
POLLO ISRA75: folds 
*** SHOW DOWN ***
kvzonx100pre: shows [Ad 5d] (a flush, Ace high)
PAAL2020: mucks hand 
kvzonx100pre collected $1.60 from pot
*** SUMMARY ***
Total pot $1.66 | Rake $0.06 
Board [7d Kd 7s Jc 2d]
Seat 1: Valentin373 (big blind) folded before Flop
Seat 2: PAAL2020 mucked [Js 3s]
Seat 3: POLLO ISRA75 folded on the River
Seat 4: Luke Duarte folded before Flop (didn't bet)
Seat 5: Dorex2007 folded before Flop (didn't bet)
Seat 7: eT.NightDemon folded before Flop (didn't bet)
Seat 8: kvzonx100pre (button) showed [Ad 5d] and won ($1.60) with a flush, Ace high
Seat 9: Pelino Santos (small blind) folded before Flop



PokerStars Hand #224579013961:  Hold'em No Limit ($0.01/$0.02 USD) - 2021/03/07 17:00:23 PT [2021/03/07 20:00:23 ET]
Table 'Felicitas II' 9-max Seat #9 is the button
Seat 1: Valentin373 ($2.87 in chips) 
Seat 2: PAAL2020 ($1.35 in chips) 
Seat 3: POLLO ISRA75 ($1.70 in chips) 
Seat 4: Luke Duarte ($0.94 in chips) 
Seat 5: Dorex2007 ($2 in chips) 
Seat 7: eT.NightDemon ($0.58 in chips) 
Seat 8: kvzonx100pre ($2.89 in chips) 
Seat 9: Pelino Santos ($3.70 in chips) 
Valentin373: posts small blind $0.01
PAAL2020: posts big blind $0.02
*** HOLE CARDS ***
Dealt to Dorex2007 [Th 9s]
POLLO ISRA75: folds 
Luke Duarte: folds 
Dorex2007: folds 
eT.NightDemon: folds 
kvzonx100pre: raises $0.04 to $0.06
Pelino Santos: folds 
Valentin373: folds 
PAAL2020: folds 
Uncalled bet ($0.04) returned to kvzonx100pre
kvzonx100pre collected $0.05 from pot
kvzonx100pre: doesn't show hand 
*** SUMMARY ***
Total pot $0.05 | Rake $0 
Seat 1: Valentin373 (small blind) folded before Flop
Seat 2: PAAL2020 (big blind) folded before Flop
Seat 3: POLLO ISRA75 folded before Flop (didn't bet)
Seat 4: Luke Duarte folded before Flop (didn't bet)
Seat 5: Dorex2007 folded before Flop (didn't bet)
Seat 7: eT.NightDemon folded before Flop (didn't bet)
Seat 8: kvzonx100pre collected ($0.05)
Seat 9: Pelino Santos (button) folded before Flop (didn't bet)



PokerStars Hand #224579019292:  Hold'em No Limit ($0.01/$0.02 USD) - 2021/03/07 17:00:40 PT [2021/03/07 20:00:40 ET]
Table 'Felicitas II' 9-max Seat #1 is the button
Seat 1: Valentin373 ($2.86 in chips) 
Seat 2: PAAL2020 ($1.33 in chips) 
Seat 3: POLLO ISRA75 ($1.70 in chips) 
Seat 4: Luke Duarte ($0.94 in chips) 
Seat 5: Dorex2007 ($2 in chips) 
Seat 7: eT.NightDemon ($0.58 in chips) 
Seat 8: kvzonx100pre ($2.92 in chips) 
Seat 9: Pelino Santos ($3.70 in chips) 
PAAL2020: posts small blind $0.01
POLLO ISRA75: posts big blind $0.02
*** HOLE CARDS ***
Dealt to Dorex2007 [Js Jd]
Luke Duarte: folds 
Dorex2007: raises $0.04 to $0.06
eT.NightDemon: folds 
kvzonx100pre: raises $0.12 to $0.18
Pelino Santos: folds 
Valentin373: folds 
PAAL2020: folds 
POLLO ISRA75: folds 
Dorex2007: calls $0.12
*** FLOP *** [7h 4h 6s]
Dorex2007: bets $0.38
kvzonx100pre: raises $2.36 to $2.74 and is all-in
Dorex2007: calls $1.44 and is all-in
Uncalled bet ($0.92) returned to kvzonx100pre
*** TURN *** [7h 4h 6s] [Jc]
*** RIVER *** [7h 4h 6s Jc] [Td]
*** SHOW DOWN ***
Dorex2007: shows [Js Jd] (three of a kind, Jacks)
kvzonx100pre: shows [Ac Ah] (a pair of Aces)
Dorex2007 collected $3.89 from pot
*** SUMMARY ***
Total pot $4.03 | Rake $0.14 
Board [7h 4h 6s Jc Td]
Seat 1: Valentin373 (button) folded before Flop (didn't bet)
Seat 2: PAAL2020 (small blind) folded before Flop
Seat 3: POLLO ISRA75 (big blind) folded before Flop
Seat 4: Luke Duarte folded before Flop (didn't bet)
Seat 5: Dorex2007 showed [Js Jd] and won ($3.89) with three of a kind, Jacks
Seat 7: eT.NightDemon folded before Flop (didn't bet)
Seat 8: kvzonx100pre showed [Ac Ah] and lost with a pair of Aces
Seat 9: Pelino Santos folded before Flop (didn't bet)



PokerStars Hand #224579036778:  Hold'em No Limit ($0.01/$0.02 USD) - 2021/03/07 17:01:33 PT [2021/03/07 20:01:33 ET]
Table 'Felicitas II' 9-max Seat #2 is the button
Seat 1: Valentin373 ($2.86 in chips) 
Seat 2: PAAL2020 ($1.32 in chips) 
Seat 3: POLLO ISRA75 ($1.68 in chips) 
Seat 4: Luke Duarte ($0.94 in chips) 
Seat 5: Dorex2007 ($3.89 in chips) 
Seat 7: eT.NightDemon ($0.58 in chips) 
Seat 8: kvzonx100pre ($0.92 in chips) 
Seat 9: Pelino Santos ($3.70 in chips) 
POLLO ISRA75: posts small blind $0.01
Luke Duarte: posts big blind $0.02
*** HOLE CARDS ***
Dealt to Dorex2007 [8h Js]
Dorex2007 said, "almost sorry about that"
Dorex2007 has timed out
Dorex2007: folds 
eT.NightDemon: folds 
kvzonx100pre: folds 
kvzonx100pre said, "nahh"
Pelino Santos: folds 
kvzonx100pre said, "cooler"
Valentin373: folds 
PAAL2020: calls $0.02
POLLO ISRA75: folds 
Luke Duarte: checks 
*** FLOP *** [Td 5c 4d]
Luke Duarte: bets $0.05
PAAL2020: calls $0.05
*** TURN *** [Td 5c 4d] [Jc]
Luke Duarte: bets $0.07
PAAL2020: calls $0.07
*** RIVER *** [Td 5c 4d Jc] [5s]
Luke Duarte: bets $0.14
PAAL2020: calls $0.14
*** SHOW DOWN ***
Luke Duarte: shows [9d Ts] (two pair, Tens and Fives)
PAAL2020: shows [5d Qd] (three of a kind, Fives)
PAAL2020 collected $0.55 from pot
*** SUMMARY ***
Total pot $0.57 | Rake $0.02 
Board [Td 5c 4d Jc 5s]
Seat 1: Valentin373 folded before Flop (didn't bet)
Seat 2: PAAL2020 (button) showed [5d Qd] and won ($0.55) with three of a kind, Fives
Seat 3: POLLO ISRA75 (small blind) folded before Flop
Seat 4: Luke Duarte (big blind) showed [9d Ts] and lost with two pair, Tens and Fives
Seat 5: Dorex2007 folded before Flop (didn't bet)
Seat 7: eT.NightDemon folded before Flop (didn't bet)
Seat 8: kvzonx100pre folded before Flop (didn't bet)
Seat 9: Pelino Santos folded before Flop (didn't bet)



PokerStars Hand #224579066413:  Hold'em No Limit ($0.01/$0.02 USD) - 2021/03/07 17:02:55 PT [2021/03/07 20:02:55 ET]
Table 'Felicitas II' 9-max Seat #3 is the button
Seat 1: Valentin373 ($2.86 in chips) 
Seat 2: PAAL2020 ($1.59 in chips) 
Seat 3: POLLO ISRA75 ($1.67 in chips) 
Seat 4: Luke Duarte ($0.66 in chips) 
Seat 5: Dorex2007 ($3.89 in chips) 
Seat 6: donderob3 ($1.27 in chips) 
Seat 7: eT.NightDemon ($0.58 in chips) 
Seat 8: kvzonx100pre ($2 in chips) 
Seat 9: Pelino Santos ($3.70 in chips) 
Luke Duarte: posts small blind $0.01
Dorex2007: posts big blind $0.02
*** HOLE CARDS ***
Dealt to Dorex2007 [7c Qs]
donderob3: folds 
eT.NightDemon: folds 
kvzonx100pre: folds 
Pelino Santos: folds 
Valentin373: raises $0.03 to $0.05
PAAL2020: calls $0.05
POLLO ISRA75: calls $0.05
Luke Duarte: folds 
Dorex2007: folds 
*** FLOP *** [As 2s 9d]
Valentin373: bets $0.05
PAAL2020: folds 
POLLO ISRA75: calls $0.05
*** TURN *** [As 2s 9d] [6d]
Valentin373: checks 
POLLO ISRA75: bets $0.14
Valentin373: folds 
Uncalled bet ($0.14) returned to POLLO ISRA75
POLLO ISRA75 collected $0.27 from pot
POLLO ISRA75: doesn't show hand 
*** SUMMARY ***
Total pot $0.28 | Rake $0.01 
Board [As 2s 9d 6d]
Seat 1: Valentin373 folded on the Turn
Seat 2: PAAL2020 folded on the Flop
Seat 3: POLLO ISRA75 (button) collected ($0.27)
Seat 4: Luke Duarte (small blind) folded before Flop
Seat 5: Dorex2007 (big blind) folded before Flop
Seat 6: donderob3 folded before Flop (didn't bet)
Seat 7: eT.NightDemon folded before Flop (didn't bet)
Seat 8: kvzonx100pre folded before Flop (didn't bet)
Seat 9: Pelino Santos folded before Flop (didn't bet)



PokerStars Hand #224579086331:  Hold'em No Limit ($0.01/$0.02 USD) - 2021/03/07 17:03:51 PT [2021/03/07 20:03:51 ET]
Table 'Felicitas II' 9-max Seat #4 is the button
Seat 1: Valentin373 ($2.76 in chips) 
Seat 2: PAAL2020 ($1.54 in chips) 
Seat 3: POLLO ISRA75 ($1.84 in chips) 
Seat 4: Luke Duarte ($0.65 in chips) 
Seat 5: Dorex2007 ($3.87 in chips) 
Seat 6: donderob3 ($1.27 in chips) 
Seat 7: eT.NightDemon ($0.58 in chips) 
Seat 8: kvzonx100pre ($2 in chips) 
Seat 9: Pelino Santos ($3.70 in chips) 
Dorex2007: posts small blind $0.01
donderob3: posts big blind $0.02
*** HOLE CARDS ***
Dealt to Dorex2007 [Kd Qd]
eT.NightDemon: folds 
kvzonx100pre: folds 
Pelino Santos: calls $0.02
Valentin373: folds 
PAAL2020: calls $0.02
POLLO ISRA75: folds 
Luke Duarte: folds 
Dorex2007: raises $0.10 to $0.12
donderob3: folds 
Pelino Santos: folds 
PAAL2020: calls $0.10
*** FLOP *** [Jc Ah Th]
Dorex2007: bets $0.14
PAAL2020: calls $0.14
*** TURN *** [Jc Ah Th] [Ac]
Dorex2007: checks 
PAAL2020: bets $0.20
Dorex2007: raises $0.94 to $1.14
PAAL2020: raises $0.14 to $1.28 and is all-in
Dorex2007: calls $0.14
*** RIVER *** [Jc Ah Th Ac] [2s]
*** SHOW DOWN ***
Dorex2007: shows [Kd Qd] (a straight, Ten to Ace)
PAAL2020: shows [Qh Ad] (three of a kind, Aces)
Dorex2007 collected $3.01 from pot
*** SUMMARY ***
Total pot $3.12 | Rake $0.11 
Board [Jc Ah Th Ac 2s]
Seat 1: Valentin373 folded before Flop (didn't bet)
Seat 2: PAAL2020 showed [Qh Ad] and lost with three of a kind, Aces
Seat 3: POLLO ISRA75 folded before Flop (didn't bet)
Seat 4: Luke Duarte (button) folded before Flop (didn't bet)
Seat 5: Dorex2007 (small blind) showed [Kd Qd] and won ($3.01) with a straight, Ten to Ace
Seat 6: donderob3 (big blind) folded before Flop
Seat 7: eT.NightDemon folded before Flop (didn't bet)
Seat 8: kvzonx100pre folded before Flop (didn't bet)
Seat 9: Pelino Santos folded before Flop



PokerStars Hand #224579133642:  Hold'em No Limit ($0.01/$0.02 USD) - 2021/03/07 17:05:16 PT [2021/03/07 20:05:16 ET]
Table 'Felicitas II' 9-max Seat #5 is the button
Seat 1: Valentin373 ($2.76 in chips) 
Seat 3: POLLO ISRA75 ($1.84 in chips) 
Seat 4: Luke Duarte ($0.65 in chips) 
Seat 5: Dorex2007 ($5.34 in chips) 
Seat 6: donderob3 ($1.25 in chips) 
Seat 7: eT.NightDemon ($0.58 in chips) 
Seat 8: kvzonx100pre ($2 in chips) 
Seat 9: Pelino Santos ($3.68 in chips) 
donderob3: posts small blind $0.01
eT.NightDemon: posts big blind $0.02
*** HOLE CARDS ***
Dealt to Dorex2007 [3s 7d]
kvzonx100pre: folds 
Pelino Santos: calls $0.02
Valentin373: raises $0.02 to $0.04
POLLO ISRA75: folds 
Luke Duarte: folds 
Dorex2007: folds 
donderob3: raises $0.12 to $0.16
eT.NightDemon: folds 
Pelino Santos: folds 
Valentin373: calls $0.12
*** FLOP *** [2d Ad 3h]
donderob3: bets $0.23
Valentin373: folds 
Uncalled bet ($0.23) returned to donderob3
donderob3 collected $0.35 from pot
*** SUMMARY ***
Total pot $0.36 | Rake $0.01 
Board [2d Ad 3h]
Seat 1: Valentin373 folded on the Flop
Seat 3: POLLO ISRA75 folded before Flop (didn't bet)
Seat 4: Luke Duarte folded before Flop (didn't bet)
Seat 5: Dorex2007 (button) folded before Flop (didn't bet)
Seat 6: donderob3 (small blind) collected ($0.35)
Seat 7: eT.NightDemon (big blind) folded before Flop
Seat 8: kvzonx100pre folded before Flop (didn't bet)
Seat 9: Pelino Santos folded before Flop



PokerStars Hand #224579148645:  Hold'em No Limit ($0.01/$0.02 USD) - 2021/03/07 17:05:57 PT [2021/03/07 20:05:57 ET]
Table 'Felicitas II' 9-max Seat #6 is the button
Seat 1: Valentin373 ($2.60 in chips) 
Seat 2: PAAL2020 ($2 in chips) 
Seat 3: POLLO ISRA75 ($1.84 in chips) 
Seat 4: Luke Duarte ($0.65 in chips) 
Seat 5: Dorex2007 ($5.34 in chips) 
Seat 6: donderob3 ($1.44 in chips) 
Seat 7: eT.NightDemon ($0.56 in chips) 
Seat 8: kvzonx100pre ($2 in chips) 
Seat 9: Pelino Santos ($3.66 in chips) 
eT.NightDemon: posts small blind $0.01
kvzonx100pre: posts big blind $0.02
*** HOLE CARDS ***
Dealt to Dorex2007 [7h 9s]
Pelino Santos: folds 
Valentin373: raises $0.03 to $0.05
PAAL2020: folds 
POLLO ISRA75: folds 
Luke Duarte: raises $0.03 to $0.08
Dorex2007: folds 
donderob3: folds 
eT.NightDemon: folds 
kvzonx100pre: folds 
Valentin373: calls $0.03
*** FLOP *** [6c 8c Ks]
Valentin373: checks 
Luke Duarte: bets $0.18
Valentin373: folds 
Uncalled bet ($0.18) returned to Luke Duarte
Luke Duarte collected $0.18 from pot
Luke Duarte: doesn't show hand 
*** SUMMARY ***
Total pot $0.19 | Rake $0.01 
Board [6c 8c Ks]
Seat 1: Valentin373 folded on the Flop
Seat 2: PAAL2020 folded before Flop (didn't bet)
Seat 3: POLLO ISRA75 folded before Flop (didn't bet)
Seat 4: Luke Duarte collected ($0.18)
Seat 5: Dorex2007 folded before Flop (didn't bet)
Seat 6: donderob3 (button) folded before Flop (didn't bet)
Seat 7: eT.NightDemon (small blind) folded before Flop
Seat 8: kvzonx100pre (big blind) folded before Flop
Seat 9: Pelino Santos folded before Flop (didn't bet)



PokerStars Hand #224579158366:  Hold'em No Limit ($0.01/$0.02 USD) - 2021/03/07 17:06:24 PT [2021/03/07 20:06:24 ET]
Table 'Felicitas II' 9-max Seat #7 is the button
Seat 1: Valentin373 ($2.52 in chips) 
Seat 2: PAAL2020 ($2 in chips) 
Seat 3: POLLO ISRA75 ($1.84 in chips) 
Seat 4: Luke Duarte ($0.75 in chips) 
Seat 5: Dorex2007 ($5.34 in chips) 
Seat 6: donderob3 ($1.44 in chips) 
Seat 7: eT.NightDemon ($0.55 in chips) 
Seat 8: kvzonx100pre ($1.98 in chips) 
Seat 9: Pelino Santos ($3.66 in chips) 
kvzonx100pre: posts small blind $0.01
Pelino Santos: posts big blind $0.02
*** HOLE CARDS ***
Dealt to Dorex2007 [Qh 3d]
Valentin373: folds 
PAAL2020: calls $0.02
POLLO ISRA75: folds 
Luke Duarte: folds 
Dorex2007: folds 
donderob3: calls $0.02
eT.NightDemon: raises $0.02 to $0.04
kvzonx100pre: folds 
Pelino Santos: calls $0.02
PAAL2020: calls $0.02
donderob3: calls $0.02
*** FLOP *** [Th 6s 5s]
Pelino Santos: checks 
PAAL2020: checks 
donderob3: bets $0.11
eT.NightDemon: folds 
Pelino Santos: folds 
PAAL2020: folds 
Uncalled bet ($0.11) returned to donderob3
donderob3 collected $0.16 from pot
*** SUMMARY ***
Total pot $0.17 | Rake $0.01 
Board [Th 6s 5s]
Seat 1: Valentin373 folded before Flop (didn't bet)
Seat 2: PAAL2020 folded on the Flop
Seat 3: POLLO ISRA75 folded before Flop (didn't bet)
Seat 4: Luke Duarte folded before Flop (didn't bet)
Seat 5: Dorex2007 folded before Flop (didn't bet)
Seat 6: donderob3 collected ($0.16)
Seat 7: eT.NightDemon (button) folded on the Flop
Seat 8: kvzonx100pre (small blind) folded before Flop
Seat 9: Pelino Santos (big blind) folded on the Flop



PokerStars Hand #224579181057:  Hold'em No Limit ($0.01/$0.02 USD) - 2021/03/07 17:07:27 PT [2021/03/07 20:07:27 ET]
Table 'Felicitas II' 9-max Seat #8 is the button
Seat 1: Valentin373 ($2.52 in chips) 
Seat 2: PAAL2020 ($1.96 in chips) 
Seat 3: POLLO ISRA75 ($1.84 in chips) 
Seat 4: Luke Duarte ($0.75 in chips) 
Seat 5: Dorex2007 ($5.34 in chips) 
Seat 6: donderob3 ($1.56 in chips) 
Seat 7: eT.NightDemon ($0.51 in chips) 
Seat 8: kvzonx100pre ($1.97 in chips) 
Seat 9: Pelino Santos ($3.62 in chips) 
Pelino Santos: posts small blind $0.01
Valentin373: posts big blind $0.02
*** HOLE CARDS ***
Dealt to Dorex2007 [Qh 7d]
PAAL2020: raises $0.02 to $0.04
POLLO ISRA75: calls $0.04
Luke Duarte: folds 
Dorex2007: folds 
donderob3: calls $0.04
eT.NightDemon: calls $0.04
kvzonx100pre: folds 
Pelino Santos: calls $0.03
Valentin373: folds 
*** FLOP *** [8c Td Ad]
Pelino Santos: checks 
PAAL2020: checks 
POLLO ISRA75: checks 
donderob3: bets $0.11
eT.NightDemon: calls $0.11
Pelino Santos: calls $0.11
PAAL2020: calls $0.11
POLLO ISRA75: calls $0.11
*** TURN *** [8c Td Ad] [7h]
Pelino Santos: checks 
PAAL2020: checks 
POLLO ISRA75: checks 
donderob3: checks 
eT.NightDemon: bets $0.08
Pelino Santos: raises $0.16 to $0.24
PAAL2020: calls $0.24
POLLO ISRA75: folds 
donderob3: calls $0.24
eT.NightDemon: calls $0.16
*** RIVER *** [8c Td Ad 7h] [2d]
Pelino Santos: checks 
PAAL2020: bets $0.22
donderob3: calls $0.22
eT.NightDemon: folds 
Pelino Santos: calls $0.22
*** SHOW DOWN ***
PAAL2020: shows [9d Jd] (a flush, Ace high)
donderob3: mucks hand 
Pelino Santos: mucks hand 
PAAL2020 collected $2.31 from pot
*** SUMMARY ***
Total pot $2.39 | Rake $0.08 
Board [8c Td Ad 7h 2d]
Seat 1: Valentin373 (big blind) folded before Flop
Seat 2: PAAL2020 showed [9d Jd] and won ($2.31) with a flush, Ace high
Seat 3: POLLO ISRA75 folded on the Turn
Seat 4: Luke Duarte folded before Flop (didn't bet)
Seat 5: Dorex2007 folded before Flop (didn't bet)
Seat 6: donderob3 mucked [5d 4d]
Seat 7: eT.NightDemon folded on the River
Seat 8: kvzonx100pre (button) folded before Flop (didn't bet)
Seat 9: Pelino Santos (small blind) mucked [6s 9s]



PokerStars Hand #224579226389:  Hold'em No Limit ($0.01/$0.02 USD) - 2021/03/07 17:09:33 PT [2021/03/07 20:09:33 ET]
Table 'Felicitas II' 9-max Seat #9 is the button
Seat 1: Valentin373 ($2.50 in chips) 
Seat 2: PAAL2020 ($3.66 in chips) 
Seat 3: POLLO ISRA75 ($1.69 in chips) 
Seat 4: Luke Duarte ($0.75 in chips) 
Seat 5: Dorex2007 ($5.34 in chips) 
Seat 6: donderob3 ($0.95 in chips) 
Seat 7: eT.NightDemon ($0.12 in chips) 
Seat 8: kvzonx100pre ($1.97 in chips) 
Seat 9: Pelino Santos ($3.01 in chips) 
Valentin373: posts small blind $0.01
PAAL2020: posts big blind $0.02
*** HOLE CARDS ***
Dealt to Dorex2007 [Jc Kc]
POLLO ISRA75: folds 
Luke Duarte: folds 
Dorex2007: raises $0.10 to $0.12
donderob3: folds 
eT.NightDemon: calls $0.12 and is all-in
kvzonx100pre: folds 
Pelino Santos: folds 
Valentin373: calls $0.11
PAAL2020: calls $0.10
*** FLOP *** [3h 2d Jd]
Valentin373: checks 
PAAL2020: checks 
Dorex2007: bets $0.46
Valentin373: folds 
PAAL2020: calls $0.46
*** TURN *** [3h 2d Jd] [Ts]
PAAL2020: checks 
Dorex2007: checks 
*** RIVER *** [3h 2d Jd Ts] [6c]
PAAL2020: checks 
Dorex2007: checks 
*** SHOW DOWN ***
PAAL2020: shows [Jh 8d] (a pair of Jacks)
Dorex2007: shows [Jc Kc] (a pair of Jacks - King kicker)
Dorex2007 collected $0.89 from side pot
eT.NightDemon: shows [2s 2c] (three of a kind, Deuces)
eT.NightDemon collected $0.46 from main pot
*** SUMMARY ***
Total pot $1.40 Main pot $0.46. Side pot $0.89. | Rake $0.05 
Board [3h 2d Jd Ts 6c]
Seat 1: Valentin373 (small blind) folded on the Flop
Seat 2: PAAL2020 (big blind) showed [Jh 8d] and lost with a pair of Jacks
Seat 3: POLLO ISRA75 folded before Flop (didn't bet)
Seat 4: Luke Duarte folded before Flop (didn't bet)
Seat 5: Dorex2007 showed [Jc Kc] and won ($0.89) with a pair of Jacks
Seat 6: donderob3 folded before Flop (didn't bet)
Seat 7: eT.NightDemon showed [2s 2c] and won ($0.46) with three of a kind, Deuces
Seat 8: kvzonx100pre folded before Flop (didn't bet)
Seat 9: Pelino Santos (button) folded before Flop (didn't bet)



PokerStars Hand #224579247588:  Hold'em No Limit ($0.01/$0.02 USD) - 2021/03/07 17:10:32 PT [2021/03/07 20:10:32 ET]
Table 'Felicitas II' 9-max Seat #1 is the button
Seat 1: Valentin373 ($2.38 in chips) 
Seat 2: PAAL2020 ($3.08 in chips) 
Seat 3: POLLO ISRA75 ($1.69 in chips) 
Seat 4: Luke Duarte ($0.75 in chips) 
Seat 5: Dorex2007 ($5.65 in chips) 
Seat 6: donderob3 ($0.95 in chips) 
Seat 7: eT.NightDemon ($0.46 in chips) 
Seat 8: kvzonx100pre ($1.97 in chips) 
Seat 9: Pelino Santos ($3.01 in chips) 
PAAL2020: posts small blind $0.01
POLLO ISRA75: posts big blind $0.02
*** HOLE CARDS ***
Dealt to Dorex2007 [As Jd]
Luke Duarte: folds 
Dorex2007: calls $0.02
donderob3: folds 
eT.NightDemon: folds 
kvzonx100pre: raises $0.06 to $0.08
Pelino Santos: folds 
Valentin373: calls $0.08
Pelino Santos is disconnected 
PAAL2020: calls $0.07
POLLO ISRA75: folds 
Dorex2007: folds 
*** FLOP *** [6h Ks 2h]
PAAL2020: checks 
kvzonx100pre: checks 
Valentin373: bets $0.14
PAAL2020: folds 
kvzonx100pre: folds 
Uncalled bet ($0.14) returned to Valentin373
Valentin373 collected $0.27 from pot
Valentin373: doesn't show hand 
*** SUMMARY ***
Total pot $0.28 | Rake $0.01 
Board [6h Ks 2h]
Seat 1: Valentin373 (button) collected ($0.27)
Seat 2: PAAL2020 (small blind) folded on the Flop
Seat 3: POLLO ISRA75 (big blind) folded before Flop
Seat 4: Luke Duarte folded before Flop (didn't bet)
Seat 5: Dorex2007 folded before Flop
Seat 6: donderob3 folded before Flop (didn't bet)
Seat 7: eT.NightDemon folded before Flop (didn't bet)
Seat 8: kvzonx100pre folded on the Flop
Seat 9: Pelino Santos folded before Flop (didn't bet)



PokerStars Hand #224579268739:  Hold'em No Limit ($0.01/$0.02 USD) - 2021/03/07 17:11:31 PT [2021/03/07 20:11:31 ET]
Table 'Felicitas II' 9-max Seat #2 is the button
Seat 1: Valentin373 ($2.57 in chips) 
Seat 2: PAAL2020 ($3 in chips) 
Seat 4: Luke Duarte ($0.75 in chips) 
Seat 5: Dorex2007 ($5.63 in chips) 
Seat 6: donderob3 ($0.95 in chips) 
Seat 7: eT.NightDemon ($0.46 in chips) 
Seat 8: kvzonx100pre ($1.89 in chips) 
Seat 9: Pelino Santos ($3.01 in chips) 
POLLO ISRA75 has timed out
POLLO ISRA75: is sitting out 
Luke Duarte: posts small blind $0.01
Dorex2007: posts big blind $0.02
*** HOLE CARDS ***
Dealt to Dorex2007 [2d 8s]
donderob3: folds 
eT.NightDemon: folds 
kvzonx100pre: folds 
Pelino Santos has timed out while disconnected
Pelino Santos: folds 
Valentin373 has timed out
Valentin373: folds 
PAAL2020: calls $0.02
Luke Duarte: folds 
Dorex2007: checks 
*** FLOP *** [9c 3c Ad]
Dorex2007: checks 
PAAL2020: checks 
*** TURN *** [9c 3c Ad] [2s]
Dorex2007: checks 
PAAL2020: checks 
*** RIVER *** [9c 3c Ad 2s] [Kh]
Dorex2007: checks 
PAAL2020: checks 
*** SHOW DOWN ***
Dorex2007: shows [2d 8s] (a pair of Deuces)
PAAL2020: mucks hand 
Dorex2007 collected $0.05 from pot
*** SUMMARY ***
Total pot $0.05 | Rake $0 
Board [9c 3c Ad 2s Kh]
Seat 1: Valentin373 folded before Flop (didn't bet)
Seat 2: PAAL2020 (button) mucked [7h 6h]
Seat 4: Luke Duarte (small blind) folded before Flop
Seat 5: Dorex2007 (big blind) showed [2d 8s] and won ($0.05) with a pair of Deuces
Seat 6: donderob3 folded before Flop (didn't bet)
Seat 7: eT.NightDemon folded before Flop (didn't bet)
Seat 8: kvzonx100pre folded before Flop (didn't bet)
Seat 9: Pelino Santos folded before Flop (didn't bet)



PokerStars Hand #224579291561:  Hold'em No Limit ($0.01/$0.02 USD) - 2021/03/07 17:12:35 PT [2021/03/07 20:12:35 ET]
Table 'Felicitas II' 9-max Seat #4 is the button
Seat 1: Valentin373 ($2.57 in chips) 
Seat 2: PAAL2020 ($2.98 in chips) 
Seat 3: POLLO ISRA75 ($1.67 in chips) 
Seat 4: Luke Duarte ($0.74 in chips) 
Seat 5: Dorex2007 ($5.66 in chips) 
Seat 6: donderob3 ($0.95 in chips) 
Seat 7: eT.NightDemon ($0.46 in chips) 
Seat 8: kvzonx100pre ($2 in chips) 
Dorex2007: posts small blind $0.01
donderob3: posts big blind $0.02
POLLO ISRA75: posts small blind $0.01
*** HOLE CARDS ***
Dealt to Dorex2007 [Qd 6h]
eT.NightDemon: folds 
kvzonx100pre: folds 
Valentin373: folds 
PAAL2020 has timed out
PAAL2020: folds 
POLLO ISRA75: calls $0.02
Luke Duarte: calls $0.02
Dorex2007: calls $0.01
donderob3: checks 
*** FLOP *** [2s 9d Jd]
Dorex2007: checks 
donderob3: checks 
POLLO ISRA75: checks 
Luke Duarte: checks 
*** TURN *** [2s 9d Jd] [5s]
Dorex2007: checks 
donderob3: checks 
POLLO ISRA75: checks 
Luke Duarte: checks 
*** RIVER *** [2s 9d Jd 5s] [Ad]
Dorex2007: checks 
donderob3: checks 
POLLO ISRA75: bets $0.18
Luke Duarte: folds 
Dorex2007: folds 
donderob3: folds 
Uncalled bet ($0.18) returned to POLLO ISRA75
POLLO ISRA75 collected $0.09 from pot
POLLO ISRA75: doesn't show hand 
*** SUMMARY ***
Total pot $0.09 | Rake $0 
Board [2s 9d Jd 5s Ad]
Seat 1: Valentin373 folded before Flop (didn't bet)
Seat 2: PAAL2020 folded before Flop (didn't bet)
Seat 3: POLLO ISRA75 collected ($0.09)
Seat 4: Luke Duarte (button) folded on the River
Seat 5: Dorex2007 (small blind) folded on the River
Seat 6: donderob3 (big blind) folded on the River
Seat 7: eT.NightDemon folded before Flop (didn't bet)
Seat 8: kvzonx100pre folded before Flop (didn't bet)



PokerStars Hand #224579322589:  Hold'em No Limit ($0.01/$0.02 USD) - 2021/03/07 17:14:02 PT [2021/03/07 20:14:02 ET]
Table 'Felicitas II' 9-max Seat #5 is the button
Seat 1: Valentin373 ($2.57 in chips) 
Seat 2: PAAL2020 ($2.98 in chips) 
Seat 3: POLLO ISRA75 ($1.73 in chips) 
Seat 4: Luke Duarte ($0.72 in chips) 
Seat 5: Dorex2007 ($5.64 in chips) 
Seat 6: donderob3 ($0.93 in chips) 
Seat 7: eT.NightDemon ($0.46 in chips) 
Seat 8: kvzonx100pre ($2 in chips) 
donderob3: posts small blind $0.01
eT.NightDemon: posts big blind $0.02
*** HOLE CARDS ***
Dealt to Dorex2007 [2h 3d]
kvzonx100pre: folds 
Valentin373: folds 
PAAL2020: folds 
POLLO ISRA75: folds 
Luke Duarte: folds 
Dorex2007: folds 
donderob3: raises $0.05 to $0.07
eT.NightDemon: folds 
Uncalled bet ($0.05) returned to donderob3
donderob3 collected $0.04 from pot
*** SUMMARY ***
Total pot $0.04 | Rake $0 
Seat 1: Valentin373 folded before Flop (didn't bet)
Seat 2: PAAL2020 folded before Flop (didn't bet)
Seat 3: POLLO ISRA75 folded before Flop (didn't bet)
Seat 4: Luke Duarte folded before Flop (didn't bet)
Seat 5: Dorex2007 (button) folded before Flop (didn't bet)
Seat 6: donderob3 (small blind) collected ($0.04)
Seat 7: eT.NightDemon (big blind) folded before Flop
Seat 8: kvzonx100pre folded before Flop (didn't bet)



PokerStars Hand #224579331793:  Hold'em No Limit ($0.01/$0.02 USD) - 2021/03/07 17:14:15 PT [2021/03/07 20:14:15 ET]
Table 'Felicitas II' 9-max Seat #6 is the button
Seat 1: Valentin373 ($2.57 in chips) 
Seat 2: PAAL2020 ($2.98 in chips) 
Seat 3: POLLO ISRA75 ($1.73 in chips) 
Seat 4: Luke Duarte ($0.72 in chips) 
Seat 5: Dorex2007 ($5.64 in chips) 
Seat 6: donderob3 ($0.95 in chips) 
Seat 7: eT.NightDemon ($0.44 in chips) 
Seat 8: kvzonx100pre ($2 in chips) 
eT.NightDemon: posts small blind $0.01
kvzonx100pre: posts big blind $0.02
*** HOLE CARDS ***
Dealt to Dorex2007 [3h 7c]
Valentin373: folds 
PAAL2020: calls $0.02
POLLO ISRA75 has timed out
POLLO ISRA75: folds 
Luke Duarte: folds 
Dorex2007: folds 
donderob3: folds 
eT.NightDemon: folds 
kvzonx100pre: checks 
*** FLOP *** [Qh 2c 3d]
kvzonx100pre: checks 
PAAL2020: checks 
*** TURN *** [Qh 2c 3d] [Th]
kvzonx100pre: checks 
PAAL2020: checks 
*** RIVER *** [Qh 2c 3d Th] [Ac]
kvzonx100pre: checks 
PAAL2020: checks 
*** SHOW DOWN ***
kvzonx100pre: shows [Ts Kd] (a pair of Tens)
PAAL2020: mucks hand 
kvzonx100pre collected $0.05 from pot
*** SUMMARY ***
Total pot $0.05 | Rake $0 
Board [Qh 2c 3d Th Ac]
Seat 1: Valentin373 folded before Flop (didn't bet)
Seat 2: PAAL2020 mucked [Tc 6c]
Seat 3: POLLO ISRA75 folded before Flop (didn't bet)
Seat 4: Luke Duarte folded before Flop (didn't bet)
Seat 5: Dorex2007 folded before Flop (didn't bet)
Seat 6: donderob3 (button) folded before Flop (didn't bet)
Seat 7: eT.NightDemon (small blind) folded before Flop
Seat 8: kvzonx100pre (big blind) showed [Ts Kd] and won ($0.05) with a pair of Tens



PokerStars Hand #224579347321:  Hold'em No Limit ($0.01/$0.02 USD) - 2021/03/07 17:14:59 PT [2021/03/07 20:14:59 ET]
Table 'Felicitas II' 9-max Seat #7 is the button
Seat 1: Valentin373 ($2.57 in chips) 
Seat 2: PAAL2020 ($2.96 in chips) 
Seat 3: POLLO ISRA75 ($1.73 in chips) 
Seat 4: Luke Duarte ($0.72 in chips) 
Seat 5: Dorex2007 ($5.64 in chips) 
Seat 6: donderob3 ($0.95 in chips) 
Seat 7: eT.NightDemon ($0.43 in chips) 
Seat 8: kvzonx100pre ($2.03 in chips) 
kvzonx100pre: posts small blind $0.01
Valentin373: posts big blind $0.02
*** HOLE CARDS ***
Dealt to Dorex2007 [3s 4h]
PAAL2020: folds 
POLLO ISRA75: folds 
Luke Duarte: folds 
Dorex2007: folds 
donderob3: folds 
eT.NightDemon: folds 
kvzonx100pre: folds 
Uncalled bet ($0.01) returned to Valentin373
Valentin373 collected $0.02 from pot
Valentin373: doesn't show hand 
*** SUMMARY ***
Total pot $0.02 | Rake $0 
Seat 1: Valentin373 (big blind) collected ($0.02)
Seat 2: PAAL2020 folded before Flop (didn't bet)
Seat 3: POLLO ISRA75 folded before Flop (didn't bet)
Seat 4: Luke Duarte folded before Flop (didn't bet)
Seat 5: Dorex2007 folded before Flop (didn't bet)
Seat 6: donderob3 folded before Flop (didn't bet)
Seat 7: eT.NightDemon (button) folded before Flop (didn't bet)
Seat 8: kvzonx100pre (small blind) folded before Flop



PokerStars Hand #224579356308:  Hold'em No Limit ($0.01/$0.02 USD) - 2021/03/07 17:15:24 PT [2021/03/07 20:15:24 ET]
Table 'Felicitas II' 9-max Seat #8 is the button
Seat 1: Valentin373 ($2.58 in chips) 
Seat 2: PAAL2020 ($2.96 in chips) 
Seat 3: POLLO ISRA75 ($1.73 in chips) 
Seat 4: Luke Duarte ($0.72 in chips) 
Seat 5: Dorex2007 ($5.64 in chips) 
Seat 6: donderob3 ($0.95 in chips) 
Seat 7: eT.NightDemon ($0.43 in chips) 
Seat 8: kvzonx100pre ($2.02 in chips) 
Valentin373: posts small blind $0.01
PAAL2020: posts big blind $0.02
*** HOLE CARDS ***
Dealt to Dorex2007 [6c Ac]
POLLO ISRA75: folds 
Luke Duarte: folds 
Dorex2007: raises $0.04 to $0.06
donderob3: folds 
eT.NightDemon: folds 
kvzonx100pre: folds 
Valentin373: folds 
PAAL2020: folds 
Uncalled bet ($0.04) returned to Dorex2007
Dorex2007 collected $0.05 from pot
Dorex2007: doesn't show hand 
*** SUMMARY ***
Total pot $0.05 | Rake $0 
Seat 1: Valentin373 (small blind) folded before Flop
Seat 2: PAAL2020 (big blind) folded before Flop
Seat 3: POLLO ISRA75 folded before Flop (didn't bet)
Seat 4: Luke Duarte folded before Flop (didn't bet)
Seat 5: Dorex2007 collected ($0.05)
Seat 6: donderob3 folded before Flop (didn't bet)
Seat 7: eT.NightDemon folded before Flop (didn't bet)
Seat 8: kvzonx100pre (button) folded before Flop (didn't bet)



PokerStars Hand #224579362035:  Hold'em No Limit ($0.01/$0.02 USD) - 2021/03/07 17:15:40 PT [2021/03/07 20:15:40 ET]
Table 'Felicitas II' 9-max Seat #1 is the button
Seat 1: Valentin373 ($2.57 in chips) 
Seat 2: PAAL2020 ($2.94 in chips) 
Seat 3: POLLO ISRA75 ($1.73 in chips) 
Seat 4: Luke Duarte ($0.72 in chips) 
Seat 5: Dorex2007 ($5.67 in chips) 
Seat 6: donderob3 ($0.95 in chips) 
Seat 7: eT.NightDemon ($0.43 in chips) 
Seat 8: kvzonx100pre ($2.02 in chips) 
PAAL2020: posts small blind $0.01
POLLO ISRA75: posts big blind $0.02
*** HOLE CARDS ***
Dealt to Dorex2007 [4d Jd]
Luke Duarte: folds 
Dorex2007: folds 
donderob3: folds 
eT.NightDemon: folds 
kvzonx100pre: folds 
Valentin373: raises $0.03 to $0.05
PAAL2020: folds 
POLLO ISRA75: folds 
Uncalled bet ($0.03) returned to Valentin373
POLLO ISRA75 leaves the table
PAAL2020 leaves the table
Valentin373 collected $0.05 from pot
Valentin373: doesn't show hand 
*** SUMMARY ***
Total pot $0.05 | Rake $0 
Seat 1: Valentin373 (button) collected ($0.05)
Seat 2: PAAL2020 (small blind) folded before Flop
Seat 3: POLLO ISRA75 (big blind) folded before Flop
Seat 4: Luke Duarte folded before Flop (didn't bet)
Seat 5: Dorex2007 folded before Flop (didn't bet)
Seat 6: donderob3 folded before Flop (didn't bet)
Seat 7: eT.NightDemon folded before Flop (didn't bet)
Seat 8: kvzonx100pre folded before Flop (didn't bet)



PokerStars Hand #224579375743:  Hold'em No Limit ($0.01/$0.02 USD) - 2021/03/07 17:16:19 PT [2021/03/07 20:16:19 ET]
Table 'Felicitas II' 9-max Seat #4 is the button
Seat 1: Valentin373 ($2.60 in chips) 
Seat 4: Luke Duarte ($1.02 in chips) 
Seat 5: Dorex2007 ($5.67 in chips) 
Seat 6: donderob3 ($0.95 in chips) 
Seat 7: eT.NightDemon ($0.43 in chips) 
Seat 8: kvzonx100pre ($2.02 in chips) 
Dorex2007: posts small blind $0.01
donderob3: posts big blind $0.02
*** HOLE CARDS ***
Dealt to Dorex2007 [5s 9s]
eT.NightDemon: folds 
kvzonx100pre: folds 
Valentin373: folds 
Luke Duarte: folds 
Dorex2007: calls $0.01
donderob3: checks 
*** FLOP *** [Js 9d Kc]
Dorex2007: checks 
donderob3: bets $0.02
Dorex2007: calls $0.02
*** TURN *** [Js 9d Kc] [8c]
Dorex2007: checks 
donderob3: bets $0.04
Dorex2007: calls $0.04
*** RIVER *** [Js 9d Kc 8c] [Qd]
Dorex2007: checks 
donderob3: checks 
*** SHOW DOWN ***
Dorex2007: shows [5s 9s] (a pair of Nines)
donderob3: shows [Jh 7c] (a pair of Jacks)
donderob3 collected $0.15 from pot
*** SUMMARY ***
Total pot $0.16 | Rake $0.01 
Board [Js 9d Kc 8c Qd]
Seat 1: Valentin373 folded before Flop (didn't bet)
Seat 4: Luke Duarte (button) folded before Flop (didn't bet)
Seat 5: Dorex2007 (small blind) showed [5s 9s] and lost with a pair of Nines
Seat 6: donderob3 (big blind) showed [Jh 7c] and won ($0.15) with a pair of Jacks
Seat 7: eT.NightDemon folded before Flop (didn't bet)
Seat 8: kvzonx100pre folded before Flop (didn't bet)



PokerStars Hand #224579395150:  Hold'em No Limit ($0.01/$0.02 USD) - 2021/03/07 17:16:53 PT [2021/03/07 20:16:53 ET]
Table 'Felicitas II' 9-max Seat #5 is the button
Seat 1: Valentin373 ($2.60 in chips) 
Seat 4: Luke Duarte ($1.02 in chips) 
Seat 5: Dorex2007 ($5.59 in chips) 
Seat 6: donderob3 ($1.02 in chips) 
Seat 7: eT.NightDemon ($0.43 in chips) 
Seat 8: kvzonx100pre ($2.02 in chips) 
donderob3: posts small blind $0.01
eT.NightDemon: posts big blind $0.02
*** HOLE CARDS ***
Dealt to Dorex2007 [Ad 3s]
kvzonx100pre: folds 
Valentin373: folds 
Luke Duarte: folds 
Dorex2007: folds 
donderob3: folds 
Uncalled bet ($0.01) returned to eT.NightDemon
eT.NightDemon collected $0.02 from pot
eT.NightDemon: doesn't show hand 
*** SUMMARY ***
Total pot $0.02 | Rake $0 
Seat 1: Valentin373 folded before Flop (didn't bet)
Seat 4: Luke Duarte folded before Flop (didn't bet)
Seat 5: Dorex2007 (button) folded before Flop (didn't bet)
Seat 6: donderob3 (small blind) folded before Flop
Seat 7: eT.NightDemon (big blind) collected ($0.02)
Seat 8: kvzonx100pre folded before Flop (didn't bet)



PokerStars Hand #224579398859:  Hold'em No Limit ($0.01/$0.02 USD) - 2021/03/07 17:17:03 PT [2021/03/07 20:17:03 ET]
Table 'Felicitas II' 9-max Seat #6 is the button
Seat 1: Valentin373 ($2.60 in chips) 
Seat 4: Luke Duarte ($1.02 in chips) 
Seat 5: Dorex2007 ($5.59 in chips) 
Seat 6: donderob3 ($1.01 in chips) 
Seat 7: eT.NightDemon ($0.44 in chips) 
Seat 8: kvzonx100pre ($2.02 in chips) 
eT.NightDemon: posts small blind $0.01
kvzonx100pre: posts big blind $0.02
*** HOLE CARDS ***
Dealt to Dorex2007 [Tc 9d]
Valentin373: folds 
Frank thetank40 joins the table at seat #2 
Luke Duarte: folds 
Dorex2007: folds 
donderob3: folds 
eT.NightDemon: calls $0.01
kvzonx100pre: checks 
*** FLOP *** [Kc 5c 5d]
tonyarena joins the table at seat #3 
eT.NightDemon: checks 
kvzonx100pre: checks 
*** TURN *** [Kc 5c 5d] [6h]
eT.NightDemon: checks 
kvzonx100pre: checks 
*** RIVER *** [Kc 5c 5d 6h] [3h]
eT.NightDemon: checks 
kvzonx100pre: checks 
*** SHOW DOWN ***
eT.NightDemon: shows [Jd 8s] (a pair of Fives)
kvzonx100pre: shows [Qc Th] (a pair of Fives - King+Queen kicker)
kvzonx100pre collected $0.04 from pot
*** SUMMARY ***
Total pot $0.04 | Rake $0 
Board [Kc 5c 5d 6h 3h]
Seat 1: Valentin373 folded before Flop (didn't bet)
Seat 4: Luke Duarte folded before Flop (didn't bet)
Seat 5: Dorex2007 folded before Flop (didn't bet)
Seat 6: donderob3 (button) folded before Flop (didn't bet)
Seat 7: eT.NightDemon (small blind) showed [Jd 8s] and lost with a pair of Fives
Seat 8: kvzonx100pre (big blind) showed [Qc Th] and won ($0.04) with a pair of Fives



PokerStars Hand #224579424457:  Hold'em No Limit ($0.01/$0.02 USD) - 2021/03/07 17:18:17 PT [2021/03/07 20:18:17 ET]
Table 'Felicitas II' 9-max Seat #7 is the button
Seat 1: Valentin373 ($2.60 in chips) 
Seat 2: Frank thetank40 ($1.60 in chips) 
Seat 3: tonyarena ($1 in chips) 
Seat 4: Luke Duarte ($1.02 in chips) 
Seat 5: Dorex2007 ($5.59 in chips) 
Seat 6: donderob3 ($1.01 in chips) 
Seat 7: eT.NightDemon ($0.42 in chips) 
Seat 8: kvzonx100pre ($2.04 in chips) 
kvzonx100pre: posts small blind $0.01
Valentin373: posts big blind $0.02
Frank thetank40: posts big blind $0.02
tonyarena: posts big blind $0.02
*** HOLE CARDS ***
Dealt to Dorex2007 [4c 7c]
Frank thetank40: checks 
tonyarena: checks 
Luke Duarte: folds 
Dorex2007: folds 
donderob3: folds 
eT.NightDemon: folds 
kvzonx100pre: folds 
Valentin373: raises $0.03 to $0.05
Frank thetank40: folds 
tonyarena: calls $0.03
*** FLOP *** [Jd 8d Qh]
Valentin373: bets $0.06
tonyarena: calls $0.06
*** TURN *** [Jd 8d Qh] [As]
Valentin373: bets $0.18
tonyarena: calls $0.18
*** RIVER *** [Jd 8d Qh As] [5d]
Valentin373: bets $0.18
tonyarena: calls $0.18
*** SHOW DOWN ***
Valentin373: shows [Ad 2h] (a pair of Aces)
tonyarena: shows [Ts Kd] (a straight, Ten to Ace)
tonyarena collected $0.94 from pot
*** SUMMARY ***
Total pot $0.97 | Rake $0.03 
Board [Jd 8d Qh As 5d]
Seat 1: Valentin373 (big blind) showed [Ad 2h] and lost with a pair of Aces
Seat 2: Frank thetank40 folded before Flop (didn't bet)
Seat 3: tonyarena showed [Ts Kd] and won ($0.94) with a straight, Ten to Ace
Seat 4: Luke Duarte folded before Flop (didn't bet)
Seat 5: Dorex2007 folded before Flop (didn't bet)
Seat 6: donderob3 folded before Flop (didn't bet)
Seat 7: eT.NightDemon (button) folded before Flop (didn't bet)
Seat 8: kvzonx100pre (small blind) folded before Flop



PokerStars Hand #224579453674:  Hold'em No Limit ($0.01/$0.02 USD) - 2021/03/07 17:19:25 PT [2021/03/07 20:19:25 ET]
Table 'Felicitas II' 9-max Seat #8 is the button
Seat 1: Valentin373 ($2.13 in chips) 
Seat 2: Frank thetank40 ($1.58 in chips) 
Seat 3: tonyarena ($1.47 in chips) 
Seat 4: Luke Duarte ($1.02 in chips) 
Seat 5: Dorex2007 ($5.59 in chips) 
Seat 6: donderob3 ($1.01 in chips) 
Seat 7: eT.NightDemon ($0.42 in chips) 
Seat 8: kvzonx100pre ($2.03 in chips) 
Valentin373: posts small blind $0.01
Frank thetank40: posts big blind $0.02
*** HOLE CARDS ***
Dealt to Dorex2007 [Qh 7h]
tonyarena: folds 
Luke Duarte: folds 
Dorex2007: folds 
donderob3: raises $0.05 to $0.07
eT.NightDemon: folds 
kvzonx100pre: folds 
Valentin373: folds 
Frank thetank40: folds 
Uncalled bet ($0.05) returned to donderob3
donderob3 collected $0.05 from pot
*** SUMMARY ***
Total pot $0.05 | Rake $0 
Seat 1: Valentin373 (small blind) folded before Flop
Seat 2: Frank thetank40 (big blind) folded before Flop
Seat 3: tonyarena folded before Flop (didn't bet)
Seat 4: Luke Duarte folded before Flop (didn't bet)
Seat 5: Dorex2007 folded before Flop (didn't bet)
Seat 6: donderob3 collected ($0.05)
Seat 7: eT.NightDemon folded before Flop (didn't bet)
Seat 8: kvzonx100pre (button) folded before Flop (didn't bet)



PokerStars Hand #224579467074:  Hold'em No Limit ($0.01/$0.02 USD) - 2021/03/07 17:20:03 PT [2021/03/07 20:20:03 ET]
Table 'Felicitas II' 9-max Seat #1 is the button
Seat 1: Valentin373 ($2.12 in chips) 
Seat 2: Frank thetank40 ($1.56 in chips) 
Seat 3: tonyarena ($1.47 in chips) 
Seat 4: Luke Duarte ($1.02 in chips) 
Seat 5: Dorex2007 ($5.59 in chips) 
Seat 6: donderob3 ($1.04 in chips) 
Seat 7: eT.NightDemon ($0.42 in chips) 
Seat 8: kvzonx100pre ($2.03 in chips) 
Frank thetank40: posts small blind $0.01
tonyarena: posts big blind $0.02
*** HOLE CARDS ***
Dealt to Dorex2007 [4d 3h]
Luke Duarte has timed out
Luke Duarte: folds 
Dorex2007: folds 
donderob3: folds 
eT.NightDemon: calls $0.02
kvzonx100pre: folds 
Valentin373: folds 
Frank thetank40: calls $0.01
tonyarena: checks 
*** FLOP *** [5h Js 3d]
Frank thetank40: checks 
tonyarena: checks 
eT.NightDemon: bets $0.04
Frank thetank40: folds 
tonyarena: folds 
Uncalled bet ($0.04) returned to eT.NightDemon
eT.NightDemon collected $0.06 from pot
eT.NightDemon: doesn't show hand 
*** SUMMARY ***
Total pot $0.06 | Rake $0 
Board [5h Js 3d]
Seat 1: Valentin373 (button) folded before Flop (didn't bet)
Seat 2: Frank thetank40 (small blind) folded on the Flop
Seat 3: tonyarena (big blind) folded on the Flop
Seat 4: Luke Duarte folded before Flop (didn't bet)
Seat 5: Dorex2007 folded before Flop (didn't bet)
Seat 6: donderob3 folded before Flop (didn't bet)
Seat 7: eT.NightDemon collected ($0.06)
Seat 8: kvzonx100pre folded before Flop (didn't bet)



PokerStars Hand #224579481355:  Hold'em No Limit ($0.01/$0.02 USD) - 2021/03/07 17:20:44 PT [2021/03/07 20:20:44 ET]
Table 'Felicitas II' 9-max Seat #2 is the button
Seat 1: Valentin373 ($2.12 in chips) 
Seat 2: Frank thetank40 ($1.54 in chips) 
Seat 3: tonyarena ($1.45 in chips) 
Seat 4: Luke Duarte ($1.02 in chips) 
Seat 5: Dorex2007 ($5.59 in chips) 
Seat 6: donderob3 ($1.04 in chips) 
Seat 7: eT.NightDemon ($0.46 in chips) 
Seat 8: kvzonx100pre ($2.03 in chips) 
tonyarena: posts small blind $0.01
Luke Duarte: posts big blind $0.02
*** HOLE CARDS ***
Dealt to Dorex2007 [7s 4d]
Dorex2007: folds 
Pelino Santos leaves the table
donderob3: folds 
eT.NightDemon: folds 
kvzonx100pre: folds 
Valentin373: raises $0.03 to $0.05
Frank thetank40: calls $0.05
tonyarena: folds 
Luke Duarte: folds 
*** FLOP *** [5h 9s Th]
Valentin373: bets $0.04
Frank thetank40: calls $0.04
*** TURN *** [5h 9s Th] [4h]
t-rask81 joins the table at seat #9 
Valentin373: checks 
Frank thetank40: checks 
*** RIVER *** [5h 9s Th 4h] [9c]
Valentin373: checks 
Frank thetank40: checks 
*** SHOW DOWN ***
Valentin373: shows [7c Jc] (a pair of Nines)
Frank thetank40: shows [2c Ac] (a pair of Nines - Ace kicker)
Frank thetank40 collected $0.20 from pot
*** SUMMARY ***
Total pot $0.21 | Rake $0.01 
Board [5h 9s Th 4h 9c]
Seat 1: Valentin373 showed [7c Jc] and lost with a pair of Nines
Seat 2: Frank thetank40 (button) showed [2c Ac] and won ($0.20) with a pair of Nines
Seat 3: tonyarena (small blind) folded before Flop
Seat 4: Luke Duarte (big blind) folded before Flop
Seat 5: Dorex2007 folded before Flop (didn't bet)
Seat 6: donderob3 folded before Flop (didn't bet)
Seat 7: eT.NightDemon folded before Flop (didn't bet)
Seat 8: kvzonx100pre folded before Flop (didn't bet)



PokerStars Hand #224579498977:  Hold'em No Limit ($0.01/$0.02 USD) - 2021/03/07 17:21:35 PT [2021/03/07 20:21:35 ET]
Table 'Felicitas II' 9-max Seat #3 is the button
Seat 1: Valentin373 ($2.03 in chips) 
Seat 2: Frank thetank40 ($1.65 in chips) 
Seat 3: tonyarena ($1.44 in chips) 
Seat 4: Luke Duarte ($1 in chips) 
Seat 5: Dorex2007 ($5.59 in chips) 
Seat 6: donderob3 ($1.04 in chips) 
Seat 7: eT.NightDemon ($0.46 in chips) 
Seat 8: kvzonx100pre ($2.03 in chips) 
Luke Duarte: posts small blind $0.01
Dorex2007: posts big blind $0.02
t-rask81: sits out 
*** HOLE CARDS ***
Dealt to Dorex2007 [7c 5d]
donderob3: raises $0.05 to $0.07
eT.NightDemon: folds 
kvzonx100pre: calls $0.07
Valentin373: folds 
t-rask81 leaves the table
Frank thetank40: folds 
tonyarena: folds 
Luke Duarte: folds 
Dorex2007: folds 
*** FLOP *** [Kh 7h 3c]
donderob3: bets $0.08
kvzonx100pre: calls $0.08
*** TURN *** [Kh 7h 3c] [8d]
donderob3: bets $0.16
kvzonx100pre: calls $0.16
*** RIVER *** [Kh 7h 3c 8d] [7s]
donderob3: checks 
kvzonx100pre: checks 
*** SHOW DOWN ***
donderob3: shows [Jd Jc] (two pair, Jacks and Sevens)
kvzonx100pre: shows [Qd Qh] (two pair, Queens and Sevens)
kvzonx100pre collected $0.63 from pot
*** SUMMARY ***
Total pot $0.65 | Rake $0.02 
Board [Kh 7h 3c 8d 7s]
Seat 1: Valentin373 folded before Flop (didn't bet)
Seat 2: Frank thetank40 folded before Flop (didn't bet)
Seat 3: tonyarena (button) folded before Flop (didn't bet)
Seat 4: Luke Duarte (small blind) folded before Flop
Seat 5: Dorex2007 (big blind) folded before Flop
Seat 6: donderob3 showed [Jd Jc] and lost with two pair, Jacks and Sevens
Seat 7: eT.NightDemon folded before Flop (didn't bet)
Seat 8: kvzonx100pre showed [Qd Qh] and won ($0.63) with two pair, Queens and Sevens



PokerStars Hand #224579523068:  Hold'em No Limit ($0.01/$0.02 USD) - 2021/03/07 17:22:44 PT [2021/03/07 20:22:44 ET]
Table 'Felicitas II' 9-max Seat #4 is the button
Seat 1: Valentin373 ($2.03 in chips) 
Seat 2: Frank thetank40 ($1.65 in chips) 
Seat 3: tonyarena ($1.44 in chips) 
Seat 4: Luke Duarte ($0.99 in chips) 
Seat 5: Dorex2007 ($5.57 in chips) 
Seat 6: donderob3 ($0.73 in chips) 
Seat 7: eT.NightDemon ($0.46 in chips) 
Seat 8: kvzonx100pre ($2.35 in chips) 
Dorex2007: posts small blind $0.01
donderob3: posts big blind $0.02
*** HOLE CARDS ***
Dealt to Dorex2007 [3h Qh]
eT.NightDemon: raises $0.02 to $0.04
kvzonx100pre: folds 
Valentin373: folds 
Frank thetank40: folds 
tito.ruiz94 joins the table at seat #9 
tonyarena: folds 
Luke Duarte: folds 
Dorex2007: folds 
donderob3: calls $0.02
*** FLOP *** [Kc 5d 4d]
donderob3: bets $0.06
eT.NightDemon: calls $0.06
*** TURN *** [Kc 5d 4d] [3s]
donderob3: bets $0.10
eT.NightDemon: calls $0.10
*** RIVER *** [Kc 5d 4d 3s] [Js]
donderob3: checks 
eT.NightDemon: bets $0.26 and is all-in
donderob3: calls $0.26
*** SHOW DOWN ***
eT.NightDemon: shows [Ks Qs] (a pair of Kings)
donderob3: shows [Ad 5c] (a pair of Fives)
eT.NightDemon collected $0.90 from pot
*** SUMMARY ***
Total pot $0.93 | Rake $0.03 
Board [Kc 5d 4d 3s Js]
Seat 1: Valentin373 folded before Flop (didn't bet)
Seat 2: Frank thetank40 folded before Flop (didn't bet)
Seat 3: tonyarena folded before Flop (didn't bet)
Seat 4: Luke Duarte (button) folded before Flop (didn't bet)
Seat 5: Dorex2007 (small blind) folded before Flop
Seat 6: donderob3 (big blind) showed [Ad 5c] and lost with a pair of Fives
Seat 7: eT.NightDemon showed [Ks Qs] and won ($0.90) with a pair of Kings
Seat 8: kvzonx100pre folded before Flop (didn't bet)



