PokerStars Hand #225942389745:  Hold'em No Limit ($0.01/$0.02 USD) - 2021/04/17 15:50:34 PT [2021/04/17 18:50:34 ET]
Table 'Asios II' 9-max Seat #2 is the button
Seat 1: polly727 ($4.75 in chips) 
Seat 2: LyoshaSem ($6.14 in chips) 
Seat 5: Arn0Nyn ($1.48 in chips) 
Seat 6: Yuri Colmerauer ($2.23 in chips) 
Seat 7: coolmasja ($1.82 in chips) 
Seat 8: Kiman11 ($0.57 in chips) 
Seat 9: Dorex2007 ($1.50 in chips) 
Arn0Nyn: posts small blind $0.01
Yuri Colmerauer: posts big blind $0.02
Dorex2007: posts big blind $0.02
*** HOLE CARDS ***
Dealt to Dorex2007 [4c Ah]
coolmasja has timed out
coolmasja: folds 
Kiman11: folds 
Dorex2007: checks 
polly727: folds 
coolmasja leaves the table
LyoshaSem: calls $0.02
Arn0Nyn: calls $0.01
Yuri Colmerauer: checks 
*** FLOP *** [6c 6h 7c]
Arn0Nyn: checks 
Yuri Colmerauer: checks 
Dorex2007: checks 
LyoshaSem: bets $0.04
Arn0Nyn: folds 
Yuri Colmerauer: folds 
Dorex2007: folds 
Uncalled bet ($0.04) returned to LyoshaSem
LyoshaSem collected $0.08 from pot
LyoshaSem: doesn't show hand 
*** SUMMARY ***
Total pot $0.08 | Rake $0 
Board [6c 6h 7c]
Seat 1: polly727 folded before Flop (didn't bet)
Seat 2: LyoshaSem (button) collected ($0.08)
Seat 5: Arn0Nyn (small blind) folded on the Flop
Seat 6: Yuri Colmerauer (big blind) folded on the Flop
Seat 7: coolmasja folded before Flop (didn't bet)
Seat 8: Kiman11 folded before Flop (didn't bet)
Seat 9: Dorex2007 folded on the Flop (didn't bet)



PokerStars Hand #225942429760:  Hold'em No Limit ($0.01/$0.02 USD) - 2021/04/17 15:51:35 PT [2021/04/17 18:51:35 ET]
Table 'Asios II' 9-max Seat #5 is the button
Seat 1: polly727 ($4.75 in chips) 
Seat 2: LyoshaSem ($6.20 in chips) 
Seat 5: Arn0Nyn ($1.46 in chips) 
Seat 6: Yuri Colmerauer ($2.21 in chips) 
Seat 8: Kiman11 ($0.57 in chips) 
Seat 9: Dorex2007 ($1.48 in chips) 
Yuri Colmerauer: posts small blind $0.01
Kiman11: posts big blind $0.02
*** HOLE CARDS ***
Dealt to Dorex2007 [As 3d]
Dorex2007: folds 
polly727: raises $0.05 to $0.07
LyoshaSem: calls $0.07
Arn0Nyn: folds 
Yuri Colmerauer: folds 
Kiman11: folds 
*** FLOP *** [8s 3c 7h]
polly727: checks 
LyoshaSem: bets $0.08
polly727: folds 
Uncalled bet ($0.08) returned to LyoshaSem
LyoshaSem collected $0.16 from pot
LyoshaSem: doesn't show hand 
*** SUMMARY ***
Total pot $0.17 | Rake $0.01 
Board [8s 3c 7h]
Seat 1: polly727 folded on the Flop
Seat 2: LyoshaSem collected ($0.16)
Seat 5: Arn0Nyn (button) folded before Flop (didn't bet)
Seat 6: Yuri Colmerauer (small blind) folded before Flop
Seat 8: Kiman11 (big blind) folded before Flop
Seat 9: Dorex2007 folded before Flop (didn't bet)



PokerStars Hand #225942443436:  Hold'em No Limit ($0.01/$0.02 USD) - 2021/04/17 15:52:02 PT [2021/04/17 18:52:02 ET]
Table 'Asios II' 9-max Seat #6 is the button
Seat 1: polly727 ($4.68 in chips) 
Seat 2: LyoshaSem ($6.29 in chips) 
Seat 5: Arn0Nyn ($1.46 in chips) 
Seat 6: Yuri Colmerauer ($2.20 in chips) 
Seat 8: Kiman11 ($0.55 in chips) 
Seat 9: Dorex2007 ($1.48 in chips) 
Kiman11: posts small blind $0.01
Dorex2007: posts big blind $0.02
*** HOLE CARDS ***
Dealt to Dorex2007 [Kc 2d]
polly727: raises $0.05 to $0.07
LyoshaSem: folds 
Arn0Nyn: folds 
Yuri Colmerauer: folds 
Kiman11: folds 
Dorex2007: folds 
Uncalled bet ($0.05) returned to polly727
polly727 collected $0.05 from pot
*** SUMMARY ***
Total pot $0.05 | Rake $0 
Seat 1: polly727 collected ($0.05)
Seat 2: LyoshaSem folded before Flop (didn't bet)
Seat 5: Arn0Nyn folded before Flop (didn't bet)
Seat 6: Yuri Colmerauer (button) folded before Flop (didn't bet)
Seat 8: Kiman11 (small blind) folded before Flop
Seat 9: Dorex2007 (big blind) folded before Flop



PokerStars Hand #225942450295:  Hold'em No Limit ($0.01/$0.02 USD) - 2021/04/17 15:52:16 PT [2021/04/17 18:52:16 ET]
Table 'Asios II' 9-max Seat #8 is the button
Seat 1: polly727 ($4.71 in chips) 
Seat 2: LyoshaSem ($6.29 in chips) 
Seat 5: Arn0Nyn ($1.46 in chips) 
Seat 6: Yuri Colmerauer ($2.20 in chips) 
Seat 8: Kiman11 ($0.54 in chips) 
Seat 9: Dorex2007 ($1.46 in chips) 
Dorex2007: posts small blind $0.01
polly727: posts big blind $0.02
*** HOLE CARDS ***
Dealt to Dorex2007 [8d 3s]
LyoshaSem: folds 
Arn0Nyn: folds 
Yuri Colmerauer: folds 
Kiman11: raises $0.04 to $0.06
Dorex2007: folds 
polly727: calls $0.04
*** FLOP *** [9s Qc 7d]
polly727: checks 
Kiman11: checks 
*** TURN *** [9s Qc 7d] [4s]
polly727: checks 
Kiman11: checks 
*** RIVER *** [9s Qc 7d 4s] [Ad]
adp1289 leaves the table
polly727: bets $0.07
Kiman11: calls $0.07
*** SHOW DOWN ***
polly727: shows [Ac 5d] (a pair of Aces)
Kiman11: shows [As 3h] (a pair of Aces)
polly727 collected $0.13 from pot
Kiman11 collected $0.13 from pot
*** SUMMARY ***
Total pot $0.27 | Rake $0.01 
Board [9s Qc 7d 4s Ad]
Seat 1: polly727 (big blind) showed [Ac 5d] and won ($0.13) with a pair of Aces
Seat 2: LyoshaSem folded before Flop (didn't bet)
Seat 5: Arn0Nyn folded before Flop (didn't bet)
Seat 6: Yuri Colmerauer folded before Flop (didn't bet)
Seat 8: Kiman11 (button) showed [As 3h] and won ($0.13) with a pair of Aces
Seat 9: Dorex2007 (small blind) folded before Flop



PokerStars Hand #225942476376:  Hold'em No Limit ($0.01/$0.02 USD) - 2021/04/17 15:53:07 PT [2021/04/17 18:53:07 ET]
Table 'Asios II' 9-max Seat #9 is the button
Seat 1: polly727 ($4.71 in chips) 
Seat 2: LyoshaSem ($6.29 in chips) 
Seat 5: Arn0Nyn ($1.46 in chips) 
Seat 6: Yuri Colmerauer ($2.20 in chips) 
Seat 8: Kiman11 ($0.54 in chips) 
Seat 9: Dorex2007 ($1.45 in chips) 
polly727: posts small blind $0.01
LyoshaSem: posts big blind $0.02
*** HOLE CARDS ***
Dealt to Dorex2007 [4s Js]
Arn0Nyn: folds 
Yuri Colmerauer: folds 
Kiman11: folds 
Dorex2007: folds 
polly727: calls $0.01
LyoshaSem: raises $0.05 to $0.07
polly727: folds 
Uncalled bet ($0.05) returned to LyoshaSem
LyoshaSem collected $0.04 from pot
LyoshaSem: doesn't show hand 
*** SUMMARY ***
Total pot $0.04 | Rake $0 
Seat 1: polly727 (small blind) folded before Flop
Seat 2: LyoshaSem (big blind) collected ($0.04)
Seat 5: Arn0Nyn folded before Flop (didn't bet)
Seat 6: Yuri Colmerauer folded before Flop (didn't bet)
Seat 8: Kiman11 folded before Flop (didn't bet)
Seat 9: Dorex2007 (button) folded before Flop (didn't bet)



PokerStars Hand #225942486073:  Hold'em No Limit ($0.01/$0.02 USD) - 2021/04/17 15:53:26 PT [2021/04/17 18:53:26 ET]
Table 'Asios II' 9-max Seat #1 is the button
Seat 1: polly727 ($4.69 in chips) 
Seat 2: LyoshaSem ($6.31 in chips) 
Seat 5: Arn0Nyn ($1.46 in chips) 
Seat 6: Yuri Colmerauer ($2.20 in chips) 
Seat 8: Kiman11 ($0.54 in chips) 
Seat 9: Dorex2007 ($1.45 in chips) 
LyoshaSem: posts small blind $0.01
Arn0Nyn: posts big blind $0.02
*** HOLE CARDS ***
Dealt to Dorex2007 [6s 9d]
Yuri Colmerauer: raises $0.04 to $0.06
Kiman11: folds 
Dorex2007: folds 
polly727: folds 
LyoshaSem: folds 
Arn0Nyn: folds 
Uncalled bet ($0.04) returned to Yuri Colmerauer
Yuri Colmerauer collected $0.05 from pot
Yuri Colmerauer: doesn't show hand 
*** SUMMARY ***
Total pot $0.05 | Rake $0 
Seat 1: polly727 (button) folded before Flop (didn't bet)
Seat 2: LyoshaSem (small blind) folded before Flop
Seat 5: Arn0Nyn (big blind) folded before Flop
Seat 6: Yuri Colmerauer collected ($0.05)
Seat 8: Kiman11 folded before Flop (didn't bet)
Seat 9: Dorex2007 folded before Flop (didn't bet)



PokerStars Hand #225942490777:  Hold'em No Limit ($0.01/$0.02 USD) - 2021/04/17 15:53:35 PT [2021/04/17 18:53:35 ET]
Table 'Asios II' 9-max Seat #2 is the button
Seat 1: polly727 ($4.69 in chips) 
Seat 2: LyoshaSem ($6.30 in chips) 
Seat 5: Arn0Nyn ($1.44 in chips) 
Seat 6: Yuri Colmerauer ($2.23 in chips) 
Seat 8: Kiman11 ($0.54 in chips) 
Seat 9: Dorex2007 ($1.45 in chips) 
Arn0Nyn: posts small blind $0.01
Yuri Colmerauer: posts big blind $0.02
*** HOLE CARDS ***
Dealt to Dorex2007 [7d 4d]
Kiman11: raises $0.04 to $0.06
Dorex2007: folds 
polly727: folds 
LyoshaSem: folds 
Arn0Nyn: folds 
Yuri Colmerauer: raises $0.13 to $0.19
Kiman11: raises $0.35 to $0.54 and is all-in
Yuri Colmerauer: calls $0.35
*** FLOP *** [8s 5h Qd]
*** TURN *** [8s 5h Qd] [6s]
*** RIVER *** [8s 5h Qd 6s] [3s]
*** SHOW DOWN ***
Yuri Colmerauer: shows [Tc Ac] (high card Ace)
Kiman11: shows [Kc As] (high card Ace - King kicker)
Kiman11 cashed out the hand for $0.72 | Cash Out Fee $0.01
*** SUMMARY ***
Total pot $1.09 | Rake $0.04 
Board [8s 5h Qd 6s 3s]
Seat 1: polly727 folded before Flop (didn't bet)
Seat 2: LyoshaSem (button) folded before Flop (didn't bet)
Seat 5: Arn0Nyn (small blind) folded before Flop
Seat 6: Yuri Colmerauer (big blind) showed [Tc Ac] and lost with high card Ace
Seat 8: Kiman11 showed [Kc As] and won ($1.05) with high card Ace (pot not awarded as player cashed out)
Seat 9: Dorex2007 folded before Flop (didn't bet)



PokerStars Hand #225942508630:  Hold'em No Limit ($0.01/$0.02 USD) - 2021/04/17 15:54:11 PT [2021/04/17 18:54:11 ET]
Table 'Asios II' 9-max Seat #5 is the button
Seat 1: polly727 ($4.69 in chips) 
Seat 2: LyoshaSem ($6.30 in chips) 
Seat 3: Nasuliini ($1.22 in chips) 
Seat 5: Arn0Nyn ($1.43 in chips) 
Seat 6: Yuri Colmerauer ($2 in chips) 
Seat 8: Kiman11 ($0.72 in chips) 
Seat 9: Dorex2007 ($1.45 in chips) 
Yuri Colmerauer: posts small blind $0.01
Kiman11: posts big blind $0.02
Nasuliini: posts small & big blinds $0.03
*** HOLE CARDS ***
Dealt to Dorex2007 [Qc Qd]
Dorex2007: raises $0.04 to $0.06
polly727: folds 
LyoshaSem: calls $0.06
Nasuliini: calls $0.04
Arn0Nyn: folds 
Yuri Colmerauer: folds 
Kiman11: folds 
*** FLOP *** [9s 2c 4h]
Dorex2007: bets $0.21
LyoshaSem: calls $0.21
Nasuliini: folds 
*** TURN *** [9s 2c 4h] [8h]
Dorex2007: bets $0.62
LyoshaSem: folds 
Uncalled bet ($0.62) returned to Dorex2007
Dorex2007 collected $0.62 from pot
Dorex2007: doesn't show hand 
*** SUMMARY ***
Total pot $0.64 | Rake $0.02 
Board [9s 2c 4h 8h]
Seat 1: polly727 folded before Flop (didn't bet)
Seat 2: LyoshaSem folded on the Turn
Seat 3: Nasuliini folded on the Flop
Seat 5: Arn0Nyn (button) folded before Flop (didn't bet)
Seat 6: Yuri Colmerauer (small blind) folded before Flop
Seat 8: Kiman11 (big blind) folded before Flop
Seat 9: Dorex2007 collected ($0.62)



PokerStars Hand #225942541399:  Hold'em No Limit ($0.01/$0.02 USD) - 2021/04/17 15:55:20 PT [2021/04/17 18:55:20 ET]
Table 'Asios II' 9-max Seat #6 is the button
Seat 1: polly727 ($4.69 in chips) 
Seat 2: LyoshaSem ($6.03 in chips) 
Seat 3: Nasuliini ($1.15 in chips) 
Seat 5: Arn0Nyn ($1.43 in chips) 
Seat 6: Yuri Colmerauer ($2 in chips) 
Seat 8: Kiman11 ($0.70 in chips) 
Seat 9: Dorex2007 ($2 in chips) 
Kiman11: posts small blind $0.01
Dorex2007: posts big blind $0.02
*** HOLE CARDS ***
Dealt to Dorex2007 [5h Ah]
polly727: folds 
LyoshaSem: raises $0.03 to $0.05
Nasuliini: folds 
Arn0Nyn: calls $0.05
Yuri Colmerauer: folds 
Kiman11: folds 
Dorex2007: calls $0.03
*** FLOP *** [9d Th 5d]
Dorex2007: checks 
LyoshaSem: bets $0.06
Arn0Nyn: folds 
Dorex2007: calls $0.06
*** TURN *** [9d Th 5d] [Jd]
Dorex2007: bets $0.27
LyoshaSem: raises $0.33 to $0.60
Dorex2007: folds 
Uncalled bet ($0.33) returned to LyoshaSem
LyoshaSem collected $0.79 from pot
LyoshaSem: doesn't show hand 
*** SUMMARY ***
Total pot $0.82 | Rake $0.03 
Board [9d Th 5d Jd]
Seat 1: polly727 folded before Flop (didn't bet)
Seat 2: LyoshaSem collected ($0.79)
Seat 3: Nasuliini folded before Flop (didn't bet)
Seat 5: Arn0Nyn folded on the Flop
Seat 6: Yuri Colmerauer (button) folded before Flop (didn't bet)
Seat 8: Kiman11 (small blind) folded before Flop
Seat 9: Dorex2007 (big blind) folded on the Turn



PokerStars Hand #225942557244:  Hold'em No Limit ($0.01/$0.02 USD) - 2021/04/17 15:56:03 PT [2021/04/17 18:56:03 ET]
Table 'Asios II' 9-max Seat #8 is the button
Seat 1: polly727 ($4.69 in chips) 
Seat 2: LyoshaSem ($6.44 in chips) 
Seat 3: Nasuliini ($1.15 in chips) 
Seat 5: Arn0Nyn ($1.38 in chips) 
Seat 6: Yuri Colmerauer ($2 in chips) 
Seat 8: Kiman11 ($0.69 in chips) 
Seat 9: Dorex2007 ($1.62 in chips) 
Dorex2007: posts small blind $0.01
polly727: posts big blind $0.02
*** HOLE CARDS ***
Dealt to Dorex2007 [2h 2d]
LyoshaSem: folds 
Nasuliini: folds 
Arn0Nyn: folds 
Yuri Colmerauer: raises $0.04 to $0.06
Kiman11: folds 
Dorex2007: folds 
polly727: folds 
Uncalled bet ($0.04) returned to Yuri Colmerauer
Yuri Colmerauer collected $0.05 from pot
Yuri Colmerauer: doesn't show hand 
*** SUMMARY ***
Total pot $0.05 | Rake $0 
Seat 1: polly727 (big blind) folded before Flop
Seat 2: LyoshaSem folded before Flop (didn't bet)
Seat 3: Nasuliini folded before Flop (didn't bet)
Seat 5: Arn0Nyn folded before Flop (didn't bet)
Seat 6: Yuri Colmerauer collected ($0.05)
Seat 8: Kiman11 (button) folded before Flop (didn't bet)
Seat 9: Dorex2007 (small blind) folded before Flop



PokerStars Hand #225942562093:  Hold'em No Limit ($0.01/$0.02 USD) - 2021/04/17 15:56:16 PT [2021/04/17 18:56:16 ET]
Table 'Asios II' 9-max Seat #9 is the button
Seat 1: polly727 ($4.67 in chips) 
Seat 2: LyoshaSem ($6.44 in chips) 
Seat 3: Nasuliini ($1.15 in chips) 
Seat 5: Arn0Nyn ($1.38 in chips) 
Seat 6: Yuri Colmerauer ($2.03 in chips) 
Seat 8: Kiman11 ($0.69 in chips) 
Seat 9: Dorex2007 ($1.99 in chips) 
polly727: posts small blind $0.01
LyoshaSem: posts big blind $0.02
*** HOLE CARDS ***
Dealt to Dorex2007 [Td Qc]
Nasuliini: folds 
Arn0Nyn: folds 
Yuri Colmerauer: folds 
Kiman11: folds 
Dorex2007: raises $0.04 to $0.06
polly727: folds 
LyoshaSem: calls $0.04
*** FLOP *** [5s 4h 8d]
LyoshaSem: checks 
Dorex2007: checks 
*** TURN *** [5s 4h 8d] [Kc]
LyoshaSem: checks 
Dorex2007: checks 
*** RIVER *** [5s 4h 8d Kc] [2c]
LyoshaSem: checks 
Dorex2007: bets $0.13
LyoshaSem: folds 
Uncalled bet ($0.13) returned to Dorex2007
Dorex2007 collected $0.13 from pot
Dorex2007: doesn't show hand 
*** SUMMARY ***
Total pot $0.13 | Rake $0 
Board [5s 4h 8d Kc 2c]
Seat 1: polly727 (small blind) folded before Flop
Seat 2: LyoshaSem (big blind) folded on the River
Seat 3: Nasuliini folded before Flop (didn't bet)
Seat 5: Arn0Nyn folded before Flop (didn't bet)
Seat 6: Yuri Colmerauer folded before Flop (didn't bet)
Seat 8: Kiman11 folded before Flop (didn't bet)
Seat 9: Dorex2007 (button) collected ($0.13)



PokerStars Hand #225942580112:  Hold'em No Limit ($0.01/$0.02 USD) - 2021/04/17 15:57:05 PT [2021/04/17 18:57:05 ET]
Table 'Asios II' 9-max Seat #1 is the button
Seat 1: polly727 ($4.66 in chips) 
Seat 2: LyoshaSem ($6.38 in chips) 
Seat 3: Nasuliini ($1.15 in chips) 
Seat 5: Arn0Nyn ($1.38 in chips) 
Seat 6: Yuri Colmerauer ($2.03 in chips) 
Seat 8: Kiman11 ($0.69 in chips) 
Seat 9: Dorex2007 ($2.06 in chips) 
LyoshaSem: posts small blind $0.01
Nasuliini: posts big blind $0.02
*** HOLE CARDS ***
Dealt to Dorex2007 [Qc 9c]
Arn0Nyn: calls $0.02
Yuri Colmerauer: folds 
Kiman11: folds 
Dorex2007: calls $0.02
polly727: folds 
LyoshaSem: calls $0.01
Nasuliini: checks 
*** FLOP *** [2s Ad 7h]
LyoshaSem: checks 
Nasuliini: checks 
Arn0Nyn: bets $0.05
Dorex2007: folds 
LyoshaSem: calls $0.05
Nasuliini: folds 
*** TURN *** [2s Ad 7h] [9d]
LyoshaSem: checks 
Arn0Nyn: checks 
*** RIVER *** [2s Ad 7h 9d] [6c]
LyoshaSem: bets $0.17
Arn0Nyn: calls $0.17
*** SHOW DOWN ***
LyoshaSem: shows [Ac 6s] (two pair, Aces and Sixes)
Arn0Nyn: mucks hand 
LyoshaSem collected $0.50 from pot
*** SUMMARY ***
Total pot $0.52 | Rake $0.02 
Board [2s Ad 7h 9d 6c]
Seat 1: polly727 (button) folded before Flop (didn't bet)
Seat 2: LyoshaSem (small blind) showed [Ac 6s] and won ($0.50) with two pair, Aces and Sixes
Seat 3: Nasuliini (big blind) folded on the Flop
Seat 5: Arn0Nyn mucked [Ah 8h]
Seat 6: Yuri Colmerauer folded before Flop (didn't bet)
Seat 8: Kiman11 folded before Flop (didn't bet)
Seat 9: Dorex2007 folded on the Flop



PokerStars Hand #225942603974:  Hold'em No Limit ($0.01/$0.02 USD) - 2021/04/17 15:58:09 PT [2021/04/17 18:58:09 ET]
Table 'Asios II' 9-max Seat #2 is the button
Seat 1: polly727 ($4.66 in chips) 
Seat 2: LyoshaSem ($6.64 in chips) 
Seat 3: Nasuliini ($1.13 in chips) 
Seat 5: Arn0Nyn ($1.14 in chips) 
Seat 6: Yuri Colmerauer ($2.03 in chips) 
Seat 8: Kiman11 ($0.69 in chips) 
Seat 9: Dorex2007 ($2.04 in chips) 
Nasuliini: posts small blind $0.01
Arn0Nyn: posts big blind $0.02
*** HOLE CARDS ***
Dealt to Dorex2007 [Kh 5h]
Yuri Colmerauer: raises $0.04 to $0.06
Kiman11: folds 
Dorex2007: folds 
polly727: folds 
LyoshaSem: folds 
Nasuliini: folds 
Arn0Nyn: calls $0.04
*** FLOP *** [4s 8s 6s]
Arn0Nyn: checks 
Yuri Colmerauer: checks 
*** TURN *** [4s 8s 6s] [4d]
Arn0Nyn: bets $0.07
Yuri Colmerauer: folds 
Uncalled bet ($0.07) returned to Arn0Nyn
Arn0Nyn collected $0.13 from pot
Arn0Nyn: doesn't show hand 
*** SUMMARY ***
Total pot $0.13 | Rake $0 
Board [4s 8s 6s 4d]
Seat 1: polly727 folded before Flop (didn't bet)
Seat 2: LyoshaSem (button) folded before Flop (didn't bet)
Seat 3: Nasuliini (small blind) folded before Flop
Seat 5: Arn0Nyn (big blind) collected ($0.13)
Seat 6: Yuri Colmerauer folded on the Turn
Seat 8: Kiman11 folded before Flop (didn't bet)
Seat 9: Dorex2007 folded before Flop (didn't bet)



PokerStars Hand #225942613231:  Hold'em No Limit ($0.01/$0.02 USD) - 2021/04/17 15:58:35 PT [2021/04/17 18:58:35 ET]
Table 'Asios II' 9-max Seat #3 is the button
Seat 1: polly727 ($4.66 in chips) 
Seat 2: LyoshaSem ($6.64 in chips) 
Seat 3: Nasuliini ($1.12 in chips) 
Seat 5: Arn0Nyn ($1.21 in chips) 
Seat 6: Yuri Colmerauer ($2 in chips) 
Seat 8: Kiman11 ($0.69 in chips) 
Seat 9: Dorex2007 ($2.04 in chips) 
Arn0Nyn: posts small blind $0.01
Yuri Colmerauer: posts big blind $0.02
*** HOLE CARDS ***
Dealt to Dorex2007 [5d 6c]
Kiman11: folds 
Dorex2007: folds 
polly727: folds 
LyoshaSem: folds 
Nasuliini: folds 
Arn0Nyn: calls $0.01
Yuri Colmerauer: checks 
*** FLOP *** [3c 2c 4c]
Arn0Nyn: checks 
Nitram 420 joins the table at seat #7 
Yuri Colmerauer: checks 
*** TURN *** [3c 2c 4c] [Ad]
Arn0Nyn: bets $0.03
Yuri Colmerauer: folds 
Uncalled bet ($0.03) returned to Arn0Nyn
Arn0Nyn collected $0.04 from pot
Arn0Nyn: doesn't show hand 
*** SUMMARY ***
Total pot $0.04 | Rake $0 
Board [3c 2c 4c Ad]
Seat 1: polly727 folded before Flop (didn't bet)
Seat 2: LyoshaSem folded before Flop (didn't bet)
Seat 3: Nasuliini (button) folded before Flop (didn't bet)
Seat 5: Arn0Nyn (small blind) collected ($0.04)
Seat 6: Yuri Colmerauer (big blind) folded on the Turn
Seat 8: Kiman11 folded before Flop (didn't bet)
Seat 9: Dorex2007 folded before Flop (didn't bet)



PokerStars Hand #225942622256:  Hold'em No Limit ($0.01/$0.02 USD) - 2021/04/17 15:58:59 PT [2021/04/17 18:58:59 ET]
Table 'Asios II' 9-max Seat #5 is the button
Seat 1: polly727 ($4.66 in chips) 
Seat 2: LyoshaSem ($6.64 in chips) 
Seat 3: Nasuliini ($1.12 in chips) 
Seat 5: Arn0Nyn ($1.23 in chips) 
Seat 6: Yuri Colmerauer ($2 in chips) 
Seat 7: Nitram 420 ($0.80 in chips) 
Seat 8: Kiman11 ($0.69 in chips) 
Seat 9: Dorex2007 ($2.04 in chips) 
Yuri Colmerauer: posts small blind $0.01
Nitram 420: posts big blind $0.02
*** HOLE CARDS ***
Dealt to Dorex2007 [7h Tc]
Kiman11: folds 
Dorex2007: folds 
[PT] Wilky joins the table at seat #4 
polly727: raises $0.05 to $0.07
LyoshaSem: calls $0.07
Nasuliini: folds 
Arn0Nyn: folds 
Yuri Colmerauer: folds 
Nitram 420: folds 
*** FLOP *** [3c 7c 8d]
polly727: checks 
LyoshaSem: bets $0.06
polly727: calls $0.06
*** TURN *** [3c 7c 8d] [5h]
polly727: checks 
LyoshaSem: bets $0.13
polly727: folds 
Uncalled bet ($0.13) returned to LyoshaSem
LyoshaSem collected $0.28 from pot
LyoshaSem: doesn't show hand 
*** SUMMARY ***
Total pot $0.29 | Rake $0.01 
Board [3c 7c 8d 5h]
Seat 1: polly727 folded on the Turn
Seat 2: LyoshaSem collected ($0.28)
Seat 3: Nasuliini folded before Flop (didn't bet)
Seat 5: Arn0Nyn (button) folded before Flop (didn't bet)
Seat 6: Yuri Colmerauer (small blind) folded before Flop
Seat 7: Nitram 420 (big blind) folded before Flop
Seat 8: Kiman11 folded before Flop (didn't bet)
Seat 9: Dorex2007 folded before Flop (didn't bet)



PokerStars Hand #225942644836:  Hold'em No Limit ($0.01/$0.02 USD) - 2021/04/17 16:00:01 PT [2021/04/17 19:00:01 ET]
Table 'Asios II' 9-max Seat #6 is the button
Seat 1: polly727 ($4.53 in chips) 
Seat 2: LyoshaSem ($6.79 in chips) 
Seat 3: Nasuliini ($1.12 in chips) 
Seat 4: [PT] Wilky ($2 in chips) 
Seat 5: Arn0Nyn ($1.23 in chips) 
Seat 6: Yuri Colmerauer ($2 in chips) 
Seat 7: Nitram 420 ($0.78 in chips) 
Seat 8: Kiman11 ($0.69 in chips) 
Seat 9: Dorex2007 ($2.04 in chips) 
Nitram 420: posts small blind $0.01
Kiman11: posts big blind $0.02
[PT] Wilky: posts big blind $0.02
*** HOLE CARDS ***
Dealt to Dorex2007 [2d 3h]
Dorex2007: folds 
polly727: folds 
LyoshaSem: raises $0.04 to $0.06
Nasuliini: folds 
[PT] Wilky: calls $0.04
Arn0Nyn: folds 
Yuri Colmerauer: calls $0.06
Nitram 420: folds 
Kiman11: folds 
*** FLOP *** [Js Tc Qd]
LyoshaSem: bets $0.10
[PT] Wilky: calls $0.10
Yuri Colmerauer: folds 
*** TURN *** [Js Tc Qd] [Jc]
LyoshaSem: bets $0.12
[PT] Wilky: calls $0.12
*** RIVER *** [Js Tc Qd Jc] [6h]
LyoshaSem: bets $0.22
[PT] Wilky: calls $0.22
*** SHOW DOWN ***
LyoshaSem: shows [Ad Ah] (two pair, Aces and Jacks)
[PT] Wilky: mucks hand 
LyoshaSem collected $1.05 from pot
*** SUMMARY ***
Total pot $1.09 | Rake $0.04 
Board [Js Tc Qd Jc 6h]
Seat 1: polly727 folded before Flop (didn't bet)
Seat 2: LyoshaSem showed [Ad Ah] and won ($1.05) with two pair, Aces and Jacks
Seat 3: Nasuliini folded before Flop (didn't bet)
Seat 4: [PT] Wilky mucked [Qh 5s]
Seat 5: Arn0Nyn folded before Flop (didn't bet)
Seat 6: Yuri Colmerauer (button) folded on the Flop
Seat 7: Nitram 420 (small blind) folded before Flop
Seat 8: Kiman11 (big blind) folded before Flop
Seat 9: Dorex2007 folded before Flop (didn't bet)



PokerStars Hand #225942663681:  Hold'em No Limit ($0.01/$0.02 USD) - 2021/04/17 16:00:49 PT [2021/04/17 19:00:49 ET]
Table 'Asios II' 9-max Seat #7 is the button
Seat 1: polly727 ($4.53 in chips) 
Seat 2: LyoshaSem ($7.34 in chips) 
Seat 3: Nasuliini ($1.12 in chips) 
Seat 4: [PT] Wilky ($1.50 in chips) 
Seat 5: Arn0Nyn ($1.23 in chips) 
Seat 6: Yuri Colmerauer ($2 in chips) 
Seat 7: Nitram 420 ($0.77 in chips) 
Seat 8: Kiman11 ($0.67 in chips) 
Seat 9: Dorex2007 ($2.04 in chips) 
Kiman11: posts small blind $0.01
Dorex2007: posts big blind $0.02
*** HOLE CARDS ***
Dealt to Dorex2007 [5c 4s]
polly727: folds 
LyoshaSem: raises $0.03 to $0.05
Nasuliini: folds 
[PT] Wilky: folds 
Arn0Nyn: folds 
Yuri Colmerauer: folds 
Nitram 420: calls $0.05
Kiman11: folds 
Dorex2007: folds 
*** FLOP *** [Ah 9s 9h]
LyoshaSem: bets $0.06
Nitram 420: folds 
Uncalled bet ($0.06) returned to LyoshaSem
LyoshaSem collected $0.13 from pot
LyoshaSem: doesn't show hand 
*** SUMMARY ***
Total pot $0.13 | Rake $0 
Board [Ah 9s 9h]
Seat 1: polly727 folded before Flop (didn't bet)
Seat 2: LyoshaSem collected ($0.13)
Seat 3: Nasuliini folded before Flop (didn't bet)
Seat 4: [PT] Wilky folded before Flop (didn't bet)
Seat 5: Arn0Nyn folded before Flop (didn't bet)
Seat 6: Yuri Colmerauer folded before Flop (didn't bet)
Seat 7: Nitram 420 (button) folded on the Flop
Seat 8: Kiman11 (small blind) folded before Flop
Seat 9: Dorex2007 (big blind) folded before Flop



PokerStars Hand #225942678282:  Hold'em No Limit ($0.01/$0.02 USD) - 2021/04/17 16:01:23 PT [2021/04/17 19:01:23 ET]
Table 'Asios II' 9-max Seat #8 is the button
Seat 1: polly727 ($4.53 in chips) 
Seat 2: LyoshaSem ($7.42 in chips) 
Seat 3: Nasuliini ($1.12 in chips) 
Seat 4: [PT] Wilky ($1.50 in chips) 
Seat 5: Arn0Nyn ($1.23 in chips) 
Seat 6: Yuri Colmerauer ($2 in chips) 
Seat 7: Nitram 420 ($0.72 in chips) 
Seat 8: Kiman11 ($0.66 in chips) 
Seat 9: Dorex2007 ($2.02 in chips) 
Dorex2007: posts small blind $0.01
polly727: posts big blind $0.02
*** HOLE CARDS ***
Dealt to Dorex2007 [Kc Ac]
LyoshaSem: folds 
Nasuliini: folds 
[PT] Wilky: raises $0.05 to $0.07
Arn0Nyn: folds 
Yuri Colmerauer: folds 
Nitram 420: folds 
Kiman11: calls $0.07
Dorex2007: raises $0.13 to $0.20
polly727: folds 
[PT] Wilky: calls $0.13
Kiman11: raises $0.46 to $0.66 and is all-in
Dorex2007: raises $1.36 to $2.02 and is all-in
[PT] Wilky: calls $1.30 and is all-in
Uncalled bet ($0.52) returned to Dorex2007
*** FLOP *** [Jd As 3c]
*** TURN *** [Jd As 3c] [2d]
*** RIVER *** [Jd As 3c 2d] [Ks]
*** SHOW DOWN ***
Dorex2007: shows [Kc Ac] (two pair, Aces and Kings)
[PT] Wilky: shows [Qh Th] (a straight, Ten to Ace)
[PT] Wilky collected $1.62 from side pot
Kiman11: shows [7s 7c] (a pair of Sevens)
[PT] Wilky collected $1.93 from main pot
Kiman11 cashed out the hand for $0.56 | Cash Out Fee $0.01
*** SUMMARY ***
Total pot $3.68 Main pot $1.93. Side pot $1.62. | Rake $0.13 
Board [Jd As 3c 2d Ks]
Seat 1: polly727 (big blind) folded before Flop
Seat 2: LyoshaSem folded before Flop (didn't bet)
Seat 3: Nasuliini folded before Flop (didn't bet)
Seat 4: [PT] Wilky showed [Qh Th] and won ($3.55) with a straight, Ten to Ace
Seat 5: Arn0Nyn folded before Flop (didn't bet)
Seat 6: Yuri Colmerauer folded before Flop (didn't bet)
Seat 7: Nitram 420 folded before Flop (didn't bet)
Seat 8: Kiman11 (button) showed [7s 7c] and lost with a pair of Sevens (cashed out).
Seat 9: Dorex2007 (small blind) showed [Kc Ac] and lost with two pair, Aces and Kings



