PokerStars Hand #232622004118:  Hold'em No Limit ($0.01/$0.02 USD) - 2021/12/28 21:00:00 PT [2021/12/29 0:00:00 ET]
Table 'Ricouxa IV' 9-max Seat #4 is the button
Seat 1: Dorex2007 ($2.09 in chips) 
Seat 2: aslanturc ($2.06 in chips) 
Seat 3: bloody55hawk ($0.88 in chips) 
Seat 4: yur4ik777 ($2.07 in chips) 
Seat 5: RodrigoFroilan ($1.13 in chips) 
Seat 7: fmg2010 ($2.60 in chips) 
Seat 9: knew_owe ($2.68 in chips) 
RodrigoFroilan: posts small blind $0.01
fmg2010: posts big blind $0.02
*** HOLE CARDS ***
Dealt to Dorex2007 [4s 4c]
knew_owe: calls $0.02
Dorex2007: calls $0.02
aslanturc: folds 
bloody55hawk: folds 
yur4ik777: folds 
QcDream joins the table at seat #6 
RodrigoFroilan: calls $0.01
fmg2010: checks 
*** FLOP *** [7h Kh Js]
RodrigoFroilan: checks 
fmg2010: bets $0.02
knew_owe: calls $0.02
Dorex2007: calls $0.02
RodrigoFroilan: calls $0.02
*** TURN *** [7h Kh Js] [Qh]
RodrigoFroilan: checks 
fmg2010: checks 
knew_owe: checks 
Dorex2007: bets $0.06
RodrigoFroilan: calls $0.06
fmg2010: folds 
knew_owe: folds 
*** RIVER *** [7h Kh Js Qh] [Ad]
RodrigoFroilan: checks 
Dorex2007: bets $0.06
RodrigoFroilan: calls $0.06
*** SHOW DOWN ***
Dorex2007: shows [4s 4c] (a pair of Fours)
RodrigoFroilan: shows [5h 2h] (a flush, King high)
RodrigoFroilan collected $0.39 from pot
*** SUMMARY ***
Total pot $0.40 | Rake $0.01 
Board [7h Kh Js Qh Ad]
Seat 1: Dorex2007 showed [4s 4c] and lost with a pair of Fours
Seat 2: aslanturc folded before Flop (didn't bet)
Seat 3: bloody55hawk folded before Flop (didn't bet)
Seat 4: yur4ik777 (button) folded before Flop (didn't bet)
Seat 5: RodrigoFroilan (small blind) showed [5h 2h] and won ($0.39) with a flush, King high
Seat 7: fmg2010 (big blind) folded on the Turn
Seat 9: knew_owe folded on the Turn



PokerStars Hand #232622014966:  Hold'em No Limit ($0.01/$0.02 USD) - 2021/12/28 21:01:12 PT [2021/12/29 0:01:12 ET]
Table 'Ricouxa IV' 9-max Seat #5 is the button
Seat 1: Dorex2007 ($2 in chips) 
Seat 2: aslanturc ($2.06 in chips) 
Seat 3: bloody55hawk ($0.88 in chips) 
Seat 4: yur4ik777 ($2.07 in chips) 
Seat 5: RodrigoFroilan ($1.36 in chips) 
Seat 7: fmg2010 ($2.56 in chips) 
Seat 9: knew_owe ($2.64 in chips) 
fmg2010: posts small blind $0.01
knew_owe: posts big blind $0.02
*** HOLE CARDS ***
Dealt to Dorex2007 [5c 3c]
Dorex2007: folds 
aslanturc: calls $0.02
bloody55hawk: folds 
yur4ik777: folds 
RodrigoFroilan: calls $0.02
fmg2010: calls $0.01
knew_owe: checks 
*** FLOP *** [Kh Qd 9s]
fmg2010: bets $0.02
knew_owe: calls $0.02
aslanturc: raises $0.07 to $0.09
RodrigoFroilan: folds 
fmg2010: folds 
knew_owe: folds 
Uncalled bet ($0.07) returned to aslanturc
aslanturc collected $0.14 from pot
aslanturc: doesn't show hand 
*** SUMMARY ***
Total pot $0.14 | Rake $0 
Board [Kh Qd 9s]
Seat 1: Dorex2007 folded before Flop (didn't bet)
Seat 2: aslanturc collected ($0.14)
Seat 3: bloody55hawk folded before Flop (didn't bet)
Seat 4: yur4ik777 folded before Flop (didn't bet)
Seat 5: RodrigoFroilan (button) folded on the Flop
Seat 7: fmg2010 (small blind) folded on the Flop
Seat 9: knew_owe (big blind) folded on the Flop



PokerStars Hand #232622023037:  Hold'em No Limit ($0.01/$0.02 USD) - 2021/12/28 21:02:02 PT [2021/12/29 0:02:02 ET]
Table 'Ricouxa IV' 9-max Seat #7 is the button
Seat 1: Dorex2007 ($2 in chips) 
Seat 2: aslanturc ($2.16 in chips) 
Seat 3: bloody55hawk ($0.88 in chips) 
Seat 4: yur4ik777 ($2.07 in chips) 
Seat 5: RodrigoFroilan ($1.34 in chips) 
Seat 6: QcDream ($0.84 in chips) 
Seat 7: fmg2010 ($2.52 in chips) 
Seat 9: knew_owe ($2.60 in chips) 
knew_owe: posts small blind $0.01
Dorex2007: posts big blind $0.02
QcDream: posts big blind $0.02
*** HOLE CARDS ***
Dealt to Dorex2007 [Ac 7s]
aslanturc: folds 
bloody55hawk: folds 
yur4ik777: calls $0.02
RodrigoFroilan: calls $0.02
QcDream: checks 
fmg2010: calls $0.02
knew_owe: calls $0.01
Dorex2007: checks 
*** FLOP *** [Jd 6h 3s]
knew_owe: checks 
Dorex2007: checks 
yur4ik777: checks 
RodrigoFroilan: checks 
QcDream: checks 
fmg2010: checks 
*** TURN *** [Jd 6h 3s] [Ad]
knew_owe: checks 
Dorex2007: checks 
yur4ik777: checks 
RodrigoFroilan: checks 
QcDream: checks 
fmg2010: checks 
*** RIVER *** [Jd 6h 3s Ad] [As]
knew_owe: bets $0.02
Dorex2007: calls $0.02
yur4ik777: calls $0.02
RodrigoFroilan: folds 
QcDream: folds 
fmg2010: folds 
*** SHOW DOWN ***
knew_owe: shows [6c Td] (two pair, Aces and Sixes)
Dorex2007: shows [Ac 7s] (three of a kind, Aces)
yur4ik777: mucks hand 
Dorex2007 collected $0.17 from pot
*** SUMMARY ***
Total pot $0.18 | Rake $0.01 
Board [Jd 6h 3s Ad As]
Seat 1: Dorex2007 (big blind) showed [Ac 7s] and won ($0.17) with three of a kind, Aces
Seat 2: aslanturc folded before Flop (didn't bet)
Seat 3: bloody55hawk folded before Flop (didn't bet)
Seat 4: yur4ik777 mucked [5h Ah]
Seat 5: RodrigoFroilan folded on the River
Seat 6: QcDream folded on the River (didn't bet)
Seat 7: fmg2010 (button) folded on the River
Seat 9: knew_owe (small blind) showed [6c Td] and lost with two pair, Aces and Sixes



PokerStars Hand #232622037722:  Hold'em No Limit ($0.01/$0.02 USD) - 2021/12/28 21:03:32 PT [2021/12/29 0:03:32 ET]
Table 'Ricouxa IV' 9-max Seat #9 is the button
Seat 1: Dorex2007 ($2.13 in chips) 
Seat 2: aslanturc ($2.16 in chips) 
Seat 3: bloody55hawk ($0.88 in chips) 
Seat 4: yur4ik777 ($2.03 in chips) 
Seat 5: RodrigoFroilan ($1.32 in chips) 
Seat 6: QcDream ($0.82 in chips) 
Seat 7: fmg2010 ($2.50 in chips) 
Seat 9: knew_owe ($2.56 in chips) 
Dorex2007: posts small blind $0.01
aslanturc: posts big blind $0.02
*** HOLE CARDS ***
Dealt to Dorex2007 [Kc Jc]
bloody55hawk: raises $0.86 to $0.88 and is all-in
yur4ik777: folds 
RodrigoFroilan: folds 
QcDream: folds 
fmg2010: calls $0.88
knew_owe: folds 
Dorex2007: folds 
aslanturc: folds 
*** FLOP *** [2c Jd 3s]
*** TURN *** [2c Jd 3s] [9c]
*** RIVER *** [2c Jd 3s 9c] [6h]
*** SHOW DOWN ***
bloody55hawk: shows [Ks Ac] (high card Ace)
fmg2010: shows [Qh 7h] (high card Queen)
bloody55hawk cashed out the hand for $1.09 | Cash Out Fee $0.01
fmg2010 cashed out the hand for $0.62 | Cash Out Fee $0.01
*** SUMMARY ***
Total pot $1.79 | Rake $0.06 
Board [2c Jd 3s 9c 6h]
Seat 1: Dorex2007 (small blind) folded before Flop
Seat 2: aslanturc (big blind) folded before Flop
Seat 3: bloody55hawk showed [Ks Ac] and won ($1.73) with high card Ace (pot not awarded as player cashed out)
Seat 4: yur4ik777 folded before Flop (didn't bet)
Seat 5: RodrigoFroilan folded before Flop (didn't bet)
Seat 6: QcDream folded before Flop (didn't bet)
Seat 7: fmg2010 showed [Qh 7h] and lost with high card Queen (cashed out).
Seat 9: knew_owe (button) folded before Flop (didn't bet)



PokerStars Hand #232622043940:  Hold'em No Limit ($0.01/$0.02 USD) - 2021/12/28 21:04:10 PT [2021/12/29 0:04:10 ET]
Table 'Ricouxa IV' 9-max Seat #1 is the button
Seat 1: Dorex2007 ($2.12 in chips) 
Seat 2: aslanturc ($2.14 in chips) 
Seat 4: yur4ik777 ($2.03 in chips) 
Seat 5: RodrigoFroilan ($1.32 in chips) 
Seat 6: QcDream ($0.82 in chips) 
Seat 7: fmg2010 ($2.24 in chips) 
Seat 9: knew_owe ($2.56 in chips) 
aslanturc: posts small blind $0.01
bloody55hawk: is sitting out 
yur4ik777: posts big blind $0.02
*** HOLE CARDS ***
Dealt to Dorex2007 [Th 7h]
RodrigoFroilan: calls $0.02
QcDream: folds 
bloody55hawk leaves the table
fmg2010: calls $0.02
knew_owe: calls $0.02
Dorex2007: folds 
aslanturc: calls $0.01
OlegKharkov joins the table at seat #3 
yur4ik777: checks 
*** FLOP *** [3s 9c Jh]
aslanturc: checks 
yur4ik777: checks 
RodrigoFroilan: checks 
fmg2010: checks 
knew_owe: checks 
*** TURN *** [3s 9c Jh] [2d]
aslanturc: bets $0.05
yur4ik777: folds 
RodrigoFroilan: calls $0.05
fmg2010: folds 
knew_owe: folds 
*** RIVER *** [3s 9c Jh 2d] [Js]
aslanturc: checks 
RodrigoFroilan: bets $0.08
aslanturc: folds 
Uncalled bet ($0.08) returned to RodrigoFroilan
RodrigoFroilan collected $0.19 from pot
RodrigoFroilan: doesn't show hand 
*** SUMMARY ***
Total pot $0.20 | Rake $0.01 
Board [3s 9c Jh 2d Js]
Seat 1: Dorex2007 (button) folded before Flop (didn't bet)
Seat 2: aslanturc (small blind) folded on the River
Seat 4: yur4ik777 (big blind) folded on the Turn
Seat 5: RodrigoFroilan collected ($0.19)
Seat 6: QcDream folded before Flop (didn't bet)
Seat 7: fmg2010 folded on the Turn
Seat 9: knew_owe folded on the Turn



PokerStars Hand #232622061185:  Hold'em No Limit ($0.01/$0.02 USD) - 2021/12/28 21:05:57 PT [2021/12/29 0:05:57 ET]
Table 'Ricouxa IV' 9-max Seat #2 is the button
Seat 1: Dorex2007 ($2.12 in chips) 
Seat 2: aslanturc ($2.07 in chips) 
Seat 4: yur4ik777 ($2.01 in chips) 
Seat 5: RodrigoFroilan ($1.44 in chips) 
Seat 6: QcDream ($0.82 in chips) 
Seat 7: fmg2010 ($2.22 in chips) 
Seat 9: knew_owe ($2.54 in chips) 
yur4ik777: posts small blind $0.01
RodrigoFroilan: posts big blind $0.02
*** HOLE CARDS ***
Dealt to Dorex2007 [7s Kc]
QcDream: folds 
fmg2010: folds 
knew_owe: folds 
Dorex2007: folds 
aslanturc: folds 
yur4ik777: raises $0.04 to $0.06
RodrigoFroilan: folds 
Uncalled bet ($0.04) returned to yur4ik777
yur4ik777 collected $0.04 from pot
yur4ik777: doesn't show hand 
*** SUMMARY ***
Total pot $0.04 | Rake $0 
Seat 1: Dorex2007 folded before Flop (didn't bet)
Seat 2: aslanturc (button) folded before Flop (didn't bet)
Seat 4: yur4ik777 (small blind) collected ($0.04)
Seat 5: RodrigoFroilan (big blind) folded before Flop
Seat 6: QcDream folded before Flop (didn't bet)
Seat 7: fmg2010 folded before Flop (didn't bet)
Seat 9: knew_owe folded before Flop (didn't bet)



PokerStars Hand #232622064689:  Hold'em No Limit ($0.01/$0.02 USD) - 2021/12/28 21:06:19 PT [2021/12/29 0:06:19 ET]
Table 'Ricouxa IV' 9-max Seat #4 is the button
Seat 1: Dorex2007 ($2.12 in chips) 
Seat 2: aslanturc ($2.07 in chips) 
Seat 4: yur4ik777 ($2.03 in chips) 
Seat 5: RodrigoFroilan ($1.42 in chips) 
Seat 6: QcDream ($0.82 in chips) 
Seat 7: fmg2010 ($2.22 in chips) 
Seat 9: knew_owe ($2.54 in chips) 
RodrigoFroilan: posts small blind $0.01
QcDream: posts big blind $0.02
OlegKharkov: sits out 
*** HOLE CARDS ***
Dealt to Dorex2007 [5s 3s]
fmg2010: calls $0.02
knew_owe: calls $0.02
Dorex2007: folds 
aslanturc: raises $0.09 to $0.11
yur4ik777: folds 
RodrigoFroilan: folds 
QcDream: folds 
fmg2010: folds 
knew_owe: folds 
Uncalled bet ($0.09) returned to aslanturc
aslanturc collected $0.09 from pot
aslanturc: doesn't show hand 
*** SUMMARY ***
Total pot $0.09 | Rake $0 
Seat 1: Dorex2007 folded before Flop (didn't bet)
Seat 2: aslanturc collected ($0.09)
Seat 4: yur4ik777 (button) folded before Flop (didn't bet)
Seat 5: RodrigoFroilan (small blind) folded before Flop
Seat 6: QcDream (big blind) folded before Flop
Seat 7: fmg2010 folded before Flop
Seat 9: knew_owe folded before Flop



PokerStars Hand #232622074725:  Hold'em No Limit ($0.01/$0.02 USD) - 2021/12/28 21:06:49 PT [2021/12/29 0:06:49 ET]
Table 'Ricouxa IV' 9-max Seat #5 is the button
Seat 1: Dorex2007 ($2.12 in chips) 
Seat 2: aslanturc ($2.14 in chips) 
Seat 4: yur4ik777 ($2.03 in chips) 
Seat 5: RodrigoFroilan ($1.41 in chips) 
Seat 6: QcDream ($0.80 in chips) 
Seat 7: fmg2010 ($2.20 in chips) 
Seat 9: knew_owe ($2.52 in chips) 
QcDream: posts small blind $0.01
fmg2010: posts big blind $0.02
OlegKharkov: sits out 
*** HOLE CARDS ***
Dealt to Dorex2007 [Kd 6h]
knew_owe: calls $0.02
Dorex2007: folds 
aslanturc: folds 
yur4ik777: folds 
RodrigoFroilan: raises $0.02 to $0.04
QcDream: folds 
fmg2010: folds 
knew_owe: calls $0.02
*** FLOP *** [Kc Th 5c]
knew_owe: checks 
RodrigoFroilan: bets $0.06
knew_owe: folds 
Uncalled bet ($0.06) returned to RodrigoFroilan
RodrigoFroilan collected $0.11 from pot
RodrigoFroilan: doesn't show hand 
*** SUMMARY ***
Total pot $0.11 | Rake $0 
Board [Kc Th 5c]
Seat 1: Dorex2007 folded before Flop (didn't bet)
Seat 2: aslanturc folded before Flop (didn't bet)
Seat 4: yur4ik777 folded before Flop (didn't bet)
Seat 5: RodrigoFroilan (button) collected ($0.11)
Seat 6: QcDream (small blind) folded before Flop
Seat 7: fmg2010 (big blind) folded before Flop
Seat 9: knew_owe folded on the Flop



PokerStars Hand #232622079868:  Hold'em No Limit ($0.01/$0.02 USD) - 2021/12/28 21:07:21 PT [2021/12/29 0:07:21 ET]
Table 'Ricouxa IV' 9-max Seat #6 is the button
Seat 1: Dorex2007 ($2.12 in chips) 
Seat 2: aslanturc ($2.14 in chips) 
Seat 4: yur4ik777 ($2.03 in chips) 
Seat 5: RodrigoFroilan ($1.48 in chips) 
Seat 6: QcDream ($0.79 in chips) 
Seat 7: fmg2010 ($2.18 in chips) 
Seat 9: knew_owe ($2.48 in chips) 
fmg2010: posts small blind $0.01
knew_owe: posts big blind $0.02
OlegKharkov: sits out 
*** HOLE CARDS ***
Dealt to Dorex2007 [7h 3s]
Dorex2007: folds 
aslanturc: folds 
yur4ik777: folds 
RodrigoFroilan: folds 
QcDream: folds 
fmg2010: calls $0.01
knew_owe: checks 
*** FLOP *** [6s Ts 8d]
fmg2010: bets $0.02
knew_owe: folds 
Uncalled bet ($0.02) returned to fmg2010
fmg2010 collected $0.04 from pot
*** SUMMARY ***
Total pot $0.04 | Rake $0 
Board [6s Ts 8d]
Seat 1: Dorex2007 folded before Flop (didn't bet)
Seat 2: aslanturc folded before Flop (didn't bet)
Seat 4: yur4ik777 folded before Flop (didn't bet)
Seat 5: RodrigoFroilan folded before Flop (didn't bet)
Seat 6: QcDream (button) folded before Flop (didn't bet)
Seat 7: fmg2010 (small blind) collected ($0.04)
Seat 9: knew_owe (big blind) folded on the Flop



PokerStars Hand #232622083084:  Hold'em No Limit ($0.01/$0.02 USD) - 2021/12/28 21:07:42 PT [2021/12/29 0:07:42 ET]
Table 'Ricouxa IV' 9-max Seat #7 is the button
Seat 1: Dorex2007 ($2.12 in chips) 
Seat 2: aslanturc ($2.14 in chips) 
Seat 4: yur4ik777 ($2.03 in chips) 
Seat 5: RodrigoFroilan ($1.48 in chips) 
Seat 6: QcDream ($0.79 in chips) 
Seat 7: fmg2010 ($2.20 in chips) 
Seat 9: knew_owe ($2.46 in chips) 
knew_owe: posts small blind $0.01
Dorex2007: posts big blind $0.02
OlegKharkov: sits out 
*** HOLE CARDS ***
Dealt to Dorex2007 [Qc Td]
aslanturc: folds 
yur4ik777: folds 
RodrigoFroilan: calls $0.02
QcDream: folds 
fmg2010: folds 
knew_owe: calls $0.01
Dorex2007: checks 
*** FLOP *** [Qs Jd Qd]
knew_owe: checks 
Dorex2007: checks 
RodrigoFroilan: checks 
*** TURN *** [Qs Jd Qd] [6d]
knew_owe: checks 
Dorex2007: bets $0.04
RodrigoFroilan: calls $0.04
knew_owe: folds 
*** RIVER *** [Qs Jd Qd 6d] [7d]
Dorex2007: bets $0.07
RodrigoFroilan: calls $0.07
*** SHOW DOWN ***
Dorex2007: shows [Qc Td] (a flush, Queen high)
RodrigoFroilan: shows [8h Ad] (a flush, Ace high)
RodrigoFroilan collected $0.27 from pot
*** SUMMARY ***
Total pot $0.28 | Rake $0.01 
Board [Qs Jd Qd 6d 7d]
Seat 1: Dorex2007 (big blind) showed [Qc Td] and lost with a flush, Queen high
Seat 2: aslanturc folded before Flop (didn't bet)
Seat 4: yur4ik777 folded before Flop (didn't bet)
Seat 5: RodrigoFroilan showed [8h Ad] and won ($0.27) with a flush, Ace high
Seat 6: QcDream folded before Flop (didn't bet)
Seat 7: fmg2010 (button) folded before Flop (didn't bet)
Seat 9: knew_owe (small blind) folded on the Turn



PokerStars Hand #232622092673:  Hold'em No Limit ($0.01/$0.02 USD) - 2021/12/28 21:08:42 PT [2021/12/29 0:08:42 ET]
Table 'Ricouxa IV' 9-max Seat #9 is the button
Seat 1: Dorex2007 ($2 in chips) 
Seat 2: aslanturc ($2.14 in chips) 
Seat 4: yur4ik777 ($2.03 in chips) 
Seat 5: RodrigoFroilan ($1.62 in chips) 
Seat 6: QcDream ($0.79 in chips) 
Seat 7: fmg2010 ($2.20 in chips) 
Seat 9: knew_owe ($2.44 in chips) 
Dorex2007: posts small blind $0.01
aslanturc: posts big blind $0.02
OlegKharkov: sits out 
*** HOLE CARDS ***
Dealt to Dorex2007 [Qc 5h]
yur4ik777: raises $0.04 to $0.06
RodrigoFroilan: calls $0.06
QcDream: folds 
fmg2010: folds 
knew_owe: calls $0.06
Dorex2007: folds 
aslanturc: folds 
*** FLOP *** [Jc 6d Qd]
yur4ik777: bets $0.15
RodrigoFroilan: folds 
knew_owe: calls $0.15
*** TURN *** [Jc 6d Qd] [Kd]
yur4ik777: bets $0.37
knew_owe: calls $0.37
*** RIVER *** [Jc 6d Qd Kd] [Th]
yur4ik777: bets $0.64
knew_owe: folds 
Uncalled bet ($0.64) returned to yur4ik777
yur4ik777 collected $1.21 from pot
yur4ik777: doesn't show hand 
*** SUMMARY ***
Total pot $1.25 | Rake $0.04 
Board [Jc 6d Qd Kd Th]
Seat 1: Dorex2007 (small blind) folded before Flop
Seat 2: aslanturc (big blind) folded before Flop
Seat 4: yur4ik777 collected ($1.21)
Seat 5: RodrigoFroilan folded on the Flop
Seat 6: QcDream folded before Flop (didn't bet)
Seat 7: fmg2010 folded before Flop (didn't bet)
Seat 9: knew_owe (button) folded on the River



PokerStars Hand #232622105325:  Hold'em No Limit ($0.01/$0.02 USD) - 2021/12/28 21:10:01 PT [2021/12/29 0:10:01 ET]
Table 'Ricouxa IV' 9-max Seat #1 is the button
Seat 1: Dorex2007 ($2 in chips) 
Seat 2: aslanturc ($2.12 in chips) 
Seat 3: OlegKharkov ($2 in chips) 
Seat 4: yur4ik777 ($2.66 in chips) 
Seat 5: RodrigoFroilan ($1.56 in chips) 
Seat 6: QcDream ($0.79 in chips) 
Seat 7: fmg2010 ($2.20 in chips) 
Seat 9: knew_owe ($1.86 in chips) 
aslanturc: posts small blind $0.01
OlegKharkov: posts big blind $0.02
*** HOLE CARDS ***
Dealt to Dorex2007 [5s Jd]
yur4ik777: folds 
RodrigoFroilan: folds 
QcDream: calls $0.02
fmg2010: calls $0.02
knew_owe: calls $0.02
Dorex2007: folds 
aslanturc: folds 
OlegKharkov: checks 
*** FLOP *** [Tc 8c Jc]
OlegKharkov: bets $0.02
QcDream: folds 
fmg2010: calls $0.02
knew_owe: calls $0.02
*** TURN *** [Tc 8c Jc] [Qd]
OlegKharkov: checks 
fmg2010: checks 
knew_owe: checks 
*** RIVER *** [Tc 8c Jc Qd] [Qh]
OlegKharkov: checks 
fmg2010: checks 
knew_owe: bets $0.02
OlegKharkov: calls $0.02
fmg2010: folds 
*** SHOW DOWN ***
knew_owe: shows [3c 3s] (two pair, Queens and Threes)
OlegKharkov: shows [Js 4s] (two pair, Queens and Jacks)
OlegKharkov collected $0.18 from pot
*** SUMMARY ***
Total pot $0.19 | Rake $0.01 
Board [Tc 8c Jc Qd Qh]
Seat 1: Dorex2007 (button) folded before Flop (didn't bet)
Seat 2: aslanturc (small blind) folded before Flop
Seat 3: OlegKharkov (big blind) showed [Js 4s] and won ($0.18) with two pair, Queens and Jacks
Seat 4: yur4ik777 folded before Flop (didn't bet)
Seat 5: RodrigoFroilan folded before Flop (didn't bet)
Seat 6: QcDream folded on the Flop
Seat 7: fmg2010 folded on the River
Seat 9: knew_owe showed [3c 3s] and lost with two pair, Queens and Threes



PokerStars Hand #232622115710:  Hold'em No Limit ($0.01/$0.02 USD) - 2021/12/28 21:11:06 PT [2021/12/29 0:11:06 ET]
Table 'Ricouxa IV' 9-max Seat #2 is the button
Seat 1: Dorex2007 ($2 in chips) 
Seat 2: aslanturc ($2.11 in chips) 
Seat 3: OlegKharkov ($2.12 in chips) 
Seat 4: yur4ik777 ($2.66 in chips) 
Seat 5: RodrigoFroilan ($1.56 in chips) 
Seat 6: QcDream ($0.77 in chips) 
Seat 7: fmg2010 ($2.16 in chips) 
Seat 9: knew_owe ($1.80 in chips) 
OlegKharkov: posts small blind $0.01
yur4ik777: posts big blind $0.02
*** HOLE CARDS ***
Dealt to Dorex2007 [Qs Ad]
RodrigoFroilan: calls $0.02
QcDream: folds 
fmg2010: folds 
knew_owe: calls $0.02
Dorex2007: raises $0.04 to $0.06
aslanturc: folds 
OlegKharkov: folds 
yur4ik777: calls $0.04
RodrigoFroilan: calls $0.04
knew_owe: calls $0.04
*** FLOP *** [4s Ks 7d]
yur4ik777: checks 
RodrigoFroilan: checks 
knew_owe: checks 
Dorex2007: checks 
*** TURN *** [4s Ks 7d] [Ah]
yur4ik777: checks 
RodrigoFroilan: checks 
knew_owe: checks 
Dorex2007: bets $0.12
yur4ik777: folds 
RodrigoFroilan: folds 
knew_owe: folds 
Uncalled bet ($0.12) returned to Dorex2007
Dorex2007 collected $0.24 from pot
Dorex2007: doesn't show hand 
*** SUMMARY ***
Total pot $0.25 | Rake $0.01 
Board [4s Ks 7d Ah]
Seat 1: Dorex2007 collected ($0.24)
Seat 2: aslanturc (button) folded before Flop (didn't bet)
Seat 3: OlegKharkov (small blind) folded before Flop
Seat 4: yur4ik777 (big blind) folded on the Turn
Seat 5: RodrigoFroilan folded on the Turn
Seat 6: QcDream folded before Flop (didn't bet)
Seat 7: fmg2010 folded before Flop (didn't bet)
Seat 9: knew_owe folded on the Turn



PokerStars Hand #232622130543:  Hold'em No Limit ($0.01/$0.02 USD) - 2021/12/28 21:12:38 PT [2021/12/29 0:12:38 ET]
Table 'Ricouxa IV' 9-max Seat #3 is the button
Seat 1: Dorex2007 ($2.18 in chips) 
Seat 2: aslanturc ($2.11 in chips) 
Seat 3: OlegKharkov ($2.11 in chips) 
Seat 4: yur4ik777 ($2.60 in chips) 
Seat 5: RodrigoFroilan ($1.50 in chips) 
Seat 6: QcDream ($0.77 in chips) 
Seat 7: fmg2010 ($2.16 in chips) 
Seat 9: knew_owe ($1.74 in chips) 
yur4ik777: posts small blind $0.01
RodrigoFroilan: posts big blind $0.02
*** HOLE CARDS ***
Dealt to Dorex2007 [6d Jh]
QcDream: folds 
fmg2010: calls $0.02
knew_owe: calls $0.02
Dorex2007: folds 
aslanturc: folds 
OlegKharkov: raises $0.08 to $0.10
yur4ik777: folds 
RodrigoFroilan: folds 
fmg2010: folds 
knew_owe: calls $0.08
*** FLOP *** [Kh 8d 8s]
knew_owe: checks 
OlegKharkov: bets $0.16
knew_owe: calls $0.16
*** TURN *** [Kh 8d 8s] [6s]
knew_owe: checks 
OlegKharkov: checks 
*** RIVER *** [Kh 8d 8s 6s] [2s]
knew_owe: checks 
OlegKharkov: checks 
*** SHOW DOWN ***
knew_owe: shows [9d 9c] (two pair, Nines and Eights)
OlegKharkov: mucks hand 
knew_owe collected $0.55 from pot
*** SUMMARY ***
Total pot $0.57 | Rake $0.02 
Board [Kh 8d 8s 6s 2s]
Seat 1: Dorex2007 folded before Flop (didn't bet)
Seat 2: aslanturc folded before Flop (didn't bet)
Seat 3: OlegKharkov (button) mucked [Qd Ad]
Seat 4: yur4ik777 (small blind) folded before Flop
Seat 5: RodrigoFroilan (big blind) folded before Flop
Seat 6: QcDream folded before Flop (didn't bet)
Seat 7: fmg2010 folded before Flop
Seat 9: knew_owe showed [9d 9c] and won ($0.55) with two pair, Nines and Eights



PokerStars Hand #232622139560:  Hold'em No Limit ($0.01/$0.02 USD) - 2021/12/28 21:13:36 PT [2021/12/29 0:13:36 ET]
Table 'Ricouxa IV' 9-max Seat #4 is the button
Seat 1: Dorex2007 ($2.18 in chips) 
Seat 2: aslanturc ($2.11 in chips) 
Seat 3: OlegKharkov ($2 in chips) 
Seat 4: yur4ik777 ($2.59 in chips) 
Seat 5: RodrigoFroilan ($1.48 in chips) 
Seat 6: QcDream ($0.77 in chips) 
Seat 7: fmg2010 ($2.14 in chips) 
Seat 9: knew_owe ($2.03 in chips) 
RodrigoFroilan: posts small blind $0.01
QcDream: posts big blind $0.02
*** HOLE CARDS ***
Dealt to Dorex2007 [6h Jd]
fmg2010: folds 
knew_owe: folds 
Dorex2007: folds 
aslanturc: raises $0.04 to $0.06
OlegKharkov: calls $0.06
yur4ik777: calls $0.06
RodrigoFroilan: folds 
QcDream: folds 
*** FLOP *** [9d Qd 4c]
aslanturc: checks 
OlegKharkov: checks 
yur4ik777: bets $0.15
aslanturc: raises $0.50 to $0.65
OlegKharkov: folds 
yur4ik777: folds 
Uncalled bet ($0.50) returned to aslanturc
aslanturc collected $0.49 from pot
aslanturc: doesn't show hand 
*** SUMMARY ***
Total pot $0.51 | Rake $0.02 
Board [9d Qd 4c]
Seat 1: Dorex2007 folded before Flop (didn't bet)
Seat 2: aslanturc collected ($0.49)
Seat 3: OlegKharkov folded on the Flop
Seat 4: yur4ik777 (button) folded on the Flop
Seat 5: RodrigoFroilan (small blind) folded before Flop
Seat 6: QcDream (big blind) folded before Flop
Seat 7: fmg2010 folded before Flop (didn't bet)
Seat 9: knew_owe folded before Flop (didn't bet)



PokerStars Hand #232622152246:  Hold'em No Limit ($0.01/$0.02 USD) - 2021/12/28 21:14:57 PT [2021/12/29 0:14:57 ET]
Table 'Ricouxa IV' 9-max Seat #5 is the button
Seat 1: Dorex2007 ($2.18 in chips) 
Seat 2: aslanturc ($2.39 in chips) 
Seat 3: OlegKharkov ($2 in chips) 
Seat 4: yur4ik777 ($2.38 in chips) 
Seat 5: RodrigoFroilan ($1.47 in chips) 
Seat 6: QcDream ($0.75 in chips) 
Seat 7: fmg2010 ($2.14 in chips) 
Seat 9: knew_owe ($2.03 in chips) 
QcDream: posts small blind $0.01
fmg2010: posts big blind $0.02
*** HOLE CARDS ***
Dealt to Dorex2007 [Qd Jc]
knew_owe: folds 
Dorex2007: folds 
aslanturc: folds 
OlegKharkov: folds 
yur4ik777: folds 
RodrigoFroilan: calls $0.02
QcDream: calls $0.01
fmg2010: checks 
*** FLOP *** [Kd Jd As]
QcDream: checks 
fmg2010: checks 
RodrigoFroilan: bets $0.02
QcDream: folds 
fmg2010: folds 
Uncalled bet ($0.02) returned to RodrigoFroilan
RodrigoFroilan collected $0.06 from pot
RodrigoFroilan: doesn't show hand 
*** SUMMARY ***
Total pot $0.06 | Rake $0 
Board [Kd Jd As]
Seat 1: Dorex2007 folded before Flop (didn't bet)
Seat 2: aslanturc folded before Flop (didn't bet)
Seat 3: OlegKharkov folded before Flop (didn't bet)
Seat 4: yur4ik777 folded before Flop (didn't bet)
Seat 5: RodrigoFroilan (button) collected ($0.06)
Seat 6: QcDream (small blind) folded on the Flop
Seat 7: fmg2010 (big blind) folded on the Flop
Seat 9: knew_owe folded before Flop (didn't bet)



PokerStars Hand #232622157975:  Hold'em No Limit ($0.01/$0.02 USD) - 2021/12/28 21:15:33 PT [2021/12/29 0:15:33 ET]
Table 'Ricouxa IV' 9-max Seat #6 is the button
Seat 1: Dorex2007 ($2.18 in chips) 
Seat 2: aslanturc ($2.39 in chips) 
Seat 3: OlegKharkov ($2 in chips) 
Seat 4: yur4ik777 ($2.38 in chips) 
Seat 5: RodrigoFroilan ($1.51 in chips) 
Seat 6: QcDream ($0.73 in chips) 
Seat 7: fmg2010 ($2.12 in chips) 
Seat 9: knew_owe ($2.03 in chips) 
fmg2010: posts small blind $0.01
knew_owe: posts big blind $0.02
*** HOLE CARDS ***
Dealt to Dorex2007 [4c Qh]
Dorex2007: folds 
aslanturc: folds 
OlegKharkov: folds 
yur4ik777: folds 
RodrigoFroilan: folds 
QcDream: folds 
fmg2010: calls $0.01
knew_owe: checks 
*** FLOP *** [Qs 8h Js]
fmg2010: checks 
knew_owe: bets $0.02
fmg2010: folds 
Uncalled bet ($0.02) returned to knew_owe
knew_owe collected $0.04 from pot
damian rosioru leaves the table
knew_owe: doesn't show hand 
*** SUMMARY ***
Total pot $0.04 | Rake $0 
Board [Qs 8h Js]
Seat 1: Dorex2007 folded before Flop (didn't bet)
Seat 2: aslanturc folded before Flop (didn't bet)
Seat 3: OlegKharkov folded before Flop (didn't bet)
Seat 4: yur4ik777 folded before Flop (didn't bet)
Seat 5: RodrigoFroilan folded before Flop (didn't bet)
Seat 6: QcDream (button) folded before Flop (didn't bet)
Seat 7: fmg2010 (small blind) folded on the Flop
Seat 9: knew_owe (big blind) collected ($0.04)



PokerStars Hand #232622163152:  Hold'em No Limit ($0.01/$0.02 USD) - 2021/12/28 21:16:07 PT [2021/12/29 0:16:07 ET]
Table 'Ricouxa IV' 9-max Seat #7 is the button
Seat 1: Dorex2007 ($2.18 in chips) 
Seat 2: aslanturc ($2.39 in chips) 
Seat 3: OlegKharkov ($2 in chips) 
Seat 4: yur4ik777 ($2.38 in chips) 
Seat 5: RodrigoFroilan ($1.51 in chips) 
Seat 6: QcDream ($0.73 in chips) 
Seat 7: fmg2010 ($2.10 in chips) 
Seat 9: knew_owe ($2.05 in chips) 
knew_owe: posts small blind $0.01
Dorex2007: posts big blind $0.02
*** HOLE CARDS ***
Dealt to Dorex2007 [9d Qc]
aslanturc: folds 
whiskybreakfast joins the table at seat #8 
OlegKharkov: folds 
yur4ik777: folds 
RodrigoFroilan: calls $0.02
QcDream: folds 
fmg2010: folds 
knew_owe: calls $0.01
Dorex2007: checks 
*** FLOP *** [7s 3s 8d]
knew_owe: checks 
Dorex2007: checks 
RodrigoFroilan: checks 
*** TURN *** [7s 3s 8d] [Kc]
knew_owe: checks 
Dorex2007: checks 
RodrigoFroilan: bets $0.02
knew_owe: folds 
Dorex2007: folds 
Uncalled bet ($0.02) returned to RodrigoFroilan
RodrigoFroilan collected $0.06 from pot
RodrigoFroilan: doesn't show hand 
*** SUMMARY ***
Total pot $0.06 | Rake $0 
Board [7s 3s 8d Kc]
Seat 1: Dorex2007 (big blind) folded on the Turn
Seat 2: aslanturc folded before Flop (didn't bet)
Seat 3: OlegKharkov folded before Flop (didn't bet)
Seat 4: yur4ik777 folded before Flop (didn't bet)
Seat 5: RodrigoFroilan collected ($0.06)
Seat 6: QcDream folded before Flop (didn't bet)
Seat 7: fmg2010 (button) folded before Flop (didn't bet)
Seat 9: knew_owe (small blind) folded on the Turn



PokerStars Hand #232622173086:  Hold'em No Limit ($0.01/$0.02 USD) - 2021/12/28 21:17:11 PT [2021/12/29 0:17:11 ET]
Table 'Ricouxa IV' 9-max Seat #9 is the button
Seat 1: Dorex2007 ($2.16 in chips) 
Seat 2: aslanturc ($2.39 in chips) 
Seat 3: OlegKharkov ($2 in chips) 
Seat 4: yur4ik777 ($2.38 in chips) 
Seat 5: RodrigoFroilan ($1.55 in chips) 
Seat 6: QcDream ($0.73 in chips) 
Seat 7: fmg2010 ($2.10 in chips) 
Seat 9: knew_owe ($2.03 in chips) 
Dorex2007: posts small blind $0.01
aslanturc: posts big blind $0.02
whiskybreakfast: sits out 
*** HOLE CARDS ***
Dealt to Dorex2007 [3s 4d]
OlegKharkov: folds 
yur4ik777: folds 
RodrigoFroilan: folds 
QcDream: folds 
fmg2010: folds 
knew_owe: calls $0.02
Dorex2007: folds 
aslanturc: checks 
*** FLOP *** [2d 4c 9s]
aslanturc: checks 
knew_owe: checks 
*** TURN *** [2d 4c 9s] [5c]
aslanturc: checks 
knew_owe: checks 
*** RIVER *** [2d 4c 9s 5c] [9d]
aslanturc: checks 
knew_owe: checks 
*** SHOW DOWN ***
aslanturc: shows [Td 3h] (a pair of Nines)
knew_owe: shows [Qh As] (a pair of Nines - Ace kicker)
knew_owe collected $0.05 from pot
*** SUMMARY ***
Total pot $0.05 | Rake $0 
Board [2d 4c 9s 5c 9d]
Seat 1: Dorex2007 (small blind) folded before Flop
Seat 2: aslanturc (big blind) showed [Td 3h] and lost with a pair of Nines
Seat 3: OlegKharkov folded before Flop (didn't bet)
Seat 4: yur4ik777 folded before Flop (didn't bet)
Seat 5: RodrigoFroilan folded before Flop (didn't bet)
Seat 6: QcDream folded before Flop (didn't bet)
Seat 7: fmg2010 folded before Flop (didn't bet)
Seat 9: knew_owe (button) showed [Qh As] and won ($0.05) with a pair of Nines



PokerStars Hand #232622182934:  Hold'em No Limit ($0.01/$0.02 USD) - 2021/12/28 21:18:14 PT [2021/12/29 0:18:14 ET]
Table 'Ricouxa IV' 9-max Seat #1 is the button
Seat 1: Dorex2007 ($2.15 in chips) 
Seat 2: aslanturc ($2.37 in chips) 
Seat 3: OlegKharkov ($2 in chips) 
Seat 4: yur4ik777 ($2.38 in chips) 
Seat 5: RodrigoFroilan ($1.55 in chips) 
Seat 6: QcDream ($0.73 in chips) 
Seat 7: fmg2010 ($2.10 in chips) 
Seat 9: knew_owe ($2.06 in chips) 
aslanturc: posts small blind $0.01
OlegKharkov: posts big blind $0.02
whiskybreakfast: sits out 
*** HOLE CARDS ***
Dealt to Dorex2007 [9s 3s]
yur4ik777: raises $0.03 to $0.05
RodrigoFroilan: folds 
QcDream: folds 
fmg2010: folds 
knew_owe: folds 
Dorex2007: folds 
aslanturc: folds 
OlegKharkov: raises $0.13 to $0.18
yur4ik777: folds 
Uncalled bet ($0.13) returned to OlegKharkov
OlegKharkov collected $0.11 from pot
OlegKharkov: doesn't show hand 
*** SUMMARY ***
Total pot $0.11 | Rake $0 
Seat 1: Dorex2007 (button) folded before Flop (didn't bet)
Seat 2: aslanturc (small blind) folded before Flop
Seat 3: OlegKharkov (big blind) collected ($0.11)
Seat 4: yur4ik777 folded before Flop
Seat 5: RodrigoFroilan folded before Flop (didn't bet)
Seat 6: QcDream folded before Flop (didn't bet)
Seat 7: fmg2010 folded before Flop (didn't bet)
Seat 9: knew_owe folded before Flop (didn't bet)



PokerStars Hand #232622186659:  Hold'em No Limit ($0.01/$0.02 USD) - 2021/12/28 21:18:37 PT [2021/12/29 0:18:37 ET]
Table 'Ricouxa IV' 9-max Seat #2 is the button
Seat 1: Dorex2007 ($2.15 in chips) 
Seat 2: aslanturc ($2.36 in chips) 
Seat 3: OlegKharkov ($2.06 in chips) 
Seat 4: yur4ik777 ($2.33 in chips) 
Seat 5: RodrigoFroilan ($1.55 in chips) 
Seat 6: QcDream ($0.73 in chips) 
Seat 7: fmg2010 ($2.10 in chips) 
Seat 9: knew_owe ($2.06 in chips) 
OlegKharkov: posts small blind $0.01
yur4ik777: posts big blind $0.02
whiskybreakfast: sits out 
*** HOLE CARDS ***
Dealt to Dorex2007 [Ks 4c]
RodrigoFroilan: folds 
QcDream: folds 
fmg2010: calls $0.02
knew_owe has timed out
knew_owe: folds 
Dorex2007: folds 
aslanturc: folds 
OlegKharkov: calls $0.01
yur4ik777: checks 
*** FLOP *** [5c Qh 5h]
OlegKharkov: checks 
yur4ik777: checks 
fmg2010: bets $0.02
OlegKharkov: folds 
yur4ik777: folds 
Uncalled bet ($0.02) returned to fmg2010
fmg2010 collected $0.06 from pot
*** SUMMARY ***
Total pot $0.06 | Rake $0 
Board [5c Qh 5h]
Seat 1: Dorex2007 folded before Flop (didn't bet)
Seat 2: aslanturc (button) folded before Flop (didn't bet)
Seat 3: OlegKharkov (small blind) folded on the Flop
Seat 4: yur4ik777 (big blind) folded on the Flop
Seat 5: RodrigoFroilan folded before Flop (didn't bet)
Seat 6: QcDream folded before Flop (didn't bet)
Seat 7: fmg2010 collected ($0.06)
Seat 9: knew_owe folded before Flop (didn't bet)



PokerStars Hand #232622195797:  Hold'em No Limit ($0.01/$0.02 USD) - 2021/12/28 21:19:37 PT [2021/12/29 0:19:37 ET]
Table 'Ricouxa IV' 9-max Seat #3 is the button
Seat 1: Dorex2007 ($2.15 in chips) 
Seat 2: aslanturc ($2.36 in chips) 
Seat 3: OlegKharkov ($2.04 in chips) 
Seat 4: yur4ik777 ($2.31 in chips) 
Seat 5: RodrigoFroilan ($1.55 in chips) 
Seat 6: QcDream ($0.73 in chips) 
Seat 7: fmg2010 ($2.14 in chips) 
Seat 9: knew_owe ($2.06 in chips) 
yur4ik777: posts small blind $0.01
RodrigoFroilan: posts big blind $0.02
whiskybreakfast: sits out 
*** HOLE CARDS ***
Dealt to Dorex2007 [Ah 9c]
QcDream: folds 
fmg2010: raises $0.08 to $0.10
knew_owe: folds 
Dorex2007: folds 
aslanturc: folds 
OlegKharkov: folds 
yur4ik777: folds 
RodrigoFroilan: folds 
Uncalled bet ($0.08) returned to fmg2010
fmg2010 collected $0.05 from pot
*** SUMMARY ***
Total pot $0.05 | Rake $0 
Seat 1: Dorex2007 folded before Flop (didn't bet)
Seat 2: aslanturc folded before Flop (didn't bet)
Seat 3: OlegKharkov (button) folded before Flop (didn't bet)
Seat 4: yur4ik777 (small blind) folded before Flop
Seat 5: RodrigoFroilan (big blind) folded before Flop
Seat 6: QcDream folded before Flop (didn't bet)
Seat 7: fmg2010 collected ($0.05)
Seat 9: knew_owe folded before Flop (didn't bet)



PokerStars Hand #232622199080:  Hold'em No Limit ($0.01/$0.02 USD) - 2021/12/28 21:19:58 PT [2021/12/29 0:19:58 ET]
Table 'Ricouxa IV' 9-max Seat #4 is the button
Seat 1: Dorex2007 ($2.15 in chips) 
Seat 2: aslanturc ($2.36 in chips) 
Seat 3: OlegKharkov ($2.04 in chips) 
Seat 4: yur4ik777 ($2.30 in chips) 
Seat 5: RodrigoFroilan ($1.53 in chips) 
Seat 6: QcDream ($0.73 in chips) 
Seat 7: fmg2010 ($2.17 in chips) 
Seat 9: knew_owe ($2.06 in chips) 
RodrigoFroilan: posts small blind $0.01
QcDream: posts big blind $0.02
whiskybreakfast: sits out 
*** HOLE CARDS ***
Dealt to Dorex2007 [8s 6h]
fmg2010: calls $0.02
knew_owe: calls $0.02
Dorex2007: folds 
aslanturc: folds 
OlegKharkov: folds 
yur4ik777: folds 
RodrigoFroilan: calls $0.01
QcDream: checks 
*** FLOP *** [As 7c Tc]
RodrigoFroilan: checks 
QcDream: checks 
fmg2010: bets $0.04
knew_owe: folds 
RodrigoFroilan: folds 
QcDream: calls $0.04
*** TURN *** [As 7c Tc] [Js]
QcDream: checks 
fmg2010: bets $0.08
QcDream: folds 
Uncalled bet ($0.08) returned to fmg2010
fmg2010 collected $0.15 from pot
*** SUMMARY ***
Total pot $0.16 | Rake $0.01 
Board [As 7c Tc Js]
Seat 1: Dorex2007 folded before Flop (didn't bet)
Seat 2: aslanturc folded before Flop (didn't bet)
Seat 3: OlegKharkov folded before Flop (didn't bet)
Seat 4: yur4ik777 (button) folded before Flop (didn't bet)
Seat 5: RodrigoFroilan (small blind) folded on the Flop
Seat 6: QcDream (big blind) folded on the Turn
Seat 7: fmg2010 collected ($0.15)
Seat 9: knew_owe folded on the Flop



PokerStars Hand #232622216605:  Hold'em No Limit ($0.01/$0.02 USD) - 2021/12/28 21:20:57 PT [2021/12/29 0:20:57 ET]
Table 'Ricouxa IV' 9-max Seat #5 is the button
Seat 1: Dorex2007 ($2.15 in chips) 
Seat 2: aslanturc ($2.36 in chips) 
Seat 3: OlegKharkov ($2.04 in chips) 
Seat 4: yur4ik777 ($2.30 in chips) 
Seat 5: RodrigoFroilan ($1.51 in chips) 
Seat 6: QcDream ($0.67 in chips) 
Seat 7: fmg2010 ($2.26 in chips) 
Seat 9: knew_owe ($2.04 in chips) 
QcDream: posts small blind $0.01
fmg2010: posts big blind $0.02
whiskybreakfast: sits out 
*** HOLE CARDS ***
Dealt to Dorex2007 [4c 7h]
knew_owe: calls $0.02
Dorex2007: folds 
aslanturc: folds 
OlegKharkov: folds 
yur4ik777: folds 
RodrigoFroilan: folds 
QcDream: calls $0.01
fmg2010: checks 
*** FLOP *** [6s Qh 4h]
QcDream: checks 
fmg2010: checks 
knew_owe: checks 
*** TURN *** [6s Qh 4h] [Kc]
QcDream: checks 
fmg2010: bets $0.04
knew_owe: calls $0.04
QcDream: calls $0.04
*** RIVER *** [6s Qh 4h Kc] [8h]
QcDream: bets $0.17
fmg2010: calls $0.17
knew_owe: calls $0.17
*** SHOW DOWN ***
QcDream: shows [8d Kd] (two pair, Kings and Eights)
fmg2010: mucks hand 
knew_owe: mucks hand 
QcDream collected $0.67 from pot
*** SUMMARY ***
Total pot $0.69 | Rake $0.02 
Board [6s Qh 4h Kc 8h]
Seat 1: Dorex2007 folded before Flop (didn't bet)
Seat 2: aslanturc folded before Flop (didn't bet)
Seat 3: OlegKharkov folded before Flop (didn't bet)
Seat 4: yur4ik777 folded before Flop (didn't bet)
Seat 5: RodrigoFroilan (button) folded before Flop (didn't bet)
Seat 6: QcDream (small blind) showed [8d Kd] and won ($0.67) with two pair, Kings and Eights
Seat 7: fmg2010 (big blind) mucked [Ks 5s]
Seat 9: knew_owe mucked [Qd Ah]



PokerStars Hand #232622228956:  Hold'em No Limit ($0.01/$0.02 USD) - 2021/12/28 21:21:59 PT [2021/12/29 0:21:59 ET]
Table 'Ricouxa IV' 9-max Seat #6 is the button
Seat 1: Dorex2007 ($2.15 in chips) 
Seat 2: aslanturc ($2.36 in chips) 
Seat 3: OlegKharkov ($2.04 in chips) 
Seat 4: yur4ik777 ($2.30 in chips) 
Seat 5: RodrigoFroilan ($1.51 in chips) 
Seat 6: QcDream ($1.11 in chips) 
Seat 7: fmg2010 ($2.03 in chips) 
Seat 8: whiskybreakfast ($2 in chips) 
Seat 9: knew_owe ($1.81 in chips) 
fmg2010: posts small blind $0.01
whiskybreakfast: posts big blind $0.02
*** HOLE CARDS ***
Dealt to Dorex2007 [7d 9s]
knew_owe: calls $0.02
Dorex2007: folds 
aslanturc: raises $0.08 to $0.10
OlegKharkov: folds 
yur4ik777: folds 
RodrigoFroilan: folds 
QcDream: folds 
fmg2010: folds 
whiskybreakfast: folds 
knew_owe: folds 
Uncalled bet ($0.08) returned to aslanturc
aslanturc collected $0.07 from pot
aslanturc: doesn't show hand 
*** SUMMARY ***
Total pot $0.07 | Rake $0 
Seat 1: Dorex2007 folded before Flop (didn't bet)
Seat 2: aslanturc collected ($0.07)
Seat 3: OlegKharkov folded before Flop (didn't bet)
Seat 4: yur4ik777 folded before Flop (didn't bet)
Seat 5: RodrigoFroilan folded before Flop (didn't bet)
Seat 6: QcDream (button) folded before Flop (didn't bet)
Seat 7: fmg2010 (small blind) folded before Flop
Seat 8: whiskybreakfast (big blind) folded before Flop
Seat 9: knew_owe folded before Flop



PokerStars Hand #232622236192:  Hold'em No Limit ($0.01/$0.02 USD) - 2021/12/28 21:22:45 PT [2021/12/29 0:22:45 ET]
Table 'Ricouxa IV' 9-max Seat #7 is the button
Seat 1: Dorex2007 ($2.15 in chips) 
Seat 2: aslanturc ($2.41 in chips) 
Seat 3: OlegKharkov ($2.04 in chips) 
Seat 4: yur4ik777 ($2.30 in chips) 
Seat 5: RodrigoFroilan ($1.51 in chips) 
Seat 6: QcDream ($1.11 in chips) 
Seat 7: fmg2010 ($2.02 in chips) 
Seat 8: whiskybreakfast ($1.98 in chips) 
Seat 9: knew_owe ($1.79 in chips) 
whiskybreakfast: posts small blind $0.01
knew_owe: posts big blind $0.02
*** HOLE CARDS ***
Dealt to Dorex2007 [7c 3c]
Dorex2007: folds 
aslanturc: folds 
OlegKharkov: folds 
yur4ik777: raises $0.02 to $0.04
RodrigoFroilan: folds 
QcDream: folds 
fmg2010: folds 
whiskybreakfast: folds 
knew_owe: folds 
Uncalled bet ($0.02) returned to yur4ik777
yur4ik777 collected $0.05 from pot
yur4ik777: doesn't show hand 
*** SUMMARY ***
Total pot $0.05 | Rake $0 
Seat 1: Dorex2007 folded before Flop (didn't bet)
Seat 2: aslanturc folded before Flop (didn't bet)
Seat 3: OlegKharkov folded before Flop (didn't bet)
Seat 4: yur4ik777 collected ($0.05)
Seat 5: RodrigoFroilan folded before Flop (didn't bet)
Seat 6: QcDream folded before Flop (didn't bet)
Seat 7: fmg2010 (button) folded before Flop (didn't bet)
Seat 8: whiskybreakfast (small blind) folded before Flop
Seat 9: knew_owe (big blind) folded before Flop



PokerStars Hand #232622239232:  Hold'em No Limit ($0.01/$0.02 USD) - 2021/12/28 21:23:05 PT [2021/12/29 0:23:05 ET]
Table 'Ricouxa IV' 9-max Seat #8 is the button
Seat 1: Dorex2007 ($2.15 in chips) 
Seat 2: aslanturc ($2.41 in chips) 
Seat 3: OlegKharkov ($2.04 in chips) 
Seat 4: yur4ik777 ($2.33 in chips) 
Seat 5: RodrigoFroilan ($1.51 in chips) 
Seat 6: QcDream ($1.11 in chips) 
Seat 7: fmg2010 ($2.02 in chips) 
Seat 8: whiskybreakfast ($1.97 in chips) 
Seat 9: knew_owe ($1.77 in chips) 
knew_owe: posts small blind $0.01
Dorex2007: posts big blind $0.02
*** HOLE CARDS ***
Dealt to Dorex2007 [Th 6d]
aslanturc: folds 
OlegKharkov: folds 
yur4ik777: folds 
RodrigoFroilan: folds 
QcDream: calls $0.02
fmg2010: folds 
whiskybreakfast: folds 
knew_owe: calls $0.01
Dorex2007: checks 
*** FLOP *** [Qs 3c 9c]
knew_owe: checks 
Dorex2007: checks 
QcDream: checks 
*** TURN *** [Qs 3c 9c] [Kh]
knew_owe: checks 
Dorex2007: checks 
QcDream: checks 
*** RIVER *** [Qs 3c 9c Kh] [Ks]
knew_owe: bets $0.06
Dorex2007: folds 
QcDream: folds 
Uncalled bet ($0.06) returned to knew_owe
knew_owe collected $0.06 from pot
knew_owe: doesn't show hand 
*** SUMMARY ***
Total pot $0.06 | Rake $0 
Board [Qs 3c 9c Kh Ks]
Seat 1: Dorex2007 (big blind) folded on the River
Seat 2: aslanturc folded before Flop (didn't bet)
Seat 3: OlegKharkov folded before Flop (didn't bet)
Seat 4: yur4ik777 folded before Flop (didn't bet)
Seat 5: RodrigoFroilan folded before Flop (didn't bet)
Seat 6: QcDream folded on the River
Seat 7: fmg2010 folded before Flop (didn't bet)
Seat 8: whiskybreakfast (button) folded before Flop (didn't bet)
Seat 9: knew_owe (small blind) collected ($0.06)



PokerStars Hand #232622246488:  Hold'em No Limit ($0.01/$0.02 USD) - 2021/12/28 21:23:52 PT [2021/12/29 0:23:52 ET]
Table 'Ricouxa IV' 9-max Seat #9 is the button
Seat 1: Dorex2007 ($2.13 in chips) 
Seat 2: aslanturc ($2.41 in chips) 
Seat 3: OlegKharkov ($2.04 in chips) 
Seat 4: yur4ik777 ($2.33 in chips) 
Seat 5: RodrigoFroilan ($1.51 in chips) 
Seat 6: QcDream ($1.09 in chips) 
Seat 7: fmg2010 ($2.02 in chips) 
Seat 8: whiskybreakfast ($1.97 in chips) 
Seat 9: knew_owe ($1.81 in chips) 
Dorex2007: posts small blind $0.01
aslanturc: posts big blind $0.02
*** HOLE CARDS ***
Dealt to Dorex2007 [9d 7s]
OlegKharkov: folds 
yur4ik777: folds 
RodrigoFroilan: folds 
QcDream: calls $0.02
fmg2010: folds 
whiskybreakfast: folds 
knew_owe: calls $0.02
Dorex2007: folds 
aslanturc: checks 
*** FLOP *** [Qh Ts 8s]
aslanturc: checks 
QcDream: checks 
knew_owe: checks 
*** TURN *** [Qh Ts 8s] [6h]
aslanturc: checks 
QcDream: bets $0.02
knew_owe: folds 
aslanturc: folds 
Uncalled bet ($0.02) returned to QcDream
QcDream collected $0.07 from pot
QcDream: doesn't show hand 
*** SUMMARY ***
Total pot $0.07 | Rake $0 
Board [Qh Ts 8s 6h]
Seat 1: Dorex2007 (small blind) folded before Flop
Seat 2: aslanturc (big blind) folded on the Turn
Seat 3: OlegKharkov folded before Flop (didn't bet)
Seat 4: yur4ik777 folded before Flop (didn't bet)
Seat 5: RodrigoFroilan folded before Flop (didn't bet)
Seat 6: QcDream collected ($0.07)
Seat 7: fmg2010 folded before Flop (didn't bet)
Seat 8: whiskybreakfast folded before Flop (didn't bet)
Seat 9: knew_owe (button) folded on the Turn



PokerStars Hand #232622257300:  Hold'em No Limit ($0.01/$0.02 USD) - 2021/12/28 21:25:03 PT [2021/12/29 0:25:03 ET]
Table 'Ricouxa IV' 9-max Seat #1 is the button
Seat 1: Dorex2007 ($2.12 in chips) 
Seat 2: aslanturc ($2.39 in chips) 
Seat 3: OlegKharkov ($2.04 in chips) 
Seat 4: yur4ik777 ($2.33 in chips) 
Seat 5: RodrigoFroilan ($1.51 in chips) 
Seat 6: QcDream ($1.14 in chips) 
Seat 7: fmg2010 ($2.02 in chips) 
Seat 8: whiskybreakfast ($1.97 in chips) 
Seat 9: knew_owe ($1.79 in chips) 
aslanturc: posts small blind $0.01
OlegKharkov: posts big blind $0.02
*** HOLE CARDS ***
Dealt to Dorex2007 [5c 3h]
yur4ik777: folds 
RodrigoFroilan: folds 
QcDream: folds 
fmg2010: raises $0.02 to $0.04
whiskybreakfast: calls $0.04
knew_owe: calls $0.04
Dorex2007: folds 
aslanturc: folds 
OlegKharkov: calls $0.02
*** FLOP *** [3s 6h 4s]
OlegKharkov: checks 
fmg2010: bets $0.02
whiskybreakfast: calls $0.02
knew_owe: calls $0.02
OlegKharkov: calls $0.02
*** TURN *** [3s 6h 4s] [7d]
OlegKharkov: checks 
fmg2010: checks 
whiskybreakfast: bets $0.36
knew_owe: folds 
OlegKharkov: folds 
fmg2010: folds 
Uncalled bet ($0.36) returned to whiskybreakfast
whiskybreakfast collected $0.24 from pot
whiskybreakfast: doesn't show hand 
*** SUMMARY ***
Total pot $0.25 | Rake $0.01 
Board [3s 6h 4s 7d]
Seat 1: Dorex2007 (button) folded before Flop (didn't bet)
Seat 2: aslanturc (small blind) folded before Flop
Seat 3: OlegKharkov (big blind) folded on the Turn
Seat 4: yur4ik777 folded before Flop (didn't bet)
Seat 5: RodrigoFroilan folded before Flop (didn't bet)
Seat 6: QcDream folded before Flop (didn't bet)
Seat 7: fmg2010 folded on the Turn
Seat 8: whiskybreakfast collected ($0.24)
Seat 9: knew_owe folded on the Turn



PokerStars Hand #232622268721:  Hold'em No Limit ($0.01/$0.02 USD) - 2021/12/28 21:26:18 PT [2021/12/29 0:26:18 ET]
Table 'Ricouxa IV' 9-max Seat #2 is the button
Seat 1: Dorex2007 ($2.12 in chips) 
Seat 2: aslanturc ($2.38 in chips) 
Seat 3: OlegKharkov ($2 in chips) 
Seat 4: yur4ik777 ($2.33 in chips) 
Seat 5: RodrigoFroilan ($1.51 in chips) 
Seat 6: QcDream ($1.14 in chips) 
Seat 7: fmg2010 ($1.96 in chips) 
Seat 8: whiskybreakfast ($2.15 in chips) 
Seat 9: knew_owe ($1.73 in chips) 
OlegKharkov: posts small blind $0.01
yur4ik777: posts big blind $0.02
*** HOLE CARDS ***
Dealt to Dorex2007 [3d 9h]
RodrigoFroilan: calls $0.02
QcDream: folds 
fmg2010: raises $0.04 to $0.06
whiskybreakfast: folds 
knew_owe: folds 
Dorex2007: folds 
aslanturc: folds 
OlegKharkov: calls $0.05
yur4ik777: calls $0.04
RodrigoFroilan: calls $0.04
*** FLOP *** [2c 6s 3c]
OlegKharkov: bets $0.15
yur4ik777: calls $0.15
RodrigoFroilan: raises $1.30 to $1.45 and is all-in
fmg2010: folds 
OlegKharkov: folds 
yur4ik777: folds 
Uncalled bet ($1.30) returned to RodrigoFroilan
RodrigoFroilan collected $0.67 from pot
RodrigoFroilan: doesn't show hand 
*** SUMMARY ***
Total pot $0.69 | Rake $0.02 
Board [2c 6s 3c]
Seat 1: Dorex2007 folded before Flop (didn't bet)
Seat 2: aslanturc (button) folded before Flop (didn't bet)
Seat 3: OlegKharkov (small blind) folded on the Flop
Seat 4: yur4ik777 (big blind) folded on the Flop
Seat 5: RodrigoFroilan collected ($0.67)
Seat 6: QcDream folded before Flop (didn't bet)
Seat 7: fmg2010 folded on the Flop
Seat 8: whiskybreakfast folded before Flop (didn't bet)
Seat 9: knew_owe folded before Flop (didn't bet)



PokerStars Hand #232622280091:  Hold'em No Limit ($0.01/$0.02 USD) - 2021/12/28 21:27:32 PT [2021/12/29 0:27:32 ET]
Table 'Ricouxa IV' 9-max Seat #3 is the button
Seat 1: Dorex2007 ($2.12 in chips) 
Seat 2: aslanturc ($2.38 in chips) 
Seat 3: OlegKharkov ($2 in chips) 
Seat 4: yur4ik777 ($2.12 in chips) 
Seat 5: RodrigoFroilan ($1.97 in chips) 
Seat 6: QcDream ($1.14 in chips) 
Seat 7: fmg2010 ($1.90 in chips) 
Seat 8: whiskybreakfast ($2.15 in chips) 
Seat 9: knew_owe ($1.73 in chips) 
yur4ik777: posts small blind $0.01
RodrigoFroilan: posts big blind $0.02
*** HOLE CARDS ***
Dealt to Dorex2007 [9h 6d]
QcDream: calls $0.02
fmg2010: raises $0.02 to $0.04
whiskybreakfast: folds 
knew_owe: calls $0.04
Dorex2007: folds 
aslanturc: folds 
OlegKharkov: folds 
yur4ik777: folds 
RodrigoFroilan: calls $0.02
QcDream: calls $0.02
*** FLOP *** [Th 6s Tc]
RodrigoFroilan: checks 
QcDream: checks 
fmg2010: checks 
knew_owe: checks 
*** TURN *** [Th 6s Tc] [Ad]
RodrigoFroilan: checks 
QcDream: checks 
fmg2010: checks 
knew_owe: bets $0.02
RodrigoFroilan: calls $0.02
QcDream: calls $0.02
fmg2010: calls $0.02
*** RIVER *** [Th 6s Tc Ad] [5s]
RodrigoFroilan: checks 
QcDream: checks 
fmg2010: checks 
knew_owe: bets $0.24
RodrigoFroilan: raises $0.24 to $0.48
QcDream: folds 
fmg2010: folds 
knew_owe: raises $0.24 to $0.72
RodrigoFroilan: raises $1.19 to $1.91 and is all-in
knew_owe: calls $0.95 and is all-in
Uncalled bet ($0.24) returned to RodrigoFroilan
*** SHOW DOWN ***
RodrigoFroilan: shows [Ah Ts] (a full house, Tens full of Aces)
knew_owe: shows [Jh As] (two pair, Aces and Tens)
RodrigoFroilan collected $3.46 from pot
*** SUMMARY ***
Total pot $3.59 | Rake $0.13 
Board [Th 6s Tc Ad 5s]
Seat 1: Dorex2007 folded before Flop (didn't bet)
Seat 2: aslanturc folded before Flop (didn't bet)
Seat 3: OlegKharkov (button) folded before Flop (didn't bet)
Seat 4: yur4ik777 (small blind) folded before Flop
Seat 5: RodrigoFroilan (big blind) showed [Ah Ts] and won ($3.46) with a full house, Tens full of Aces
Seat 6: QcDream folded on the River
Seat 7: fmg2010 folded on the River
Seat 8: whiskybreakfast folded before Flop (didn't bet)
Seat 9: knew_owe showed [Jh As] and lost with two pair, Aces and Tens



PokerStars Hand #232622305836:  Hold'em No Limit ($0.01/$0.02 USD) - 2021/12/28 21:29:46 PT [2021/12/29 0:29:46 ET]
Table 'Ricouxa IV' 9-max Seat #4 is the button
Seat 1: Dorex2007 ($2.12 in chips) 
Seat 2: aslanturc ($2.38 in chips) 
Seat 3: OlegKharkov ($2 in chips) 
Seat 4: yur4ik777 ($2.11 in chips) 
Seat 5: RodrigoFroilan ($3.70 in chips) 
Seat 6: QcDream ($1.08 in chips) 
Seat 7: fmg2010 ($1.84 in chips) 
Seat 8: whiskybreakfast ($2.15 in chips) 
RodrigoFroilan: posts small blind $0.01
QcDream: posts big blind $0.02
*** HOLE CARDS ***
Dealt to Dorex2007 [Ah Qs]
fmg2010: folds 
whiskybreakfast: folds 
Dorex2007: raises $0.04 to $0.06
aslanturc: folds 
OlegKharkov: folds 
yur4ik777: folds 
RodrigoFroilan: folds 
QcDream: folds 
Uncalled bet ($0.04) returned to Dorex2007
Dorex2007 collected $0.05 from pot
Dorex2007: doesn't show hand 
*** SUMMARY ***
Total pot $0.05 | Rake $0 
Seat 1: Dorex2007 collected ($0.05)
Seat 2: aslanturc folded before Flop (didn't bet)
Seat 3: OlegKharkov folded before Flop (didn't bet)
Seat 4: yur4ik777 (button) folded before Flop (didn't bet)
Seat 5: RodrigoFroilan (small blind) folded before Flop
Seat 6: QcDream (big blind) folded before Flop
Seat 7: fmg2010 folded before Flop (didn't bet)
Seat 8: whiskybreakfast folded before Flop (didn't bet)



PokerStars Hand #232622309148:  Hold'em No Limit ($0.01/$0.02 USD) - 2021/12/28 21:30:07 PT [2021/12/29 0:30:07 ET]
Table 'Ricouxa IV' 9-max Seat #6 is the button
Seat 1: Dorex2007 ($2.15 in chips) 
Seat 2: aslanturc ($2.38 in chips) 
Seat 3: OlegKharkov ($2 in chips) 
Seat 4: yur4ik777 ($2.11 in chips) 
Seat 6: QcDream ($1.06 in chips) 
Seat 7: fmg2010 ($1.84 in chips) 
Seat 8: whiskybreakfast ($2.15 in chips) 
fmg2010: posts small blind $0.01
whiskybreakfast: posts big blind $0.02
*** HOLE CARDS ***
Dealt to Dorex2007 [Ac 2s]
RodrigoFroilan leaves the table
Dorex2007: folds 
aslanturc: folds 
OlegKharkov: raises $0.04 to $0.06
Arush8 joins the table at seat #5 
yur4ik777: folds 
QcDream: folds 
fmg2010: folds 
whiskybreakfast: folds 
Uncalled bet ($0.04) returned to OlegKharkov
OlegKharkov collected $0.05 from pot
OlegKharkov: doesn't show hand 
*** SUMMARY ***
Total pot $0.05 | Rake $0 
Seat 1: Dorex2007 folded before Flop (didn't bet)
Seat 2: aslanturc folded before Flop (didn't bet)
Seat 3: OlegKharkov collected ($0.05)
Seat 4: yur4ik777 folded before Flop (didn't bet)
Seat 6: QcDream (button) folded before Flop (didn't bet)
Seat 7: fmg2010 (small blind) folded before Flop
Seat 8: whiskybreakfast (big blind) folded before Flop



PokerStars Hand #232622312541:  Hold'em No Limit ($0.01/$0.02 USD) - 2021/12/28 21:30:29 PT [2021/12/29 0:30:29 ET]
Table 'Ricouxa IV' 9-max Seat #7 is the button
Seat 1: Dorex2007 ($2.15 in chips) 
Seat 2: aslanturc ($2.38 in chips) 
Seat 3: OlegKharkov ($2.03 in chips) 
Seat 4: yur4ik777 ($2.11 in chips) 
Seat 5: Arush8 ($2 in chips) 
Seat 6: QcDream ($1.06 in chips) 
Seat 7: fmg2010 ($1.83 in chips) 
Seat 8: whiskybreakfast ($2.13 in chips) 
whiskybreakfast: posts small blind $0.01
Dorex2007: posts big blind $0.02
Arush8: posts big blind $0.02
*** HOLE CARDS ***
Dealt to Dorex2007 [6h 2h]
aslanturc: folds 
OlegKharkov: folds 
yur4ik777: folds 
Arush8: checks 
QcDream: folds 
fmg2010: folds 
whiskybreakfast: calls $0.01
Dorex2007: checks 
*** FLOP *** [3s 3h 7h]
whiskybreakfast: checks 
Dorex2007: checks 
Arush8: checks 
*** TURN *** [3s 3h 7h] [5c]
whiskybreakfast: checks 
Dorex2007: checks 
Arush8: checks 
*** RIVER *** [3s 3h 7h 5c] [Jh]
whiskybreakfast: checks 
Dorex2007: bets $0.04
Arush8: folds 
whiskybreakfast: folds 
Uncalled bet ($0.04) returned to Dorex2007
Dorex2007 collected $0.06 from pot
Dorex2007: doesn't show hand 
*** SUMMARY ***
Total pot $0.06 | Rake $0 
Board [3s 3h 7h 5c Jh]
Seat 1: Dorex2007 (big blind) collected ($0.06)
Seat 2: aslanturc folded before Flop (didn't bet)
Seat 3: OlegKharkov folded before Flop (didn't bet)
Seat 4: yur4ik777 folded before Flop (didn't bet)
Seat 5: Arush8 folded on the River (didn't bet)
Seat 6: QcDream folded before Flop (didn't bet)
Seat 7: fmg2010 (button) folded before Flop (didn't bet)
Seat 8: whiskybreakfast (small blind) folded on the River



PokerStars Hand #232622320779:  Hold'em No Limit ($0.01/$0.02 USD) - 2021/12/28 21:31:24 PT [2021/12/29 0:31:24 ET]
Table 'Ricouxa IV' 9-max Seat #8 is the button
Seat 1: Dorex2007 ($2.19 in chips) 
Seat 2: aslanturc ($2.38 in chips) 
Seat 3: OlegKharkov ($2.03 in chips) 
Seat 4: yur4ik777 ($2.11 in chips) 
Seat 5: Arush8 ($1.98 in chips) 
Seat 6: QcDream ($1.06 in chips) 
Seat 7: fmg2010 ($1.83 in chips) 
Seat 8: whiskybreakfast ($2.11 in chips) 
Dorex2007: posts small blind $0.01
aslanturc: posts big blind $0.02
*** HOLE CARDS ***
Dealt to Dorex2007 [3c 2s]
OlegKharkov: folds 
yur4ik777: folds 
Arush8: folds 
QcDream: folds 
fmg2010: folds 
whiskybreakfast: folds 
Dorex2007: folds 
Uncalled bet ($0.01) returned to aslanturc
aslanturc collected $0.02 from pot
aslanturc: doesn't show hand 
*** SUMMARY ***
Total pot $0.02 | Rake $0 
Seat 1: Dorex2007 (small blind) folded before Flop
Seat 2: aslanturc (big blind) collected ($0.02)
Seat 3: OlegKharkov folded before Flop (didn't bet)
Seat 4: yur4ik777 folded before Flop (didn't bet)
Seat 5: Arush8 folded before Flop (didn't bet)
Seat 6: QcDream folded before Flop (didn't bet)
Seat 7: fmg2010 folded before Flop (didn't bet)
Seat 8: whiskybreakfast (button) folded before Flop (didn't bet)



PokerStars Hand #232622323768:  Hold'em No Limit ($0.01/$0.02 USD) - 2021/12/28 21:31:43 PT [2021/12/29 0:31:43 ET]
Table 'Ricouxa IV' 9-max Seat #1 is the button
Seat 1: Dorex2007 ($2.18 in chips) 
Seat 2: aslanturc ($2.39 in chips) 
Seat 3: OlegKharkov ($2.03 in chips) 
Seat 4: yur4ik777 ($2.11 in chips) 
Seat 5: Arush8 ($1.98 in chips) 
Seat 6: QcDream ($1.06 in chips) 
Seat 7: fmg2010 ($1.83 in chips) 
Seat 8: whiskybreakfast ($2.11 in chips) 
aslanturc: posts small blind $0.01
OlegKharkov: posts big blind $0.02
*** HOLE CARDS ***
Dealt to Dorex2007 [Ks 5c]
yur4ik777: folds 
Arush8: folds 
QcDream: folds 
fmg2010: folds 
whiskybreakfast: calls $0.02
Dorex2007: folds 
aslanturc: folds 
OlegKharkov: raises $0.06 to $0.08
whiskybreakfast: calls $0.06
*** FLOP *** [4h 6h 5d]
OlegKharkov: checks 
whiskybreakfast: bets $0.14
OlegKharkov: folds 
Uncalled bet ($0.14) returned to whiskybreakfast
whiskybreakfast collected $0.16 from pot
whiskybreakfast: doesn't show hand 
*** SUMMARY ***
Total pot $0.17 | Rake $0.01 
Board [4h 6h 5d]
Seat 1: Dorex2007 (button) folded before Flop (didn't bet)
Seat 2: aslanturc (small blind) folded before Flop
Seat 3: OlegKharkov (big blind) folded on the Flop
Seat 4: yur4ik777 folded before Flop (didn't bet)
Seat 5: Arush8 folded before Flop (didn't bet)
Seat 6: QcDream folded before Flop (didn't bet)
Seat 7: fmg2010 folded before Flop (didn't bet)
Seat 8: whiskybreakfast collected ($0.16)



PokerStars Hand #232622329455:  Hold'em No Limit ($0.01/$0.02 USD) - 2021/12/28 21:32:21 PT [2021/12/29 0:32:21 ET]
Table 'Ricouxa IV' 9-max Seat #2 is the button
Seat 1: Dorex2007 ($2.18 in chips) 
Seat 2: aslanturc ($2.38 in chips) 
Seat 3: OlegKharkov ($2 in chips) 
Seat 4: yur4ik777 ($2.11 in chips) 
Seat 5: Arush8 ($1.98 in chips) 
Seat 6: QcDream ($1.06 in chips) 
Seat 7: fmg2010 ($1.83 in chips) 
Seat 8: whiskybreakfast ($2.19 in chips) 
OlegKharkov: posts small blind $0.01
yur4ik777: posts big blind $0.02
*** HOLE CARDS ***
Dealt to Dorex2007 [7s 9s]
Arush8: folds 
QcDream: folds 
fmg2010: raises $0.02 to $0.04
whiskybreakfast: folds 
Dorex2007: folds 
QcDream leaves the table
aslanturc: raises $0.11 to $0.15
OlegKharkov: folds 
yur4ik777: folds 
fmg2010: calls $0.11
*** FLOP *** [7d 5c 5s]
fmg2010: checks 
aslanturc: bets $0.16
fmg2010: folds 
Uncalled bet ($0.16) returned to aslanturc
aslanturc collected $0.32 from pot
aslanturc: doesn't show hand 
*** SUMMARY ***
Total pot $0.33 | Rake $0.01 
Board [7d 5c 5s]
Seat 1: Dorex2007 folded before Flop (didn't bet)
Seat 2: aslanturc (button) collected ($0.32)
Seat 3: OlegKharkov (small blind) folded before Flop
Seat 4: yur4ik777 (big blind) folded before Flop
Seat 5: Arush8 folded before Flop (didn't bet)
Seat 6: QcDream folded before Flop (didn't bet)
Seat 7: fmg2010 folded on the Flop
Seat 8: whiskybreakfast folded before Flop (didn't bet)



PokerStars Hand #232622347341:  Hold'em No Limit ($0.01/$0.02 USD) - 2021/12/28 21:33:16 PT [2021/12/29 0:33:16 ET]
Table 'Ricouxa IV' 9-max Seat #3 is the button
Seat 1: Dorex2007 ($2.18 in chips) 
Seat 2: aslanturc ($2.55 in chips) 
Seat 3: OlegKharkov ($2 in chips) 
Seat 4: yur4ik777 ($2.09 in chips) 
Seat 5: Arush8 ($1.98 in chips) 
Seat 7: fmg2010 ($1.68 in chips) 
Seat 8: whiskybreakfast ($2.19 in chips) 
yur4ik777: posts small blind $0.01
Arush8: posts big blind $0.02
*** HOLE CARDS ***
Dealt to Dorex2007 [4h Kc]
fmg2010: calls $0.02
whiskybreakfast: folds 
Dorex2007: folds 
aslanturc: folds 
OlegKharkov: folds 
yur4ik777: folds 
Arush8: checks 
*** FLOP *** [3d Ah Ts]
Arush8: bets $0.04
fmg2010: folds 
Uncalled bet ($0.04) returned to Arush8
Arush8 collected $0.05 from pot
Arush8: doesn't show hand 
*** SUMMARY ***
Total pot $0.05 | Rake $0 
Board [3d Ah Ts]
Seat 1: Dorex2007 folded before Flop (didn't bet)
Seat 2: aslanturc folded before Flop (didn't bet)
Seat 3: OlegKharkov (button) folded before Flop (didn't bet)
Seat 4: yur4ik777 (small blind) folded before Flop
Seat 5: Arush8 (big blind) collected ($0.05)
Seat 7: fmg2010 folded on the Flop
Seat 8: whiskybreakfast folded before Flop (didn't bet)



PokerStars Hand #232622351664:  Hold'em No Limit ($0.01/$0.02 USD) - 2021/12/28 21:33:45 PT [2021/12/29 0:33:45 ET]
Table 'Ricouxa IV' 9-max Seat #4 is the button
Seat 1: Dorex2007 ($2.18 in chips) 
Seat 2: aslanturc ($2.55 in chips) 
Seat 3: OlegKharkov ($2 in chips) 
Seat 4: yur4ik777 ($2.08 in chips) 
Seat 5: Arush8 ($2.01 in chips) 
Seat 7: fmg2010 ($1.66 in chips) 
Seat 8: whiskybreakfast ($2.19 in chips) 
Arush8: posts small blind $0.01
fmg2010: posts big blind $0.02
*** HOLE CARDS ***
Dealt to Dorex2007 [Qh 5c]
whiskybreakfast: folds 
Dorex2007: folds 
aslanturc: raises $0.04 to $0.06
OlegKharkov: folds 
yur4ik777: folds 
Arush8: folds 
fmg2010: calls $0.04
*** FLOP *** [6s 4c Ac]
fmg2010: checks 
aslanturc: checks 
*** TURN *** [6s 4c Ac] [Ah]
fmg2010: bets $0.02
aslanturc: raises $0.09 to $0.11
fmg2010: calls $0.09
*** RIVER *** [6s 4c Ac Ah] [7s]
katja366 joins the table at seat #6 
fmg2010: bets $0.02
aslanturc: calls $0.02
*** SHOW DOWN ***
fmg2010: shows [Js Kd] (a pair of Aces)
aslanturc: shows [8h 8s] (two pair, Aces and Eights)
aslanturc collected $0.38 from pot
*** SUMMARY ***
Total pot $0.39 | Rake $0.01 
Board [6s 4c Ac Ah 7s]
Seat 1: Dorex2007 folded before Flop (didn't bet)
Seat 2: aslanturc showed [8h 8s] and won ($0.38) with two pair, Aces and Eights
Seat 3: OlegKharkov folded before Flop (didn't bet)
Seat 4: yur4ik777 (button) folded before Flop (didn't bet)
Seat 5: Arush8 (small blind) folded before Flop
Seat 7: fmg2010 (big blind) showed [Js Kd] and lost with a pair of Aces
Seat 8: whiskybreakfast folded before Flop (didn't bet)



PokerStars Hand #232622363050:  Hold'em No Limit ($0.01/$0.02 USD) - 2021/12/28 21:35:01 PT [2021/12/29 0:35:01 ET]
Table 'Ricouxa IV' 9-max Seat #5 is the button
Seat 1: Dorex2007 ($2.18 in chips) 
Seat 2: aslanturc ($2.74 in chips) 
Seat 3: OlegKharkov ($2 in chips) 
Seat 4: yur4ik777 ($2.08 in chips) 
Seat 5: Arush8 ($2 in chips) 
Seat 7: fmg2010 ($1.47 in chips) 
Seat 8: whiskybreakfast ($2.19 in chips) 
fmg2010: posts small blind $0.01
whiskybreakfast: posts big blind $0.02
*** HOLE CARDS ***
Dealt to Dorex2007 [Qc Jc]
Dorex2007: raises $0.02 to $0.04
aslanturc: folds 
OlegKharkov: folds 
yur4ik777: calls $0.04
Arush8: folds 
fmg2010: calls $0.03
whiskybreakfast: folds 
*** FLOP *** [3c Td Ah]
fmg2010: bets $0.02
Dorex2007: calls $0.02
yur4ik777: calls $0.02
*** TURN *** [3c Td Ah] [Th]
fmg2010: bets $0.04
Dorex2007: calls $0.04
yur4ik777: calls $0.04
*** RIVER *** [3c Td Ah Th] [6s]
fmg2010: bets $0.08
Dorex2007: folds 
yur4ik777: calls $0.08
*** SHOW DOWN ***
fmg2010: shows [Ts 2s] (three of a kind, Tens)
yur4ik777: mucks hand 
fmg2010 collected $0.46 from pot
*** SUMMARY ***
Total pot $0.48 | Rake $0.02 
Board [3c Td Ah Th 6s]
Seat 1: Dorex2007 folded on the River
Seat 2: aslanturc folded before Flop (didn't bet)
Seat 3: OlegKharkov folded before Flop (didn't bet)
Seat 4: yur4ik777 mucked [Kd Js]
Seat 5: Arush8 (button) folded before Flop (didn't bet)
Seat 7: fmg2010 (small blind) showed [Ts 2s] and won ($0.46) with three of a kind, Tens
Seat 8: whiskybreakfast (big blind) folded before Flop



PokerStars Hand #232622371287:  Hold'em No Limit ($0.01/$0.02 USD) - 2021/12/28 21:35:56 PT [2021/12/29 0:35:56 ET]
Table 'Ricouxa IV' 9-max Seat #7 is the button
Seat 1: Dorex2007 ($2.08 in chips) 
Seat 2: aslanturc ($2.74 in chips) 
Seat 3: OlegKharkov ($2 in chips) 
Seat 4: yur4ik777 ($1.90 in chips) 
Seat 5: Arush8 ($2 in chips) 
Seat 6: katja366 ($1.40 in chips) 
Seat 7: fmg2010 ($1.75 in chips) 
Seat 8: whiskybreakfast ($2.17 in chips) 
whiskybreakfast: posts small blind $0.01
Dorex2007: posts big blind $0.02
katja366: posts big blind $0.02
*** HOLE CARDS ***
Dealt to Dorex2007 [7h 9s]
aslanturc: calls $0.02
OlegKharkov: folds 
yur4ik777: folds 
Arush8: folds 
katja366: checks 
fmg2010: calls $0.02
whiskybreakfast: calls $0.01
Dorex2007: checks 
*** FLOP *** [5s Ks Jc]
whiskybreakfast: checks 
Dorex2007: checks 
aslanturc: checks 
katja366: checks 
fmg2010: bets $0.02
whiskybreakfast: raises $0.02 to $0.04
Dorex2007: folds 
aslanturc: raises $0.20 to $0.24
katja366: folds 
fmg2010: folds 
whiskybreakfast: folds 
Uncalled bet ($0.20) returned to aslanturc
aslanturc collected $0.19 from pot
aslanturc: doesn't show hand 
*** SUMMARY ***
Total pot $0.20 | Rake $0.01 
Board [5s Ks Jc]
Seat 1: Dorex2007 (big blind) folded on the Flop
Seat 2: aslanturc collected ($0.19)
Seat 3: OlegKharkov folded before Flop (didn't bet)
Seat 4: yur4ik777 folded before Flop (didn't bet)
Seat 5: Arush8 folded before Flop (didn't bet)
Seat 6: katja366 folded on the Flop (didn't bet)
Seat 7: fmg2010 (button) folded on the Flop
Seat 8: whiskybreakfast (small blind) folded on the Flop



PokerStars Hand #232622383071:  Hold'em No Limit ($0.01/$0.02 USD) - 2021/12/28 21:37:15 PT [2021/12/29 0:37:15 ET]
Table 'Ricouxa IV' 9-max Seat #8 is the button
Seat 1: Dorex2007 ($2.06 in chips) 
Seat 2: aslanturc ($2.87 in chips) 
Seat 3: OlegKharkov ($2 in chips) 
Seat 4: yur4ik777 ($1.90 in chips) 
Seat 5: Arush8 ($2 in chips) 
Seat 6: katja366 ($1.38 in chips) 
Seat 7: fmg2010 ($1.71 in chips) 
Seat 8: whiskybreakfast ($2.11 in chips) 
Dorex2007: posts small blind $0.01
aslanturc: posts big blind $0.02
*** HOLE CARDS ***
Dealt to Dorex2007 [2h 8h]
OlegKharkov: folds 
yur4ik777: folds 
Arush8: folds 
katja366: calls $0.02
fmg2010: folds 
whiskybreakfast: folds 
Dorex2007: folds 
aslanturc: checks 
*** FLOP *** [As 9h 9d]
aslanturc: checks 
katja366: checks 
*** TURN *** [As 9h 9d] [Kd]
aslanturc: checks 
katja366: bets $0.04
aslanturc: folds 
Uncalled bet ($0.04) returned to katja366
katja366 collected $0.05 from pot
katja366: doesn't show hand 
*** SUMMARY ***
Total pot $0.05 | Rake $0 
Board [As 9h 9d Kd]
Seat 1: Dorex2007 (small blind) folded before Flop
Seat 2: aslanturc (big blind) folded on the Turn
Seat 3: OlegKharkov folded before Flop (didn't bet)
Seat 4: yur4ik777 folded before Flop (didn't bet)
Seat 5: Arush8 folded before Flop (didn't bet)
Seat 6: katja366 collected ($0.05)
Seat 7: fmg2010 folded before Flop (didn't bet)
Seat 8: whiskybreakfast (button) folded before Flop (didn't bet)



PokerStars Hand #232622390368:  Hold'em No Limit ($0.01/$0.02 USD) - 2021/12/28 21:38:03 PT [2021/12/29 0:38:03 ET]
Table 'Ricouxa IV' 9-max Seat #1 is the button
Seat 1: Dorex2007 ($2.05 in chips) 
Seat 2: aslanturc ($2.85 in chips) 
Seat 3: OlegKharkov ($2 in chips) 
Seat 4: yur4ik777 ($1.90 in chips) 
Seat 5: Arush8 ($2 in chips) 
Seat 6: katja366 ($1.41 in chips) 
Seat 7: fmg2010 ($1.71 in chips) 
Seat 8: whiskybreakfast ($2.11 in chips) 
aslanturc: posts small blind $0.01
OlegKharkov: posts big blind $0.02
*** HOLE CARDS ***
Dealt to Dorex2007 [6s 5h]
yur4ik777: raises $0.04 to $0.06
Arush8: folds 
katja366: folds 
fmg2010: calls $0.06
whiskybreakfast: folds 
Dorex2007: folds 
aslanturc: folds 
OlegKharkov: folds 
*** FLOP *** [2d 5s Tc]
yur4ik777: bets $0.11
fmg2010: folds 
Uncalled bet ($0.11) returned to yur4ik777
yur4ik777 collected $0.14 from pot
yur4ik777: doesn't show hand 
*** SUMMARY ***
Total pot $0.15 | Rake $0.01 
Board [2d 5s Tc]
Seat 1: Dorex2007 (button) folded before Flop (didn't bet)
Seat 2: aslanturc (small blind) folded before Flop
Seat 3: OlegKharkov (big blind) folded before Flop
Seat 4: yur4ik777 collected ($0.14)
Seat 5: Arush8 folded before Flop (didn't bet)
Seat 6: katja366 folded before Flop (didn't bet)
Seat 7: fmg2010 folded on the Flop
Seat 8: whiskybreakfast folded before Flop (didn't bet)



PokerStars Hand #232622394607:  Hold'em No Limit ($0.01/$0.02 USD) - 2021/12/28 21:38:31 PT [2021/12/29 0:38:31 ET]
Table 'Ricouxa IV' 9-max Seat #2 is the button
Seat 1: Dorex2007 ($2.05 in chips) 
Seat 2: aslanturc ($2.84 in chips) 
Seat 3: OlegKharkov ($2 in chips) 
Seat 4: yur4ik777 ($1.98 in chips) 
Seat 5: Arush8 ($2 in chips) 
Seat 6: katja366 ($1.41 in chips) 
Seat 7: fmg2010 ($1.65 in chips) 
Seat 8: whiskybreakfast ($2.11 in chips) 
OlegKharkov: posts small blind $0.01
yur4ik777: posts big blind $0.02
*** HOLE CARDS ***
Dealt to Dorex2007 [Jd 3s]
Arush8: folds 
katja366: folds 
fmg2010: folds 
whiskybreakfast: folds 
Dorex2007: folds 
aslanturc: raises $0.04 to $0.06
OlegKharkov: folds 
yur4ik777: folds 
Uncalled bet ($0.04) returned to aslanturc
aslanturc collected $0.05 from pot
aslanturc: doesn't show hand 
*** SUMMARY ***
Total pot $0.05 | Rake $0 
Seat 1: Dorex2007 folded before Flop (didn't bet)
Seat 2: aslanturc (button) collected ($0.05)
Seat 3: OlegKharkov (small blind) folded before Flop
Seat 4: yur4ik777 (big blind) folded before Flop
Seat 5: Arush8 folded before Flop (didn't bet)
Seat 6: katja366 folded before Flop (didn't bet)
Seat 7: fmg2010 folded before Flop (didn't bet)
Seat 8: whiskybreakfast folded before Flop (didn't bet)



PokerStars Hand #232622398266:  Hold'em No Limit ($0.01/$0.02 USD) - 2021/12/28 21:38:56 PT [2021/12/29 0:38:56 ET]
Table 'Ricouxa IV' 9-max Seat #3 is the button
Seat 1: Dorex2007 ($2.05 in chips) 
Seat 2: aslanturc ($2.87 in chips) 
Seat 3: OlegKharkov ($2 in chips) 
Seat 4: yur4ik777 ($1.96 in chips) 
Seat 5: Arush8 ($2 in chips) 
Seat 6: katja366 ($1.41 in chips) 
Seat 7: fmg2010 ($1.65 in chips) 
Seat 8: whiskybreakfast ($2.11 in chips) 
yur4ik777: posts small blind $0.01
Arush8: posts big blind $0.02
*** HOLE CARDS ***
Dealt to Dorex2007 [7s 5c]
katja366: calls $0.02
fmg2010: calls $0.02
whiskybreakfast: folds 
Dorex2007: folds 
aslanturc: folds 
OlegKharkov: folds 
yur4ik777: folds 
Arush8: raises $0.04 to $0.06
katja366: calls $0.04
fmg2010: folds 
*** FLOP *** [Th 5h Qs]
Arush8: checks 
katja366: checks 
*** TURN *** [Th 5h Qs] [6h]
Arush8: bets $0.06
katja366: folds 
Uncalled bet ($0.06) returned to Arush8
Arush8 collected $0.14 from pot
Arush8: doesn't show hand 
*** SUMMARY ***
Total pot $0.15 | Rake $0.01 
Board [Th 5h Qs 6h]
Seat 1: Dorex2007 folded before Flop (didn't bet)
Seat 2: aslanturc folded before Flop (didn't bet)
Seat 3: OlegKharkov (button) folded before Flop (didn't bet)
Seat 4: yur4ik777 (small blind) folded before Flop
Seat 5: Arush8 (big blind) collected ($0.14)
Seat 6: katja366 folded on the Turn
Seat 7: fmg2010 folded before Flop
Seat 8: whiskybreakfast folded before Flop (didn't bet)



PokerStars Hand #232622404737:  Hold'em No Limit ($0.01/$0.02 USD) - 2021/12/28 21:39:38 PT [2021/12/29 0:39:38 ET]
Table 'Ricouxa IV' 9-max Seat #4 is the button
Seat 1: Dorex2007 ($2.05 in chips) 
Seat 2: aslanturc ($2.87 in chips) 
Seat 3: OlegKharkov ($2 in chips) 
Seat 4: yur4ik777 ($1.95 in chips) 
Seat 5: Arush8 ($2.08 in chips) 
Seat 6: katja366 ($1.35 in chips) 
Seat 7: fmg2010 ($1.63 in chips) 
Seat 8: whiskybreakfast ($2.11 in chips) 
Arush8: posts small blind $0.01
katja366: posts big blind $0.02
*** HOLE CARDS ***
Dealt to Dorex2007 [Qc 4d]
fmg2010: raises $0.04 to $0.06
whiskybreakfast: folds 
Dorex2007: folds 
aslanturc: folds 
OlegKharkov: folds 
yur4ik777: folds 
Arush8: folds 
katja366: folds 
Uncalled bet ($0.04) returned to fmg2010
fmg2010 collected $0.05 from pot
*** SUMMARY ***
Total pot $0.05 | Rake $0 
Seat 1: Dorex2007 folded before Flop (didn't bet)
Seat 2: aslanturc folded before Flop (didn't bet)
Seat 3: OlegKharkov folded before Flop (didn't bet)
Seat 4: yur4ik777 (button) folded before Flop (didn't bet)
Seat 5: Arush8 (small blind) folded before Flop
Seat 6: katja366 (big blind) folded before Flop
Seat 7: fmg2010 collected ($0.05)
Seat 8: whiskybreakfast folded before Flop (didn't bet)



PokerStars Hand #232622407143:  Hold'em No Limit ($0.01/$0.02 USD) - 2021/12/28 21:39:54 PT [2021/12/29 0:39:54 ET]
Table 'Ricouxa IV' 9-max Seat #5 is the button
Seat 1: Dorex2007 ($2.05 in chips) 
Seat 2: aslanturc ($2.87 in chips) 
Seat 3: OlegKharkov ($2 in chips) 
Seat 4: yur4ik777 ($1.95 in chips) 
Seat 5: Arush8 ($2.07 in chips) 
Seat 6: katja366 ($1.33 in chips) 
Seat 7: fmg2010 ($1.66 in chips) 
Seat 8: whiskybreakfast ($2.11 in chips) 
katja366: posts small blind $0.01
fmg2010: posts big blind $0.02
*** HOLE CARDS ***
Dealt to Dorex2007 [Ts Th]
whiskybreakfast: calls $0.02
Dorex2007: raises $0.08 to $0.10
aslanturc: folds 
OlegKharkov: folds 
yur4ik777: folds 
Arush8: folds 
katja366: folds 
fmg2010: folds 
whiskybreakfast: calls $0.08
*** FLOP *** [Ac Jd 5s]
whiskybreakfast: checks 
Dorex2007: bets $0.11
whiskybreakfast: calls $0.11
*** TURN *** [Ac Jd 5s] [Kc]
whiskybreakfast: bets $0.40
Dorex2007: folds 
Uncalled bet ($0.40) returned to whiskybreakfast
whiskybreakfast collected $0.43 from pot
whiskybreakfast: doesn't show hand 
*** SUMMARY ***
Total pot $0.45 | Rake $0.02 
Board [Ac Jd 5s Kc]
Seat 1: Dorex2007 folded on the Turn
Seat 2: aslanturc folded before Flop (didn't bet)
Seat 3: OlegKharkov folded before Flop (didn't bet)
Seat 4: yur4ik777 folded before Flop (didn't bet)
Seat 5: Arush8 (button) folded before Flop (didn't bet)
Seat 6: katja366 (small blind) folded before Flop
Seat 7: fmg2010 (big blind) folded before Flop
Seat 8: whiskybreakfast collected ($0.43)



PokerStars Hand #232622415194:  Hold'em No Limit ($0.01/$0.02 USD) - 2021/12/28 21:40:46 PT [2021/12/29 0:40:46 ET]
Table 'Ricouxa IV' 9-max Seat #6 is the button
Seat 1: Dorex2007 ($2 in chips) 
Seat 2: aslanturc ($2.87 in chips) 
Seat 3: OlegKharkov ($2 in chips) 
Seat 4: yur4ik777 ($1.95 in chips) 
Seat 5: Arush8 ($2.07 in chips) 
Seat 6: katja366 ($1.32 in chips) 
Seat 7: fmg2010 ($1.64 in chips) 
Seat 8: whiskybreakfast ($2.33 in chips) 
fmg2010: posts small blind $0.01
whiskybreakfast: posts big blind $0.02
*** HOLE CARDS ***
Dealt to Dorex2007 [Jh 6s]
Dorex2007: folds 
aslanturc: folds 
OlegKharkov: folds 
yur4ik777: folds 
Arush8: folds 
katja366: folds 
fmg2010: calls $0.01
whiskybreakfast: raises $0.02 to $0.04
fmg2010: calls $0.02
*** FLOP *** [Jd 2h 2s]
fmg2010: checks 
whiskybreakfast: checks 
*** TURN *** [Jd 2h 2s] [5d]
fmg2010: bets $0.04
whiskybreakfast: calls $0.04
*** RIVER *** [Jd 2h 2s 5d] [2d]
fmg2010: bets $0.06
whiskybreakfast: folds 
Uncalled bet ($0.06) returned to fmg2010
fmg2010 collected $0.15 from pot
*** SUMMARY ***
Total pot $0.16 | Rake $0.01 
Board [Jd 2h 2s 5d 2d]
Seat 1: Dorex2007 folded before Flop (didn't bet)
Seat 2: aslanturc folded before Flop (didn't bet)
Seat 3: OlegKharkov folded before Flop (didn't bet)
Seat 4: yur4ik777 folded before Flop (didn't bet)
Seat 5: Arush8 folded before Flop (didn't bet)
Seat 6: katja366 (button) folded before Flop (didn't bet)
Seat 7: fmg2010 (small blind) collected ($0.15)
Seat 8: whiskybreakfast (big blind) folded on the River



PokerStars Hand #232622422895:  Hold'em No Limit ($0.01/$0.02 USD) - 2021/12/28 21:41:37 PT [2021/12/29 0:41:37 ET]
Table 'Ricouxa IV' 9-max Seat #7 is the button
Seat 1: Dorex2007 ($2 in chips) 
Seat 2: aslanturc ($2.87 in chips) 
Seat 3: OlegKharkov ($2 in chips) 
Seat 4: yur4ik777 ($1.95 in chips) 
Seat 5: Arush8 ($2.07 in chips) 
Seat 6: katja366 ($1.32 in chips) 
Seat 7: fmg2010 ($1.71 in chips) 
Seat 8: whiskybreakfast ($2.25 in chips) 
whiskybreakfast: posts small blind $0.01
Dorex2007: posts big blind $0.02
*** HOLE CARDS ***
Dealt to Dorex2007 [6d 6c]
aslanturc: folds 
OlegKharkov: folds 
yur4ik777: folds 
Arush8: folds 
katja366: folds 
fmg2010: folds 
whiskybreakfast: calls $0.01
Dorex2007: checks 
*** FLOP *** [Qs 4d Ad]
whiskybreakfast: checks 
Dorex2007: checks 
*** TURN *** [Qs 4d Ad] [6s]
whiskybreakfast: checks 
Dorex2007: bets $0.04
whiskybreakfast: calls $0.04
*** RIVER *** [Qs 4d Ad 6s] [5h]
aslanturc leaves the table
whiskybreakfast: bets $0.66
Dem-41 joins the table at seat #2 
Dorex2007: calls $0.66
*** SHOW DOWN ***
whiskybreakfast: shows [As Qd] (two pair, Aces and Queens)
Dorex2007: shows [6d 6c] (three of a kind, Sixes)
Dorex2007 collected $1.39 from pot
*** SUMMARY ***
Total pot $1.44 | Rake $0.05 
Board [Qs 4d Ad 6s 5h]
Seat 1: Dorex2007 (big blind) showed [6d 6c] and won ($1.39) with three of a kind, Sixes
Seat 2: aslanturc folded before Flop (didn't bet)
Seat 3: OlegKharkov folded before Flop (didn't bet)
Seat 4: yur4ik777 folded before Flop (didn't bet)
Seat 5: Arush8 folded before Flop (didn't bet)
Seat 6: katja366 folded before Flop (didn't bet)
Seat 7: fmg2010 (button) folded before Flop (didn't bet)
Seat 8: whiskybreakfast (small blind) showed [As Qd] and lost with two pair, Aces and Queens



PokerStars Hand #232622430043:  Hold'em No Limit ($0.01/$0.02 USD) - 2021/12/28 21:42:24 PT [2021/12/29 0:42:24 ET]
Table 'Ricouxa IV' 9-max Seat #8 is the button
Seat 1: Dorex2007 ($2.67 in chips) 
Seat 2: Dem-41 ($2 in chips) 
Seat 3: OlegKharkov ($2 in chips) 
Seat 4: yur4ik777 ($1.95 in chips) 
Seat 5: Arush8 ($2.07 in chips) 
Seat 6: katja366 ($1.32 in chips) 
Seat 7: fmg2010 ($1.71 in chips) 
Seat 8: whiskybreakfast ($1.53 in chips) 
Dorex2007: posts small blind $0.01
Dem-41: posts big blind $0.02
*** HOLE CARDS ***
Dealt to Dorex2007 [5h Kc]
OlegKharkov: folds 
yur4ik777: folds 
Arush8: folds 
katja366: calls $0.02
fmg2010: folds 
whiskybreakfast: folds 
Dorex2007: folds 
Dem-41: checks 
*** FLOP *** [8d 2d Qd]
Dem-41: checks 
katja366: checks 
*** TURN *** [8d 2d Qd] [Jd]
Dem-41: checks 
katja366: bets $0.02
Dem-41: folds 
Uncalled bet ($0.02) returned to katja366
katja366 collected $0.05 from pot
katja366: doesn't show hand 
*** SUMMARY ***
Total pot $0.05 | Rake $0 
Board [8d 2d Qd Jd]
Seat 1: Dorex2007 (small blind) folded before Flop
Seat 2: Dem-41 (big blind) folded on the Turn
Seat 3: OlegKharkov folded before Flop (didn't bet)
Seat 4: yur4ik777 folded before Flop (didn't bet)
Seat 5: Arush8 folded before Flop (didn't bet)
Seat 6: katja366 collected ($0.05)
Seat 7: fmg2010 folded before Flop (didn't bet)
Seat 8: whiskybreakfast (button) folded before Flop (didn't bet)



PokerStars Hand #232622434469:  Hold'em No Limit ($0.01/$0.02 USD) - 2021/12/28 21:42:54 PT [2021/12/29 0:42:54 ET]
Table 'Ricouxa IV' 9-max Seat #1 is the button
Seat 1: Dorex2007 ($2.66 in chips) 
Seat 2: Dem-41 ($1.98 in chips) 
Seat 3: OlegKharkov ($2 in chips) 
Seat 4: yur4ik777 ($1.95 in chips) 
Seat 5: Arush8 ($2.07 in chips) 
Seat 6: katja366 ($1.89 in chips) 
Seat 7: fmg2010 ($1.71 in chips) 
Seat 8: whiskybreakfast ($2 in chips) 
Dem-41: posts small blind $0.01
OlegKharkov: posts big blind $0.02
*** HOLE CARDS ***
Dealt to Dorex2007 [2s 5h]
yur4ik777: folds 
Arush8: folds 
katja366: calls $0.02
fmg2010: calls $0.02
whiskybreakfast: folds 
Dorex2007: folds 
Dem-41: folds 
OlegKharkov: checks 
*** FLOP *** [Qc Kh 4d]
OlegKharkov: checks 
katja366: checks 
fmg2010: checks 
*** TURN *** [Qc Kh 4d] [Ah]
OlegKharkov: checks 
katja366: checks 
fmg2010: bets $0.04
OlegKharkov: folds 
katja366: folds 
Uncalled bet ($0.04) returned to fmg2010
fmg2010 collected $0.07 from pot
*** SUMMARY ***
Total pot $0.07 | Rake $0 
Board [Qc Kh 4d Ah]
Seat 1: Dorex2007 (button) folded before Flop (didn't bet)
Seat 2: Dem-41 (small blind) folded before Flop
Seat 3: OlegKharkov (big blind) folded on the Turn
Seat 4: yur4ik777 folded before Flop (didn't bet)
Seat 5: Arush8 folded before Flop (didn't bet)
Seat 6: katja366 folded on the Turn
Seat 7: fmg2010 collected ($0.07)
Seat 8: whiskybreakfast folded before Flop (didn't bet)



PokerStars Hand #232622442449:  Hold'em No Limit ($0.01/$0.02 USD) - 2021/12/28 21:43:47 PT [2021/12/29 0:43:47 ET]
Table 'Ricouxa IV' 9-max Seat #2 is the button
Seat 1: Dorex2007 ($2.66 in chips) 
Seat 2: Dem-41 ($1.97 in chips) 
Seat 3: OlegKharkov ($2 in chips) 
Seat 4: yur4ik777 ($1.95 in chips) 
Seat 5: Arush8 ($2.07 in chips) 
Seat 6: katja366 ($1.87 in chips) 
Seat 7: fmg2010 ($1.76 in chips) 
Seat 8: whiskybreakfast ($2 in chips) 
OlegKharkov: posts small blind $0.01
yur4ik777: posts big blind $0.02
*** HOLE CARDS ***
Dealt to Dorex2007 [3c Ah]
Arush8: folds 
katja366: calls $0.02
fmg2010: folds 
whiskybreakfast: folds 
Dorex2007: folds 
Dem-41: folds 
OlegKharkov: folds 
yur4ik777: raises $0.08 to $0.10
katja366: folds 
Uncalled bet ($0.08) returned to yur4ik777
yur4ik777 collected $0.05 from pot
yur4ik777: doesn't show hand 
*** SUMMARY ***
Total pot $0.05 | Rake $0 
Seat 1: Dorex2007 folded before Flop (didn't bet)
Seat 2: Dem-41 (button) folded before Flop (didn't bet)
Seat 3: OlegKharkov (small blind) folded before Flop
Seat 4: yur4ik777 (big blind) collected ($0.05)
Seat 5: Arush8 folded before Flop (didn't bet)
Seat 6: katja366 folded before Flop
Seat 7: fmg2010 folded before Flop (didn't bet)
Seat 8: whiskybreakfast folded before Flop (didn't bet)



PokerStars Hand #232622446377:  Hold'em No Limit ($0.01/$0.02 USD) - 2021/12/28 21:44:13 PT [2021/12/29 0:44:13 ET]
Table 'Ricouxa IV' 9-max Seat #3 is the button
Seat 1: Dorex2007 ($2.66 in chips) 
Seat 2: Dem-41 ($1.97 in chips) 
Seat 3: OlegKharkov ($2 in chips) 
Seat 4: yur4ik777 ($1.98 in chips) 
Seat 5: Arush8 ($2.07 in chips) 
Seat 6: katja366 ($1.85 in chips) 
Seat 7: fmg2010 ($1.76 in chips) 
Seat 8: whiskybreakfast ($2 in chips) 
yur4ik777: posts small blind $0.01
Arush8: posts big blind $0.02
*** HOLE CARDS ***
Dealt to Dorex2007 [5d Jh]
katja366: folds 
fmg2010: calls $0.02
katja366 leaves the table
whiskybreakfast: folds 
Dorex2007: folds 
monstrrrik joins the table at seat #6 
Dem-41: calls $0.02
OlegKharkov: raises $0.08 to $0.10
yur4ik777: folds 
Arush8: folds 
fmg2010: folds 
Dem-41: folds 
Uncalled bet ($0.08) returned to OlegKharkov
OlegKharkov collected $0.09 from pot
OlegKharkov: doesn't show hand 
*** SUMMARY ***
Total pot $0.09 | Rake $0 
Seat 1: Dorex2007 folded before Flop (didn't bet)
Seat 2: Dem-41 folded before Flop
Seat 3: OlegKharkov (button) collected ($0.09)
Seat 4: yur4ik777 (small blind) folded before Flop
Seat 5: Arush8 (big blind) folded before Flop
Seat 6: katja366 folded before Flop (didn't bet)
Seat 7: fmg2010 folded before Flop
Seat 8: whiskybreakfast folded before Flop (didn't bet)



PokerStars Hand #232622450069:  Hold'em No Limit ($0.01/$0.02 USD) - 2021/12/28 21:44:37 PT [2021/12/29 0:44:37 ET]
Table 'Ricouxa IV' 9-max Seat #4 is the button
Seat 1: Dorex2007 ($2.66 in chips) 
Seat 2: Dem-41 ($1.95 in chips) 
Seat 3: OlegKharkov ($2.07 in chips) 
Seat 4: yur4ik777 ($1.97 in chips) 
Seat 5: Arush8 ($2.05 in chips) 
Seat 6: monstrrrik ($2 in chips) 
Seat 7: fmg2010 ($1.74 in chips) 
Seat 8: whiskybreakfast ($2 in chips) 
Arush8: posts small blind $0.01
monstrrrik: posts big blind $0.02
*** HOLE CARDS ***
Dealt to Dorex2007 [7c 5d]
fmg2010: raises $0.02 to $0.04
whiskybreakfast: folds 
Dorex2007: folds 
Dem-41: calls $0.04
OlegKharkov: folds 
yur4ik777: calls $0.04
Arush8: folds 
monstrrrik: folds 
*** FLOP *** [8s 9d 7d]
fmg2010: bets $0.08
Dem-41: folds 
yur4ik777: folds 
Uncalled bet ($0.08) returned to fmg2010
fmg2010 collected $0.14 from pot
*** SUMMARY ***
Total pot $0.15 | Rake $0.01 
Board [8s 9d 7d]
Seat 1: Dorex2007 folded before Flop (didn't bet)
Seat 2: Dem-41 folded on the Flop
Seat 3: OlegKharkov folded before Flop (didn't bet)
Seat 4: yur4ik777 (button) folded on the Flop
Seat 5: Arush8 (small blind) folded before Flop
Seat 6: monstrrrik (big blind) folded before Flop
Seat 7: fmg2010 collected ($0.14)
Seat 8: whiskybreakfast folded before Flop (didn't bet)



PokerStars Hand #232622458526:  Hold'em No Limit ($0.01/$0.02 USD) - 2021/12/28 21:45:33 PT [2021/12/29 0:45:33 ET]
Table 'Ricouxa IV' 9-max Seat #5 is the button
Seat 1: Dorex2007 ($2.66 in chips) 
Seat 2: Dem-41 ($1.91 in chips) 
Seat 3: OlegKharkov ($2.07 in chips) 
Seat 4: yur4ik777 ($1.93 in chips) 
Seat 5: Arush8 ($2.04 in chips) 
Seat 6: monstrrrik ($2 in chips) 
Seat 7: fmg2010 ($1.84 in chips) 
Seat 8: whiskybreakfast ($2 in chips) 
monstrrrik: posts small blind $0.01
fmg2010: posts big blind $0.02
*** HOLE CARDS ***
Dealt to Dorex2007 [3d Ad]
whiskybreakfast: folds 
Dorex2007: folds 
Dem-41: folds 
OlegKharkov: folds 
yur4ik777: folds 
Arush8: raises $0.04 to $0.06
monstrrrik: folds 
fmg2010: calls $0.04
*** FLOP *** [3s 7d As]
fmg2010: checks 
Arush8: bets $0.06
fmg2010: folds 
Uncalled bet ($0.06) returned to Arush8
Arush8 collected $0.13 from pot
Arush8: doesn't show hand 
*** SUMMARY ***
Total pot $0.13 | Rake $0 
Board [3s 7d As]
Seat 1: Dorex2007 folded before Flop (didn't bet)
Seat 2: Dem-41 folded before Flop (didn't bet)
Seat 3: OlegKharkov folded before Flop (didn't bet)
Seat 4: yur4ik777 folded before Flop (didn't bet)
Seat 5: Arush8 (button) collected ($0.13)
Seat 6: monstrrrik (small blind) folded before Flop
Seat 7: fmg2010 (big blind) folded on the Flop
Seat 8: whiskybreakfast folded before Flop (didn't bet)



PokerStars Hand #232622463411:  Hold'em No Limit ($0.01/$0.02 USD) - 2021/12/28 21:46:05 PT [2021/12/29 0:46:05 ET]
Table 'Ricouxa IV' 9-max Seat #6 is the button
Seat 1: Dorex2007 ($2.66 in chips) 
Seat 2: Dem-41 ($1.91 in chips) 
Seat 3: OlegKharkov ($2.07 in chips) 
Seat 4: yur4ik777 ($1.93 in chips) 
Seat 5: Arush8 ($2.11 in chips) 
Seat 6: monstrrrik ($2 in chips) 
Seat 7: fmg2010 ($1.78 in chips) 
Seat 8: whiskybreakfast ($2 in chips) 
fmg2010: posts small blind $0.01
whiskybreakfast: posts big blind $0.02
*** HOLE CARDS ***
Dealt to Dorex2007 [Ac Qh]
Dorex2007: raises $0.02 to $0.04
Dem-41: folds 
OlegKharkov: folds 
yur4ik777: folds 
Arush8: calls $0.04
monstrrrik: folds 
fmg2010: folds 
whiskybreakfast: calls $0.02
*** FLOP *** [3d 5d Qc]
whiskybreakfast: checks 
Dorex2007: bets $0.13
Arush8: folds 
whiskybreakfast: folds 
Uncalled bet ($0.13) returned to Dorex2007
Dorex2007 collected $0.13 from pot
Dorex2007: doesn't show hand 
*** SUMMARY ***
Total pot $0.13 | Rake $0 
Board [3d 5d Qc]
Seat 1: Dorex2007 collected ($0.13)
Seat 2: Dem-41 folded before Flop (didn't bet)
Seat 3: OlegKharkov folded before Flop (didn't bet)
Seat 4: yur4ik777 folded before Flop (didn't bet)
Seat 5: Arush8 folded on the Flop
Seat 6: monstrrrik (button) folded before Flop (didn't bet)
Seat 7: fmg2010 (small blind) folded before Flop
Seat 8: whiskybreakfast (big blind) folded on the Flop



PokerStars Hand #232622470682:  Hold'em No Limit ($0.01/$0.02 USD) - 2021/12/28 21:46:54 PT [2021/12/29 0:46:54 ET]
Table 'Ricouxa IV' 9-max Seat #7 is the button
Seat 1: Dorex2007 ($2.75 in chips) 
Seat 2: Dem-41 ($1.91 in chips) 
Seat 3: OlegKharkov ($2.07 in chips) 
Seat 4: yur4ik777 ($1.93 in chips) 
Seat 5: Arush8 ($2.07 in chips) 
Seat 6: monstrrrik ($2 in chips) 
Seat 7: fmg2010 ($1.77 in chips) 
Seat 8: whiskybreakfast ($1.96 in chips) 
whiskybreakfast: posts small blind $0.01
Dorex2007: posts big blind $0.02
*** HOLE CARDS ***
Dealt to Dorex2007 [8d 4d]
Dem-41: folds 
OlegKharkov: folds 
yur4ik777: folds 
Arush8: folds 
monstrrrik: folds 
fmg2010: folds 
whiskybreakfast: calls $0.01
Dorex2007: checks 
*** FLOP *** [Tc Ks 8h]
whiskybreakfast: checks 
Dorex2007: bets $0.04
whiskybreakfast: folds 
Uncalled bet ($0.04) returned to Dorex2007
Dorex2007 collected $0.04 from pot
knew_owe leaves the table
Dorex2007: doesn't show hand 
*** SUMMARY ***
Total pot $0.04 | Rake $0 
Board [Tc Ks 8h]
Seat 1: Dorex2007 (big blind) collected ($0.04)
Seat 2: Dem-41 folded before Flop (didn't bet)
Seat 3: OlegKharkov folded before Flop (didn't bet)
Seat 4: yur4ik777 folded before Flop (didn't bet)
Seat 5: Arush8 folded before Flop (didn't bet)
Seat 6: monstrrrik folded before Flop (didn't bet)
Seat 7: fmg2010 (button) folded before Flop (didn't bet)
Seat 8: whiskybreakfast (small blind) folded on the Flop



PokerStars Hand #232622480972:  Hold'em No Limit ($0.01/$0.02 USD) - 2021/12/28 21:47:25 PT [2021/12/29 0:47:25 ET]
Table 'Ricouxa IV' 9-max Seat #8 is the button
Seat 1: Dorex2007 ($2.77 in chips) 
Seat 2: Dem-41 ($1.91 in chips) 
Seat 3: OlegKharkov ($2.07 in chips) 
Seat 4: yur4ik777 ($1.93 in chips) 
Seat 5: Arush8 ($2.07 in chips) 
Seat 6: monstrrrik ($2 in chips) 
Seat 7: fmg2010 ($1.77 in chips) 
Seat 8: whiskybreakfast ($1.94 in chips) 
Dorex2007: posts small blind $0.01
Dem-41: posts big blind $0.02
*** HOLE CARDS ***
Dealt to Dorex2007 [4h Ad]
OlegKharkov: folds 
yur4ik777: folds 
Arush8: raises $0.04 to $0.06
monstrrrik: folds 
fmg2010: folds 
whiskybreakfast: folds 
Dorex2007: folds 
Dem-41: folds 
Uncalled bet ($0.04) returned to Arush8
Arush8 collected $0.05 from pot
Arush8: doesn't show hand 
*** SUMMARY ***
Total pot $0.05 | Rake $0 
Seat 1: Dorex2007 (small blind) folded before Flop
Seat 2: Dem-41 (big blind) folded before Flop
Seat 3: OlegKharkov folded before Flop (didn't bet)
Seat 4: yur4ik777 folded before Flop (didn't bet)
Seat 5: Arush8 collected ($0.05)
Seat 6: monstrrrik folded before Flop (didn't bet)
Seat 7: fmg2010 folded before Flop (didn't bet)
Seat 8: whiskybreakfast (button) folded before Flop (didn't bet)



PokerStars Hand #232622483191:  Hold'em No Limit ($0.01/$0.02 USD) - 2021/12/28 21:47:40 PT [2021/12/29 0:47:40 ET]
Table 'Ricouxa IV' 9-max Seat #1 is the button
Seat 1: Dorex2007 ($2.76 in chips) 
Seat 2: Dem-41 ($1.89 in chips) 
Seat 3: OlegKharkov ($2.07 in chips) 
Seat 4: yur4ik777 ($1.93 in chips) 
Seat 5: Arush8 ($2.10 in chips) 
Seat 6: monstrrrik ($2 in chips) 
Seat 7: fmg2010 ($1.77 in chips) 
Seat 8: whiskybreakfast ($1.94 in chips) 
Dem-41: posts small blind $0.01
OlegKharkov: posts big blind $0.02
*** HOLE CARDS ***
Dealt to Dorex2007 [4s Qd]
yur4ik777 has timed out
yur4ik777: folds 
Arush8: folds 
monstrrrik: folds 
fmg2010: raises $0.04 to $0.06
whiskybreakfast: folds 
Dorex2007: folds 
Dem-41: folds 
OlegKharkov: calls $0.04
*** FLOP *** [Kc Kd 9h]
OlegKharkov: checks 
fmg2010: bets $0.02
OlegKharkov: calls $0.02
*** TURN *** [Kc Kd 9h] [8s]
SleepyShepherd joins the table at seat #9 
OlegKharkov: checks 
fmg2010: bets $0.04
OlegKharkov: folds 
Uncalled bet ($0.04) returned to fmg2010
fmg2010 collected $0.16 from pot
*** SUMMARY ***
Total pot $0.17 | Rake $0.01 
Board [Kc Kd 9h 8s]
Seat 1: Dorex2007 (button) folded before Flop (didn't bet)
Seat 2: Dem-41 (small blind) folded before Flop
Seat 3: OlegKharkov (big blind) folded on the Turn
Seat 4: yur4ik777 folded before Flop (didn't bet)
Seat 5: Arush8 folded before Flop (didn't bet)
Seat 6: monstrrrik folded before Flop (didn't bet)
Seat 7: fmg2010 collected ($0.16)
Seat 8: whiskybreakfast folded before Flop (didn't bet)



PokerStars Hand #232622491769:  Hold'em No Limit ($0.01/$0.02 USD) - 2021/12/28 21:48:37 PT [2021/12/29 0:48:37 ET]
Table 'Ricouxa IV' 9-max Seat #2 is the button
Seat 1: Dorex2007 ($2.76 in chips) 
Seat 2: Dem-41 ($1.88 in chips) 
Seat 3: OlegKharkov ($2 in chips) 
Seat 4: yur4ik777 ($1.93 in chips) 
Seat 5: Arush8 ($2.10 in chips) 
Seat 6: monstrrrik ($2 in chips) 
Seat 7: fmg2010 ($1.85 in chips) 
Seat 8: whiskybreakfast ($1.94 in chips) 
OlegKharkov: posts small blind $0.01
yur4ik777: posts big blind $0.02
SleepyShepherd: sits out 
*** HOLE CARDS ***
Dealt to Dorex2007 [Js 3h]
Arush8: folds 
monstrrrik: calls $0.02
fmg2010: raises $0.02 to $0.04
whiskybreakfast: folds 
Dorex2007: folds 
Dem-41: folds 
OlegKharkov: folds 
yur4ik777: folds 
monstrrrik: calls $0.02
*** FLOP *** [5h Td 8h]
monstrrrik: checks 
fmg2010: checks 
*** TURN *** [5h Td 8h] [4c]
monstrrrik: checks 
fmg2010: checks 
*** RIVER *** [5h Td 8h 4c] [5c]
monstrrrik: checks 
fmg2010: checks 
*** SHOW DOWN ***
monstrrrik: shows [9h 9c] (two pair, Nines and Fives)
fmg2010: mucks hand 
monstrrrik collected $0.11 from pot
*** SUMMARY ***
Total pot $0.11 | Rake $0 
Board [5h Td 8h 4c 5c]
Seat 1: Dorex2007 folded before Flop (didn't bet)
Seat 2: Dem-41 (button) folded before Flop (didn't bet)
Seat 3: OlegKharkov (small blind) folded before Flop
Seat 4: yur4ik777 (big blind) folded before Flop
Seat 5: Arush8 folded before Flop (didn't bet)
Seat 6: monstrrrik showed [9h 9c] and won ($0.11) with two pair, Nines and Fives
Seat 7: fmg2010 mucked [Jh Ac]
Seat 8: whiskybreakfast folded before Flop (didn't bet)



PokerStars Hand #232622500274:  Hold'em No Limit ($0.01/$0.02 USD) - 2021/12/28 21:49:35 PT [2021/12/29 0:49:35 ET]
Table 'Ricouxa IV' 9-max Seat #3 is the button
Seat 1: Dorex2007 ($2.76 in chips) 
Seat 2: Dem-41 ($1.88 in chips) 
Seat 3: OlegKharkov ($2 in chips) 
Seat 4: yur4ik777 ($1.91 in chips) 
Seat 5: Arush8 ($2.10 in chips) 
Seat 6: monstrrrik ($2.07 in chips) 
Seat 7: fmg2010 ($1.81 in chips) 
Seat 8: whiskybreakfast ($1.94 in chips) 
Seat 9: SleepyShepherd ($2 in chips) 
yur4ik777: posts small blind $0.01
Arush8: posts big blind $0.02
SleepyShepherd: posts big blind $0.02
*** HOLE CARDS ***
Dealt to Dorex2007 [Ac 3d]
monstrrrik: folds 
fmg2010: folds 
whiskybreakfast: folds 
SleepyShepherd: checks 
Dorex2007: folds 
Dem-41: calls $0.02
OlegKharkov: folds 
yur4ik777: calls $0.01
Arush8: checks 
*** FLOP *** [7s Ad Qd]
yur4ik777: checks 
Arush8: checks 
SleepyShepherd: bets $0.04
Dem-41: calls $0.04
yur4ik777: folds 
Arush8: folds 
*** TURN *** [7s Ad Qd] [Jh]
SleepyShepherd: bets $0.07
Dem-41: calls $0.07
*** RIVER *** [7s Ad Qd Jh] [8c]
SleepyShepherd: bets $0.02
Dem-41: calls $0.02
*** SHOW DOWN ***
SleepyShepherd: shows [2s Th] (high card Ace)
Dem-41: shows [Qs 9h] (a pair of Queens)
Dem-41 collected $0.33 from pot
*** SUMMARY ***
Total pot $0.34 | Rake $0.01 
Board [7s Ad Qd Jh 8c]
Seat 1: Dorex2007 folded before Flop (didn't bet)
Seat 2: Dem-41 showed [Qs 9h] and won ($0.33) with a pair of Queens
Seat 3: OlegKharkov (button) folded before Flop (didn't bet)
Seat 4: yur4ik777 (small blind) folded on the Flop
Seat 5: Arush8 (big blind) folded on the Flop
Seat 6: monstrrrik folded before Flop (didn't bet)
Seat 7: fmg2010 folded before Flop (didn't bet)
Seat 8: whiskybreakfast folded before Flop (didn't bet)
Seat 9: SleepyShepherd showed [2s Th] and lost with high card Ace



PokerStars Hand #232622508572:  Hold'em No Limit ($0.01/$0.02 USD) - 2021/12/28 21:50:32 PT [2021/12/29 0:50:32 ET]
Table 'Ricouxa IV' 9-max Seat #4 is the button
Seat 1: Dorex2007 ($2.76 in chips) 
Seat 2: Dem-41 ($2.06 in chips) 
Seat 3: OlegKharkov ($2 in chips) 
Seat 4: yur4ik777 ($1.89 in chips) 
Seat 5: Arush8 ($2.08 in chips) 
Seat 6: monstrrrik ($2.07 in chips) 
Seat 7: fmg2010 ($1.81 in chips) 
Seat 8: whiskybreakfast ($1.94 in chips) 
Seat 9: SleepyShepherd ($1.85 in chips) 
Arush8: posts small blind $0.01
monstrrrik: posts big blind $0.02
*** HOLE CARDS ***
Dealt to Dorex2007 [9h Qd]
fmg2010: folds 
whiskybreakfast: folds 
SleepyShepherd: raises $0.05 to $0.07
Dorex2007: folds 
Dem-41: folds 
OlegKharkov: calls $0.07
yur4ik777: folds 
Arush8: folds 
monstrrrik: folds 
*** FLOP *** [5d 3s 4d]
SleepyShepherd: bets $0.08
OlegKharkov: raises $0.08 to $0.16
SleepyShepherd: calls $0.08
*** TURN *** [5d 3s 4d] [Ac]
SleepyShepherd: bets $0.23
OlegKharkov: calls $0.23
*** RIVER *** [5d 3s 4d Ac] [Th]
SleepyShepherd: bets $1.39 and is all-in
OlegKharkov: calls $1.39
*** SHOW DOWN ***
SleepyShepherd: shows [3c Qs] (a pair of Threes)
OlegKharkov: shows [4c 4h] (three of a kind, Fours)
OlegKharkov collected $3.60 from pot
*** SUMMARY ***
Total pot $3.73 | Rake $0.13 
Board [5d 3s 4d Ac Th]
Seat 1: Dorex2007 folded before Flop (didn't bet)
Seat 2: Dem-41 folded before Flop (didn't bet)
Seat 3: OlegKharkov showed [4c 4h] and won ($3.60) with three of a kind, Fours
Seat 4: yur4ik777 (button) folded before Flop (didn't bet)
Seat 5: Arush8 (small blind) folded before Flop
Seat 6: monstrrrik (big blind) folded before Flop
Seat 7: fmg2010 folded before Flop (didn't bet)
Seat 8: whiskybreakfast folded before Flop (didn't bet)
Seat 9: SleepyShepherd showed [3c Qs] and lost with a pair of Threes



PokerStars Hand #232622516006:  Hold'em No Limit ($0.01/$0.02 USD) - 2021/12/28 21:51:21 PT [2021/12/29 0:51:21 ET]
Table 'Ricouxa IV' 9-max Seat #5 is the button
Seat 1: Dorex2007 ($2.76 in chips) 
Seat 2: Dem-41 ($2.06 in chips) 
Seat 3: OlegKharkov ($3.75 in chips) 
Seat 4: yur4ik777 ($1.89 in chips) 
Seat 5: Arush8 ($2.07 in chips) 
Seat 6: monstrrrik ($2.05 in chips) 
Seat 7: fmg2010 ($1.81 in chips) 
Seat 8: whiskybreakfast ($1.94 in chips) 
monstrrrik: posts small blind $0.01
fmg2010: posts big blind $0.02
*** HOLE CARDS ***
Dealt to Dorex2007 [Qd 7d]
whiskybreakfast: folds 
Dorex2007: folds 
SleepyShepherd leaves the table
Dem-41: calls $0.02
OlegKharkov: folds 
yur4ik777: folds 
Arush8: raises $0.04 to $0.06
monstrrrik: folds 
fmg2010: folds 
Dem-41: calls $0.04
*** FLOP *** [Ts Ad 3h]
Dem-41: bets $0.04
Arush8: calls $0.04
*** TURN *** [Ts Ad 3h] [8c]
whiskybreakfast leaves the table
Dem-41: bets $0.04
Arush8: calls $0.04
*** RIVER *** [Ts Ad 3h 8c] [Qc]
Dem-41: bets $0.02
Arush8: raises $0.17 to $0.19
Dem-41: calls $0.17
*** SHOW DOWN ***
Arush8: shows [As 2s] (a pair of Aces)
Dem-41: shows [Ah 4d] (a pair of Aces)
Dem-41 collected $0.34 from pot
Arush8 collected $0.33 from pot
*** SUMMARY ***
Total pot $0.69 | Rake $0.02 
Board [Ts Ad 3h 8c Qc]
Seat 1: Dorex2007 folded before Flop (didn't bet)
Seat 2: Dem-41 showed [Ah 4d] and won ($0.34) with a pair of Aces
Seat 3: OlegKharkov folded before Flop (didn't bet)
Seat 4: yur4ik777 folded before Flop (didn't bet)
Seat 5: Arush8 (button) showed [As 2s] and won ($0.33) with a pair of Aces
Seat 6: monstrrrik (small blind) folded before Flop
Seat 7: fmg2010 (big blind) folded before Flop
Seat 8: whiskybreakfast folded before Flop (didn't bet)



PokerStars Hand #232622531214:  Hold'em No Limit ($0.01/$0.02 USD) - 2021/12/28 21:52:04 PT [2021/12/29 0:52:04 ET]
Table 'Ricouxa IV' 9-max Seat #6 is the button
Seat 1: Dorex2007 ($2.76 in chips) 
Seat 2: Dem-41 ($2.07 in chips) 
Seat 3: OlegKharkov ($3.75 in chips) 
Seat 4: yur4ik777 ($1.89 in chips) 
Seat 5: Arush8 ($2.07 in chips) 
Seat 6: monstrrrik ($2.04 in chips) 
Seat 7: fmg2010 ($1.79 in chips) 
fmg2010: posts small blind $0.01
Dorex2007: posts big blind $0.02
*** HOLE CARDS ***
Dealt to Dorex2007 [Th Ah]
Dem-41: calls $0.02
OlegKharkov: folds 
yur4ik777: folds 
Arush8: folds 
monstrrrik: folds 
fmg2010: calls $0.01
Dorex2007: checks 
*** FLOP *** [Qd Jc Kh]
fmg2010: bets $0.02
Dorex2007: raises $0.05 to $0.07
Siegeable joins the table at seat #8 
Dem-41: folds 
fmg2010: calls $0.05
*** TURN *** [Qd Jc Kh] [6h]
fmg2010: bets $0.08
Dorex2007: raises $0.35 to $0.43
fmg2010: calls $0.35
*** RIVER *** [Qd Jc Kh 6h] [2s]
fmg2010: checks 
Dorex2007: bets $0.51
fmg2010: calls $0.51
*** SHOW DOWN ***
Dorex2007: shows [Th Ah] (a straight, Ten to Ace)
fmg2010: mucks hand 
Dorex2007 collected $2.01 from pot
*** SUMMARY ***
Total pot $2.08 | Rake $0.07 
Board [Qd Jc Kh 6h 2s]
Seat 1: Dorex2007 (big blind) showed [Th Ah] and won ($2.01) with a straight, Ten to Ace
Seat 2: Dem-41 folded on the Flop
Seat 3: OlegKharkov folded before Flop (didn't bet)
Seat 4: yur4ik777 folded before Flop (didn't bet)
Seat 5: Arush8 folded before Flop (didn't bet)
Seat 6: monstrrrik (button) folded before Flop (didn't bet)
Seat 7: fmg2010 (small blind) mucked [6s Qs]



PokerStars Hand #232622543210:  Hold'em No Limit ($0.01/$0.02 USD) - 2021/12/28 21:53:26 PT [2021/12/29 0:53:26 ET]
Table 'Ricouxa IV' 9-max Seat #7 is the button
Seat 1: Dorex2007 ($3.74 in chips) 
Seat 2: Dem-41 ($2.05 in chips) 
Seat 3: OlegKharkov ($3.75 in chips) 
Seat 4: yur4ik777 ($1.89 in chips) 
Seat 5: Arush8 ($2.07 in chips) 
Seat 6: monstrrrik ($2.04 in chips) 
Seat 7: fmg2010 ($0.76 in chips) 
Dorex2007: posts small blind $0.01
Dem-41: posts big blind $0.02
*** HOLE CARDS ***
Dealt to Dorex2007 [5c 6h]
OlegKharkov: folds 
yur4ik777: folds 
Arush8: folds 
monstrrrik: folds 
fmg2010: raises $0.06 to $0.08
Dorex2007: folds 
Dem-41: folds 
Uncalled bet ($0.06) returned to fmg2010
fmg2010 collected $0.05 from pot
*** SUMMARY ***
Total pot $0.05 | Rake $0 
Seat 1: Dorex2007 (small blind) folded before Flop
Seat 2: Dem-41 (big blind) folded before Flop
Seat 3: OlegKharkov folded before Flop (didn't bet)
Seat 4: yur4ik777 folded before Flop (didn't bet)
Seat 5: Arush8 folded before Flop (didn't bet)
Seat 6: monstrrrik folded before Flop (didn't bet)
Seat 7: fmg2010 (button) collected ($0.05)



PokerStars Hand #232622545400:  Hold'em No Limit ($0.01/$0.02 USD) - 2021/12/28 21:53:41 PT [2021/12/29 0:53:41 ET]
Table 'Ricouxa IV' 9-max Seat #1 is the button
Seat 1: Dorex2007 ($3.73 in chips) 
Seat 2: Dem-41 ($2.03 in chips) 
Seat 3: OlegKharkov ($3.75 in chips) 
Seat 4: yur4ik777 ($1.89 in chips) 
Seat 5: Arush8 ($2.07 in chips) 
Seat 6: monstrrrik ($2.04 in chips) 
Seat 7: fmg2010 ($0.79 in chips) 
Dem-41: posts small blind $0.01
OlegKharkov: posts big blind $0.02
Siegeable: sits out 
*** HOLE CARDS ***
Dealt to Dorex2007 [9c Tc]
yur4ik777: folds 
Arush8: folds 
monstrrrik: folds 
fmg2010: folds 
Dorex2007: raises $0.02 to $0.04
Dem-41: folds 
OlegKharkov: folds 
Uncalled bet ($0.02) returned to Dorex2007
Dorex2007 collected $0.05 from pot
Dorex2007: doesn't show hand 
*** SUMMARY ***
Total pot $0.05 | Rake $0 
Seat 1: Dorex2007 (button) collected ($0.05)
Seat 2: Dem-41 (small blind) folded before Flop
Seat 3: OlegKharkov (big blind) folded before Flop
Seat 4: yur4ik777 folded before Flop (didn't bet)
Seat 5: Arush8 folded before Flop (didn't bet)
Seat 6: monstrrrik folded before Flop (didn't bet)
Seat 7: fmg2010 folded before Flop (didn't bet)



PokerStars Hand #232622548080:  Hold'em No Limit ($0.01/$0.02 USD) - 2021/12/28 21:53:59 PT [2021/12/29 0:53:59 ET]
Table 'Ricouxa IV' 9-max Seat #2 is the button
Seat 1: Dorex2007 ($3.76 in chips) 
Seat 2: Dem-41 ($2.02 in chips) 
Seat 3: OlegKharkov ($3.73 in chips) 
Seat 4: yur4ik777 ($1.89 in chips) 
Seat 5: Arush8 ($2.07 in chips) 
Seat 6: monstrrrik ($2.04 in chips) 
Seat 7: fmg2010 ($0.79 in chips) 
OlegKharkov: posts small blind $0.01
yur4ik777: posts big blind $0.02
Siegeable: sits out 
*** HOLE CARDS ***
Dealt to Dorex2007 [5d Qh]
Arush8: folds 
monstrrrik: folds 
Igorakis joins the table at seat #9 
fmg2010: calls $0.02
Dorex2007: folds 
Dem-41: folds 
OlegKharkov: folds 
yur4ik777: checks 
*** FLOP *** [As 3c Qs]
yur4ik777: checks 
fmg2010: bets $0.05
yur4ik777: folds 
Uncalled bet ($0.05) returned to fmg2010
fmg2010 collected $0.05 from pot
*** SUMMARY ***
Total pot $0.05 | Rake $0 
Board [As 3c Qs]
Seat 1: Dorex2007 folded before Flop (didn't bet)
Seat 2: Dem-41 (button) folded before Flop (didn't bet)
Seat 3: OlegKharkov (small blind) folded before Flop
Seat 4: yur4ik777 (big blind) folded on the Flop
Seat 5: Arush8 folded before Flop (didn't bet)
Seat 6: monstrrrik folded before Flop (didn't bet)
Seat 7: fmg2010 collected ($0.05)



PokerStars Hand #232622551535:  Hold'em No Limit ($0.01/$0.02 USD) - 2021/12/28 21:54:23 PT [2021/12/29 0:54:23 ET]
Table 'Ricouxa IV' 9-max Seat #3 is the button
Seat 1: Dorex2007 ($3.76 in chips) 
Seat 2: Dem-41 ($2.02 in chips) 
Seat 3: OlegKharkov ($3.72 in chips) 
Seat 4: yur4ik777 ($1.87 in chips) 
Seat 5: Arush8 ($2.07 in chips) 
Seat 6: monstrrrik ($2.04 in chips) 
Seat 7: fmg2010 ($0.82 in chips) 
Seat 9: Igorakis ($1.60 in chips) 
yur4ik777: posts small blind $0.01
Arush8: posts big blind $0.02
Siegeable: sits out 
Igorakis: posts big blind $0.02
*** HOLE CARDS ***
Dealt to Dorex2007 [9c 8c]
monstrrrik: folds 
fmg2010: calls $0.02
Igorakis: checks 
Dorex2007: calls $0.02
Dem-41: calls $0.02
OlegKharkov: folds 
yur4ik777: calls $0.01
Arush8: checks 
*** FLOP *** [8s 5h 3s]
yur4ik777: checks 
Arush8: bets $0.06
fmg2010: folds 
Igorakis: calls $0.06
Dorex2007: folds 
Dem-41: folds 
yur4ik777: folds 
*** TURN *** [8s 5h 3s] [2d]
Arush8: checks 
Igorakis: bets $0.04
Arush8: calls $0.04
*** RIVER *** [8s 5h 3s 2d] [8h]
Arush8: checks 
Igorakis: checks 
*** SHOW DOWN ***
Arush8: shows [7c 6s] (a pair of Eights)
Igorakis: shows [Kc 5d] (two pair, Eights and Fives)
Igorakis collected $0.31 from pot
*** SUMMARY ***
Total pot $0.32 | Rake $0.01 
Board [8s 5h 3s 2d 8h]
Seat 1: Dorex2007 folded on the Flop
Seat 2: Dem-41 folded on the Flop
Seat 3: OlegKharkov (button) folded before Flop (didn't bet)
Seat 4: yur4ik777 (small blind) folded on the Flop
Seat 5: Arush8 (big blind) showed [7c 6s] and lost with a pair of Eights
Seat 6: monstrrrik folded before Flop (didn't bet)
Seat 7: fmg2010 folded on the Flop
Seat 9: Igorakis showed [Kc 5d] and won ($0.31) with two pair, Eights and Fives



PokerStars Hand #232622561104:  Hold'em No Limit ($0.01/$0.02 USD) - 2021/12/28 21:55:31 PT [2021/12/29 0:55:31 ET]
Table 'Ricouxa IV' 9-max Seat #4 is the button
Seat 1: Dorex2007 ($3.74 in chips) 
Seat 2: Dem-41 ($2 in chips) 
Seat 3: OlegKharkov ($3.72 in chips) 
Seat 4: yur4ik777 ($1.85 in chips) 
Seat 5: Arush8 ($1.95 in chips) 
Seat 6: monstrrrik ($2.04 in chips) 
Seat 7: fmg2010 ($0.80 in chips) 
Seat 9: Igorakis ($1.79 in chips) 
Arush8: posts small blind $0.01
monstrrrik: posts big blind $0.02
Siegeable: sits out 
*** HOLE CARDS ***
Dealt to Dorex2007 [8s Ac]
fmg2010: folds 
Igorakis: raises $0.02 to $0.04
Dorex2007: folds 
Dem-41: folds 
OlegKharkov: folds 
Siegeable leaves the table
yur4ik777: calls $0.04
Arush8: folds 
monstrrrik: folds 
*** FLOP *** [2h Kd 8c]
Igorakis has timed out
Igorakis: checks 
yur4ik777: checks 
*** TURN *** [2h Kd 8c] [Kc]
hkalli81 joins the table at seat #8 
Igorakis has timed out
Igorakis: checks 
yur4ik777: checks 
*** RIVER *** [2h Kd 8c Kc] [5c]
Igorakis: checks 
yur4ik777: checks 
*** SHOW DOWN ***
Igorakis: shows [Ah 7h] (a pair of Kings)
yur4ik777: mucks hand 
Igorakis collected $0.11 from pot
*** SUMMARY ***
Total pot $0.11 | Rake $0 
Board [2h Kd 8c Kc 5c]
Seat 1: Dorex2007 folded before Flop (didn't bet)
Seat 2: Dem-41 folded before Flop (didn't bet)
Seat 3: OlegKharkov folded before Flop (didn't bet)
Seat 4: yur4ik777 (button) mucked [9s Th]
Seat 5: Arush8 (small blind) folded before Flop
Seat 6: monstrrrik (big blind) folded before Flop
Seat 7: fmg2010 folded before Flop (didn't bet)
Seat 9: Igorakis showed [Ah 7h] and won ($0.11) with a pair of Kings



PokerStars Hand #232622573378:  Hold'em No Limit ($0.01/$0.02 USD) - 2021/12/28 21:57:07 PT [2021/12/29 0:57:07 ET]
Table 'Ricouxa IV' 9-max Seat #5 is the button
Seat 1: Dorex2007 ($3.74 in chips) 
Seat 2: Dem-41 ($2 in chips) 
Seat 3: OlegKharkov ($3.72 in chips) 
Seat 4: yur4ik777 ($1.81 in chips) 
Seat 5: Arush8 ($1.99 in chips) 
Seat 6: monstrrrik ($2.02 in chips) 
Seat 7: fmg2010 ($0.80 in chips) 
Seat 9: Igorakis ($1.86 in chips) 
monstrrrik: posts small blind $0.01
fmg2010: posts big blind $0.02
hkalli81: sits out 
*** HOLE CARDS ***
Dealt to Dorex2007 [Jh Ts]
Igorakis: raises $0.02 to $0.04
Dorex2007: folds 
Dem-41: raises $0.02 to $0.06
OlegKharkov: folds 
yur4ik777: folds 
Arush8: folds 
monstrrrik: folds 
fmg2010: calls $0.04
Igorakis: calls $0.02
*** FLOP *** [8h Ad 7d]
fmg2010: checks 
Igorakis: checks 
Dem-41: bets $0.04
fmg2010: calls $0.04
Igorakis: folds 
*** TURN *** [8h Ad 7d] [3h]
fmg2010: checks 
Dem-41: bets $0.02
fmg2010: calls $0.02
*** RIVER *** [8h Ad 7d 3h] [8s]
fmg2010: checks 
Dem-41: bets $0.04
fmg2010: folds 
Uncalled bet ($0.04) returned to Dem-41
Dem-41 collected $0.30 from pot
Dem-41: doesn't show hand 
*** SUMMARY ***
Total pot $0.31 | Rake $0.01 
Board [8h Ad 7d 3h 8s]
Seat 1: Dorex2007 folded before Flop (didn't bet)
Seat 2: Dem-41 collected ($0.30)
Seat 3: OlegKharkov folded before Flop (didn't bet)
Seat 4: yur4ik777 folded before Flop (didn't bet)
Seat 5: Arush8 (button) folded before Flop (didn't bet)
Seat 6: monstrrrik (small blind) folded before Flop
Seat 7: fmg2010 (big blind) folded on the River
Seat 9: Igorakis folded on the Flop



PokerStars Hand #232622585562:  Hold'em No Limit ($0.01/$0.02 USD) - 2021/12/28 21:58:43 PT [2021/12/29 0:58:43 ET]
Table 'Ricouxa IV' 9-max Seat #6 is the button
Seat 1: Dorex2007 ($3.74 in chips) 
Seat 2: Dem-41 ($2.18 in chips) 
Seat 3: OlegKharkov ($3.72 in chips) 
Seat 4: yur4ik777 ($1.81 in chips) 
Seat 5: Arush8 ($1.99 in chips) 
Seat 6: monstrrrik ($2.01 in chips) 
Seat 7: fmg2010 ($0.68 in chips) 
Seat 8: hkalli81 ($2 in chips) 
Seat 9: Igorakis ($1.80 in chips) 
fmg2010: posts small blind $0.01
hkalli81: posts big blind $0.02
*** HOLE CARDS ***
Dealt to Dorex2007 [Ad Qc]
Igorakis: calls $0.02
Dorex2007: calls $0.02
Dem-41: folds 
OlegKharkov: folds 
yur4ik777: folds 
Arush8: folds 
monstrrrik: folds 
fmg2010: calls $0.01
hkalli81: checks 
*** FLOP *** [Ts 8c Kd]
fmg2010: checks 
hkalli81: checks 
Igorakis: checks 
Dorex2007: checks 
*** TURN *** [Ts 8c Kd] [Kh]
fmg2010: checks 
hkalli81: checks 
Igorakis: checks 
Dorex2007: checks 
*** RIVER *** [Ts 8c Kd Kh] [Ac]
fmg2010: checks 
hkalli81: checks 
Igorakis: checks 
Dorex2007: checks 
*** SHOW DOWN ***
fmg2010: shows [2h 4h] (a pair of Kings)
hkalli81: shows [Td 4d] (two pair, Kings and Tens)
Igorakis: mucks hand 
Dorex2007: shows [Ad Qc] (two pair, Aces and Kings)
Dorex2007 collected $0.08 from pot
*** SUMMARY ***
Total pot $0.08 | Rake $0 
Board [Ts 8c Kd Kh Ac]
Seat 1: Dorex2007 showed [Ad Qc] and won ($0.08) with two pair, Aces and Kings
Seat 2: Dem-41 folded before Flop (didn't bet)
Seat 3: OlegKharkov folded before Flop (didn't bet)
Seat 4: yur4ik777 folded before Flop (didn't bet)
Seat 5: Arush8 folded before Flop (didn't bet)
Seat 6: monstrrrik (button) folded before Flop (didn't bet)
Seat 7: fmg2010 (small blind) showed [2h 4h] and lost with a pair of Kings
Seat 8: hkalli81 (big blind) showed [Td 4d] and lost with two pair, Kings and Tens
Seat 9: Igorakis mucked [Jc 7c]



PokerStars Hand #232622593252:  Hold'em No Limit ($0.01/$0.02 USD) - 2021/12/28 21:59:43 PT [2021/12/29 0:59:43 ET]
Table 'Ricouxa IV' 9-max Seat #7 is the button
Seat 1: Dorex2007 ($3.80 in chips) 
Seat 2: Dem-41 ($2.18 in chips) 
Seat 3: OlegKharkov ($3.72 in chips) 
Seat 4: yur4ik777 ($1.81 in chips) 
Seat 5: Arush8 ($1.99 in chips) 
Seat 6: monstrrrik ($2.01 in chips) 
Seat 7: fmg2010 ($0.66 in chips) 
Seat 8: hkalli81 ($2 in chips) 
Seat 9: Igorakis ($1.78 in chips) 
hkalli81: posts small blind $0.01
Igorakis: posts big blind $0.02
*** HOLE CARDS ***
Dealt to Dorex2007 [Kd 9d]
Dorex2007 has timed out
Dorex2007: folds 
Dem-41: folds 
OlegKharkov: folds 
yur4ik777: folds 
Arush8: raises $0.04 to $0.06
monstrrrik: folds 
fmg2010: folds 
hkalli81: folds 
Igorakis: calls $0.04
*** FLOP *** [Ks Ac 7d]
Igorakis: checks 
Arush8: bets $0.04
Igorakis: folds 
Uncalled bet ($0.04) returned to Arush8
Arush8 collected $0.13 from pot
Arush8: doesn't show hand 
*** SUMMARY ***
Total pot $0.13 | Rake $0 
Board [Ks Ac 7d]
Seat 1: Dorex2007 folded before Flop (didn't bet)
Seat 2: Dem-41 folded before Flop (didn't bet)
Seat 3: OlegKharkov folded before Flop (didn't bet)
Seat 4: yur4ik777 folded before Flop (didn't bet)
Seat 5: Arush8 collected ($0.13)
Seat 6: monstrrrik folded before Flop (didn't bet)
Seat 7: fmg2010 (button) folded before Flop (didn't bet)
Seat 8: hkalli81 (small blind) folded before Flop
Seat 9: Igorakis (big blind) folded on the Flop



PokerStars Hand #232622598459:  Hold'em No Limit ($0.01/$0.02 USD) - 2021/12/28 22:00:24 PT [2021/12/29 1:00:24 ET]
Table 'Ricouxa IV' 9-max Seat #8 is the button
Seat 1: Dorex2007 ($3.80 in chips) 
Seat 2: Dem-41 ($2.18 in chips) 
Seat 3: OlegKharkov ($3.72 in chips) 
Seat 4: yur4ik777 ($1.81 in chips) 
Seat 5: Arush8 ($2.06 in chips) 
Seat 6: monstrrrik ($2.01 in chips) 
Seat 7: fmg2010 ($0.66 in chips) 
Seat 8: hkalli81 ($2 in chips) 
Seat 9: Igorakis ($1.72 in chips) 
Igorakis: posts small blind $0.01
Dorex2007: posts big blind $0.02
*** HOLE CARDS ***
Dealt to Dorex2007 [Th 4c]
Dem-41: calls $0.02
OlegKharkov: folds 
yur4ik777: folds 
Arush8: calls $0.02
monstrrrik: folds 
fmg2010: calls $0.02
hkalli81: folds 
Igorakis: calls $0.01
Dorex2007: checks 
*** FLOP *** [8s 5d 7c]
Igorakis has timed out
Igorakis: checks 
Dorex2007: checks 
Dem-41: bets $0.06
Arush8: calls $0.06
fmg2010: calls $0.06
Igorakis: calls $0.06
Dorex2007: folds 
*** TURN *** [8s 5d 7c] [2h]
Igorakis: checks 
Dem-41: bets $0.06
Arush8: folds 
fmg2010: folds 
Igorakis: calls $0.06
*** RIVER *** [8s 5d 7c 2h] [7s]
Igorakis: checks 
Dem-41: bets $0.06
Igorakis: calls $0.06
*** SHOW DOWN ***
Dem-41: shows [9s 9d] (two pair, Nines and Sevens)
Igorakis: shows [7h 6d] (three of a kind, Sevens)
Igorakis collected $0.56 from pot
*** SUMMARY ***
Total pot $0.58 | Rake $0.02 
Board [8s 5d 7c 2h 7s]
Seat 1: Dorex2007 (big blind) folded on the Flop
Seat 2: Dem-41 showed [9s 9d] and lost with two pair, Nines and Sevens
Seat 3: OlegKharkov folded before Flop (didn't bet)
Seat 4: yur4ik777 folded before Flop (didn't bet)
Seat 5: Arush8 folded on the Turn
Seat 6: monstrrrik folded before Flop (didn't bet)
Seat 7: fmg2010 folded on the Turn
Seat 8: hkalli81 (button) folded before Flop (didn't bet)
Seat 9: Igorakis (small blind) showed [7h 6d] and won ($0.56) with three of a kind, Sevens



PokerStars Hand #232622610553:  Hold'em No Limit ($0.01/$0.02 USD) - 2021/12/28 22:01:51 PT [2021/12/29 1:01:51 ET]
Table 'Ricouxa IV' 9-max Seat #9 is the button
Seat 1: Dorex2007 ($3.78 in chips) 
Seat 2: Dem-41 ($1.98 in chips) 
Seat 3: OlegKharkov ($3.72 in chips) 
Seat 4: yur4ik777 ($1.81 in chips) 
Seat 5: Arush8 ($1.98 in chips) 
Seat 6: monstrrrik ($2.01 in chips) 
Seat 7: fmg2010 ($0.58 in chips) 
Seat 8: hkalli81 ($2 in chips) 
Seat 9: Igorakis ($2.08 in chips) 
Dorex2007: posts small blind $0.01
Dem-41: posts big blind $0.02
*** HOLE CARDS ***
Dealt to Dorex2007 [7d Ts]
OlegKharkov: folds 
yur4ik777: folds 
Arush8: raises $0.06 to $0.08
monstrrrik: folds 
fmg2010: calls $0.08
hkalli81: folds 
Igorakis has timed out
Igorakis: folds 
Dorex2007: folds 
Dem-41: folds 
*** FLOP *** [Js Qd 2d]
Arush8: bets $0.06
fmg2010: folds 
Uncalled bet ($0.06) returned to Arush8
Arush8 collected $0.18 from pot
Arush8: doesn't show hand 
*** SUMMARY ***
Total pot $0.19 | Rake $0.01 
Board [Js Qd 2d]
Seat 1: Dorex2007 (small blind) folded before Flop
Seat 2: Dem-41 (big blind) folded before Flop
Seat 3: OlegKharkov folded before Flop (didn't bet)
Seat 4: yur4ik777 folded before Flop (didn't bet)
Seat 5: Arush8 collected ($0.18)
Seat 6: monstrrrik folded before Flop (didn't bet)
Seat 7: fmg2010 folded on the Flop
Seat 8: hkalli81 folded before Flop (didn't bet)
Seat 9: Igorakis (button) folded before Flop (didn't bet)



PokerStars Hand #232622616661:  Hold'em No Limit ($0.01/$0.02 USD) - 2021/12/28 22:02:35 PT [2021/12/29 1:02:35 ET]
Table 'Ricouxa IV' 9-max Seat #1 is the button
Seat 1: Dorex2007 ($3.77 in chips) 
Seat 2: Dem-41 ($1.96 in chips) 
Seat 3: OlegKharkov ($3.72 in chips) 
Seat 4: yur4ik777 ($1.81 in chips) 
Seat 5: Arush8 ($2.08 in chips) 
Seat 6: monstrrrik ($2.01 in chips) 
Seat 7: fmg2010 ($0.50 in chips) 
Seat 8: hkalli81 ($2 in chips) 
Seat 9: Igorakis ($2.08 in chips) 
Dem-41: posts small blind $0.01
OlegKharkov: posts big blind $0.02
*** HOLE CARDS ***
Dealt to Dorex2007 [9d 7c]
yur4ik777: folds 
Arush8: folds 
monstrrrik: folds 
fmg2010: folds 
hkalli81: folds 
Igorakis: calls $0.02
Dorex2007: folds 
Dem-41: folds 
OlegKharkov: checks 
*** FLOP *** [5s Kh 3s]
OlegKharkov: checks 
Igorakis: bets $0.02
OlegKharkov: folds 
Uncalled bet ($0.02) returned to Igorakis
Igorakis collected $0.05 from pot
Igorakis: doesn't show hand 
*** SUMMARY ***
Total pot $0.05 | Rake $0 
Board [5s Kh 3s]
Seat 1: Dorex2007 (button) folded before Flop (didn't bet)
Seat 2: Dem-41 (small blind) folded before Flop
Seat 3: OlegKharkov (big blind) folded on the Flop
Seat 4: yur4ik777 folded before Flop (didn't bet)
Seat 5: Arush8 folded before Flop (didn't bet)
Seat 6: monstrrrik folded before Flop (didn't bet)
Seat 7: fmg2010 folded before Flop (didn't bet)
Seat 8: hkalli81 folded before Flop (didn't bet)
Seat 9: Igorakis collected ($0.05)



PokerStars Hand #232622620337:  Hold'em No Limit ($0.01/$0.02 USD) - 2021/12/28 22:03:00 PT [2021/12/29 1:03:00 ET]
Table 'Ricouxa IV' 9-max Seat #2 is the button
Seat 1: Dorex2007 ($3.77 in chips) 
Seat 2: Dem-41 ($1.95 in chips) 
Seat 3: OlegKharkov ($3.70 in chips) 
Seat 4: yur4ik777 ($1.81 in chips) 
Seat 5: Arush8 ($2.08 in chips) 
Seat 6: monstrrrik ($2.01 in chips) 
Seat 7: fmg2010 ($0.50 in chips) 
Seat 8: hkalli81 ($2 in chips) 
Seat 9: Igorakis ($2.11 in chips) 
OlegKharkov: posts small blind $0.01
yur4ik777: posts big blind $0.02
*** HOLE CARDS ***
Dealt to Dorex2007 [4h 3h]
Arush8: calls $0.02
monstrrrik: folds 
fmg2010: calls $0.02
hkalli81: folds 
Igorakis: folds 
Dorex2007: folds 
Dem-41: calls $0.02
OlegKharkov: folds 
yur4ik777: checks 
*** FLOP *** [Td 4d Jd]
yur4ik777: checks 
Arush8: checks 
fmg2010: checks 
Dem-41: bets $0.02
yur4ik777: folds 
Arush8: calls $0.02
fmg2010: folds 
*** TURN *** [Td 4d Jd] [8d]
Arush8: checks 
Dem-41: bets $0.02
Arush8: calls $0.02
*** RIVER *** [Td 4d Jd 8d] [3s]
Arush8: checks 
Dem-41: checks 
*** SHOW DOWN ***
Arush8: shows [6c 6d] (a flush, Jack high)
Dem-41: mucks hand 
Arush8 collected $0.16 from pot
*** SUMMARY ***
Total pot $0.17 | Rake $0.01 
Board [Td 4d Jd 8d 3s]
Seat 1: Dorex2007 folded before Flop (didn't bet)
Seat 2: Dem-41 (button) mucked [Ks Ts]
Seat 3: OlegKharkov (small blind) folded before Flop
Seat 4: yur4ik777 (big blind) folded on the Flop
Seat 5: Arush8 showed [6c 6d] and won ($0.16) with a flush, Jack high
Seat 6: monstrrrik folded before Flop (didn't bet)
Seat 7: fmg2010 folded on the Flop
Seat 8: hkalli81 folded before Flop (didn't bet)
Seat 9: Igorakis folded before Flop (didn't bet)



PokerStars Hand #232622629836:  Hold'em No Limit ($0.01/$0.02 USD) - 2021/12/28 22:04:05 PT [2021/12/29 1:04:05 ET]
Table 'Ricouxa IV' 9-max Seat #3 is the button
Seat 1: Dorex2007 ($3.77 in chips) 
Seat 2: Dem-41 ($1.89 in chips) 
Seat 3: OlegKharkov ($3.69 in chips) 
Seat 4: yur4ik777 ($1.79 in chips) 
Seat 5: Arush8 ($2.18 in chips) 
Seat 6: monstrrrik ($2.01 in chips) 
Seat 7: fmg2010 ($0.48 in chips) 
Seat 8: hkalli81 ($2 in chips) 
Seat 9: Igorakis ($2.11 in chips) 
yur4ik777: posts small blind $0.01
Arush8: posts big blind $0.02
*** HOLE CARDS ***
Dealt to Dorex2007 [5d Th]
monstrrrik: folds 
fmg2010: calls $0.02
hkalli81: folds 
Igorakis: folds 
Dorex2007: folds 
Dem-41: folds 
OlegKharkov: folds 
yur4ik777: folds 
Arush8: checks 
*** FLOP *** [7c 8d 5c]
Arush8: checks 
fmg2010: bets $0.02
Arush8: calls $0.02
*** TURN *** [7c 8d 5c] [Qh]
Arush8: checks 
fmg2010: bets $0.02
Arush8: raises $0.02 to $0.04
fmg2010: calls $0.02
*** RIVER *** [7c 8d 5c Qh] [Ad]
Arush8: checks 
fmg2010: checks 
*** SHOW DOWN ***
Arush8: shows [4d 6c] (a straight, Four to Eight)
fmg2010: mucks hand 
Arush8 collected $0.16 from pot
*** SUMMARY ***
Total pot $0.17 | Rake $0.01 
Board [7c 8d 5c Qh Ad]
Seat 1: Dorex2007 folded before Flop (didn't bet)
Seat 2: Dem-41 folded before Flop (didn't bet)
Seat 3: OlegKharkov (button) folded before Flop (didn't bet)
Seat 4: yur4ik777 (small blind) folded before Flop
Seat 5: Arush8 (big blind) showed [4d 6c] and won ($0.16) with a straight, Four to Eight
Seat 6: monstrrrik folded before Flop (didn't bet)
Seat 7: fmg2010 mucked [Tc 8c]
Seat 8: hkalli81 folded before Flop (didn't bet)
Seat 9: Igorakis folded before Flop (didn't bet)



PokerStars Hand #232622640181:  Hold'em No Limit ($0.01/$0.02 USD) - 2021/12/28 22:05:15 PT [2021/12/29 1:05:15 ET]
Table 'Ricouxa IV' 9-max Seat #4 is the button
Seat 1: Dorex2007 ($3.77 in chips) 
Seat 2: Dem-41 ($1.89 in chips) 
Seat 3: OlegKharkov ($3.69 in chips) 
Seat 4: yur4ik777 ($1.78 in chips) 
Seat 5: Arush8 ($2.26 in chips) 
Seat 6: monstrrrik ($2.01 in chips) 
Seat 7: fmg2010 ($0.40 in chips) 
Seat 8: hkalli81 ($2 in chips) 
Seat 9: Igorakis ($2.11 in chips) 
Arush8: posts small blind $0.01
monstrrrik: posts big blind $0.02
*** HOLE CARDS ***
Dealt to Dorex2007 [6d 4h]
fmg2010: folds 
hkalli81: folds 
Igorakis: raises $0.04 to $0.06
Dorex2007: folds 
Dem-41: folds 
OlegKharkov: folds 
yur4ik777: folds 
Arush8: folds 
monstrrrik: folds 
Uncalled bet ($0.04) returned to Igorakis
Igorakis collected $0.05 from pot
Igorakis: doesn't show hand 
*** SUMMARY ***
Total pot $0.05 | Rake $0 
Seat 1: Dorex2007 folded before Flop (didn't bet)
Seat 2: Dem-41 folded before Flop (didn't bet)
Seat 3: OlegKharkov folded before Flop (didn't bet)
Seat 4: yur4ik777 (button) folded before Flop (didn't bet)
Seat 5: Arush8 (small blind) folded before Flop
Seat 6: monstrrrik (big blind) folded before Flop
Seat 7: fmg2010 folded before Flop (didn't bet)
Seat 8: hkalli81 folded before Flop (didn't bet)
Seat 9: Igorakis collected ($0.05)



PokerStars Hand #232622642958:  Hold'em No Limit ($0.01/$0.02 USD) - 2021/12/28 22:05:35 PT [2021/12/29 1:05:35 ET]
Table 'Ricouxa IV' 9-max Seat #5 is the button
Seat 1: Dorex2007 ($3.77 in chips) 
Seat 2: Dem-41 ($1.89 in chips) 
Seat 3: OlegKharkov ($3.69 in chips) 
Seat 4: yur4ik777 ($1.78 in chips) 
Seat 5: Arush8 ($2.25 in chips) 
Seat 6: monstrrrik ($2 in chips) 
Seat 7: fmg2010 ($0.40 in chips) 
Seat 8: hkalli81 ($2 in chips) 
Seat 9: Igorakis ($2.14 in chips) 
monstrrrik: posts small blind $0.01
fmg2010: posts big blind $0.02
*** HOLE CARDS ***
Dealt to Dorex2007 [Ac 4h]
hkalli81: folds 
Igorakis: raises $0.04 to $0.06
Dorex2007: folds 
Dem-41: calls $0.06
OlegKharkov: folds 
yur4ik777: folds 
Arush8: folds 
monstrrrik: folds 
fmg2010: folds 
*** FLOP *** [6s 3c 8s]
Igorakis: bets $0.09
Dem-41: folds 
Uncalled bet ($0.09) returned to Igorakis
Igorakis collected $0.14 from pot
Igorakis: doesn't show hand 
*** SUMMARY ***
Total pot $0.15 | Rake $0.01 
Board [6s 3c 8s]
Seat 1: Dorex2007 folded before Flop (didn't bet)
Seat 2: Dem-41 folded on the Flop
Seat 3: OlegKharkov folded before Flop (didn't bet)
Seat 4: yur4ik777 folded before Flop (didn't bet)
Seat 5: Arush8 (button) folded before Flop (didn't bet)
Seat 6: monstrrrik (small blind) folded before Flop
Seat 7: fmg2010 (big blind) folded before Flop
Seat 8: hkalli81 folded before Flop (didn't bet)
Seat 9: Igorakis collected ($0.14)



PokerStars Hand #232622648587:  Hold'em No Limit ($0.01/$0.02 USD) - 2021/12/28 22:06:13 PT [2021/12/29 1:06:13 ET]
Table 'Ricouxa IV' 9-max Seat #6 is the button
Seat 1: Dorex2007 ($3.77 in chips) 
Seat 2: Dem-41 ($1.83 in chips) 
Seat 3: OlegKharkov ($3.69 in chips) 
Seat 4: yur4ik777 ($1.78 in chips) 
Seat 5: Arush8 ($2.25 in chips) 
Seat 6: monstrrrik ($2 in chips) 
Seat 7: fmg2010 ($0.38 in chips) 
Seat 8: hkalli81 ($2 in chips) 
Seat 9: Igorakis ($2.22 in chips) 
fmg2010: posts small blind $0.01
hkalli81: posts big blind $0.02
*** HOLE CARDS ***
Dealt to Dorex2007 [2c 3h]
Igorakis: folds 
Dorex2007: folds 
Dem-41: folds 
OlegKharkov: folds 
yur4ik777: folds 
Arush8: folds 
monstrrrik: folds 
fmg2010: calls $0.01
hkalli81: checks 
*** FLOP *** [Kh 6c Ks]
fmg2010: bets $0.02
hkalli81: folds 
Uncalled bet ($0.02) returned to fmg2010
fmg2010 collected $0.04 from pot
*** SUMMARY ***
Total pot $0.04 | Rake $0 
Board [Kh 6c Ks]
Seat 1: Dorex2007 folded before Flop (didn't bet)
Seat 2: Dem-41 folded before Flop (didn't bet)
Seat 3: OlegKharkov folded before Flop (didn't bet)
Seat 4: yur4ik777 folded before Flop (didn't bet)
Seat 5: Arush8 folded before Flop (didn't bet)
Seat 6: monstrrrik (button) folded before Flop (didn't bet)
Seat 7: fmg2010 (small blind) collected ($0.04)
Seat 8: hkalli81 (big blind) folded on the Flop
Seat 9: Igorakis folded before Flop (didn't bet)



PokerStars Hand #232622652546:  Hold'em No Limit ($0.01/$0.02 USD) - 2021/12/28 22:06:41 PT [2021/12/29 1:06:41 ET]
Table 'Ricouxa IV' 9-max Seat #7 is the button
Seat 1: Dorex2007 ($3.77 in chips) 
Seat 2: Dem-41 ($1.83 in chips) 
Seat 3: OlegKharkov ($3.69 in chips) 
Seat 4: yur4ik777 ($1.78 in chips) 
Seat 5: Arush8 ($2.25 in chips) 
Seat 6: monstrrrik ($2 in chips) 
Seat 7: fmg2010 ($0.40 in chips) 
Seat 8: hkalli81 ($2 in chips) 
Seat 9: Igorakis ($2.22 in chips) 
hkalli81: posts small blind $0.01
Igorakis: posts big blind $0.02
*** HOLE CARDS ***
Dealt to Dorex2007 [Ts As]
Dorex2007: raises $0.02 to $0.04
Dem-41: calls $0.04
OlegKharkov: folds 
yur4ik777: calls $0.04
Arush8: folds 
monstrrrik: folds 
fmg2010: calls $0.04
hkalli81: folds 
Igorakis: calls $0.02
*** FLOP *** [Kc 4c Th]
Igorakis: checks 
Dorex2007: checks 
Dem-41: checks 
yur4ik777: checks 
fmg2010: bets $0.06
Igorakis: folds 
Dorex2007: folds 
Dem-41: folds 
yur4ik777: folds 
Uncalled bet ($0.06) returned to fmg2010
fmg2010 collected $0.20 from pot
*** SUMMARY ***
Total pot $0.21 | Rake $0.01 
Board [Kc 4c Th]
Seat 1: Dorex2007 folded on the Flop
Seat 2: Dem-41 folded on the Flop
Seat 3: OlegKharkov folded before Flop (didn't bet)
Seat 4: yur4ik777 folded on the Flop
Seat 5: Arush8 folded before Flop (didn't bet)
Seat 6: monstrrrik folded before Flop (didn't bet)
Seat 7: fmg2010 (button) collected ($0.20)
Seat 8: hkalli81 (small blind) folded before Flop
Seat 9: Igorakis (big blind) folded on the Flop



PokerStars Hand #232622665027:  Hold'em No Limit ($0.01/$0.02 USD) - 2021/12/28 22:08:08 PT [2021/12/29 1:08:08 ET]
Table 'Ricouxa IV' 9-max Seat #8 is the button
Seat 1: Dorex2007 ($3.73 in chips) 
Seat 2: Dem-41 ($1.79 in chips) 
Seat 3: OlegKharkov ($3.69 in chips) 
Seat 4: yur4ik777 ($1.74 in chips) 
Seat 5: Arush8 ($2.25 in chips) 
Seat 6: monstrrrik ($2 in chips) 
Seat 7: fmg2010 ($0.56 in chips) 
Seat 8: hkalli81 ($2 in chips) 
Seat 9: Igorakis ($2.18 in chips) 
Igorakis: posts small blind $0.01
Dorex2007: posts big blind $0.02
*** HOLE CARDS ***
Dealt to Dorex2007 [Th Jc]
Dem-41: calls $0.02
OlegKharkov: folds 
yur4ik777: folds 
Arush8: folds 
monstrrrik: folds 
fmg2010: folds 
hkalli81: folds 
Igorakis: calls $0.01
Dorex2007: checks 
*** FLOP *** [4h As Jh]
Igorakis: bets $0.06
Dorex2007: folds 
Dem-41: calls $0.06
*** TURN *** [4h As Jh] [7d]
Igorakis: bets $0.08
Dem-41: calls $0.08
*** RIVER *** [4h As Jh 7d] [Jd]
Igorakis: bets $0.16
Dem-41: folds 
Uncalled bet ($0.16) returned to Igorakis
Igorakis collected $0.33 from pot
Igorakis: doesn't show hand 
*** SUMMARY ***
Total pot $0.34 | Rake $0.01 
Board [4h As Jh 7d Jd]
Seat 1: Dorex2007 (big blind) folded on the Flop
Seat 2: Dem-41 folded on the River
Seat 3: OlegKharkov folded before Flop (didn't bet)
Seat 4: yur4ik777 folded before Flop (didn't bet)
Seat 5: Arush8 folded before Flop (didn't bet)
Seat 6: monstrrrik folded before Flop (didn't bet)
Seat 7: fmg2010 folded before Flop (didn't bet)
Seat 8: hkalli81 (button) folded before Flop (didn't bet)
Seat 9: Igorakis (small blind) collected ($0.33)



PokerStars Hand #232622674065:  Hold'em No Limit ($0.01/$0.02 USD) - 2021/12/28 22:09:02 PT [2021/12/29 1:09:02 ET]
Table 'Ricouxa IV' 9-max Seat #9 is the button
Seat 1: Dorex2007 ($3.71 in chips) 
Seat 2: Dem-41 ($1.63 in chips) 
Seat 3: OlegKharkov ($3.69 in chips) 
Seat 4: yur4ik777 ($1.74 in chips) 
Seat 5: Arush8 ($2.25 in chips) 
Seat 6: monstrrrik ($2 in chips) 
Seat 7: fmg2010 ($0.56 in chips) 
Seat 8: hkalli81 ($2 in chips) 
Seat 9: Igorakis ($2.35 in chips) 
Dorex2007: posts small blind $0.01
Dem-41: posts big blind $0.02
*** HOLE CARDS ***
Dealt to Dorex2007 [7h 8h]
OlegKharkov: folds 
yur4ik777: calls $0.02
Arush8: folds 
monstrrrik: folds 
fmg2010: folds 
hkalli81: folds 
Igorakis: folds 
Dorex2007: calls $0.01
Dem-41: checks 
*** FLOP *** [Ac 8s 4c]
Dorex2007: bets $0.03
Dem-41: folds 
yur4ik777: folds 
Uncalled bet ($0.03) returned to Dorex2007
Dorex2007 collected $0.06 from pot
Dorex2007: doesn't show hand 
*** SUMMARY ***
Total pot $0.06 | Rake $0 
Board [Ac 8s 4c]
Seat 1: Dorex2007 (small blind) collected ($0.06)
Seat 2: Dem-41 (big blind) folded on the Flop
Seat 3: OlegKharkov folded before Flop (didn't bet)
Seat 4: yur4ik777 folded on the Flop
Seat 5: Arush8 folded before Flop (didn't bet)
Seat 6: monstrrrik folded before Flop (didn't bet)
Seat 7: fmg2010 folded before Flop (didn't bet)
Seat 8: hkalli81 folded before Flop (didn't bet)
Seat 9: Igorakis (button) folded before Flop (didn't bet)



PokerStars Hand #232622678662:  Hold'em No Limit ($0.01/$0.02 USD) - 2021/12/28 22:09:34 PT [2021/12/29 1:09:34 ET]
Table 'Ricouxa IV' 9-max Seat #1 is the button
Seat 1: Dorex2007 ($3.75 in chips) 
Seat 2: Dem-41 ($1.61 in chips) 
Seat 3: OlegKharkov ($3.69 in chips) 
Seat 4: yur4ik777 ($1.72 in chips) 
Seat 5: Arush8 ($2.25 in chips) 
Seat 6: monstrrrik ($2 in chips) 
Seat 7: fmg2010 ($0.56 in chips) 
Seat 8: hkalli81 ($2 in chips) 
Seat 9: Igorakis ($2.35 in chips) 
Dem-41: posts small blind $0.01
OlegKharkov: posts big blind $0.02
*** HOLE CARDS ***
Dealt to Dorex2007 [7d Td]
yur4ik777: folds 
Arush8: folds 
monstrrrik: folds 
fmg2010: folds 
hkalli81: folds 
Igorakis has timed out
Igorakis: folds 
Dorex2007: raises $0.02 to $0.04
Dem-41: folds 
OlegKharkov: folds 
Uncalled bet ($0.02) returned to Dorex2007
Dorex2007 collected $0.05 from pot
Dorex2007: doesn't show hand 
*** SUMMARY ***
Total pot $0.05 | Rake $0 
Seat 1: Dorex2007 (button) collected ($0.05)
Seat 2: Dem-41 (small blind) folded before Flop
Seat 3: OlegKharkov (big blind) folded before Flop
Seat 4: yur4ik777 folded before Flop (didn't bet)
Seat 5: Arush8 folded before Flop (didn't bet)
Seat 6: monstrrrik folded before Flop (didn't bet)
Seat 7: fmg2010 folded before Flop (didn't bet)
Seat 8: hkalli81 folded before Flop (didn't bet)
Seat 9: Igorakis folded before Flop (didn't bet)



PokerStars Hand #232622683011:  Hold'em No Limit ($0.01/$0.02 USD) - 2021/12/28 22:10:04 PT [2021/12/29 1:10:04 ET]
Table 'Ricouxa IV' 9-max Seat #2 is the button
Seat 1: Dorex2007 ($3.78 in chips) 
Seat 2: Dem-41 ($1.99 in chips) 
Seat 3: OlegKharkov ($3.67 in chips) 
Seat 4: yur4ik777 ($1.72 in chips) 
Seat 5: Arush8 ($2.25 in chips) 
Seat 6: monstrrrik ($2 in chips) 
Seat 7: fmg2010 ($0.56 in chips) 
Seat 8: hkalli81 ($2 in chips) 
Seat 9: Igorakis ($2.35 in chips) 
OlegKharkov: posts small blind $0.01
yur4ik777: posts big blind $0.02
*** HOLE CARDS ***
Dealt to Dorex2007 [8h Td]
Arush8: folds 
monstrrrik: folds 
fmg2010: folds 
hkalli81: folds 
Igorakis: raises $0.04 to $0.06
Dorex2007: folds 
Dem-41: folds 
OlegKharkov: folds 
yur4ik777: folds 
Uncalled bet ($0.04) returned to Igorakis
Igorakis collected $0.05 from pot
Igorakis: doesn't show hand 
*** SUMMARY ***
Total pot $0.05 | Rake $0 
Seat 1: Dorex2007 folded before Flop (didn't bet)
Seat 2: Dem-41 (button) folded before Flop (didn't bet)
Seat 3: OlegKharkov (small blind) folded before Flop
Seat 4: yur4ik777 (big blind) folded before Flop
Seat 5: Arush8 folded before Flop (didn't bet)
Seat 6: monstrrrik folded before Flop (didn't bet)
Seat 7: fmg2010 folded before Flop (didn't bet)
Seat 8: hkalli81 folded before Flop (didn't bet)
Seat 9: Igorakis collected ($0.05)



PokerStars Hand #232622686167:  Hold'em No Limit ($0.01/$0.02 USD) - 2021/12/28 22:10:27 PT [2021/12/29 1:10:27 ET]
Table 'Ricouxa IV' 9-max Seat #3 is the button
Seat 1: Dorex2007 ($3.78 in chips) 
Seat 2: Dem-41 ($1.99 in chips) 
Seat 3: OlegKharkov ($3.66 in chips) 
Seat 4: yur4ik777 ($1.70 in chips) 
Seat 5: Arush8 ($2.25 in chips) 
Seat 6: monstrrrik ($2 in chips) 
Seat 7: fmg2010 ($0.56 in chips) 
Seat 8: hkalli81 ($2 in chips) 
Seat 9: Igorakis ($2.38 in chips) 
yur4ik777: posts small blind $0.01
Arush8: posts big blind $0.02
*** HOLE CARDS ***
Dealt to Dorex2007 [As Ks]
monstrrrik: folds 
fmg2010: raises $0.02 to $0.04
hkalli81: folds 
Igorakis: raises $0.02 to $0.06
Dorex2007: calls $0.06
Dem-41: folds 
OlegKharkov: folds 
yur4ik777: calls $0.05
Arush8: folds 
fmg2010: calls $0.02
*** FLOP *** [Th 7c 2d]
yur4ik777: checks 
fmg2010: bets $0.13
Igorakis: raises $0.13 to $0.26
Dorex2007: folds 
yur4ik777: folds 
fmg2010: calls $0.13
*** TURN *** [Th 7c 2d] [4d]
fmg2010: bets $0.24 and is all-in
Igorakis: calls $0.24
fmg2010 has timed out
*** RIVER *** [Th 7c 2d 4d] [7h]
*** SHOW DOWN ***
fmg2010: shows [Qh Tc] (two pair, Tens and Sevens)
Igorakis: shows [Qs Qc] (two pair, Queens and Sevens)
Igorakis collected $1.22 from pot
*** SUMMARY ***
Total pot $1.26 | Rake $0.04 
Board [Th 7c 2d 4d 7h]
Seat 1: Dorex2007 folded on the Flop
Seat 2: Dem-41 folded before Flop (didn't bet)
Seat 3: OlegKharkov (button) folded before Flop (didn't bet)
Seat 4: yur4ik777 (small blind) folded on the Flop
Seat 5: Arush8 (big blind) folded before Flop
Seat 6: monstrrrik folded before Flop (didn't bet)
Seat 7: fmg2010 showed [Qh Tc] and lost with two pair, Tens and Sevens
Seat 8: hkalli81 folded before Flop (didn't bet)
Seat 9: Igorakis showed [Qs Qc] and won ($1.22) with two pair, Queens and Sevens



PokerStars Hand #232622695753:  Hold'em No Limit ($0.01/$0.02 USD) - 2021/12/28 22:11:35 PT [2021/12/29 1:11:35 ET]
Table 'Ricouxa IV' 9-max Seat #4 is the button
Seat 1: Dorex2007 ($3.72 in chips) 
Seat 2: Dem-41 ($1.99 in chips) 
Seat 3: OlegKharkov ($3.66 in chips) 
Seat 4: yur4ik777 ($1.64 in chips) 
Seat 5: Arush8 ($2.23 in chips) 
Seat 8: hkalli81 ($2 in chips) 
Seat 9: Igorakis ($3.04 in chips) 
Arush8: posts small blind $0.01
monstrrrik: is sitting out 
monstrrrik leaves the table
hkalli81: posts big blind $0.02
*** HOLE CARDS ***
Dealt to Dorex2007 [4d Qs]
Igorakis: folds 
Dorex2007: folds 
Dem-41: folds 
fmg2010 leaves the table
OlegKharkov: raises $0.04 to $0.06
yur4ik777: folds 
Arush8: folds 
hkalli81: folds 
Uncalled bet ($0.04) returned to OlegKharkov
RickyDoda1953 joins the table at seat #7 
OlegKharkov collected $0.05 from pot
OlegKharkov: doesn't show hand 
*** SUMMARY ***
Total pot $0.05 | Rake $0 
Seat 1: Dorex2007 folded before Flop (didn't bet)
Seat 2: Dem-41 folded before Flop (didn't bet)
Seat 3: OlegKharkov collected ($0.05)
Seat 4: yur4ik777 (button) folded before Flop (didn't bet)
Seat 5: Arush8 (small blind) folded before Flop
Seat 8: hkalli81 (big blind) folded before Flop
Seat 9: Igorakis folded before Flop (didn't bet)



PokerStars Hand #232622698359:  Hold'em No Limit ($0.01/$0.02 USD) - 2021/12/28 22:11:53 PT [2021/12/29 1:11:53 ET]
Table 'Ricouxa IV' 9-max Seat #5 is the button
Seat 1: Dorex2007 ($3.72 in chips) 
Seat 2: Dem-41 ($1.99 in chips) 
Seat 3: OlegKharkov ($3.69 in chips) 
Seat 4: yur4ik777 ($1.64 in chips) 
Seat 5: Arush8 ($2.22 in chips) 
Seat 8: hkalli81 ($2 in chips) 
Seat 9: Igorakis ($3.04 in chips) 
hkalli81: posts small blind $0.01
Igorakis: posts big blind $0.02
*** HOLE CARDS ***
Dealt to Dorex2007 [3s 2s]
hexxau joins the table at seat #6 
Dorex2007: folds 
Dem-41: folds 
OlegKharkov: folds 
yur4ik777 has timed out
yur4ik777: folds 
Arush8: folds 
hkalli81: raises $0.04 to $0.06
Igorakis: calls $0.04
*** FLOP *** [7c Tc Jh]
hkalli81: bets $0.06
Igorakis: calls $0.06
*** TURN *** [7c Tc Jh] [6c]
hkalli81: bets $0.12
Igorakis: calls $0.12
*** RIVER *** [7c Tc Jh 6c] [8c]
hkalli81: bets $0.23
Igorakis: calls $0.23
hexxau is disconnected 
*** SHOW DOWN ***
hkalli81: shows [8h 7h] (two pair, Eights and Sevens)
Igorakis: shows [Th 5c] (a flush, Ten high)
Igorakis collected $0.91 from pot
*** SUMMARY ***
Total pot $0.94 | Rake $0.03 
Board [7c Tc Jh 6c 8c]
Seat 1: Dorex2007 folded before Flop (didn't bet)
Seat 2: Dem-41 folded before Flop (didn't bet)
Seat 3: OlegKharkov folded before Flop (didn't bet)
Seat 4: yur4ik777 folded before Flop (didn't bet)
Seat 5: Arush8 (button) folded before Flop (didn't bet)
Seat 8: hkalli81 (small blind) showed [8h 7h] and lost with two pair, Eights and Sevens
Seat 9: Igorakis (big blind) showed [Th 5c] and won ($0.91) with a flush, Ten high



PokerStars Hand #232622707566:  Hold'em No Limit ($0.01/$0.02 USD) - 2021/12/28 22:12:58 PT [2021/12/29 1:12:58 ET]
Table 'Ricouxa IV' 9-max Seat #8 is the button
Seat 1: Dorex2007 ($3.72 in chips) 
Seat 2: Dem-41 ($1.99 in chips) 
Seat 3: OlegKharkov ($3.69 in chips) 
Seat 4: yur4ik777 ($1.64 in chips) 
Seat 5: Arush8 ($2.22 in chips) 
Seat 7: RickyDoda1953 ($0.80 in chips) 
Seat 8: hkalli81 ($2 in chips) 
Seat 9: Igorakis ($3.48 in chips) 
Igorakis: posts small blind $0.01
Dorex2007: posts big blind $0.02
hexxau is connected 
hexxau: sits out 
RickyDoda1953: posts big blind $0.02
*** HOLE CARDS ***
Dealt to Dorex2007 [Ad Qd]
Dem-41: calls $0.02
OlegKharkov: folds 
yur4ik777: folds 
Arush8: folds 
RickyDoda1953: checks 
hkalli81: calls $0.02
Igorakis: calls $0.01
Dorex2007: checks 
*** FLOP *** [5d Qs 7d]
Igorakis: bets $0.02
Dorex2007: raises $0.07 to $0.09
Dem-41: folds 
RickyDoda1953: folds 
hkalli81: folds 
Igorakis: calls $0.07
*** TURN *** [5d Qs 7d] [As]
Igorakis: bets $0.02
Dorex2007: raises $0.21 to $0.23
Igorakis: calls $0.21
*** RIVER *** [5d Qs 7d As] [3d]
Igorakis: bets $0.35
Dorex2007: raises $0.71 to $1.06
Igorakis: calls $0.71
*** SHOW DOWN ***
Dorex2007: shows [Ad Qd] (a flush, Ace high)
Igorakis: mucks hand 
Dorex2007 collected $2.76 from pot
*** SUMMARY ***
Total pot $2.86 | Rake $0.10 
Board [5d Qs 7d As 3d]
Seat 1: Dorex2007 (big blind) showed [Ad Qd] and won ($2.76) with a flush, Ace high
Seat 2: Dem-41 folded on the Flop
Seat 3: OlegKharkov folded before Flop (didn't bet)
Seat 4: yur4ik777 folded before Flop (didn't bet)
Seat 5: Arush8 folded before Flop (didn't bet)
Seat 7: RickyDoda1953 folded on the Flop (didn't bet)
Seat 8: hkalli81 (button) folded on the Flop
Seat 9: Igorakis (small blind) mucked [4d Kd]



PokerStars Hand #232622730385:  Hold'em No Limit ($0.01/$0.02 USD) - 2021/12/28 22:14:42 PT [2021/12/29 1:14:42 ET]
Table 'Ricouxa IV' 9-max Seat #9 is the button
Seat 1: Dorex2007 ($5.08 in chips) 
Seat 2: Dem-41 ($1.97 in chips) 
Seat 3: OlegKharkov ($3.69 in chips) 
Seat 4: yur4ik777 ($1.64 in chips) 
Seat 5: Arush8 ($2.22 in chips) 
Seat 7: RickyDoda1953 ($0.78 in chips) 
Seat 8: hkalli81 ($2 in chips) 
Seat 9: Igorakis ($2.08 in chips) 
Dorex2007: posts small blind $0.01
Dem-41: posts big blind $0.02
hexxau: sits out 
*** HOLE CARDS ***
Dealt to Dorex2007 [Qc 9s]
OlegKharkov: folds 
yur4ik777: folds 
Arush8: folds 
RickyDoda1953: calls $0.02
hkalli81: folds 
Igorakis: calls $0.02
Dorex2007: calls $0.01
Dem-41: checks 
*** FLOP *** [9h 4d 7h]
Dorex2007: checks 
Dem-41: bets $0.02
RickyDoda1953: folds 
Igorakis: calls $0.02
Dorex2007: calls $0.02
*** TURN *** [9h 4d 7h] [3h]
Dorex2007: checks 
Dem-41: bets $0.02
Igorakis: calls $0.02
Dorex2007: folds 
*** RIVER *** [9h 4d 7h 3h] [8c]
Dem-41: checks 
Igorakis: checks 
*** SHOW DOWN ***
Dem-41: shows [Ah Kc] (high card Ace)
Igorakis: shows [5d 3d] (a pair of Threes)
Igorakis collected $0.17 from pot
*** SUMMARY ***
Total pot $0.18 | Rake $0.01 
Board [9h 4d 7h 3h 8c]
Seat 1: Dorex2007 (small blind) folded on the Turn
Seat 2: Dem-41 (big blind) showed [Ah Kc] and lost with high card Ace
Seat 3: OlegKharkov folded before Flop (didn't bet)
Seat 4: yur4ik777 folded before Flop (didn't bet)
Seat 5: Arush8 folded before Flop (didn't bet)
Seat 7: RickyDoda1953 folded on the Flop
Seat 8: hkalli81 folded before Flop (didn't bet)
Seat 9: Igorakis (button) showed [5d 3d] and won ($0.17) with a pair of Threes



PokerStars Hand #232622737405:  Hold'em No Limit ($0.01/$0.02 USD) - 2021/12/28 22:15:31 PT [2021/12/29 1:15:31 ET]
Table 'Ricouxa IV' 9-max Seat #1 is the button
Seat 1: Dorex2007 ($5.04 in chips) 
Seat 2: Dem-41 ($1.91 in chips) 
Seat 3: OlegKharkov ($3.69 in chips) 
Seat 4: yur4ik777 ($1.64 in chips) 
Seat 5: Arush8 ($2.22 in chips) 
Seat 7: RickyDoda1953 ($0.76 in chips) 
Seat 8: hkalli81 ($2 in chips) 
Seat 9: Igorakis ($2.19 in chips) 
Dem-41: posts small blind $0.01
OlegKharkov: posts big blind $0.02
hexxau: sits out 
*** HOLE CARDS ***
Dealt to Dorex2007 [Kd Tc]
yur4ik777: folds 
Arush8: calls $0.02
RickyDoda1953: calls $0.02
hkalli81: folds 
Igorakis: folds 
Dorex2007: calls $0.02
Dem-41: folds 
OlegKharkov: checks 
*** FLOP *** [5c Ts As]
OlegKharkov: checks 
Arush8: checks 
RickyDoda1953: bets $0.04
Dorex2007: calls $0.04
OlegKharkov: folds 
Arush8: calls $0.04
*** TURN *** [5c Ts As] [4h]
Arush8: checks 
RickyDoda1953: bets $0.10
Dorex2007: folds 
Arush8: calls $0.10
*** RIVER *** [5c Ts As 4h] [Qs]
Arush8: checks 
RickyDoda1953: bets $0.20
Arush8: calls $0.20
*** SHOW DOWN ***
RickyDoda1953: shows [Ad 5h] (two pair, Aces and Fives)
Arush8: shows [5s 5d] (three of a kind, Fives)
Arush8 collected $0.78 from pot
*** SUMMARY ***
Total pot $0.81 | Rake $0.03 
Board [5c Ts As 4h Qs]
Seat 1: Dorex2007 (button) folded on the Turn
Seat 2: Dem-41 (small blind) folded before Flop
Seat 3: OlegKharkov (big blind) folded on the Flop
Seat 4: yur4ik777 folded before Flop (didn't bet)
Seat 5: Arush8 showed [5s 5d] and won ($0.78) with three of a kind, Fives
Seat 7: RickyDoda1953 showed [Ad 5h] and lost with two pair, Aces and Fives
Seat 8: hkalli81 folded before Flop (didn't bet)
Seat 9: Igorakis folded before Flop (didn't bet)



PokerStars Hand #232622747359:  Hold'em No Limit ($0.01/$0.02 USD) - 2021/12/28 22:16:41 PT [2021/12/29 1:16:41 ET]
Table 'Ricouxa IV' 9-max Seat #2 is the button
Seat 1: Dorex2007 ($4.98 in chips) 
Seat 2: Dem-41 ($1.90 in chips) 
Seat 3: OlegKharkov ($3.67 in chips) 
Seat 4: yur4ik777 ($1.64 in chips) 
Seat 5: Arush8 ($2.64 in chips) 
Seat 7: RickyDoda1953 ($0.40 in chips) 
Seat 8: hkalli81 ($2 in chips) 
Seat 9: Igorakis ($2.19 in chips) 
OlegKharkov: posts small blind $0.01
yur4ik777: posts big blind $0.02
hexxau: sits out 
*** HOLE CARDS ***
Dealt to Dorex2007 [7h 2c]
Arush8: folds 
RickyDoda1953: calls $0.02
hkalli81: folds 
Igorakis: folds 
Dorex2007: folds 
Dem-41: calls $0.02
OlegKharkov: calls $0.01
yur4ik777: checks 
*** FLOP *** [Qd 5s 3h]
OlegKharkov: checks 
yur4ik777: checks 
RickyDoda1953: checks 
Dem-41: checks 
*** TURN *** [Qd 5s 3h] [8h]
OlegKharkov: bets $0.02
yur4ik777: folds 
RickyDoda1953: folds 
Dem-41: folds 
Uncalled bet ($0.02) returned to OlegKharkov
OlegKharkov collected $0.08 from pot
OlegKharkov: doesn't show hand 
*** SUMMARY ***
Total pot $0.08 | Rake $0 
Board [Qd 5s 3h 8h]
Seat 1: Dorex2007 folded before Flop (didn't bet)
Seat 2: Dem-41 (button) folded on the Turn
Seat 3: OlegKharkov (small blind) collected ($0.08)
Seat 4: yur4ik777 (big blind) folded on the Turn
Seat 5: Arush8 folded before Flop (didn't bet)
Seat 7: RickyDoda1953 folded on the Turn
Seat 8: hkalli81 folded before Flop (didn't bet)
Seat 9: Igorakis folded before Flop (didn't bet)



PokerStars Hand #232622754512:  Hold'em No Limit ($0.01/$0.02 USD) - 2021/12/28 22:17:31 PT [2021/12/29 1:17:31 ET]
Table 'Ricouxa IV' 9-max Seat #3 is the button
Seat 1: Dorex2007 ($4.98 in chips) 
Seat 2: Dem-41 ($1.88 in chips) 
Seat 3: OlegKharkov ($3.73 in chips) 
Seat 4: yur4ik777 ($1.62 in chips) 
Seat 5: Arush8 ($2.64 in chips) 
Seat 7: RickyDoda1953 ($0.38 in chips) 
Seat 8: hkalli81 ($2 in chips) 
Seat 9: Igorakis ($2.19 in chips) 
yur4ik777: posts small blind $0.01
Arush8: posts big blind $0.02
hexxau: sits out 
*** HOLE CARDS ***
Dealt to Dorex2007 [7d Qc]
RickyDoda1953: folds 
hkalli81: folds 
Igorakis has timed out
Igorakis: folds 
Dorex2007: folds 
Dem-41: calls $0.02
OlegKharkov: raises $0.06 to $0.08
yur4ik777: folds 
Arush8: calls $0.06
Dem-41: calls $0.06
*** FLOP *** [7h 8c 3s]
Arush8: checks 
Dem-41: bets $0.02
OlegKharkov: calls $0.02
Arush8: calls $0.02
*** TURN *** [7h 8c 3s] [6d]
Arush8: checks 
Dem-41: bets $0.02
OlegKharkov: calls $0.02
Arush8: calls $0.02
*** RIVER *** [7h 8c 3s 6d] [2c]
Arush8: checks 
Dem-41: bets $0.02
OlegKharkov: folds 
Arush8: calls $0.02
*** SHOW DOWN ***
Dem-41: shows [As 6s] (a pair of Sixes)
Arush8: mucks hand 
Dem-41 collected $0.40 from pot
*** SUMMARY ***
Total pot $0.41 | Rake $0.01 
Board [7h 8c 3s 6d 2c]
Seat 1: Dorex2007 folded before Flop (didn't bet)
Seat 2: Dem-41 showed [As 6s] and won ($0.40) with a pair of Sixes
Seat 3: OlegKharkov (button) folded on the River
Seat 4: yur4ik777 (small blind) folded before Flop
Seat 5: Arush8 (big blind) mucked [Td Ah]
Seat 7: RickyDoda1953 folded before Flop (didn't bet)
Seat 8: hkalli81 folded before Flop (didn't bet)
Seat 9: Igorakis folded before Flop (didn't bet)



PokerStars Hand #232622765306:  Hold'em No Limit ($0.01/$0.02 USD) - 2021/12/28 22:18:47 PT [2021/12/29 1:18:47 ET]
Table 'Ricouxa IV' 9-max Seat #4 is the button
Seat 1: Dorex2007 ($4.98 in chips) 
Seat 2: Dem-41 ($2.14 in chips) 
Seat 3: OlegKharkov ($3.61 in chips) 
Seat 4: yur4ik777 ($1.61 in chips) 
Seat 5: Arush8 ($2.50 in chips) 
Seat 6: hexxau ($0.80 in chips) 
Seat 7: RickyDoda1953 ($0.38 in chips) 
Seat 8: hkalli81 ($2 in chips) 
Seat 9: Igorakis ($2.19 in chips) 
Arush8: posts small blind $0.01
hexxau: posts big blind $0.02
*** HOLE CARDS ***
Dealt to Dorex2007 [5h 2h]
RickyDoda1953: calls $0.02
hkalli81: raises $0.04 to $0.06
Igorakis: calls $0.06
Dorex2007: folds 
Dem-41: folds 
OlegKharkov: folds 
yur4ik777: folds 
Arush8: folds 
hexxau: folds 
RickyDoda1953: folds 
*** FLOP *** [3h Qc Th]
hkalli81: bets $0.08
Igorakis: calls $0.08
*** TURN *** [3h Qc Th] [9s]
hkalli81: bets $0.16
Igorakis: calls $0.16
*** RIVER *** [3h Qc Th 9s] [9c]
hkalli81: bets $0.32
Igorakis: calls $0.32
*** SHOW DOWN ***
hkalli81: shows [Qd Ks] (two pair, Queens and Nines)
Igorakis: mucks hand 
hkalli81 collected $1.23 from pot
*** SUMMARY ***
Total pot $1.29 | Rake $0.06 
Board [3h Qc Th 9s 9c]
Seat 1: Dorex2007 folded before Flop (didn't bet)
Seat 2: Dem-41 folded before Flop (didn't bet)
Seat 3: OlegKharkov folded before Flop (didn't bet)
Seat 4: yur4ik777 (button) folded before Flop (didn't bet)
Seat 5: Arush8 (small blind) folded before Flop
Seat 6: hexxau (big blind) folded before Flop
Seat 7: RickyDoda1953 folded before Flop
Seat 8: hkalli81 showed [Qd Ks] and won ($1.23) with two pair, Queens and Nines
Seat 9: Igorakis mucked [8d Qh]



PokerStars Hand #232622772734:  Hold'em No Limit ($0.01/$0.02 USD) - 2021/12/28 22:19:40 PT [2021/12/29 1:19:40 ET]
Table 'Ricouxa IV' 9-max Seat #5 is the button
Seat 1: Dorex2007 ($4.98 in chips) 
Seat 2: Dem-41 ($2.14 in chips) 
Seat 3: OlegKharkov ($3.61 in chips) 
Seat 4: yur4ik777 ($1.61 in chips) 
Seat 5: Arush8 ($2.49 in chips) 
Seat 6: hexxau ($0.78 in chips) 
Seat 7: RickyDoda1953 ($0.80 in chips) 
Seat 8: hkalli81 ($2.61 in chips) 
Seat 9: Igorakis ($1.57 in chips) 
hexxau: posts small blind $0.01
RickyDoda1953: posts big blind $0.02
*** HOLE CARDS ***
Dealt to Dorex2007 [7c 8c]
hkalli81: folds 
Igorakis: raises $0.04 to $0.06
Dorex2007: folds 
Dem-41: folds 
OlegKharkov: folds 
yur4ik777: folds 
Arush8: raises $0.06 to $0.12
hexxau: folds 
RickyDoda1953: folds 
Igorakis: calls $0.06
*** FLOP *** [Qh 7s Kc]
Igorakis: checks 
Arush8: bets $0.08
Igorakis: calls $0.08
*** TURN *** [Qh 7s Kc] [2d]
Igorakis: checks 
Arush8: checks 
*** RIVER *** [Qh 7s Kc 2d] [Qs]
Igorakis: bets $0.08
Arush8: calls $0.08
*** SHOW DOWN ***
Igorakis: shows [Jc Ac] (a pair of Queens)
Arush8: shows [Jh Jd] (two pair, Queens and Jacks)
Arush8 collected $0.57 from pot
*** SUMMARY ***
Total pot $0.59 | Rake $0.02 
Board [Qh 7s Kc 2d Qs]
Seat 1: Dorex2007 folded before Flop (didn't bet)
Seat 2: Dem-41 folded before Flop (didn't bet)
Seat 3: OlegKharkov folded before Flop (didn't bet)
Seat 4: yur4ik777 folded before Flop (didn't bet)
Seat 5: Arush8 (button) showed [Jh Jd] and won ($0.57) with two pair, Queens and Jacks
Seat 6: hexxau (small blind) folded before Flop
Seat 7: RickyDoda1953 (big blind) folded before Flop
Seat 8: hkalli81 folded before Flop (didn't bet)
Seat 9: Igorakis showed [Jc Ac] and lost with a pair of Queens



PokerStars Hand #232622779972:  Hold'em No Limit ($0.01/$0.02 USD) - 2021/12/28 22:20:31 PT [2021/12/29 1:20:31 ET]
Table 'Ricouxa IV' 9-max Seat #6 is the button
Seat 1: Dorex2007 ($4.98 in chips) 
Seat 2: Dem-41 ($2.14 in chips) 
Seat 3: OlegKharkov ($3.61 in chips) 
Seat 4: yur4ik777 ($1.61 in chips) 
Seat 5: Arush8 ($2.78 in chips) 
Seat 6: hexxau ($0.77 in chips) 
Seat 7: RickyDoda1953 ($0.78 in chips) 
Seat 8: hkalli81 ($2.61 in chips) 
Seat 9: Igorakis ($1.29 in chips) 
RickyDoda1953: posts small blind $0.01
hkalli81: posts big blind $0.02
*** HOLE CARDS ***
Dealt to Dorex2007 [7h 8s]
Igorakis: folds 
Dorex2007: folds 
Dem-41: folds 
OlegKharkov: folds 
yur4ik777: folds 
Arush8: folds 
hexxau: folds 
RickyDoda1953: calls $0.01
hkalli81: checks 
*** FLOP *** [3h 9s Qd]
RickyDoda1953: checks 
hkalli81: checks 
*** TURN *** [3h 9s Qd] [8h]
RickyDoda1953: checks 
hkalli81: checks 
*** RIVER *** [3h 9s Qd 8h] [Jc]
RickyDoda1953: checks 
hkalli81: checks 
*** SHOW DOWN ***
RickyDoda1953: shows [4c 5d] (high card Queen)
hkalli81: shows [5c Jd] (a pair of Jacks)
hkalli81 collected $0.04 from pot
*** SUMMARY ***
Total pot $0.04 | Rake $0 
Board [3h 9s Qd 8h Jc]
Seat 1: Dorex2007 folded before Flop (didn't bet)
Seat 2: Dem-41 folded before Flop (didn't bet)
Seat 3: OlegKharkov folded before Flop (didn't bet)
Seat 4: yur4ik777 folded before Flop (didn't bet)
Seat 5: Arush8 folded before Flop (didn't bet)
Seat 6: hexxau (button) folded before Flop (didn't bet)
Seat 7: RickyDoda1953 (small blind) showed [4c 5d] and lost with high card Queen
Seat 8: hkalli81 (big blind) showed [5c Jd] and won ($0.04) with a pair of Jacks
Seat 9: Igorakis folded before Flop (didn't bet)



PokerStars Hand #232622786715:  Hold'em No Limit ($0.01/$0.02 USD) - 2021/12/28 22:21:19 PT [2021/12/29 1:21:19 ET]
Table 'Ricouxa IV' 9-max Seat #7 is the button
Seat 1: Dorex2007 ($4.98 in chips) 
Seat 2: Dem-41 ($2.14 in chips) 
Seat 3: OlegKharkov ($3.61 in chips) 
Seat 4: yur4ik777 ($1.61 in chips) 
Seat 5: Arush8 ($2.78 in chips) 
Seat 6: hexxau ($0.77 in chips) 
Seat 7: RickyDoda1953 ($0.76 in chips) 
Seat 8: hkalli81 ($2.63 in chips) 
Seat 9: Igorakis ($1.29 in chips) 
hkalli81: posts small blind $0.01
Igorakis: posts big blind $0.02
*** HOLE CARDS ***
Dealt to Dorex2007 [7c 5c]
Dorex2007: folds 
Dem-41: folds 
OlegKharkov: folds 
yur4ik777: folds 
Arush8: folds 
hexxau: folds 
RickyDoda1953: calls $0.02
hkalli81: calls $0.01
Igorakis: checks 
*** FLOP *** [As 9c 8h]
hkalli81: checks 
Igorakis: checks 
RickyDoda1953: bets $0.03
hkalli81: calls $0.03
Igorakis: calls $0.03
*** TURN *** [As 9c 8h] [Qc]
hkalli81: bets $0.07
Igorakis: folds 
RickyDoda1953: raises $0.14 to $0.21
hkalli81: calls $0.14
*** RIVER *** [As 9c 8h Qc] [Ad]
hkalli81: checks 
RickyDoda1953: bets $0.27
hkalli81: raises $0.27 to $0.54
RickyDoda1953: calls $0.23 and is all-in
Uncalled bet ($0.04) returned to hkalli81
*** SHOW DOWN ***
hkalli81: shows [Ac 7s] (three of a kind, Aces)
RickyDoda1953: shows [Jd Tc] (a straight, Eight to Queen)
RickyDoda1953 collected $1.52 from pot
*** SUMMARY ***
Total pot $1.57 | Rake $0.05 
Board [As 9c 8h Qc Ad]
Seat 1: Dorex2007 folded before Flop (didn't bet)
Seat 2: Dem-41 folded before Flop (didn't bet)
Seat 3: OlegKharkov folded before Flop (didn't bet)
Seat 4: yur4ik777 folded before Flop (didn't bet)
Seat 5: Arush8 folded before Flop (didn't bet)
Seat 6: hexxau folded before Flop (didn't bet)
Seat 7: RickyDoda1953 (button) showed [Jd Tc] and won ($1.52) with a straight, Eight to Queen
Seat 8: hkalli81 (small blind) showed [Ac 7s] and lost with three of a kind, Aces
Seat 9: Igorakis (big blind) folded on the Turn



PokerStars Hand #232622799236:  Hold'em No Limit ($0.01/$0.02 USD) - 2021/12/28 22:22:48 PT [2021/12/29 1:22:48 ET]
Table 'Ricouxa IV' 9-max Seat #8 is the button
Seat 1: Dorex2007 ($4.98 in chips) 
Seat 2: Dem-41 ($2.14 in chips) 
Seat 3: OlegKharkov ($3.61 in chips) 
Seat 4: yur4ik777 ($1.61 in chips) 
Seat 5: Arush8 ($2.78 in chips) 
Seat 6: hexxau ($0.77 in chips) 
Seat 7: RickyDoda1953 ($1.52 in chips) 
Seat 8: hkalli81 ($2 in chips) 
Seat 9: Igorakis ($1.24 in chips) 
Igorakis: posts small blind $0.01
Dorex2007: posts big blind $0.02
*** HOLE CARDS ***
Dealt to Dorex2007 [Kd Qd]
Dem-41: folds 
OlegKharkov: folds 
yur4ik777: folds 
Arush8: folds 
Arush8 leaves the table
hexxau: folds 
RickyDoda1953: calls $0.02
MC_Shamik joins the table at seat #5 
hkalli81 has timed out
hkalli81: folds 
Igorakis: calls $0.01
Dorex2007: checks 
*** FLOP *** [7c Ah Jh]
Igorakis: bets $0.02
Dorex2007: calls $0.02
RickyDoda1953: calls $0.02
*** TURN *** [7c Ah Jh] [5h]
Igorakis: bets $0.02
Dorex2007: folds 
RickyDoda1953: folds 
Uncalled bet ($0.02) returned to Igorakis
Igorakis collected $0.12 from pot
Igorakis: doesn't show hand 
*** SUMMARY ***
Total pot $0.12 | Rake $0 
Board [7c Ah Jh 5h]
Seat 1: Dorex2007 (big blind) folded on the Turn
Seat 2: Dem-41 folded before Flop (didn't bet)
Seat 3: OlegKharkov folded before Flop (didn't bet)
Seat 4: yur4ik777 folded before Flop (didn't bet)
Seat 5: Arush8 folded before Flop (didn't bet)
Seat 6: hexxau folded before Flop (didn't bet)
Seat 7: RickyDoda1953 folded on the Turn
Seat 8: hkalli81 (button) folded before Flop (didn't bet)
Seat 9: Igorakis (small blind) collected ($0.12)



PokerStars Hand #232622806760:  Hold'em No Limit ($0.01/$0.02 USD) - 2021/12/28 22:23:42 PT [2021/12/29 1:23:42 ET]
Table 'Ricouxa IV' 9-max Seat #9 is the button
Seat 1: Dorex2007 ($4.94 in chips) 
Seat 2: Dem-41 ($2.14 in chips) 
Seat 3: OlegKharkov ($3.61 in chips) 
Seat 4: yur4ik777 ($1.61 in chips) 
Seat 6: hexxau ($0.77 in chips) 
Seat 7: RickyDoda1953 ($1.48 in chips) 
Seat 8: hkalli81 ($2 in chips) 
Seat 9: Igorakis ($1.32 in chips) 
Dorex2007: posts small blind $0.01
Dem-41: posts big blind $0.02
MC_Shamik: sits out 
*** HOLE CARDS ***
Dealt to Dorex2007 [Ks Ah]
OlegKharkov: folds 
yur4ik777: folds 
hexxau: folds 
RickyDoda1953: folds 
hkalli81: folds 
Igorakis: folds 
Dorex2007: raises $0.04 to $0.06
Dem-41: folds 
Uncalled bet ($0.04) returned to Dorex2007
Dorex2007 collected $0.04 from pot
Dorex2007: doesn't show hand 
*** SUMMARY ***
Total pot $0.04 | Rake $0 
Seat 1: Dorex2007 (small blind) collected ($0.04)
Seat 2: Dem-41 (big blind) folded before Flop
Seat 3: OlegKharkov folded before Flop (didn't bet)
Seat 4: yur4ik777 folded before Flop (didn't bet)
Seat 6: hexxau folded before Flop (didn't bet)
Seat 7: RickyDoda1953 folded before Flop (didn't bet)
Seat 8: hkalli81 folded before Flop (didn't bet)
Seat 9: Igorakis (button) folded before Flop (didn't bet)



PokerStars Hand #232622809389:  Hold'em No Limit ($0.01/$0.02 USD) - 2021/12/28 22:24:01 PT [2021/12/29 1:24:01 ET]
Table 'Ricouxa IV' 9-max Seat #1 is the button
Seat 1: Dorex2007 ($4.96 in chips) 
Seat 2: Dem-41 ($2.12 in chips) 
Seat 3: OlegKharkov ($3.61 in chips) 
Seat 4: yur4ik777 ($1.61 in chips) 
Seat 6: hexxau ($0.77 in chips) 
Seat 7: RickyDoda1953 ($1.48 in chips) 
Seat 8: hkalli81 ($2 in chips) 
Seat 9: Igorakis ($1.32 in chips) 
Dem-41: posts small blind $0.01
OlegKharkov: posts big blind $0.02
MC_Shamik: sits out 
*** HOLE CARDS ***
Dealt to Dorex2007 [9s 6h]
yur4ik777: raises $0.03 to $0.05
hexxau: folds 
RickyDoda1953 has timed out
RickyDoda1953: folds 
hkalli81: folds 
Igorakis: folds 
Dorex2007: folds 
Dem-41: folds 
OlegKharkov: folds 
Uncalled bet ($0.03) returned to yur4ik777
yur4ik777 collected $0.05 from pot
yur4ik777: doesn't show hand 
*** SUMMARY ***
Total pot $0.05 | Rake $0 
Seat 1: Dorex2007 (button) folded before Flop (didn't bet)
Seat 2: Dem-41 (small blind) folded before Flop
Seat 3: OlegKharkov (big blind) folded before Flop
Seat 4: yur4ik777 collected ($0.05)
Seat 6: hexxau folded before Flop (didn't bet)
Seat 7: RickyDoda1953 folded before Flop (didn't bet)
Seat 8: hkalli81 folded before Flop (didn't bet)
Seat 9: Igorakis folded before Flop (didn't bet)



PokerStars Hand #232622813191:  Hold'em No Limit ($0.01/$0.02 USD) - 2021/12/28 22:24:29 PT [2021/12/29 1:24:29 ET]
Table 'Ricouxa IV' 9-max Seat #2 is the button
Seat 1: Dorex2007 ($4.96 in chips) 
Seat 2: Dem-41 ($2.11 in chips) 
Seat 3: OlegKharkov ($3.59 in chips) 
Seat 4: yur4ik777 ($1.64 in chips) 
Seat 6: hexxau ($0.77 in chips) 
Seat 7: RickyDoda1953 ($1.48 in chips) 
Seat 8: hkalli81 ($2 in chips) 
Seat 9: Igorakis ($1.32 in chips) 
OlegKharkov: posts small blind $0.01
yur4ik777: posts big blind $0.02
MC_Shamik: sits out 
*** HOLE CARDS ***
Dealt to Dorex2007 [2h Ah]
hexxau: calls $0.02
RickyDoda1953 is disconnected 
RickyDoda1953 has timed out while disconnected
RickyDoda1953: folds 
hkalli81: folds 
Igorakis: folds 
Dorex2007: calls $0.02
Dem-41: folds 
OlegKharkov: folds 
yur4ik777: checks 
*** FLOP *** [9s 3c 9h]
yur4ik777: checks 
hexxau: checks 
Dorex2007: checks 
*** TURN *** [9s 3c 9h] [4d]
yur4ik777: checks 
hexxau: bets $0.07
Dorex2007: folds 
yur4ik777: folds 
Uncalled bet ($0.07) returned to hexxau
hexxau collected $0.07 from pot
hexxau: doesn't show hand 
*** SUMMARY ***
Total pot $0.07 | Rake $0 
Board [9s 3c 9h 4d]
Seat 1: Dorex2007 folded on the Turn
Seat 2: Dem-41 (button) folded before Flop (didn't bet)
Seat 3: OlegKharkov (small blind) folded before Flop
Seat 4: yur4ik777 (big blind) folded on the Turn
Seat 6: hexxau collected ($0.07)
Seat 7: RickyDoda1953 folded before Flop (didn't bet)
Seat 8: hkalli81 folded before Flop (didn't bet)
Seat 9: Igorakis folded before Flop (didn't bet)



PokerStars Hand #232622819832:  Hold'em No Limit ($0.01/$0.02 USD) - 2021/12/28 22:25:17 PT [2021/12/29 1:25:17 ET]
Table 'Ricouxa IV' 9-max Seat #3 is the button
Seat 1: Dorex2007 ($4.94 in chips) 
Seat 2: Dem-41 ($2.11 in chips) 
Seat 3: OlegKharkov ($3.58 in chips) 
Seat 4: yur4ik777 ($1.62 in chips) 
Seat 5: MC_Shamik ($2 in chips) 
Seat 6: hexxau ($0.82 in chips) 
Seat 7: RickyDoda1953 ($1.48 in chips) 
Seat 8: hkalli81 ($2 in chips) 
Seat 9: Igorakis ($1.32 in chips) 
yur4ik777: posts small blind $0.01
MC_Shamik: posts big blind $0.02
*** HOLE CARDS ***
Dealt to Dorex2007 [8c 2c]
hexxau: folds 
RickyDoda1953 has timed out
RickyDoda1953: folds 
hkalli81: folds 
Igorakis: raises $0.06 to $0.08
Dorex2007: folds 
Dem-41: folds 
OlegKharkov: folds 
yur4ik777: folds 
MC_Shamik: folds 
Uncalled bet ($0.06) returned to Igorakis
Igorakis collected $0.05 from pot
*** SUMMARY ***
Total pot $0.05 | Rake $0 
Seat 1: Dorex2007 folded before Flop (didn't bet)
Seat 2: Dem-41 folded before Flop (didn't bet)
Seat 3: OlegKharkov (button) folded before Flop (didn't bet)
Seat 4: yur4ik777 (small blind) folded before Flop
Seat 5: MC_Shamik (big blind) folded before Flop
Seat 6: hexxau folded before Flop (didn't bet)
Seat 7: RickyDoda1953 folded before Flop (didn't bet)
Seat 8: hkalli81 folded before Flop (didn't bet)
Seat 9: Igorakis collected ($0.05)



PokerStars Hand #232622832568:  Hold'em No Limit ($0.01/$0.02 USD) - 2021/12/28 22:26:01 PT [2021/12/29 1:26:01 ET]
Table 'Ricouxa IV' 9-max Seat #4 is the button
Seat 1: Dorex2007 ($4.94 in chips) 
Seat 2: Dem-41 ($2.11 in chips) 
Seat 3: OlegKharkov ($3.58 in chips) 
Seat 4: yur4ik777 ($1.61 in chips) 
Seat 5: MC_Shamik ($2 in chips) 
Seat 6: hexxau ($0.82 in chips) 
Seat 8: hkalli81 ($2 in chips) 
Seat 9: Igorakis ($1.35 in chips) 
MC_Shamik: posts small blind $0.01
hexxau: posts big blind $0.02
*** HOLE CARDS ***
Dealt to Dorex2007 [5h Ks]
hkalli81: folds 
Igorakis: raises $0.04 to $0.06
Dorex2007: folds 
Dem-41: folds 
OlegKharkov: folds 
yur4ik777: folds 
MC_Shamik: folds 
hexxau: folds 
Uncalled bet ($0.04) returned to Igorakis
Igorakis collected $0.05 from pot
Igorakis: doesn't show hand 
*** SUMMARY ***
Total pot $0.05 | Rake $0 
Seat 1: Dorex2007 folded before Flop (didn't bet)
Seat 2: Dem-41 folded before Flop (didn't bet)
Seat 3: OlegKharkov folded before Flop (didn't bet)
Seat 4: yur4ik777 (button) folded before Flop (didn't bet)
Seat 5: MC_Shamik (small blind) folded before Flop
Seat 6: hexxau (big blind) folded before Flop
Seat 8: hkalli81 folded before Flop (didn't bet)
Seat 9: Igorakis collected ($0.05)



PokerStars Hand #232622836104:  Hold'em No Limit ($0.01/$0.02 USD) - 2021/12/28 22:26:26 PT [2021/12/29 1:26:26 ET]
Table 'Ricouxa IV' 9-max Seat #5 is the button
Seat 1: Dorex2007 ($4.94 in chips) 
Seat 2: Dem-41 ($2.11 in chips) 
Seat 3: OlegKharkov ($3.58 in chips) 
Seat 4: yur4ik777 ($1.61 in chips) 
Seat 5: MC_Shamik ($2 in chips) 
Seat 6: hexxau ($0.80 in chips) 
Seat 9: Igorakis ($1.38 in chips) 
hexxau: posts small blind $0.01
hkalli81: is sitting out 
Igorakis: posts big blind $0.02
*** HOLE CARDS ***
Dealt to Dorex2007 [9h 7c]
Dorex2007: folds 
hkalli81 leaves the table
Dem-41: calls $0.02
RickyDoda1953 is disconnected 
OlegKharkov: folds 
yur4ik777: folds 
MC_Shamik: folds 
hexxau: folds 
Igorakis: checks 
*** FLOP *** [6d Th Js]
Igorakis: checks 
Dem-41: bets $0.04
Igorakis: folds 
Uncalled bet ($0.04) returned to Dem-41
Dem-41 collected $0.05 from pot
Dem-41: doesn't show hand 
*** SUMMARY ***
Total pot $0.05 | Rake $0 
Board [6d Th Js]
Seat 1: Dorex2007 folded before Flop (didn't bet)
Seat 2: Dem-41 collected ($0.05)
Seat 3: OlegKharkov folded before Flop (didn't bet)
Seat 4: yur4ik777 folded before Flop (didn't bet)
Seat 5: MC_Shamik (button) folded before Flop (didn't bet)
Seat 6: hexxau (small blind) folded before Flop
Seat 9: Igorakis (big blind) folded on the Flop



