PokerStars Hand #237455689053:  Hold'em No Limit ($0.02/$0.05 USD) - 2022/07/19 8:12:36 PT [2022/07/19 11:12:36 ET]
Table 'Jarmila III' 9-max Seat #5 is the button
Seat 1: johniespa ($6.43 in chips) 
Seat 2: Juagonzalez ($5.14 in chips) 
Seat 3: mxalaris ($12.24 in chips) 
Seat 4: Dorex2007 ($5 in chips) 
Seat 5: turco1152 ($1.87 in chips) 
Seat 6: nvhnam ($5.14 in chips) 
Seat 7: Count Mole ($12.73 in chips) 
Seat 8: vanelul ($5.50 in chips) 
nvhnam: posts small blind $0.02
Count Mole: posts big blind $0.05
Dorex2007: posts big blind $0.05
*** HOLE CARDS ***
Dealt to Dorex2007 [Js 6s]
vanelul: folds 
johniespa: folds 
Juagonzalez: raises $0.10 to $0.15
mxalaris: calls $0.15
Dorex2007: folds 
turco1152: folds 
nvhnam: folds 
Count Mole: folds 
*** FLOP *** [9h 3h Td]
Juagonzalez: checks 
mxalaris: checks 
*** TURN *** [9h 3h Td] [5c]
Juagonzalez: checks 
mxalaris: bets $0.30
Juagonzalez: folds 
Uncalled bet ($0.30) returned to mxalaris
mxalaris collected $0.40 from pot
*** SUMMARY ***
Total pot $0.42 | Rake $0.02 
Board [9h 3h Td 5c]
Seat 1: johniespa folded before Flop (didn't bet)
Seat 2: Juagonzalez folded on the Turn
Seat 3: mxalaris collected ($0.40)
Seat 4: Dorex2007 folded before Flop (didn't bet)
Seat 5: turco1152 (button) folded before Flop (didn't bet)
Seat 6: nvhnam (small blind) folded before Flop
Seat 7: Count Mole (big blind) folded before Flop
Seat 8: vanelul folded before Flop (didn't bet)



PokerStars Hand #237455707088:  Hold'em No Limit ($0.02/$0.05 USD) - 2022/07/19 8:13:39 PT [2022/07/19 11:13:39 ET]
Table 'Jarmila III' 9-max Seat #6 is the button
Seat 1: johniespa ($6.43 in chips) 
Seat 2: Juagonzalez ($5 in chips) 
Seat 3: mxalaris ($12.49 in chips) 
Seat 4: Dorex2007 ($5 in chips) 
Seat 5: turco1152 ($1.87 in chips) 
Seat 6: nvhnam ($5.12 in chips) 
Seat 7: Count Mole ($12.68 in chips) 
Seat 8: vanelul ($5.50 in chips) 
Count Mole: posts small blind $0.02
vanelul: posts big blind $0.05
*** HOLE CARDS ***
Dealt to Dorex2007 [8c Qd]
johniespa: folds 
Juagonzalez: folds 
mxalaris: folds 
Dorex2007: folds 
turco1152: raises $0.10 to $0.15
nvhnam: folds 
Count Mole: folds 
vanelul: folds 
Uncalled bet ($0.10) returned to turco1152
turco1152 collected $0.12 from pot
*** SUMMARY ***
Total pot $0.12 | Rake $0 
Seat 1: johniespa folded before Flop (didn't bet)
Seat 2: Juagonzalez folded before Flop (didn't bet)
Seat 3: mxalaris folded before Flop (didn't bet)
Seat 4: Dorex2007 folded before Flop (didn't bet)
Seat 5: turco1152 collected ($0.12)
Seat 6: nvhnam (button) folded before Flop (didn't bet)
Seat 7: Count Mole (small blind) folded before Flop
Seat 8: vanelul (big blind) folded before Flop



PokerStars Hand #237455713481:  Hold'em No Limit ($0.02/$0.05 USD) - 2022/07/19 8:14:01 PT [2022/07/19 11:14:01 ET]
Table 'Jarmila III' 9-max Seat #7 is the button
Seat 1: johniespa ($6.43 in chips) 
Seat 2: Juagonzalez ($5 in chips) 
Seat 3: mxalaris ($12.49 in chips) 
Seat 4: Dorex2007 ($5 in chips) 
Seat 5: turco1152 ($1.94 in chips) 
Seat 6: nvhnam ($5.12 in chips) 
Seat 7: Count Mole ($12.66 in chips) 
Seat 8: vanelul ($5.45 in chips) 
vanelul: posts small blind $0.02
johniespa: posts big blind $0.05
*** HOLE CARDS ***
Dealt to Dorex2007 [3h Td]
Juagonzalez: folds 
mxalaris: folds 
Dorex2007: folds 
turco1152: folds 
nvhnam: folds 
Count Mole: raises $0.10 to $0.15
vanelul: calls $0.13
johniespa: folds 
*** FLOP *** [9h As 2d]
vanelul: checks 
Count Mole: checks 
*** TURN *** [9h As 2d] [2s]
vanelul: checks 
Count Mole: checks 
*** RIVER *** [9h As 2d 2s] [8c]
vanelul: bets $0.10
Count Mole: folds 
Uncalled bet ($0.10) returned to vanelul
vanelul collected $0.34 from pot
Zizu19999 leaves the table
*** SUMMARY ***
Total pot $0.35 | Rake $0.01 
Board [9h As 2d 2s 8c]
Seat 1: johniespa (big blind) folded before Flop
Seat 2: Juagonzalez folded before Flop (didn't bet)
Seat 3: mxalaris folded before Flop (didn't bet)
Seat 4: Dorex2007 folded before Flop (didn't bet)
Seat 5: turco1152 folded before Flop (didn't bet)
Seat 6: nvhnam folded before Flop (didn't bet)
Seat 7: Count Mole (button) folded on the River
Seat 8: vanelul (small blind) collected ($0.34)



PokerStars Hand #237455729641:  Hold'em No Limit ($0.02/$0.05 USD) - 2022/07/19 8:14:57 PT [2022/07/19 11:14:57 ET]
Table 'Jarmila III' 9-max Seat #8 is the button
Seat 1: johniespa ($6.38 in chips) 
Seat 2: Juagonzalez ($5 in chips) 
Seat 3: mxalaris ($12.49 in chips) 
Seat 4: Dorex2007 ($5 in chips) 
Seat 5: turco1152 ($1.94 in chips) 
Seat 6: nvhnam ($5.12 in chips) 
Seat 7: Count Mole ($12.51 in chips) 
Seat 8: vanelul ($5.64 in chips) 
johniespa: posts small blind $0.02
Juagonzalez: posts big blind $0.05
*** HOLE CARDS ***
Dealt to Dorex2007 [Jd Kh]
mxalaris: folds 
Dorex2007: folds 
turco1152: folds 
nvhnam: folds 
Count Mole: folds 
vanelul: folds 
johniespa: raises $0.10 to $0.15
Juagonzalez: folds 
Uncalled bet ($0.10) returned to johniespa
johniespa collected $0.10 from pot
*** SUMMARY ***
Total pot $0.10 | Rake $0 
Seat 1: johniespa (small blind) collected ($0.10)
Seat 2: Juagonzalez (big blind) folded before Flop
Seat 3: mxalaris folded before Flop (didn't bet)
Seat 4: Dorex2007 folded before Flop (didn't bet)
Seat 5: turco1152 folded before Flop (didn't bet)
Seat 6: nvhnam folded before Flop (didn't bet)
Seat 7: Count Mole folded before Flop (didn't bet)
Seat 8: vanelul (button) folded before Flop (didn't bet)



PokerStars Hand #237455737302:  Hold'em No Limit ($0.02/$0.05 USD) - 2022/07/19 8:15:24 PT [2022/07/19 11:15:24 ET]
Table 'Jarmila III' 9-max Seat #1 is the button
Seat 1: johniespa ($6.43 in chips) 
Seat 2: Juagonzalez ($5 in chips) 
Seat 3: mxalaris ($12.49 in chips) 
Seat 4: Dorex2007 ($5 in chips) 
Seat 5: turco1152 ($1.94 in chips) 
Seat 6: nvhnam ($5.12 in chips) 
Seat 7: Count Mole ($12.51 in chips) 
Seat 8: vanelul ($5.64 in chips) 
Juagonzalez: posts small blind $0.02
mxalaris: posts big blind $0.05
*** HOLE CARDS ***
Dealt to Dorex2007 [8h Ad]
Dorex2007: folds 
turco1152: folds 
nvhnam: folds 
Count Mole: raises $0.10 to $0.15
vanelul: folds 
johniespa: folds 
Juagonzalez: folds 
mxalaris: folds 
Uncalled bet ($0.10) returned to Count Mole
Count Mole collected $0.12 from pot
*** SUMMARY ***
Total pot $0.12 | Rake $0 
Seat 1: johniespa (button) folded before Flop (didn't bet)
Seat 2: Juagonzalez (small blind) folded before Flop
Seat 3: mxalaris (big blind) folded before Flop
Seat 4: Dorex2007 folded before Flop (didn't bet)
Seat 5: turco1152 folded before Flop (didn't bet)
Seat 6: nvhnam folded before Flop (didn't bet)
Seat 7: Count Mole collected ($0.12)
Seat 8: vanelul folded before Flop (didn't bet)



PokerStars Hand #237455744233:  Hold'em No Limit ($0.02/$0.05 USD) - 2022/07/19 8:15:49 PT [2022/07/19 11:15:49 ET]
Table 'Jarmila III' 9-max Seat #2 is the button
Seat 1: johniespa ($6.43 in chips) 
Seat 2: Juagonzalez ($5 in chips) 
Seat 3: mxalaris ($12.44 in chips) 
Seat 4: Dorex2007 ($5 in chips) 
Seat 5: turco1152 ($1.94 in chips) 
Seat 6: nvhnam ($5.12 in chips) 
Seat 7: Count Mole ($12.58 in chips) 
Seat 8: vanelul ($5.64 in chips) 
mxalaris: posts small blind $0.02
Dorex2007: posts big blind $0.05
*** HOLE CARDS ***
Dealt to Dorex2007 [3s Tc]
marcusvhand joins the table at seat #9 
turco1152: raises $0.10 to $0.15
nvhnam: folds 
Count Mole: folds 
vanelul: folds 
johniespa: folds 
Juagonzalez: calls $0.15
mxalaris: folds 
Dorex2007: folds 
*** FLOP *** [Td 7d 5c]
turco1152 is connected 
turco1152: bets $0.17
Juagonzalez: folds 
Uncalled bet ($0.17) returned to turco1152
turco1152 collected $0.35 from pot
*** SUMMARY ***
Total pot $0.37 | Rake $0.02 
Board [Td 7d 5c]
Seat 1: johniespa folded before Flop (didn't bet)
Seat 2: Juagonzalez (button) folded on the Flop
Seat 3: mxalaris (small blind) folded before Flop
Seat 4: Dorex2007 (big blind) folded before Flop
Seat 5: turco1152 collected ($0.35)
Seat 6: nvhnam folded before Flop (didn't bet)
Seat 7: Count Mole folded before Flop (didn't bet)
Seat 8: vanelul folded before Flop (didn't bet)



PokerStars Hand #237455763701:  Hold'em No Limit ($0.02/$0.05 USD) - 2022/07/19 8:16:57 PT [2022/07/19 11:16:57 ET]
Table 'Jarmila III' 9-max Seat #3 is the button
Seat 1: johniespa ($6.43 in chips) 
Seat 2: Juagonzalez ($5 in chips) 
Seat 3: mxalaris ($12.42 in chips) 
Seat 4: Dorex2007 ($5 in chips) 
Seat 5: turco1152 ($2.14 in chips) 
Seat 6: nvhnam ($5.12 in chips) 
Seat 7: Count Mole ($12.58 in chips) 
Seat 8: vanelul ($5.64 in chips) 
Seat 9: marcusvhand ($4 in chips) 
Dorex2007: posts small blind $0.02
turco1152: posts big blind $0.05
marcusvhand: posts big blind $0.05
*** HOLE CARDS ***
Dealt to Dorex2007 [6s 7d]
nvhnam: folds 
Count Mole: folds 
vanelul: folds 
marcusvhand: checks 
johniespa: folds 
Juagonzalez: folds 
mxalaris: raises $0.20 to $0.25
Dorex2007: folds 
turco1152: calls $0.20
marcusvhand: folds 
*** FLOP *** [Kd 7h Ah]
turco1152: checks 
mxalaris: bets $0.35
turco1152: calls $0.35
*** TURN *** [Kd 7h Ah] [4s]
turco1152: checks 
mxalaris: checks 
*** RIVER *** [Kd 7h Ah 4s] [8s]
turco1152: bets $0.50
mxalaris: calls $0.50
*** SHOW DOWN ***
turco1152: shows [Jc Ad] (a pair of Aces)
mxalaris: mucks hand 
turco1152 collected $2.18 from pot
*** SUMMARY ***
Total pot $2.27 | Rake $0.09 
Board [Kd 7h Ah 4s 8s]
Seat 1: johniespa folded before Flop (didn't bet)
Seat 2: Juagonzalez folded before Flop (didn't bet)
Seat 3: mxalaris (button) mucked [Ts Kc]
Seat 4: Dorex2007 (small blind) folded before Flop
Seat 5: turco1152 (big blind) showed [Jc Ad] and won ($2.18) with a pair of Aces
Seat 6: nvhnam folded before Flop (didn't bet)
Seat 7: Count Mole folded before Flop (didn't bet)
Seat 8: vanelul folded before Flop (didn't bet)
Seat 9: marcusvhand folded before Flop (didn't bet)



PokerStars Hand #237455785670:  Hold'em No Limit ($0.02/$0.05 USD) - 2022/07/19 8:18:15 PT [2022/07/19 11:18:15 ET]
Table 'Jarmila III' 9-max Seat #4 is the button
Seat 1: johniespa ($6.43 in chips) 
Seat 2: Juagonzalez ($5 in chips) 
Seat 3: mxalaris ($11.32 in chips) 
Seat 4: Dorex2007 ($5 in chips) 
Seat 5: turco1152 ($3.22 in chips) 
Seat 6: nvhnam ($5.12 in chips) 
Seat 7: Count Mole ($12.58 in chips) 
Seat 9: marcusvhand ($3.95 in chips) 
turco1152: posts small blind $0.02
nvhnam: posts big blind $0.05
*** HOLE CARDS ***
Dealt to Dorex2007 [Th 9h]
vanelul leaves the table
Count Mole: folds 
marcusvhand: folds 
johniespa: raises $0.10 to $0.15
Juagonzalez: calls $0.15
mxalaris: folds 
Dorex2007: folds 
Atrito190 joins the table at seat #8 
turco1152: folds 
nvhnam: folds 
*** FLOP *** [9c 2s 8h]
johniespa: bets $0.20
Juagonzalez: calls $0.20
*** TURN *** [9c 2s 8h] [Ks]
johniespa: checks 
Juagonzalez: checks 
*** RIVER *** [9c 2s 8h Ks] [Kc]
johniespa: checks 
Juagonzalez: checks 
*** SHOW DOWN ***
johniespa: shows [Js Ac] (a pair of Kings)
Juagonzalez: mucks hand 
johniespa collected $0.73 from pot
*** SUMMARY ***
Total pot $0.77 | Rake $0.04 
Board [9c 2s 8h Ks Kc]
Seat 1: johniespa showed [Js Ac] and won ($0.73) with a pair of Kings
Seat 2: Juagonzalez mucked [7h Ah]
Seat 3: mxalaris folded before Flop (didn't bet)
Seat 4: Dorex2007 (button) folded before Flop (didn't bet)
Seat 5: turco1152 (small blind) folded before Flop
Seat 6: nvhnam (big blind) folded before Flop
Seat 7: Count Mole folded before Flop (didn't bet)
Seat 9: marcusvhand folded before Flop (didn't bet)



PokerStars Hand #237455811205:  Hold'em No Limit ($0.02/$0.05 USD) - 2022/07/19 8:19:12 PT [2022/07/19 11:19:12 ET]
Table 'Jarmila III' 9-max Seat #5 is the button
Seat 1: johniespa ($6.81 in chips) 
Seat 2: Juagonzalez ($5 in chips) 
Seat 3: mxalaris ($11.32 in chips) 
Seat 4: Dorex2007 ($5 in chips) 
Seat 5: turco1152 ($3.20 in chips) 
Seat 6: nvhnam ($5.07 in chips) 
Seat 7: Count Mole ($12.58 in chips) 
Seat 9: marcusvhand ($3.95 in chips) 
nvhnam: posts small blind $0.02
Count Mole: posts big blind $0.05
Atrito190: sits out 
*** HOLE CARDS ***
Dealt to Dorex2007 [2c 6c]
marcusvhand: folds 
johniespa: folds 
Juagonzalez: folds 
mxalaris: folds 
Dorex2007: folds 
turco1152: folds 
nvhnam: folds 
Uncalled bet ($0.03) returned to Count Mole
Count Mole collected $0.04 from pot
*** SUMMARY ***
Total pot $0.04 | Rake $0 
Seat 1: johniespa folded before Flop (didn't bet)
Seat 2: Juagonzalez folded before Flop (didn't bet)
Seat 3: mxalaris folded before Flop (didn't bet)
Seat 4: Dorex2007 folded before Flop (didn't bet)
Seat 5: turco1152 (button) folded before Flop (didn't bet)
Seat 6: nvhnam (small blind) folded before Flop
Seat 7: Count Mole (big blind) collected ($0.04)
Seat 9: marcusvhand folded before Flop (didn't bet)



PokerStars Hand #237455816263:  Hold'em No Limit ($0.02/$0.05 USD) - 2022/07/19 8:19:31 PT [2022/07/19 11:19:31 ET]
Table 'Jarmila III' 9-max Seat #6 is the button
Seat 1: johniespa ($6.81 in chips) 
Seat 2: Juagonzalez ($5 in chips) 
Seat 3: mxalaris ($11.32 in chips) 
Seat 4: Dorex2007 ($5 in chips) 
Seat 5: turco1152 ($3.20 in chips) 
Seat 6: nvhnam ($5.05 in chips) 
Seat 7: Count Mole ($12.60 in chips) 
Seat 8: Atrito190 ($5 in chips) 
Seat 9: marcusvhand ($3.95 in chips) 
Count Mole: posts small blind $0.02
Atrito190: posts big blind $0.05
*** HOLE CARDS ***
Dealt to Dorex2007 [2s 9h]
marcusvhand: folds 
johniespa: folds 
Juagonzalez: folds 
mxalaris: folds 
Dorex2007: folds 
turco1152: folds 
nvhnam: folds 
Count Mole: folds 
Uncalled bet ($0.03) returned to Atrito190
Atrito190 collected $0.04 from pot
*** SUMMARY ***
Total pot $0.04 | Rake $0 
Seat 1: johniespa folded before Flop (didn't bet)
Seat 2: Juagonzalez folded before Flop (didn't bet)
Seat 3: mxalaris folded before Flop (didn't bet)
Seat 4: Dorex2007 folded before Flop (didn't bet)
Seat 5: turco1152 folded before Flop (didn't bet)
Seat 6: nvhnam (button) folded before Flop (didn't bet)
Seat 7: Count Mole (small blind) folded before Flop
Seat 8: Atrito190 (big blind) collected ($0.04)
Seat 9: marcusvhand folded before Flop (didn't bet)



PokerStars Hand #237455823026:  Hold'em No Limit ($0.02/$0.05 USD) - 2022/07/19 8:19:55 PT [2022/07/19 11:19:55 ET]
Table 'Jarmila III' 9-max Seat #7 is the button
Seat 1: johniespa ($6.81 in chips) 
Seat 2: Juagonzalez ($5 in chips) 
Seat 3: mxalaris ($11.32 in chips) 
Seat 4: Dorex2007 ($5 in chips) 
Seat 5: turco1152 ($3.20 in chips) 
Seat 6: nvhnam ($5.05 in chips) 
Seat 7: Count Mole ($12.58 in chips) 
Seat 8: Atrito190 ($5.02 in chips) 
Seat 9: marcusvhand ($3.95 in chips) 
Atrito190: posts small blind $0.02
marcusvhand: posts big blind $0.05
*** HOLE CARDS ***
Dealt to Dorex2007 [Th 9s]
johniespa: folds 
Juagonzalez: folds 
mxalaris: folds 
Dorex2007: folds 
turco1152: folds 
nvhnam: raises $0.10 to $0.15
Count Mole: folds 
Atrito190: calls $0.13
marcusvhand: calls $0.10
*** FLOP *** [Qd 5d Qc]
Atrito190: checks 
marcusvhand: checks 
nvhnam: checks 
*** TURN *** [Qd 5d Qc] [2s]
Atrito190: bets $0.26
marcusvhand: folds 
nvhnam: folds 
Uncalled bet ($0.26) returned to Atrito190
Atrito190 collected $0.43 from pot
*** SUMMARY ***
Total pot $0.45 | Rake $0.02 
Board [Qd 5d Qc 2s]
Seat 1: johniespa folded before Flop (didn't bet)
Seat 2: Juagonzalez folded before Flop (didn't bet)
Seat 3: mxalaris folded before Flop (didn't bet)
Seat 4: Dorex2007 folded before Flop (didn't bet)
Seat 5: turco1152 folded before Flop (didn't bet)
Seat 6: nvhnam folded on the Turn
Seat 7: Count Mole (button) folded before Flop (didn't bet)
Seat 8: Atrito190 (small blind) collected ($0.43)
Seat 9: marcusvhand (big blind) folded on the Turn



PokerStars Hand #237455834489:  Hold'em No Limit ($0.02/$0.05 USD) - 2022/07/19 8:20:36 PT [2022/07/19 11:20:36 ET]
Table 'Jarmila III' 9-max Seat #8 is the button
Seat 1: johniespa ($6.81 in chips) 
Seat 2: Juagonzalez ($5 in chips) 
Seat 3: mxalaris ($11.32 in chips) 
Seat 4: Dorex2007 ($5 in chips) 
Seat 5: turco1152 ($3.20 in chips) 
Seat 6: nvhnam ($5 in chips) 
Seat 7: Count Mole ($12.58 in chips) 
Seat 8: Atrito190 ($5.30 in chips) 
Seat 9: marcusvhand ($3.80 in chips) 
marcusvhand: posts small blind $0.02
johniespa: posts big blind $0.05
*** HOLE CARDS ***
Dealt to Dorex2007 [4c Qs]
Juagonzalez: folds 
mxalaris: raises $0.10 to $0.15
Dorex2007: folds 
turco1152: folds 
nvhnam: folds 
Count Mole: folds 
Atrito190: folds 
marcusvhand: folds 
johniespa: folds 
Uncalled bet ($0.10) returned to mxalaris
mxalaris collected $0.12 from pot
*** SUMMARY ***
Total pot $0.12 | Rake $0 
Seat 1: johniespa (big blind) folded before Flop
Seat 2: Juagonzalez folded before Flop (didn't bet)
Seat 3: mxalaris collected ($0.12)
Seat 4: Dorex2007 folded before Flop (didn't bet)
Seat 5: turco1152 folded before Flop (didn't bet)
Seat 6: nvhnam folded before Flop (didn't bet)
Seat 7: Count Mole folded before Flop (didn't bet)
Seat 8: Atrito190 (button) folded before Flop (didn't bet)
Seat 9: marcusvhand (small blind) folded before Flop



PokerStars Hand #237455865331:  Hold'em No Limit ($0.02/$0.05 USD) - 2022/07/19 8:21:50 PT [2022/07/19 11:21:50 ET]
Table 'Jarmila III' 9-max Seat #1 is the button
Seat 1: johniespa ($6.61 in chips) 
Seat 2: Juagonzalez ($5 in chips) 
Seat 4: Dorex2007 ($5 in chips) 
Seat 5: turco1152 ($3.20 in chips) 
Seat 6: nvhnam ($5.19 in chips) 
Seat 7: Count Mole ($12.58 in chips) 
Seat 8: Atrito190 ($5.30 in chips) 
Seat 9: marcusvhand ($3.78 in chips) 
Juagonzalez: posts small blind $0.02
mxalaris: is sitting out 
mxalaris leaves the table
Dorex2007: posts big blind $0.05
*** HOLE CARDS ***
Dealt to Dorex2007 [3d 6s]
turco1152: folds 
nvhnam: folds 
Count Mole: folds 
Atrito190: folds 
marcusvhand: folds 
johniespa: folds 
Talkino85 joins the table at seat #3 
Juagonzalez: raises $0.10 to $0.15
Dorex2007: folds 
Uncalled bet ($0.10) returned to Juagonzalez
Juagonzalez collected $0.10 from pot
*** SUMMARY ***
Total pot $0.10 | Rake $0 
Seat 1: johniespa (button) folded before Flop (didn't bet)
Seat 2: Juagonzalez (small blind) collected ($0.10)
Seat 4: Dorex2007 (big blind) folded before Flop
Seat 5: turco1152 folded before Flop (didn't bet)
Seat 6: nvhnam folded before Flop (didn't bet)
Seat 7: Count Mole folded before Flop (didn't bet)
Seat 8: Atrito190 folded before Flop (didn't bet)
Seat 9: marcusvhand folded before Flop (didn't bet)



PokerStars Hand #237455870959:  Hold'em No Limit ($0.02/$0.05 USD) - 2022/07/19 8:22:10 PT [2022/07/19 11:22:10 ET]
Table 'Jarmila III' 9-max Seat #2 is the button
Seat 1: johniespa ($6.61 in chips) 
Seat 2: Juagonzalez ($5.05 in chips) 
Seat 4: Dorex2007 ($5 in chips) 
Seat 5: turco1152 ($3.20 in chips) 
Seat 6: nvhnam ($5.19 in chips) 
Seat 7: Count Mole ($12.58 in chips) 
Seat 8: Atrito190 ($5.30 in chips) 
Seat 9: marcusvhand ($3.78 in chips) 
Dorex2007: posts small blind $0.02
turco1152: posts big blind $0.05
*** HOLE CARDS ***
Dealt to Dorex2007 [2h 6s]
nvhnam: folds 
Count Mole: folds 
Atrito190: folds 
marcusvhand: folds 
johniespa: raises $0.05 to $0.10
Juagonzalez: folds 
Dorex2007: folds 
turco1152: folds 
Uncalled bet ($0.05) returned to johniespa
johniespa collected $0.12 from pot
*** SUMMARY ***
Total pot $0.12 | Rake $0 
Seat 1: johniespa collected ($0.12)
Seat 2: Juagonzalez (button) folded before Flop (didn't bet)
Seat 4: Dorex2007 (small blind) folded before Flop
Seat 5: turco1152 (big blind) folded before Flop
Seat 6: nvhnam folded before Flop (didn't bet)
Seat 7: Count Mole folded before Flop (didn't bet)
Seat 8: Atrito190 folded before Flop (didn't bet)
Seat 9: marcusvhand folded before Flop (didn't bet)



PokerStars Hand #237455875857:  Hold'em No Limit ($0.02/$0.05 USD) - 2022/07/19 8:22:27 PT [2022/07/19 11:22:27 ET]
Table 'Jarmila III' 9-max Seat #4 is the button
Seat 1: johniespa ($6.68 in chips) 
Seat 2: Juagonzalez ($5.05 in chips) 
Seat 3: Talkino85 ($5 in chips) 
Seat 4: Dorex2007 ($5 in chips) 
Seat 5: turco1152 ($3.15 in chips) 
Seat 6: nvhnam ($5.19 in chips) 
Seat 7: Count Mole ($12.58 in chips) 
Seat 8: Atrito190 ($5.30 in chips) 
Seat 9: marcusvhand ($3.78 in chips) 
turco1152: posts small blind $0.02
nvhnam: posts big blind $0.05
Talkino85: posts big blind $0.05
*** HOLE CARDS ***
Dealt to Dorex2007 [3d 2d]
Count Mole: folds 
Atrito190: folds 
marcusvhand: folds 
johniespa: raises $0.10 to $0.15
Juagonzalez: folds 
Talkino85: folds 
Dorex2007: folds 
turco1152: folds 
nvhnam: calls $0.10
*** FLOP *** [Ks 5h 7c]
nvhnam: checks 
Atrito190 is disconnected 
johniespa: bets $0.18
nvhnam: folds 
Uncalled bet ($0.18) returned to johniespa
johniespa collected $0.35 from pot
*** SUMMARY ***
Total pot $0.37 | Rake $0.02 
Board [Ks 5h 7c]
Seat 1: johniespa collected ($0.35)
Seat 2: Juagonzalez folded before Flop (didn't bet)
Seat 3: Talkino85 folded before Flop (didn't bet)
Seat 4: Dorex2007 (button) folded before Flop (didn't bet)
Seat 5: turco1152 (small blind) folded before Flop
Seat 6: nvhnam (big blind) folded on the Flop
Seat 7: Count Mole folded before Flop (didn't bet)
Seat 8: Atrito190 folded before Flop (didn't bet)
Seat 9: marcusvhand folded before Flop (didn't bet)



PokerStars Hand #237455887507:  Hold'em No Limit ($0.02/$0.05 USD) - 2022/07/19 8:23:08 PT [2022/07/19 11:23:08 ET]
Table 'Jarmila III' 9-max Seat #5 is the button
Seat 1: johniespa ($6.88 in chips) 
Seat 2: Juagonzalez ($5.05 in chips) 
Seat 3: Talkino85 ($4.95 in chips) 
Seat 4: Dorex2007 ($5 in chips) 
Seat 5: turco1152 ($3.13 in chips) 
Seat 6: nvhnam ($5.04 in chips) 
Seat 7: Count Mole ($12.58 in chips) 
Seat 8: Atrito190 ($5.30 in chips) 
Seat 9: marcusvhand ($3.78 in chips) 
nvhnam: posts small blind $0.02
Count Mole: posts big blind $0.05
*** HOLE CARDS ***
Dealt to Dorex2007 [5d Ts]
Atrito190 has timed out while disconnected
Atrito190: folds 
marcusvhand: raises $0.08 to $0.13
johniespa: folds 
Juagonzalez: calls $0.13
Talkino85: folds 
Dorex2007: folds 
turco1152: calls $0.13
nvhnam: folds 
Count Mole: folds 
*** FLOP *** [8d 5s 9c]
marcusvhand: bets $0.15
Juagonzalez: calls $0.15
turco1152: folds 
*** TURN *** [8d 5s 9c] [Qh]
marcusvhand: checks 
Juagonzalez: bets $0.22
marcusvhand: folds 
Uncalled bet ($0.22) returned to Juagonzalez
Juagonzalez collected $0.73 from pot
*** SUMMARY ***
Total pot $0.76 | Rake $0.03 
Board [8d 5s 9c Qh]
Seat 1: johniespa folded before Flop (didn't bet)
Seat 2: Juagonzalez collected ($0.73)
Seat 3: Talkino85 folded before Flop (didn't bet)
Seat 4: Dorex2007 folded before Flop (didn't bet)
Seat 5: turco1152 (button) folded on the Flop
Seat 6: nvhnam (small blind) folded before Flop
Seat 7: Count Mole (big blind) folded before Flop
Seat 8: Atrito190 folded before Flop (didn't bet)
Seat 9: marcusvhand folded on the Turn



PokerStars Hand #237455907770:  Hold'em No Limit ($0.02/$0.05 USD) - 2022/07/19 8:24:20 PT [2022/07/19 11:24:20 ET]
Table 'Jarmila III' 9-max Seat #6 is the button
Seat 1: johniespa ($6.88 in chips) 
Seat 2: Juagonzalez ($5.50 in chips) 
Seat 3: Talkino85 ($5 in chips) 
Seat 4: Dorex2007 ($5 in chips) 
Seat 5: turco1152 ($3 in chips) 
Seat 6: nvhnam ($5.02 in chips) 
Seat 7: Count Mole ($12.53 in chips) 
Seat 8: Atrito190 ($5.30 in chips) 
Seat 9: marcusvhand ($3.50 in chips) 
Count Mole: posts small blind $0.02
Atrito190: posts big blind $0.05
*** HOLE CARDS ***
Dealt to Dorex2007 [Tc Js]
marcusvhand: folds 
johniespa: raises $0.10 to $0.15
Juagonzalez: folds 
Talkino85: calls $0.15
Dorex2007: folds 
turco1152: folds 
nvhnam: folds 
Count Mole: folds 
Atrito190: folds 
*** FLOP *** [Qs 8s Jh]
johniespa: bets $0.20
Talkino85: calls $0.20
*** TURN *** [Qs 8s Jh] [Th]
johniespa: checks 
Talkino85: bets $0.37
johniespa: calls $0.37
*** RIVER *** [Qs 8s Jh Th] [Jd]
johniespa: checks 
Talkino85: bets $1.45
johniespa: folds 
Uncalled bet ($1.45) returned to Talkino85
Talkino85 collected $1.45 from pot
*** SUMMARY ***
Total pot $1.51 | Rake $0.06 
Board [Qs 8s Jh Th Jd]
Seat 1: johniespa folded on the River
Seat 2: Juagonzalez folded before Flop (didn't bet)
Seat 3: Talkino85 collected ($1.45)
Seat 4: Dorex2007 folded before Flop (didn't bet)
Seat 5: turco1152 folded before Flop (didn't bet)
Seat 6: nvhnam (button) folded before Flop (didn't bet)
Seat 7: Count Mole (small blind) folded before Flop
Seat 8: Atrito190 (big blind) folded before Flop
Seat 9: marcusvhand folded before Flop (didn't bet)



PokerStars Hand #237455925447:  Hold'em No Limit ($0.02/$0.05 USD) - 2022/07/19 8:25:23 PT [2022/07/19 11:25:23 ET]
Table 'Jarmila III' 9-max Seat #7 is the button
Seat 1: johniespa ($6.16 in chips) 
Seat 2: Juagonzalez ($5.50 in chips) 
Seat 3: Talkino85 ($5.73 in chips) 
Seat 4: Dorex2007 ($5 in chips) 
Seat 5: turco1152 ($3 in chips) 
Seat 6: nvhnam ($5.02 in chips) 
Seat 7: Count Mole ($12.51 in chips) 
Seat 8: Atrito190 ($5.25 in chips) 
Seat 9: marcusvhand ($3.50 in chips) 
Atrito190: posts small blind $0.02
marcusvhand: posts big blind $0.05
*** HOLE CARDS ***
Dealt to Dorex2007 [Js Tc]
johniespa: folds 
Juagonzalez: folds 
Talkino85: calls $0.05
Dorex2007: folds 
turco1152: folds 
nvhnam: folds 
Count Mole: folds 
Atrito190: folds 
marcusvhand: raises $0.10 to $0.15
Talkino85: calls $0.10
*** FLOP *** [2s 7d 2h]
marcusvhand: bets $0.15
Talkino85: calls $0.15
*** TURN *** [2s 7d 2h] [Ks]
marcusvhand: bets $0.20
Talkino85: calls $0.20
*** RIVER *** [2s 7d 2h Ks] [Ts]
marcusvhand: checks 
Talkino85: bets $0.98
marcusvhand: folds 
Uncalled bet ($0.98) returned to Talkino85
Talkino85 collected $0.98 from pot
*** SUMMARY ***
Total pot $1.02 | Rake $0.04 
Board [2s 7d 2h Ks Ts]
Seat 1: johniespa folded before Flop (didn't bet)
Seat 2: Juagonzalez folded before Flop (didn't bet)
Seat 3: Talkino85 collected ($0.98)
Seat 4: Dorex2007 folded before Flop (didn't bet)
Seat 5: turco1152 folded before Flop (didn't bet)
Seat 6: nvhnam folded before Flop (didn't bet)
Seat 7: Count Mole (button) folded before Flop (didn't bet)
Seat 8: Atrito190 (small blind) folded before Flop
Seat 9: marcusvhand (big blind) folded on the River



PokerStars Hand #237455940596:  Hold'em No Limit ($0.02/$0.05 USD) - 2022/07/19 8:26:16 PT [2022/07/19 11:26:16 ET]
Table 'Jarmila III' 9-max Seat #8 is the button
Seat 1: johniespa ($6.16 in chips) 
Seat 2: Juagonzalez ($5.50 in chips) 
Seat 3: Talkino85 ($6.21 in chips) 
Seat 4: Dorex2007 ($5 in chips) 
Seat 5: turco1152 ($3 in chips) 
Seat 6: nvhnam ($5.02 in chips) 
Seat 7: Count Mole ($12.51 in chips) 
Seat 8: Atrito190 ($5.23 in chips) 
Seat 9: marcusvhand ($3 in chips) 
marcusvhand: posts small blind $0.02
johniespa: posts big blind $0.05
*** HOLE CARDS ***
Dealt to Dorex2007 [Qs 4d]
Juagonzalez: folds 
Talkino85: folds 
Dorex2007: folds 
Talkino85 leaves the table
costica1949 joins the table at seat #3 
turco1152: folds 
nvhnam: folds 
Count Mole: raises $0.10 to $0.15
Atrito190: folds 
marcusvhand: folds 
johniespa: folds 
Uncalled bet ($0.10) returned to Count Mole
Count Mole collected $0.12 from pot
*** SUMMARY ***
Total pot $0.12 | Rake $0 
Seat 1: johniespa (big blind) folded before Flop
Seat 2: Juagonzalez folded before Flop (didn't bet)
Seat 3: Talkino85 folded before Flop (didn't bet)
Seat 4: Dorex2007 folded before Flop (didn't bet)
Seat 5: turco1152 folded before Flop (didn't bet)
Seat 6: nvhnam folded before Flop (didn't bet)
Seat 7: Count Mole collected ($0.12)
Seat 8: Atrito190 (button) folded before Flop (didn't bet)
Seat 9: marcusvhand (small blind) folded before Flop



PokerStars Hand #237455947053:  Hold'em No Limit ($0.02/$0.05 USD) - 2022/07/19 8:26:39 PT [2022/07/19 11:26:39 ET]
Table 'Jarmila III' 9-max Seat #9 is the button
Seat 1: johniespa ($6.11 in chips) 
Seat 2: Juagonzalez ($5.50 in chips) 
Seat 4: Dorex2007 ($5 in chips) 
Seat 5: turco1152 ($3 in chips) 
Seat 6: nvhnam ($5.02 in chips) 
Seat 7: Count Mole ($12.58 in chips) 
Seat 8: Atrito190 ($5.23 in chips) 
Seat 9: marcusvhand ($2.98 in chips) 
johniespa: posts small blind $0.02
Juagonzalez: posts big blind $0.05
costica1949: sits out 
*** HOLE CARDS ***
Dealt to Dorex2007 [9h As]
Dorex2007: folds 
turco1152: calls $0.05
nvhnam: raises $0.15 to $0.20
Count Mole: folds 
Atrito190: folds 
marcusvhand: folds 
johniespa: folds 
Juagonzalez: folds 
turco1152: folds 
Uncalled bet ($0.15) returned to nvhnam
nvhnam collected $0.17 from pot
*** SUMMARY ***
Total pot $0.17 | Rake $0 
Seat 1: johniespa (small blind) folded before Flop
Seat 2: Juagonzalez (big blind) folded before Flop
Seat 4: Dorex2007 folded before Flop (didn't bet)
Seat 5: turco1152 folded before Flop
Seat 6: nvhnam collected ($0.17)
Seat 7: Count Mole folded before Flop (didn't bet)
Seat 8: Atrito190 folded before Flop (didn't bet)
Seat 9: marcusvhand (button) folded before Flop (didn't bet)



PokerStars Hand #237455959828:  Hold'em No Limit ($0.02/$0.05 USD) - 2022/07/19 8:27:24 PT [2022/07/19 11:27:24 ET]
Table 'Jarmila III' 9-max Seat #1 is the button
Seat 1: johniespa ($6.09 in chips) 
Seat 2: Juagonzalez ($5.45 in chips) 
Seat 3: costica1949 ($4 in chips) 
Seat 4: Dorex2007 ($5 in chips) 
Seat 5: turco1152 ($2.95 in chips) 
Seat 6: nvhnam ($5.14 in chips) 
Seat 7: Count Mole ($12.58 in chips) 
Seat 8: Atrito190 ($5.23 in chips) 
Seat 9: marcusvhand ($2.98 in chips) 
Juagonzalez: posts small blind $0.02
costica1949: posts big blind $0.05
*** HOLE CARDS ***
Dealt to Dorex2007 [4d 9d]
Dorex2007: folds 
turco1152: folds 
nvhnam: folds 
Count Mole: raises $0.10 to $0.15
Atrito190: folds 
marcusvhand: folds 
johniespa: folds 
Juagonzalez: folds 
costica1949: folds 
Uncalled bet ($0.10) returned to Count Mole
Count Mole collected $0.12 from pot
*** SUMMARY ***
Total pot $0.12 | Rake $0 
Seat 1: johniespa (button) folded before Flop (didn't bet)
Seat 2: Juagonzalez (small blind) folded before Flop
Seat 3: costica1949 (big blind) folded before Flop
Seat 4: Dorex2007 folded before Flop (didn't bet)
Seat 5: turco1152 folded before Flop (didn't bet)
Seat 6: nvhnam folded before Flop (didn't bet)
Seat 7: Count Mole collected ($0.12)
Seat 8: Atrito190 folded before Flop (didn't bet)
Seat 9: marcusvhand folded before Flop (didn't bet)



PokerStars Hand #237455970230:  Hold'em No Limit ($0.02/$0.05 USD) - 2022/07/19 8:28:00 PT [2022/07/19 11:28:00 ET]
Table 'Jarmila III' 9-max Seat #2 is the button
Seat 1: johniespa ($6.09 in chips) 
Seat 2: Juagonzalez ($5.43 in chips) 
Seat 3: costica1949 ($3.95 in chips) 
Seat 4: Dorex2007 ($5 in chips) 
Seat 5: turco1152 ($2.95 in chips) 
Seat 6: nvhnam ($5.14 in chips) 
Seat 7: Count Mole ($12.65 in chips) 
Seat 8: Atrito190 ($5.23 in chips) 
Seat 9: marcusvhand ($2.98 in chips) 
costica1949: posts small blind $0.02
Dorex2007: posts big blind $0.05
*** HOLE CARDS ***
Dealt to Dorex2007 [9d Qh]
turco1152: calls $0.05
nvhnam: folds 
Count Mole: raises $0.10 to $0.15
Atrito190: folds 
marcusvhand: folds 
johniespa: folds 
Juagonzalez is disconnected 
Juagonzalez has timed out while disconnected
Juagonzalez: folds 
costica1949: folds 
Dorex2007: folds 
turco1152: calls $0.10
*** FLOP *** [8s Th 3c]
turco1152: checks 
Count Mole: checks 
*** TURN *** [8s Th 3c] [4s]
Atrito190 is disconnected 
turco1152: bets $0.22
Count Mole: calls $0.22
*** RIVER *** [8s Th 3c 4s] [5c]
turco1152: bets $0.34
Count Mole: folds 
Uncalled bet ($0.34) returned to turco1152
turco1152 collected $0.78 from pot
*** SUMMARY ***
Total pot $0.81 | Rake $0.03 
Board [8s Th 3c 4s 5c]
Seat 1: johniespa folded before Flop (didn't bet)
Seat 2: Juagonzalez (button) folded before Flop (didn't bet)
Seat 3: costica1949 (small blind) folded before Flop
Seat 4: Dorex2007 (big blind) folded before Flop
Seat 5: turco1152 collected ($0.78)
Seat 6: nvhnam folded before Flop (didn't bet)
Seat 7: Count Mole folded on the River
Seat 8: Atrito190 folded before Flop (didn't bet)
Seat 9: marcusvhand folded before Flop (didn't bet)



PokerStars Hand #237455995113:  Hold'em No Limit ($0.02/$0.05 USD) - 2022/07/19 8:29:27 PT [2022/07/19 11:29:27 ET]
Table 'Jarmila III' 9-max Seat #3 is the button
Seat 1: johniespa ($6.09 in chips) 
Seat 2: Juagonzalez ($5.43 in chips) 
Seat 3: costica1949 ($3.93 in chips) 
Seat 4: Dorex2007 ($5 in chips) 
Seat 5: turco1152 ($3.36 in chips) 
Seat 6: nvhnam ($5.14 in chips) 
Seat 7: Count Mole ($12.28 in chips) 
Seat 8: Atrito190 ($5.23 in chips) 
Seat 9: marcusvhand ($2.98 in chips) 
Dorex2007: posts small blind $0.02
turco1152: posts big blind $0.05
*** HOLE CARDS ***
Dealt to Dorex2007 [3h 8h]
nvhnam: folds 
Count Mole: raises $0.10 to $0.15
Atrito190: folds 
marcusvhand: raises $0.15 to $0.30
johniespa: folds 
Juagonzalez: folds 
costica1949: folds 
Dorex2007: folds 
turco1152: folds 
Count Mole: raises $0.45 to $0.75
marcusvhand: raises $2.23 to $2.98 and is all-in
Count Mole: calls $2.23
*** FLOP *** [Jh Th 4h]
*** TURN *** [Jh Th 4h] [8s]
*** RIVER *** [Jh Th 4h 8s] [6d]
*** SHOW DOWN ***
Count Mole: shows [Ah Kh] (a flush, Ace high)
marcusvhand: shows [As Qd] (high card Ace)
Count Mole collected $5.78 from pot
marcusvhand cashed out the hand for $1.40 | Cash Out Fee $0.01
*** SUMMARY ***
Total pot $6.03 | Rake $0.25 
Board [Jh Th 4h 8s 6d]
Seat 1: johniespa folded before Flop (didn't bet)
Seat 2: Juagonzalez folded before Flop (didn't bet)
Seat 3: costica1949 (button) folded before Flop (didn't bet)
Seat 4: Dorex2007 (small blind) folded before Flop
Seat 5: turco1152 (big blind) folded before Flop
Seat 6: nvhnam folded before Flop (didn't bet)
Seat 7: Count Mole showed [Ah Kh] and won ($5.78) with a flush, Ace high
Seat 8: Atrito190 folded before Flop (didn't bet)
Seat 9: marcusvhand showed [As Qd] and lost with high card Ace (cashed out).



PokerStars Hand #237456015407:  Hold'em No Limit ($0.02/$0.05 USD) - 2022/07/19 8:30:36 PT [2022/07/19 11:30:36 ET]
Table 'Jarmila III' 9-max Seat #4 is the button
Seat 1: johniespa ($6.09 in chips) 
Seat 2: Juagonzalez ($5.43 in chips) 
Seat 3: costica1949 ($3.93 in chips) 
Seat 4: Dorex2007 ($5 in chips) 
Seat 5: turco1152 ($3.31 in chips) 
Seat 6: nvhnam ($5.14 in chips) 
Seat 7: Count Mole ($15.08 in chips) 
Seat 8: Atrito190 ($5.23 in chips) 
Seat 9: marcusvhand ($1.40 in chips) 
turco1152: posts small blind $0.02
nvhnam: posts big blind $0.05
*** HOLE CARDS ***
Dealt to Dorex2007 [8c Tc]
Count Mole: folds 
Atrito190: folds 
marcusvhand has timed out
marcusvhand: folds 
johniespa: folds 
Juagonzalez: folds 
costica1949: folds 
Dorex2007: folds 
turco1152: calls $0.03
nvhnam: checks 
*** FLOP *** [7d 2c Qc]
turco1152: checks 
nvhnam: checks 
*** TURN *** [7d 2c Qc] [9s]
turco1152: bets $0.05
nvhnam: folds 
Uncalled bet ($0.05) returned to turco1152
turco1152 collected $0.10 from pot
*** SUMMARY ***
Total pot $0.10 | Rake $0 
Board [7d 2c Qc 9s]
Seat 1: johniespa folded before Flop (didn't bet)
Seat 2: Juagonzalez folded before Flop (didn't bet)
Seat 3: costica1949 folded before Flop (didn't bet)
Seat 4: Dorex2007 (button) folded before Flop (didn't bet)
Seat 5: turco1152 (small blind) collected ($0.10)
Seat 6: nvhnam (big blind) folded on the Turn
Seat 7: Count Mole folded before Flop (didn't bet)
Seat 8: Atrito190 folded before Flop (didn't bet)
Seat 9: marcusvhand folded before Flop (didn't bet)



PokerStars Hand #237456034823:  Hold'em No Limit ($0.02/$0.05 USD) - 2022/07/19 8:31:42 PT [2022/07/19 11:31:42 ET]
Table 'Jarmila III' 9-max Seat #5 is the button
Seat 1: johniespa ($6.09 in chips) 
Seat 2: Juagonzalez ($5.43 in chips) 
Seat 3: costica1949 ($3.93 in chips) 
Seat 4: Dorex2007 ($5 in chips) 
Seat 5: turco1152 ($3.36 in chips) 
Seat 6: nvhnam ($5.09 in chips) 
Seat 7: Count Mole ($15.08 in chips) 
Seat 8: Atrito190 ($5.23 in chips) 
Seat 9: marcusvhand ($1.40 in chips) 
nvhnam: posts small blind $0.02
Count Mole: posts big blind $0.05
*** HOLE CARDS ***
Dealt to Dorex2007 [Td 6s]
Atrito190: folds 
marcusvhand: folds 
johniespa: folds 
Juagonzalez: folds 
costica1949: folds 
Dorex2007: folds 
turco1152 has timed out
turco1152: folds 
nvhnam: calls $0.03
Count Mole: checks 
*** FLOP *** [2s 3c Jh]
nvhnam: checks 
Count Mole: checks 
*** TURN *** [2s 3c Jh] [Qh]
nvhnam: bets $0.05
Count Mole: calls $0.05
*** RIVER *** [2s 3c Jh Qh] [Qd]
nvhnam: bets $0.09
Count Mole: raises $0.16 to $0.25
nvhnam: calls $0.16
*** SHOW DOWN ***
Count Mole: shows [Qc 5d] (three of a kind, Queens)
nvhnam: mucks hand 
Count Mole collected $0.67 from pot
*** SUMMARY ***
Total pot $0.70 | Rake $0.03 
Board [2s 3c Jh Qh Qd]
Seat 1: johniespa folded before Flop (didn't bet)
Seat 2: Juagonzalez folded before Flop (didn't bet)
Seat 3: costica1949 folded before Flop (didn't bet)
Seat 4: Dorex2007 folded before Flop (didn't bet)
Seat 5: turco1152 (button) folded before Flop (didn't bet)
Seat 6: nvhnam (small blind) mucked [6h Js]
Seat 7: Count Mole (big blind) showed [Qc 5d] and won ($0.67) with three of a kind, Queens
Seat 8: Atrito190 folded before Flop (didn't bet)
Seat 9: marcusvhand folded before Flop (didn't bet)



PokerStars Hand #237456048700:  Hold'em No Limit ($0.02/$0.05 USD) - 2022/07/19 8:32:30 PT [2022/07/19 11:32:30 ET]
Table 'Jarmila III' 9-max Seat #6 is the button
Seat 1: johniespa ($6.09 in chips) 
Seat 2: Juagonzalez ($5.43 in chips) 
Seat 3: costica1949 ($3.93 in chips) 
Seat 4: Dorex2007 ($5 in chips) 
Seat 6: nvhnam ($5 in chips) 
Seat 7: Count Mole ($15.40 in chips) 
Seat 8: Atrito190 ($5.23 in chips) 
Seat 9: marcusvhand ($1.40 in chips) 
Count Mole: posts small blind $0.02
Atrito190: posts big blind $0.05
*** HOLE CARDS ***
Dealt to Dorex2007 [4c 4h]
marcusvhand has timed out
marcusvhand: folds 
johniespa: folds 
Juagonzalez has timed out
Juagonzalez: folds 
costica1949: folds 
Dorex2007: raises $0.15 to $0.20
nvhnam: folds 
Count Mole: folds 
Atrito190: folds 
Uncalled bet ($0.15) returned to Dorex2007
marcusvhand leaves the table
Dorex2007 collected $0.12 from pot
*** SUMMARY ***
Total pot $0.12 | Rake $0 
Seat 1: johniespa folded before Flop (didn't bet)
Seat 2: Juagonzalez folded before Flop (didn't bet)
Seat 3: costica1949 folded before Flop (didn't bet)
Seat 4: Dorex2007 collected ($0.12)
Seat 6: nvhnam (button) folded before Flop (didn't bet)
Seat 7: Count Mole (small blind) folded before Flop
Seat 8: Atrito190 (big blind) folded before Flop
Seat 9: marcusvhand folded before Flop (didn't bet)



PokerStars Hand #237456058050:  Hold'em No Limit ($0.02/$0.05 USD) - 2022/07/19 8:33:03 PT [2022/07/19 11:33:03 ET]
Table 'Jarmila III' 9-max Seat #7 is the button
Seat 1: johniespa ($6.09 in chips) 
Seat 3: costica1949 ($3.93 in chips) 
Seat 4: Dorex2007 ($5.07 in chips) 
Seat 6: nvhnam ($5 in chips) 
Seat 7: Count Mole ($15.38 in chips) 
Seat 8: Atrito190 ($5.18 in chips) 
Atrito190: posts small blind $0.02
johniespa: posts big blind $0.05
*** HOLE CARDS ***
Dealt to Dorex2007 [7d 2s]
costica1949: folds 
Dorex2007: folds 
nvhnam: folds 
Count Mole: raises $0.10 to $0.15
HéStiA joins the table at seat #9 
Atrito190: calls $0.13
johniespa: folds 
*** FLOP *** [8d Ac 3c]
Atrito190: checks 
Count Mole: bets $0.11
Atrito190: calls $0.11
*** TURN *** [8d Ac 3c] [2h]
Atrito190: bets $0.33
Count Mole: raises $0.42 to $0.75
Atrito190: folds 
Uncalled bet ($0.42) returned to Count Mole
Count Mole collected $1.18 from pot
*** SUMMARY ***
Total pot $1.23 | Rake $0.05 
Board [8d Ac 3c 2h]
Seat 1: johniespa (big blind) folded before Flop
Seat 3: costica1949 folded before Flop (didn't bet)
Seat 4: Dorex2007 folded before Flop (didn't bet)
Seat 6: nvhnam folded before Flop (didn't bet)
Seat 7: Count Mole (button) collected ($1.18)
Seat 8: Atrito190 (small blind) folded on the Turn



PokerStars Hand #237456072508:  Hold'em No Limit ($0.02/$0.05 USD) - 2022/07/19 8:33:52 PT [2022/07/19 11:33:52 ET]
Table 'Jarmila III' 9-max Seat #8 is the button
Seat 1: johniespa ($6.04 in chips) 
Seat 3: costica1949 ($3.93 in chips) 
Seat 4: Dorex2007 ($5.07 in chips) 
Seat 5: turco1152 ($3.36 in chips) 
Seat 6: nvhnam ($5 in chips) 
Seat 7: Count Mole ($15.97 in chips) 
Seat 8: Atrito190 ($4.59 in chips) 
johniespa: posts small blind $0.02
costica1949: posts big blind $0.05
*** HOLE CARDS ***
Dealt to Dorex2007 [Ac Jc]
Dorex2007: raises $0.15 to $0.20
turco1152: folds 
nvhnam: folds 
Count Mole: folds 
Atrito190: calls $0.20
johniespa: folds 
costica1949: folds 
*** FLOP *** [8h 3c 5c]
Dorex2007: bets $0.45
Atrito190: folds 
Uncalled bet ($0.45) returned to Dorex2007
Dorex2007 collected $0.45 from pot
*** SUMMARY ***
Total pot $0.47 | Rake $0.02 
Board [8h 3c 5c]
Seat 1: johniespa (small blind) folded before Flop
Seat 3: costica1949 (big blind) folded before Flop
Seat 4: Dorex2007 collected ($0.45)
Seat 5: turco1152 folded before Flop (didn't bet)
Seat 6: nvhnam folded before Flop (didn't bet)
Seat 7: Count Mole folded before Flop (didn't bet)
Seat 8: Atrito190 (button) folded on the Flop



PokerStars Hand #237456081910:  Hold'em No Limit ($0.02/$0.05 USD) - 2022/07/19 8:34:25 PT [2022/07/19 11:34:25 ET]
Table 'Jarmila III' 9-max Seat #1 is the button
Seat 1: johniespa ($6.02 in chips) 
Seat 3: costica1949 ($3.88 in chips) 
Seat 4: Dorex2007 ($5.32 in chips) 
Seat 5: turco1152 ($3.36 in chips) 
Seat 6: nvhnam ($5 in chips) 
Seat 7: Count Mole ($15.97 in chips) 
Seat 8: Atrito190 ($4.39 in chips) 
Seat 9: HéStiA ($5 in chips) 
costica1949: posts small blind $0.02
Dorex2007: posts big blind $0.05
HéStiA: posts big blind $0.05
*** HOLE CARDS ***
Dealt to Dorex2007 [2c 2d]
turco1152: folds 
nvhnam: folds 
Count Mole: folds 
Atrito190: calls $0.05
HéStiA: checks 
johniespa: calls $0.05
costica1949: folds 
Dorex2007: checks 
*** FLOP *** [3c Kh 3d]
Dorex2007: checks 
Atrito190: checks 
HéStiA: checks 
Atrito190 is disconnected 
johniespa: checks 
*** TURN *** [3c Kh 3d] [5h]
Dorex2007: checks 
Atrito190 has timed out while disconnected
Atrito190: checks 
HéStiA: bets $0.10
johniespa: folds 
Dorex2007: folds 
Atrito190 is connected 
Atrito190: folds 
Uncalled bet ($0.10) returned to HéStiA
HéStiA collected $0.21 from pot
*** SUMMARY ***
Total pot $0.22 | Rake $0.01 
Board [3c Kh 3d 5h]
Seat 1: johniespa (button) folded on the Turn
Seat 3: costica1949 (small blind) folded before Flop
Seat 4: Dorex2007 (big blind) folded on the Turn
Seat 5: turco1152 folded before Flop (didn't bet)
Seat 6: nvhnam folded before Flop (didn't bet)
Seat 7: Count Mole folded before Flop (didn't bet)
Seat 8: Atrito190 folded on the Turn
Seat 9: HéStiA collected ($0.21)



PokerStars Hand #237456105159:  Hold'em No Limit ($0.02/$0.05 USD) - 2022/07/19 8:35:45 PT [2022/07/19 11:35:45 ET]
Table 'Jarmila III' 9-max Seat #3 is the button
Seat 1: johniespa ($5.97 in chips) 
Seat 3: costica1949 ($3.86 in chips) 
Seat 4: Dorex2007 ($5.27 in chips) 
Seat 5: turco1152 ($3.36 in chips) 
Seat 6: nvhnam ($5 in chips) 
Seat 7: Count Mole ($15.97 in chips) 
Seat 8: Atrito190 ($4.34 in chips) 
Seat 9: HéStiA ($5.16 in chips) 
Dorex2007: posts small blind $0.02
turco1152: posts big blind $0.05
*** HOLE CARDS ***
Dealt to Dorex2007 [6c 2d]
nvhnam: folds 
Count Mole: folds 
Atrito190 is disconnected 
Atrito190 has timed out while disconnected
Atrito190: folds 
HéStiA: folds 
johniespa: folds 
costica1949: folds 
Dorex2007: folds 
Uncalled bet ($0.03) returned to turco1152
turco1152 collected $0.04 from pot
*** SUMMARY ***
Total pot $0.04 | Rake $0 
Seat 1: johniespa folded before Flop (didn't bet)
Seat 3: costica1949 (button) folded before Flop (didn't bet)
Seat 4: Dorex2007 (small blind) folded before Flop
Seat 5: turco1152 (big blind) collected ($0.04)
Seat 6: nvhnam folded before Flop (didn't bet)
Seat 7: Count Mole folded before Flop (didn't bet)
Seat 8: Atrito190 folded before Flop (didn't bet)
Seat 9: HéStiA folded before Flop (didn't bet)



PokerStars Hand #237456110506:  Hold'em No Limit ($0.02/$0.05 USD) - 2022/07/19 8:36:03 PT [2022/07/19 11:36:03 ET]
Table 'Jarmila III' 9-max Seat #4 is the button
Seat 1: johniespa ($5.97 in chips) 
Seat 3: costica1949 ($3.86 in chips) 
Seat 4: Dorex2007 ($5.25 in chips) 
Seat 5: turco1152 ($3.38 in chips) 
Seat 6: nvhnam ($5 in chips) 
Seat 7: Count Mole ($15.97 in chips) 
Seat 9: HéStiA ($5.16 in chips) 
turco1152: posts small blind $0.02
nvhnam: posts big blind $0.05
*** HOLE CARDS ***
Dealt to Dorex2007 [7s Js]
Count Mole: raises $0.10 to $0.15
HéStiA: calls $0.15
johniespa: calls $0.15
costica1949: folds 
Dorex2007: folds 
turco1152: folds 
nvhnam: folds 
*** FLOP *** [Ah As 7c]
Count Mole: checks 
HéStiA: checks 
johniespa: checks 
*** TURN *** [Ah As 7c] [2h]
Count Mole: checks 
HéStiA: bets $0.25
johniespa: folds 
Count Mole: folds 
Uncalled bet ($0.25) returned to HéStiA
HéStiA collected $0.50 from pot
*** SUMMARY ***
Total pot $0.52 | Rake $0.02 
Board [Ah As 7c 2h]
Seat 1: johniespa folded on the Turn
Seat 3: costica1949 folded before Flop (didn't bet)
Seat 4: Dorex2007 (button) folded before Flop (didn't bet)
Seat 5: turco1152 (small blind) folded before Flop
Seat 6: nvhnam (big blind) folded before Flop
Seat 7: Count Mole folded on the Turn
Seat 9: HéStiA collected ($0.50)



PokerStars Hand #237456124532:  Hold'em No Limit ($0.02/$0.05 USD) - 2022/07/19 8:36:51 PT [2022/07/19 11:36:51 ET]
Table 'Jarmila III' 9-max Seat #5 is the button
Seat 1: johniespa ($5.82 in chips) 
Seat 3: costica1949 ($3.86 in chips) 
Seat 4: Dorex2007 ($5.25 in chips) 
Seat 5: turco1152 ($3.36 in chips) 
Seat 6: nvhnam ($5 in chips) 
Seat 7: Count Mole ($15.82 in chips) 
Seat 8: Atrito190 ($4.34 in chips) 
Seat 9: HéStiA ($5.51 in chips) 
nvhnam: posts small blind $0.02
Count Mole: posts big blind $0.05
*** HOLE CARDS ***
Dealt to Dorex2007 [Jh Ac]
Atrito190: folds 
HéStiA: folds 
johniespa: folds 
costica1949: raises $0.10 to $0.15
Dorex2007: calls $0.15
turco1152: calls $0.15
nvhnam: folds 
Count Mole: folds 
*** FLOP *** [9d 5c 8d]
costica1949: checks 
Dorex2007: checks 
turco1152: checks 
*** TURN *** [9d 5c 8d] [Qc]
costica1949: bets $0.45
Dorex2007: folds 
turco1152: folds 
Uncalled bet ($0.45) returned to costica1949
costica1949 collected $0.50 from pot
*** SUMMARY ***
Total pot $0.52 | Rake $0.02 
Board [9d 5c 8d Qc]
Seat 1: johniespa folded before Flop (didn't bet)
Seat 3: costica1949 collected ($0.50)
Seat 4: Dorex2007 folded on the Turn
Seat 5: turco1152 (button) folded on the Turn
Seat 6: nvhnam (small blind) folded before Flop
Seat 7: Count Mole (big blind) folded before Flop
Seat 8: Atrito190 folded before Flop (didn't bet)
Seat 9: HéStiA folded before Flop (didn't bet)



PokerStars Hand #237456139816:  Hold'em No Limit ($0.02/$0.05 USD) - 2022/07/19 8:37:44 PT [2022/07/19 11:37:44 ET]
Table 'Jarmila III' 9-max Seat #6 is the button
Seat 1: johniespa ($5.82 in chips) 
Seat 3: costica1949 ($4.21 in chips) 
Seat 4: Dorex2007 ($5.10 in chips) 
Seat 5: turco1152 ($3.21 in chips) 
Seat 6: nvhnam ($5 in chips) 
Seat 7: Count Mole ($15.77 in chips) 
Seat 8: Atrito190 ($4.34 in chips) 
Seat 9: HéStiA ($5.51 in chips) 
Count Mole: posts small blind $0.02
Atrito190: posts big blind $0.05
*** HOLE CARDS ***
Dealt to Dorex2007 [4d 7h]
HéStiA: folds 
johniespa: folds 
costica1949: folds 
Dorex2007: folds 
turco1152: raises $0.10 to $0.15
nvhnam: folds 
Count Mole: folds 
Atrito190: folds 
Uncalled bet ($0.10) returned to turco1152
turco1152 collected $0.12 from pot
*** SUMMARY ***
Total pot $0.12 | Rake $0 
Seat 1: johniespa folded before Flop (didn't bet)
Seat 3: costica1949 folded before Flop (didn't bet)
Seat 4: Dorex2007 folded before Flop (didn't bet)
Seat 5: turco1152 collected ($0.12)
Seat 6: nvhnam (button) folded before Flop (didn't bet)
Seat 7: Count Mole (small blind) folded before Flop
Seat 8: Atrito190 (big blind) folded before Flop
Seat 9: HéStiA folded before Flop (didn't bet)



PokerStars Hand #237456145629:  Hold'em No Limit ($0.02/$0.05 USD) - 2022/07/19 8:38:04 PT [2022/07/19 11:38:04 ET]
Table 'Jarmila III' 9-max Seat #7 is the button
Seat 1: johniespa ($5.82 in chips) 
Seat 3: costica1949 ($4.21 in chips) 
Seat 4: Dorex2007 ($5.10 in chips) 
Seat 5: turco1152 ($3.28 in chips) 
Seat 6: nvhnam ($5 in chips) 
Seat 7: Count Mole ($15.75 in chips) 
Seat 8: Atrito190 ($4.29 in chips) 
Seat 9: HéStiA ($5.51 in chips) 
Atrito190: posts small blind $0.02
HéStiA: posts big blind $0.05
*** HOLE CARDS ***
Dealt to Dorex2007 [Td Qc]
johniespa has timed out
johniespa: folds 
costica1949: folds 
Dorex2007: folds 
turco1152: folds 
nvhnam: folds 
Count Mole: folds 
Atrito190: raises $0.15 to $0.20
HéStiA: folds 
Uncalled bet ($0.15) returned to Atrito190
Atrito190 collected $0.10 from pot
*** SUMMARY ***
Total pot $0.10 | Rake $0 
Seat 1: johniespa folded before Flop (didn't bet)
Seat 3: costica1949 folded before Flop (didn't bet)
Seat 4: Dorex2007 folded before Flop (didn't bet)
Seat 5: turco1152 folded before Flop (didn't bet)
Seat 6: nvhnam folded before Flop (didn't bet)
Seat 7: Count Mole (button) folded before Flop (didn't bet)
Seat 8: Atrito190 (small blind) collected ($0.10)
Seat 9: HéStiA (big blind) folded before Flop



PokerStars Hand #237456154720:  Hold'em No Limit ($0.02/$0.05 USD) - 2022/07/19 8:38:35 PT [2022/07/19 11:38:35 ET]
Table 'Jarmila III' 9-max Seat #8 is the button
Seat 1: johniespa ($5.82 in chips) 
Seat 3: costica1949 ($4.21 in chips) 
Seat 4: Dorex2007 ($5.10 in chips) 
Seat 5: turco1152 ($3.28 in chips) 
Seat 6: nvhnam ($5 in chips) 
Seat 7: Count Mole ($15.75 in chips) 
Seat 8: Atrito190 ($4.34 in chips) 
Seat 9: HéStiA ($5.46 in chips) 
HéStiA: posts small blind $0.02
johniespa: posts big blind $0.05
*** HOLE CARDS ***
Dealt to Dorex2007 [8s 3s]
costica1949: raises $0.05 to $0.10
Dorex2007: folds 
turco1152: folds 
nvhnam: folds 
Count Mole: folds 
Atrito190: folds 
HéStiA: folds 
johniespa: folds 
Uncalled bet ($0.05) returned to costica1949
costica1949 collected $0.12 from pot
*** SUMMARY ***
Total pot $0.12 | Rake $0 
Seat 1: johniespa (big blind) folded before Flop
Seat 3: costica1949 collected ($0.12)
Seat 4: Dorex2007 folded before Flop (didn't bet)
Seat 5: turco1152 folded before Flop (didn't bet)
Seat 6: nvhnam folded before Flop (didn't bet)
Seat 7: Count Mole folded before Flop (didn't bet)
Seat 8: Atrito190 (button) folded before Flop (didn't bet)
Seat 9: HéStiA (small blind) folded before Flop



PokerStars Hand #237456161431:  Hold'em No Limit ($0.02/$0.05 USD) - 2022/07/19 8:38:57 PT [2022/07/19 11:38:57 ET]
Table 'Jarmila III' 9-max Seat #9 is the button
Seat 1: johniespa ($5.77 in chips) 
Seat 3: costica1949 ($4.28 in chips) 
Seat 4: Dorex2007 ($5.10 in chips) 
Seat 5: turco1152 ($3.28 in chips) 
Seat 6: nvhnam ($5 in chips) 
Seat 7: Count Mole ($15.75 in chips) 
Seat 8: Atrito190 ($4.34 in chips) 
Seat 9: HéStiA ($5.44 in chips) 
johniespa: posts small blind $0.02
costica1949: posts big blind $0.05
*** HOLE CARDS ***
Dealt to Dorex2007 [Ac Qs]
Dorex2007: raises $0.05 to $0.10
turco1152: folds 
nvhnam: calls $0.10
Count Mole: folds 
Atrito190: folds 
HéStiA: folds 
johniespa: folds 
costica1949: folds 
*** FLOP *** [9d As 4s]
Dorex2007: bets $0.17
nvhnam: calls $0.17
*** TURN *** [9d As 4s] [Th]
Dorex2007: checks 
nvhnam: bets $0.25
Dorex2007: calls $0.25
*** RIVER *** [9d As 4s Th] [9c]
Dorex2007: bets $0.53
nvhnam: folds 
Uncalled bet ($0.53) returned to Dorex2007
Dorex2007 collected $1.06 from pot
*** SUMMARY ***
Total pot $1.11 | Rake $0.05 
Board [9d As 4s Th 9c]
Seat 1: johniespa (small blind) folded before Flop
Seat 3: costica1949 (big blind) folded before Flop
Seat 4: Dorex2007 collected ($1.06)
Seat 5: turco1152 folded before Flop (didn't bet)
Seat 6: nvhnam folded on the River
Seat 7: Count Mole folded before Flop (didn't bet)
Seat 8: Atrito190 folded before Flop (didn't bet)
Seat 9: HéStiA (button) folded before Flop (didn't bet)



PokerStars Hand #237456178759:  Hold'em No Limit ($0.02/$0.05 USD) - 2022/07/19 8:39:57 PT [2022/07/19 11:39:57 ET]
Table 'Jarmila III' 9-max Seat #1 is the button
Seat 1: johniespa ($5.75 in chips) 
Seat 3: costica1949 ($4.23 in chips) 
Seat 4: Dorex2007 ($5.64 in chips) 
Seat 5: turco1152 ($3.28 in chips) 
Seat 6: nvhnam ($5 in chips) 
Seat 7: Count Mole ($15.75 in chips) 
Seat 8: Atrito190 ($5 in chips) 
Seat 9: HéStiA ($5.44 in chips) 
costica1949: posts small blind $0.02
Dorex2007: posts big blind $0.05
*** HOLE CARDS ***
Dealt to Dorex2007 [Js 4d]
turco1152: raises $0.10 to $0.15
nvhnam: folds 
Count Mole: folds 
Atrito190: folds 
HéStiA: folds 
johniespa: folds 
costica1949: folds 
Dorex2007: folds 
Uncalled bet ($0.10) returned to turco1152
turco1152 collected $0.12 from pot
*** SUMMARY ***
Total pot $0.12 | Rake $0 
Seat 1: johniespa (button) folded before Flop (didn't bet)
Seat 3: costica1949 (small blind) folded before Flop
Seat 4: Dorex2007 (big blind) folded before Flop
Seat 5: turco1152 collected ($0.12)
Seat 6: nvhnam folded before Flop (didn't bet)
Seat 7: Count Mole folded before Flop (didn't bet)
Seat 8: Atrito190 folded before Flop (didn't bet)
Seat 9: HéStiA folded before Flop (didn't bet)



PokerStars Hand #237456182925:  Hold'em No Limit ($0.02/$0.05 USD) - 2022/07/19 8:40:11 PT [2022/07/19 11:40:11 ET]
Table 'Jarmila III' 9-max Seat #3 is the button
Seat 1: johniespa ($5.75 in chips) 
Seat 3: costica1949 ($4.21 in chips) 
Seat 4: Dorex2007 ($5.59 in chips) 
Seat 5: turco1152 ($3.35 in chips) 
Seat 6: nvhnam ($5 in chips) 
Seat 7: Count Mole ($15.75 in chips) 
Seat 8: Atrito190 ($5 in chips) 
Seat 9: HéStiA ($5.44 in chips) 
Dorex2007: posts small blind $0.02
turco1152: posts big blind $0.05
*** HOLE CARDS ***
Dealt to Dorex2007 [2s 9d]
nvhnam: folds 
Count Mole: folds 
Atrito190: folds 
HéStiA: folds 
johniespa: folds 
costica1949: folds 
Dorex2007: folds 
Uncalled bet ($0.03) returned to turco1152
turco1152 collected $0.04 from pot
*** SUMMARY ***
Total pot $0.04 | Rake $0 
Seat 1: johniespa folded before Flop (didn't bet)
Seat 3: costica1949 (button) folded before Flop (didn't bet)
Seat 4: Dorex2007 (small blind) folded before Flop
Seat 5: turco1152 (big blind) collected ($0.04)
Seat 6: nvhnam folded before Flop (didn't bet)
Seat 7: Count Mole folded before Flop (didn't bet)
Seat 8: Atrito190 folded before Flop (didn't bet)
Seat 9: HéStiA folded before Flop (didn't bet)



PokerStars Hand #237456186476:  Hold'em No Limit ($0.02/$0.05 USD) - 2022/07/19 8:40:23 PT [2022/07/19 11:40:23 ET]
Table 'Jarmila III' 9-max Seat #4 is the button
Seat 1: johniespa ($5.75 in chips) 
Seat 3: costica1949 ($4.21 in chips) 
Seat 4: Dorex2007 ($5.57 in chips) 
Seat 5: turco1152 ($3.37 in chips) 
Seat 6: nvhnam ($5 in chips) 
Seat 7: Count Mole ($15.75 in chips) 
Seat 8: Atrito190 ($5 in chips) 
Seat 9: HéStiA ($5.44 in chips) 
turco1152: posts small blind $0.02
nvhnam: posts big blind $0.05
*** HOLE CARDS ***
Dealt to Dorex2007 [9h Qs]
Count Mole: folds 
Atrito190: folds 
HéStiA: folds 
johniespa: raises $0.10 to $0.15
costica1949: folds 
Dorex2007: folds 
turco1152: folds 
nvhnam: folds 
Uncalled bet ($0.10) returned to johniespa
johniespa collected $0.12 from pot
*** SUMMARY ***
Total pot $0.12 | Rake $0 
Seat 1: johniespa collected ($0.12)
Seat 3: costica1949 folded before Flop (didn't bet)
Seat 4: Dorex2007 (button) folded before Flop (didn't bet)
Seat 5: turco1152 (small blind) folded before Flop
Seat 6: nvhnam (big blind) folded before Flop
Seat 7: Count Mole folded before Flop (didn't bet)
Seat 8: Atrito190 folded before Flop (didn't bet)
Seat 9: HéStiA folded before Flop (didn't bet)



PokerStars Hand #237456192875:  Hold'em No Limit ($0.02/$0.05 USD) - 2022/07/19 8:40:45 PT [2022/07/19 11:40:45 ET]
Table 'Jarmila III' 9-max Seat #5 is the button
Seat 1: johniespa ($5.82 in chips) 
Seat 3: costica1949 ($4.21 in chips) 
Seat 4: Dorex2007 ($5.57 in chips) 
Seat 5: turco1152 ($3.35 in chips) 
Seat 6: nvhnam ($5 in chips) 
Seat 7: Count Mole ($15.75 in chips) 
Seat 8: Atrito190 ($5 in chips) 
Seat 9: HéStiA ($5.44 in chips) 
nvhnam: posts small blind $0.02
Count Mole: posts big blind $0.05
*** HOLE CARDS ***
Dealt to Dorex2007 [Jc 4c]
Atrito190: folds 
HéStiA: folds 
johniespa: folds 
costica1949: folds 
Dorex2007: folds 
turco1152: folds 
nvhnam: calls $0.03
Count Mole: checks 
*** FLOP *** [4d Qh 8s]
nvhnam: checks 
Count Mole: checks 
*** TURN *** [4d Qh 8s] [4s]
nvhnam: checks 
Count Mole: checks 
*** RIVER *** [4d Qh 8s 4s] [Ah]
nvhnam: checks 
Count Mole: checks 
*** SHOW DOWN ***
nvhnam: shows [5d 6h] (a pair of Fours)
Count Mole: shows [9d 5s] (a pair of Fours - Ace+Queen+Nine kicker)
Count Mole collected $0.10 from pot
*** SUMMARY ***
Total pot $0.10 | Rake $0 
Board [4d Qh 8s 4s Ah]
Seat 1: johniespa folded before Flop (didn't bet)
Seat 3: costica1949 folded before Flop (didn't bet)
Seat 4: Dorex2007 folded before Flop (didn't bet)
Seat 5: turco1152 (button) folded before Flop (didn't bet)
Seat 6: nvhnam (small blind) showed [5d 6h] and lost with a pair of Fours
Seat 7: Count Mole (big blind) showed [9d 5s] and won ($0.10) with a pair of Fours
Seat 8: Atrito190 folded before Flop (didn't bet)
Seat 9: HéStiA folded before Flop (didn't bet)



PokerStars Hand #237456199192:  Hold'em No Limit ($0.02/$0.05 USD) - 2022/07/19 8:41:06 PT [2022/07/19 11:41:06 ET]
Table 'Jarmila III' 9-max Seat #6 is the button
Seat 1: johniespa ($5.82 in chips) 
Seat 3: costica1949 ($4.21 in chips) 
Seat 4: Dorex2007 ($5.57 in chips) 
Seat 5: turco1152 ($3.35 in chips) 
Seat 6: nvhnam ($5 in chips) 
Seat 7: Count Mole ($15.80 in chips) 
Seat 8: Atrito190 ($5 in chips) 
Seat 9: HéStiA ($5.44 in chips) 
Count Mole: posts small blind $0.02
Atrito190: posts big blind $0.05
*** HOLE CARDS ***
Dealt to Dorex2007 [6s 7c]
HéStiA: folds 
johniespa: raises $0.10 to $0.15
costica1949: folds 
Dorex2007: folds 
turco1152: folds 
nvhnam: raises $0.35 to $0.50
Count Mole: folds 
Atrito190: folds 
johniespa: folds 
Uncalled bet ($0.35) returned to nvhnam
nvhnam collected $0.37 from pot
*** SUMMARY ***
Total pot $0.37 | Rake $0 
Seat 1: johniespa folded before Flop
Seat 3: costica1949 folded before Flop (didn't bet)
Seat 4: Dorex2007 folded before Flop (didn't bet)
Seat 5: turco1152 folded before Flop (didn't bet)
Seat 6: nvhnam (button) collected ($0.37)
Seat 7: Count Mole (small blind) folded before Flop
Seat 8: Atrito190 (big blind) folded before Flop
Seat 9: HéStiA folded before Flop (didn't bet)



PokerStars Hand #237456205802:  Hold'em No Limit ($0.02/$0.05 USD) - 2022/07/19 8:41:28 PT [2022/07/19 11:41:28 ET]
Table 'Jarmila III' 9-max Seat #7 is the button
Seat 1: johniespa ($5.67 in chips) 
Seat 3: costica1949 ($4.21 in chips) 
Seat 4: Dorex2007 ($5.57 in chips) 
Seat 5: turco1152 ($3.35 in chips) 
Seat 6: nvhnam ($5.22 in chips) 
Seat 7: Count Mole ($15.78 in chips) 
Seat 8: Atrito190 ($4.95 in chips) 
Seat 9: HéStiA ($5.44 in chips) 
Atrito190: posts small blind $0.02
HéStiA: posts big blind $0.05
*** HOLE CARDS ***
Dealt to Dorex2007 [6h Jc]
johniespa: folds 
costica1949: folds 
Dorex2007: folds 
turco1152: folds 
nvhnam: folds 
Count Mole: folds 
Atrito190: folds 
Uncalled bet ($0.03) returned to HéStiA
HéStiA collected $0.04 from pot
*** SUMMARY ***
Total pot $0.04 | Rake $0 
Seat 1: johniespa folded before Flop (didn't bet)
Seat 3: costica1949 folded before Flop (didn't bet)
Seat 4: Dorex2007 folded before Flop (didn't bet)
Seat 5: turco1152 folded before Flop (didn't bet)
Seat 6: nvhnam folded before Flop (didn't bet)
Seat 7: Count Mole (button) folded before Flop (didn't bet)
Seat 8: Atrito190 (small blind) folded before Flop
Seat 9: HéStiA (big blind) collected ($0.04)



PokerStars Hand #237456211463:  Hold'em No Limit ($0.02/$0.05 USD) - 2022/07/19 8:41:47 PT [2022/07/19 11:41:47 ET]
Table 'Jarmila III' 9-max Seat #8 is the button
Seat 1: johniespa ($5.67 in chips) 
Seat 3: costica1949 ($4.21 in chips) 
Seat 4: Dorex2007 ($5.57 in chips) 
Seat 5: turco1152 ($3.35 in chips) 
Seat 6: nvhnam ($5.22 in chips) 
Seat 7: Count Mole ($15.78 in chips) 
Seat 8: Atrito190 ($4.93 in chips) 
Seat 9: HéStiA ($5.46 in chips) 
HéStiA: posts small blind $0.02
johniespa: posts big blind $0.05
*** HOLE CARDS ***
Dealt to Dorex2007 [Js Th]
costica1949: folds 
Dorex2007: folds 
turco1152: folds 
nvhnam: folds 
Count Mole: folds 
Atrito190: folds 
HéStiA: raises $0.10 to $0.15
johniespa: calls $0.10
*** FLOP *** [Qd 4h 6s]
HéStiA: checks 
johniespa: checks 
*** TURN *** [Qd 4h 6s] [Ah]
HéStiA: checks 
johniespa: bets $0.15
HéStiA: folds 
Uncalled bet ($0.15) returned to johniespa
johniespa collected $0.29 from pot
*** SUMMARY ***
Total pot $0.30 | Rake $0.01 
Board [Qd 4h 6s Ah]
Seat 1: johniespa (big blind) collected ($0.29)
Seat 3: costica1949 folded before Flop (didn't bet)
Seat 4: Dorex2007 folded before Flop (didn't bet)
Seat 5: turco1152 folded before Flop (didn't bet)
Seat 6: nvhnam folded before Flop (didn't bet)
Seat 7: Count Mole folded before Flop (didn't bet)
Seat 8: Atrito190 (button) folded before Flop (didn't bet)
Seat 9: HéStiA (small blind) folded on the Turn



PokerStars Hand #237456226259:  Hold'em No Limit ($0.02/$0.05 USD) - 2022/07/19 8:42:37 PT [2022/07/19 11:42:37 ET]
Table 'Jarmila III' 9-max Seat #9 is the button
Seat 1: johniespa ($5.81 in chips) 
Seat 3: costica1949 ($4.21 in chips) 
Seat 4: Dorex2007 ($5.57 in chips) 
Seat 5: turco1152 ($3.35 in chips) 
Seat 6: nvhnam ($5.22 in chips) 
Seat 7: Count Mole ($15.78 in chips) 
Seat 8: Atrito190 ($4.93 in chips) 
Seat 9: HéStiA ($5.31 in chips) 
johniespa: posts small blind $0.02
costica1949: posts big blind $0.05
*** HOLE CARDS ***
Dealt to Dorex2007 [3c 2s]
Dorex2007: folds 
turco1152: folds 
nvhnam: folds 
Count Mole: folds 
Atrito190: folds 
HéStiA has timed out
HéStiA: folds 
johniespa: folds 
Uncalled bet ($0.03) returned to costica1949
costica1949 collected $0.04 from pot
*** SUMMARY ***
Total pot $0.04 | Rake $0 
Seat 1: johniespa (small blind) folded before Flop
Seat 3: costica1949 (big blind) collected ($0.04)
Seat 4: Dorex2007 folded before Flop (didn't bet)
Seat 5: turco1152 folded before Flop (didn't bet)
Seat 6: nvhnam folded before Flop (didn't bet)
Seat 7: Count Mole folded before Flop (didn't bet)
Seat 8: Atrito190 folded before Flop (didn't bet)
Seat 9: HéStiA (button) folded before Flop (didn't bet)



PokerStars Hand #237456234833:  Hold'em No Limit ($0.02/$0.05 USD) - 2022/07/19 8:43:06 PT [2022/07/19 11:43:06 ET]
Table 'Jarmila III' 9-max Seat #1 is the button
Seat 1: johniespa ($5.79 in chips) 
Seat 3: costica1949 ($4.23 in chips) 
Seat 4: Dorex2007 ($5.57 in chips) 
Seat 5: turco1152 ($3.35 in chips) 
Seat 6: nvhnam ($5.22 in chips) 
Seat 7: Count Mole ($15.78 in chips) 
Seat 8: Atrito190 ($4.93 in chips) 
Seat 9: HéStiA ($5.31 in chips) 
costica1949: posts small blind $0.02
Dorex2007: posts big blind $0.05
*** HOLE CARDS ***
Dealt to Dorex2007 [Th Ks]
Atrito190 is disconnected 
turco1152: folds 
nvhnam: raises $0.10 to $0.15
Count Mole: folds 
turco1152 leaves the table
Stormy1979 joins the table at seat #5 
Atrito190 has timed out while disconnected
Atrito190: folds 
HéStiA: folds 
johniespa: folds 
costica1949: folds 
Dorex2007: folds 
Uncalled bet ($0.10) returned to nvhnam
nvhnam collected $0.12 from pot
*** SUMMARY ***
Total pot $0.12 | Rake $0 
Seat 1: johniespa (button) folded before Flop (didn't bet)
Seat 3: costica1949 (small blind) folded before Flop
Seat 4: Dorex2007 (big blind) folded before Flop
Seat 5: turco1152 folded before Flop (didn't bet)
Seat 6: nvhnam collected ($0.12)
Seat 7: Count Mole folded before Flop (didn't bet)
Seat 8: Atrito190 folded before Flop (didn't bet)
Seat 9: HéStiA folded before Flop (didn't bet)



PokerStars Hand #237456244168:  Hold'em No Limit ($0.02/$0.05 USD) - 2022/07/19 8:43:37 PT [2022/07/19 11:43:37 ET]
Table 'Jarmila III' 9-max Seat #3 is the button
Seat 1: johniespa ($5.79 in chips) 
Seat 3: costica1949 ($4.21 in chips) 
Seat 4: Dorex2007 ($5.52 in chips) 
Seat 5: Stormy1979 ($5 in chips) 
Seat 6: nvhnam ($5.29 in chips) 
Seat 7: Count Mole ($15.78 in chips) 
Seat 9: HéStiA ($5.31 in chips) 
Dorex2007: posts small blind $0.02
Stormy1979: posts big blind $0.05
*** HOLE CARDS ***
Dealt to Dorex2007 [9c Qc]
nvhnam: raises $0.10 to $0.15
Count Mole: folds 
HéStiA: folds 
johniespa: calls $0.15
costica1949: folds 
Dorex2007: folds 
Stormy1979: folds 
*** FLOP *** [5s 8c Kh]
nvhnam: bets $0.15
johniespa: calls $0.15
*** TURN *** [5s 8c Kh] [9h]
nvhnam: bets $0.45
johniespa: folds 
Uncalled bet ($0.45) returned to nvhnam
nvhnam collected $0.64 from pot
*** SUMMARY ***
Total pot $0.67 | Rake $0.03 
Board [5s 8c Kh 9h]
Seat 1: johniespa folded on the Turn
Seat 3: costica1949 (button) folded before Flop (didn't bet)
Seat 4: Dorex2007 (small blind) folded before Flop
Seat 5: Stormy1979 (big blind) folded before Flop
Seat 6: nvhnam collected ($0.64)
Seat 7: Count Mole folded before Flop (didn't bet)
Seat 9: HéStiA folded before Flop (didn't bet)



PokerStars Hand #237456260157:  Hold'em No Limit ($0.02/$0.05 USD) - 2022/07/19 8:44:32 PT [2022/07/19 11:44:32 ET]
Table 'Jarmila III' 9-max Seat #4 is the button
Seat 1: johniespa ($5.49 in chips) 
Seat 3: costica1949 ($4.21 in chips) 
Seat 4: Dorex2007 ($5.50 in chips) 
Seat 5: Stormy1979 ($4.95 in chips) 
Seat 6: nvhnam ($5.63 in chips) 
Seat 7: Count Mole ($15.78 in chips) 
Seat 8: Atrito190 ($4.93 in chips) 
Seat 9: HéStiA ($5.31 in chips) 
Stormy1979: posts small blind $0.02
nvhnam: posts big blind $0.05
*** HOLE CARDS ***
Dealt to Dorex2007 [Ah 7h]
Count Mole: folds 
Atrito190: folds 
HéStiA: raises $0.07 to $0.12
johniespa: folds 
costica1949: folds 
Dorex2007: folds 
Stormy1979: calls $0.10
nvhnam: folds 
*** FLOP *** [Th 4s 5d]
Stormy1979: checks 
HéStiA: bets $0.14
Stormy1979: folds 
Uncalled bet ($0.14) returned to HéStiA
HéStiA collected $0.28 from pot
*** SUMMARY ***
Total pot $0.29 | Rake $0.01 
Board [Th 4s 5d]
Seat 1: johniespa folded before Flop (didn't bet)
Seat 3: costica1949 folded before Flop (didn't bet)
Seat 4: Dorex2007 (button) folded before Flop (didn't bet)
Seat 5: Stormy1979 (small blind) folded on the Flop
Seat 6: nvhnam (big blind) folded before Flop
Seat 7: Count Mole folded before Flop (didn't bet)
Seat 8: Atrito190 folded before Flop (didn't bet)
Seat 9: HéStiA collected ($0.28)



PokerStars Hand #237456268112:  Hold'em No Limit ($0.02/$0.05 USD) - 2022/07/19 8:44:59 PT [2022/07/19 11:44:59 ET]
Table 'Jarmila III' 9-max Seat #5 is the button
Seat 1: johniespa ($5.49 in chips) 
Seat 3: costica1949 ($4.21 in chips) 
Seat 4: Dorex2007 ($5.50 in chips) 
Seat 5: Stormy1979 ($4.83 in chips) 
Seat 6: nvhnam ($5.58 in chips) 
Seat 7: Count Mole ($15.78 in chips) 
Seat 8: Atrito190 ($4.93 in chips) 
Seat 9: HéStiA ($5.47 in chips) 
nvhnam: posts small blind $0.02
Count Mole: posts big blind $0.05
*** HOLE CARDS ***
Dealt to Dorex2007 [3d 7s]
Atrito190: folds 
HéStiA: folds 
johniespa: folds 
costica1949: folds 
Dorex2007: folds 
Stormy1979: folds 
nvhnam: calls $0.03
Count Mole: checks 
*** FLOP *** [9s 5c 6c]
nvhnam: checks 
Count Mole: bets $0.05
nvhnam: folds 
Uncalled bet ($0.05) returned to Count Mole
Count Mole collected $0.10 from pot
*** SUMMARY ***
Total pot $0.10 | Rake $0 
Board [9s 5c 6c]
Seat 1: johniespa folded before Flop (didn't bet)
Seat 3: costica1949 folded before Flop (didn't bet)
Seat 4: Dorex2007 folded before Flop (didn't bet)
Seat 5: Stormy1979 (button) folded before Flop (didn't bet)
Seat 6: nvhnam (small blind) folded on the Flop
Seat 7: Count Mole (big blind) collected ($0.10)
Seat 8: Atrito190 folded before Flop (didn't bet)
Seat 9: HéStiA folded before Flop (didn't bet)



PokerStars Hand #237456276162:  Hold'em No Limit ($0.02/$0.05 USD) - 2022/07/19 8:45:25 PT [2022/07/19 11:45:25 ET]
Table 'Jarmila III' 9-max Seat #6 is the button
Seat 1: johniespa ($5.49 in chips) 
Seat 3: costica1949 ($4.21 in chips) 
Seat 4: Dorex2007 ($5.50 in chips) 
Seat 5: Stormy1979 ($4.83 in chips) 
Seat 6: nvhnam ($5.53 in chips) 
Seat 7: Count Mole ($15.83 in chips) 
Seat 8: Atrito190 ($4.93 in chips) 
Seat 9: HéStiA ($5.47 in chips) 
Count Mole: posts small blind $0.02
Atrito190: posts big blind $0.05
*** HOLE CARDS ***
Dealt to Dorex2007 [Jd 8h]
HéStiA: folds 
johniespa: folds 
costica1949: folds 
Dorex2007: folds 
Stormy1979: folds 
nvhnam: raises $0.10 to $0.15
Count Mole: calls $0.13
Atrito190: folds 
*** FLOP *** [9c 2d Qd]
Count Mole: bets $0.11
nvhnam: calls $0.11
*** TURN *** [9c 2d Qd] [2s]
Count Mole: bets $0.18
nvhnam: folds 
Uncalled bet ($0.18) returned to Count Mole
Count Mole collected $0.55 from pot
*** SUMMARY ***
Total pot $0.57 | Rake $0.02 
Board [9c 2d Qd 2s]
Seat 1: johniespa folded before Flop (didn't bet)
Seat 3: costica1949 folded before Flop (didn't bet)
Seat 4: Dorex2007 folded before Flop (didn't bet)
Seat 5: Stormy1979 folded before Flop (didn't bet)
Seat 6: nvhnam (button) folded on the Turn
Seat 7: Count Mole (small blind) collected ($0.55)
Seat 8: Atrito190 (big blind) folded before Flop
Seat 9: HéStiA folded before Flop (didn't bet)



PokerStars Hand #237456284205:  Hold'em No Limit ($0.02/$0.05 USD) - 2022/07/19 8:45:52 PT [2022/07/19 11:45:52 ET]
Table 'Jarmila III' 9-max Seat #7 is the button
Seat 1: johniespa ($5.49 in chips) 
Seat 3: costica1949 ($4.21 in chips) 
Seat 4: Dorex2007 ($5.50 in chips) 
Seat 5: Stormy1979 ($4.83 in chips) 
Seat 6: nvhnam ($5.27 in chips) 
Seat 7: Count Mole ($16.12 in chips) 
Seat 8: Atrito190 ($4.88 in chips) 
Seat 9: HéStiA ($5.47 in chips) 
Atrito190: posts small blind $0.02
HéStiA: posts big blind $0.05
*** HOLE CARDS ***
Dealt to Dorex2007 [Kh 6s]
johniespa: calls $0.05
costica1949: folds 
Dorex2007: folds 
Stormy1979: folds 
nvhnam: folds 
Count Mole: folds 
Atrito190: folds 
HéStiA: checks 
*** FLOP *** [8s 3c 4h]
HéStiA: checks 
johniespa: bets $0.05
HéStiA: calls $0.05
*** TURN *** [8s 3c 4h] [6c]
HéStiA: checks 
johniespa: bets $0.11
HéStiA: folds 
Uncalled bet ($0.11) returned to johniespa
johniespa collected $0.21 from pot
*** SUMMARY ***
Total pot $0.22 | Rake $0.01 
Board [8s 3c 4h 6c]
Seat 1: johniespa collected ($0.21)
Seat 3: costica1949 folded before Flop (didn't bet)
Seat 4: Dorex2007 folded before Flop (didn't bet)
Seat 5: Stormy1979 folded before Flop (didn't bet)
Seat 6: nvhnam folded before Flop (didn't bet)
Seat 7: Count Mole (button) folded before Flop (didn't bet)
Seat 8: Atrito190 (small blind) folded before Flop
Seat 9: HéStiA (big blind) folded on the Turn



PokerStars Hand #237456296821:  Hold'em No Limit ($0.02/$0.05 USD) - 2022/07/19 8:46:34 PT [2022/07/19 11:46:34 ET]
Table 'Jarmila III' 9-max Seat #8 is the button
Seat 1: johniespa ($5.60 in chips) 
Seat 3: costica1949 ($4.21 in chips) 
Seat 4: Dorex2007 ($5.50 in chips) 
Seat 5: Stormy1979 ($4.83 in chips) 
Seat 6: nvhnam ($5.27 in chips) 
Seat 7: Count Mole ($16.12 in chips) 
Seat 8: Atrito190 ($5 in chips) 
Seat 9: HéStiA ($5.37 in chips) 
HéStiA: posts small blind $0.02
johniespa: posts big blind $0.05
*** HOLE CARDS ***
Dealt to Dorex2007 [Js 9h]
costica1949: folds 
Dorex2007: folds 
Stormy1979: folds 
nvhnam: folds 
Count Mole: folds 
Atrito190: folds 
HéStiA: folds 
Uncalled bet ($0.03) returned to johniespa
johniespa collected $0.04 from pot
*** SUMMARY ***
Total pot $0.04 | Rake $0 
Seat 1: johniespa (big blind) collected ($0.04)
Seat 3: costica1949 folded before Flop (didn't bet)
Seat 4: Dorex2007 folded before Flop (didn't bet)
Seat 5: Stormy1979 folded before Flop (didn't bet)
Seat 6: nvhnam folded before Flop (didn't bet)
Seat 7: Count Mole folded before Flop (didn't bet)
Seat 8: Atrito190 (button) folded before Flop (didn't bet)
Seat 9: HéStiA (small blind) folded before Flop



PokerStars Hand #237456299912:  Hold'em No Limit ($0.02/$0.05 USD) - 2022/07/19 8:46:44 PT [2022/07/19 11:46:44 ET]
Table 'Jarmila III' 9-max Seat #9 is the button
Seat 1: johniespa ($5.62 in chips) 
Seat 3: costica1949 ($4.21 in chips) 
Seat 4: Dorex2007 ($5.50 in chips) 
Seat 5: Stormy1979 ($4.83 in chips) 
Seat 6: nvhnam ($5.27 in chips) 
Seat 7: Count Mole ($16.12 in chips) 
Seat 8: Atrito190 ($5 in chips) 
Seat 9: HéStiA ($5.35 in chips) 
johniespa: posts small blind $0.02
costica1949: posts big blind $0.05
*** HOLE CARDS ***
Dealt to Dorex2007 [Kc 8d]
Dorex2007: folds 
Stormy1979: folds 
nvhnam: folds 
Count Mole: folds 
Atrito190: folds 
HéStiA: folds 
johniespa: folds 
Uncalled bet ($0.03) returned to costica1949
costica1949 collected $0.04 from pot
Juagonzalez leaves the table
*** SUMMARY ***
Total pot $0.04 | Rake $0 
Seat 1: johniespa (small blind) folded before Flop
Seat 3: costica1949 (big blind) collected ($0.04)
Seat 4: Dorex2007 folded before Flop (didn't bet)
Seat 5: Stormy1979 folded before Flop (didn't bet)
Seat 6: nvhnam folded before Flop (didn't bet)
Seat 7: Count Mole folded before Flop (didn't bet)
Seat 8: Atrito190 folded before Flop (didn't bet)
Seat 9: HéStiA (button) folded before Flop (didn't bet)



PokerStars Hand #237456302857:  Hold'em No Limit ($0.02/$0.05 USD) - 2022/07/19 8:46:54 PT [2022/07/19 11:46:54 ET]
Table 'Jarmila III' 9-max Seat #1 is the button
Seat 1: johniespa ($5.60 in chips) 
Seat 3: costica1949 ($4.23 in chips) 
Seat 4: Dorex2007 ($5.50 in chips) 
Seat 5: Stormy1979 ($4.83 in chips) 
Seat 6: nvhnam ($5.27 in chips) 
Seat 7: Count Mole ($16.12 in chips) 
Seat 8: Atrito190 ($5 in chips) 
Seat 9: HéStiA ($5.35 in chips) 
costica1949: posts small blind $0.02
Dorex2007: posts big blind $0.05
*** HOLE CARDS ***
Dealt to Dorex2007 [4s 2h]
Stormy1979: folds 
nvhnam: folds 
Count Mole: folds 
Atrito190: folds 
HéStiA: folds 
johniespa: folds 
costica1949: raises $0.10 to $0.15
Dorex2007: folds 
Uncalled bet ($0.10) returned to costica1949
costica1949 collected $0.10 from pot
*** SUMMARY ***
Total pot $0.10 | Rake $0 
Seat 1: johniespa (button) folded before Flop (didn't bet)
Seat 3: costica1949 (small blind) collected ($0.10)
Seat 4: Dorex2007 (big blind) folded before Flop
Seat 5: Stormy1979 folded before Flop (didn't bet)
Seat 6: nvhnam folded before Flop (didn't bet)
Seat 7: Count Mole folded before Flop (didn't bet)
Seat 8: Atrito190 folded before Flop (didn't bet)
Seat 9: HéStiA folded before Flop (didn't bet)



PokerStars Hand #237456307774:  Hold'em No Limit ($0.02/$0.05 USD) - 2022/07/19 8:47:10 PT [2022/07/19 11:47:10 ET]
Table 'Jarmila III' 9-max Seat #3 is the button
Seat 1: johniespa ($5.60 in chips) 
Seat 3: costica1949 ($4.28 in chips) 
Seat 4: Dorex2007 ($5.45 in chips) 
Seat 5: Stormy1979 ($4.83 in chips) 
Seat 6: nvhnam ($5.27 in chips) 
Seat 7: Count Mole ($16.12 in chips) 
Seat 8: Atrito190 ($5 in chips) 
Seat 9: HéStiA ($5.35 in chips) 
Dorex2007: posts small blind $0.02
Stormy1979: posts big blind $0.05
*** HOLE CARDS ***
Dealt to Dorex2007 [2c 4d]
nvhnam: folds 
Count Mole: folds 
Atrito190: folds 
HéStiA: raises $0.07 to $0.12
johniespa: folds 
costica1949: calls $0.12
Dorex2007: folds 
Stormy1979: calls $0.07
*** FLOP *** [4h 7s 5s]
Stormy1979: bets $0.10
HéStiA: calls $0.10
costica1949: folds 
*** TURN *** [4h 7s 5s] [8d]
Stormy1979: bets $0.20
HéStiA: calls $0.20
*** RIVER *** [4h 7s 5s 8d] [7h]
Stormy1979: bets $0.32
HéStiA: folds 
Uncalled bet ($0.32) returned to Stormy1979
Stormy1979 collected $0.94 from pot
*** SUMMARY ***
Total pot $0.98 | Rake $0.04 
Board [4h 7s 5s 8d 7h]
Seat 1: johniespa folded before Flop (didn't bet)
Seat 3: costica1949 (button) folded on the Flop
Seat 4: Dorex2007 (small blind) folded before Flop
Seat 5: Stormy1979 (big blind) collected ($0.94)
Seat 6: nvhnam folded before Flop (didn't bet)
Seat 7: Count Mole folded before Flop (didn't bet)
Seat 8: Atrito190 folded before Flop (didn't bet)
Seat 9: HéStiA folded on the River



PokerStars Hand #237456323537:  Hold'em No Limit ($0.02/$0.05 USD) - 2022/07/19 8:48:02 PT [2022/07/19 11:48:02 ET]
Table 'Jarmila III' 9-max Seat #4 is the button
Seat 1: johniespa ($5.60 in chips) 
Seat 3: costica1949 ($4.16 in chips) 
Seat 4: Dorex2007 ($5.43 in chips) 
Seat 5: Stormy1979 ($5.35 in chips) 
Seat 6: nvhnam ($5.27 in chips) 
Seat 7: Count Mole ($16.12 in chips) 
Seat 8: Atrito190 ($5 in chips) 
Seat 9: HéStiA ($5 in chips) 
Stormy1979: posts small blind $0.02
nvhnam: posts big blind $0.05
*** HOLE CARDS ***
Dealt to Dorex2007 [8c 9s]
Count Mole: raises $0.10 to $0.15
Atrito190: folds 
HéStiA: folds 
johniespa: folds 
Santana Carlos joins the table at seat #2 
costica1949: calls $0.15
Dorex2007: folds 
Stormy1979: folds 
nvhnam: folds 
*** FLOP *** [Ad 2s 2d]
Count Mole: bets $0.12
costica1949: calls $0.12
*** TURN *** [Ad 2s 2d] [8d]
Count Mole: checks 
costica1949: checks 
*** RIVER *** [Ad 2s 2d 8d] [6h]
Count Mole: checks 
costica1949: checks 
*** SHOW DOWN ***
Count Mole: shows [Jh Js] (two pair, Jacks and Deuces)
costica1949: mucks hand 
Count Mole collected $0.58 from pot
*** SUMMARY ***
Total pot $0.61 | Rake $0.03 
Board [Ad 2s 2d 8d 6h]
Seat 1: johniespa folded before Flop (didn't bet)
Seat 3: costica1949 mucked [Td Th]
Seat 4: Dorex2007 (button) folded before Flop (didn't bet)
Seat 5: Stormy1979 (small blind) folded before Flop
Seat 6: nvhnam (big blind) folded before Flop
Seat 7: Count Mole showed [Jh Js] and won ($0.58) with two pair, Jacks and Deuces
Seat 8: Atrito190 folded before Flop (didn't bet)
Seat 9: HéStiA folded before Flop (didn't bet)



PokerStars Hand #237456340271:  Hold'em No Limit ($0.02/$0.05 USD) - 2022/07/19 8:48:56 PT [2022/07/19 11:48:56 ET]
Table 'Jarmila III' 9-max Seat #5 is the button
Seat 1: johniespa ($5.60 in chips) 
Seat 2: Santana Carlos ($5 in chips) 
Seat 3: costica1949 ($3.89 in chips) 
Seat 4: Dorex2007 ($5.43 in chips) 
Seat 5: Stormy1979 ($5.33 in chips) 
Seat 6: nvhnam ($5.22 in chips) 
Seat 7: Count Mole ($16.43 in chips) 
Seat 8: Atrito190 ($5 in chips) 
Seat 9: HéStiA ($5 in chips) 
nvhnam: posts small blind $0.02
Count Mole: posts big blind $0.05
Santana Carlos: posts big blind $0.05
*** HOLE CARDS ***
Dealt to Dorex2007 [Qh 9d]
Atrito190: folds 
HéStiA: folds 
johniespa: folds 
Santana Carlos: raises $0.08 to $0.13
Atrito190 is disconnected 
costica1949: folds 
Dorex2007: folds 
Stormy1979: folds 
nvhnam: folds 
Count Mole: folds 
Uncalled bet ($0.08) returned to Santana Carlos
Santana Carlos collected $0.12 from pot
*** SUMMARY ***
Total pot $0.12 | Rake $0 
Seat 1: johniespa folded before Flop (didn't bet)
Seat 2: Santana Carlos collected ($0.12)
Seat 3: costica1949 folded before Flop (didn't bet)
Seat 4: Dorex2007 folded before Flop (didn't bet)
Seat 5: Stormy1979 (button) folded before Flop (didn't bet)
Seat 6: nvhnam (small blind) folded before Flop
Seat 7: Count Mole (big blind) folded before Flop
Seat 8: Atrito190 folded before Flop (didn't bet)
Seat 9: HéStiA folded before Flop (didn't bet)



PokerStars Hand #237456345655:  Hold'em No Limit ($0.02/$0.05 USD) - 2022/07/19 8:49:14 PT [2022/07/19 11:49:14 ET]
Table 'Jarmila III' 9-max Seat #6 is the button
Seat 1: johniespa ($5.60 in chips) 
Seat 2: Santana Carlos ($5.07 in chips) 
Seat 3: costica1949 ($3.89 in chips) 
Seat 4: Dorex2007 ($5.43 in chips) 
Seat 5: Stormy1979 ($5.33 in chips) 
Seat 6: nvhnam ($5.20 in chips) 
Seat 7: Count Mole ($16.38 in chips) 
Seat 9: HéStiA ($5 in chips) 
Count Mole: posts small blind $0.02
Atrito190 has timed out while disconnected
Atrito190: is sitting out 
HéStiA: posts big blind $0.05
*** HOLE CARDS ***
Dealt to Dorex2007 [9d 6h]
johniespa: folds 
Santana Carlos: folds 
costica1949: folds 
Dorex2007: folds 
Stormy1979: folds 
nvhnam: raises $0.10 to $0.15
Count Mole: folds 
HéStiA: folds 
Uncalled bet ($0.10) returned to nvhnam
nvhnam collected $0.12 from pot
*** SUMMARY ***
Total pot $0.12 | Rake $0 
Seat 1: johniespa folded before Flop (didn't bet)
Seat 2: Santana Carlos folded before Flop (didn't bet)
Seat 3: costica1949 folded before Flop (didn't bet)
Seat 4: Dorex2007 folded before Flop (didn't bet)
Seat 5: Stormy1979 folded before Flop (didn't bet)
Seat 6: nvhnam (button) collected ($0.12)
Seat 7: Count Mole (small blind) folded before Flop
Seat 9: HéStiA (big blind) folded before Flop



PokerStars Hand #237456353804:  Hold'em No Limit ($0.02/$0.05 USD) - 2022/07/19 8:49:41 PT [2022/07/19 11:49:41 ET]
Table 'Jarmila III' 9-max Seat #7 is the button
Seat 1: johniespa ($5.60 in chips) 
Seat 2: Santana Carlos ($5.07 in chips) 
Seat 3: costica1949 ($3.89 in chips) 
Seat 4: Dorex2007 ($5.43 in chips) 
Seat 5: Stormy1979 ($5.33 in chips) 
Seat 6: nvhnam ($5.27 in chips) 
Seat 7: Count Mole ($16.36 in chips) 
Seat 9: HéStiA ($5 in chips) 
HéStiA: posts small blind $0.02
johniespa: posts big blind $0.05
*** HOLE CARDS ***
Dealt to Dorex2007 [9c 2h]
Santana Carlos: folds 
costica1949: folds 
Dorex2007: folds 
Stormy1979: raises $0.05 to $0.10
nvhnam: calls $0.10
Count Mole: calls $0.10
HéStiA: folds 
johniespa: calls $0.05
*** FLOP *** [8s Js Kc]
johniespa: checks 
Stormy1979: bets $0.15
nvhnam: calls $0.15
Count Mole: calls $0.15
johniespa: folds 
*** TURN *** [8s Js Kc] [Ah]
Stormy1979: bets $0.20
nvhnam: folds 
Count Mole: calls $0.20
*** RIVER *** [8s Js Kc Ah] [7h]
Stormy1979: bets $0.41
Count Mole: calls $0.41
*** SHOW DOWN ***
Stormy1979: shows [Th Qc] (a straight, Ten to Ace)
Count Mole: mucks hand 
Stormy1979 collected $2 from pot
*** SUMMARY ***
Total pot $2.09 | Rake $0.09 
Board [8s Js Kc Ah 7h]
Seat 1: johniespa (big blind) folded on the Flop
Seat 2: Santana Carlos folded before Flop (didn't bet)
Seat 3: costica1949 folded before Flop (didn't bet)
Seat 4: Dorex2007 folded before Flop (didn't bet)
Seat 5: Stormy1979 showed [Th Qc] and won ($2) with a straight, Ten to Ace
Seat 6: nvhnam folded on the Turn
Seat 7: Count Mole (button) mucked [Qd Ac]
Seat 9: HéStiA (small blind) folded before Flop



PokerStars Hand #237456377209:  Hold'em No Limit ($0.02/$0.05 USD) - 2022/07/19 8:50:57 PT [2022/07/19 11:50:57 ET]
Table 'Jarmila III' 9-max Seat #9 is the button
Seat 1: johniespa ($5.50 in chips) 
Seat 2: Santana Carlos ($5.07 in chips) 
Seat 3: costica1949 ($3.89 in chips) 
Seat 4: Dorex2007 ($5.43 in chips) 
Seat 5: Stormy1979 ($6.47 in chips) 
Seat 6: nvhnam ($5.02 in chips) 
Seat 7: Count Mole ($15.50 in chips) 
Seat 9: HéStiA ($5 in chips) 
johniespa: posts small blind $0.02
Santana Carlos: posts big blind $0.05
Atrito190: sits out 
*** HOLE CARDS ***
Dealt to Dorex2007 [Qs 9d]
costica1949: folds 
Dorex2007: folds 
Stormy1979: calls $0.05
nvhnam: folds 
Count Mole: folds 
HéStiA: folds 
johniespa: calls $0.03
Santana Carlos: checks 
*** FLOP *** [Kc 8h 2c]
johniespa: checks 
Santana Carlos: bets $0.15
Stormy1979: folds 
johniespa: folds 
Uncalled bet ($0.15) returned to Santana Carlos
Santana Carlos collected $0.14 from pot
*** SUMMARY ***
Total pot $0.15 | Rake $0.01 
Board [Kc 8h 2c]
Seat 1: johniespa (small blind) folded on the Flop
Seat 2: Santana Carlos (big blind) collected ($0.14)
Seat 3: costica1949 folded before Flop (didn't bet)
Seat 4: Dorex2007 folded before Flop (didn't bet)
Seat 5: Stormy1979 folded on the Flop
Seat 6: nvhnam folded before Flop (didn't bet)
Seat 7: Count Mole folded before Flop (didn't bet)
Seat 9: HéStiA (button) folded before Flop (didn't bet)



PokerStars Hand #237456386303:  Hold'em No Limit ($0.02/$0.05 USD) - 2022/07/19 8:51:27 PT [2022/07/19 11:51:27 ET]
Table 'Jarmila III' 9-max Seat #1 is the button
Seat 1: johniespa ($5.45 in chips) 
Seat 2: Santana Carlos ($5.16 in chips) 
Seat 3: costica1949 ($3.89 in chips) 
Seat 4: Dorex2007 ($5.43 in chips) 
Seat 5: Stormy1979 ($6.42 in chips) 
Seat 6: nvhnam ($5.02 in chips) 
Seat 7: Count Mole ($15.50 in chips) 
Seat 9: HéStiA ($5 in chips) 
Santana Carlos: posts small blind $0.02
costica1949: posts big blind $0.05
Atrito190: sits out 
*** HOLE CARDS ***
Dealt to Dorex2007 [3s Tc]
Dorex2007: folds 
Stormy1979: raises $0.10 to $0.15
nvhnam: folds 
Count Mole: folds 
HéStiA: folds 
johniespa: folds 
Santana Carlos: calls $0.13
costica1949: raises $0.30 to $0.45
Stormy1979: folds 
Santana Carlos: calls $0.30
*** FLOP *** [7s Jc 9d]
Stormy1979 leaves the table
Santana Carlos: checks 
costica1949: bets $0.45
Santana Carlos: calls $0.45
*** TURN *** [7s Jc 9d] [Qs]
Santana Carlos: checks 
costica1949: bets $2.99 and is all-in
Santana Carlos: calls $2.99
costica1949 has timed out
*** RIVER *** [7s Jc 9d Qs] [3h]
*** SHOW DOWN ***
Santana Carlos: shows [Ad Qc] (a pair of Queens)
costica1949: shows [Kd As] (high card Ace)
Santana Carlos cashed out the hand for $6.34 | Cash Out Fee $0.06
*** SUMMARY ***
Total pot $7.93 | Rake $0.33 
Board [7s Jc 9d Qs 3h]
Seat 1: johniespa (button) folded before Flop (didn't bet)
Seat 2: Santana Carlos (small blind) showed [Ad Qc] and won ($7.60) with a pair of Queens (pot not awarded as player cashed out)
Seat 3: costica1949 (big blind) showed [Kd As] and lost with high card Ace
Seat 4: Dorex2007 folded before Flop (didn't bet)
Seat 5: Stormy1979 folded before Flop
Seat 6: nvhnam folded before Flop (didn't bet)
Seat 7: Count Mole folded before Flop (didn't bet)
Seat 9: HéStiA folded before Flop (didn't bet)



PokerStars Hand #237456406242:  Hold'em No Limit ($0.02/$0.05 USD) - 2022/07/19 8:52:33 PT [2022/07/19 11:52:33 ET]
Table 'Jarmila III' 9-max Seat #2 is the button
Seat 1: johniespa ($5.45 in chips) 
Seat 2: Santana Carlos ($7.61 in chips) 
Seat 4: Dorex2007 ($5.43 in chips) 
Seat 6: nvhnam ($5.02 in chips) 
Seat 7: Count Mole ($15.50 in chips) 
Seat 9: HéStiA ($5 in chips) 
Dorex2007: posts small blind $0.02
nvhnam: posts big blind $0.05
Atrito190: sits out 
*** HOLE CARDS ***
Dealt to Dorex2007 [Kh Qc]
Count Mole: folds 
HéStiA: folds 
johniespa: folds 
Santana Carlos: folds 
Dorex2007: raises $0.10 to $0.15
nvhnam: calls $0.10
*** FLOP *** [3c 5c 6s]
Dorex2007: bets $0.14
nvhnam: calls $0.14
*** TURN *** [3c 5c 6s] [2d]
Dorex2007: checks 
nvhnam: bets $0.40
Dorex2007: calls $0.40
*** RIVER *** [3c 5c 6s 2d] [5h]
Dorex2007: bets $0.88
RG&JP5 joins the table at seat #5 
nvhnam: calls $0.88
*** SHOW DOWN ***
Dorex2007: shows [Kh Qc] (a pair of Fives)
nvhnam: shows [Kc 2c] (two pair, Fives and Deuces)
nvhnam collected $3.01 from pot
*** SUMMARY ***
Total pot $3.14 | Rake $0.13 
Board [3c 5c 6s 2d 5h]
Seat 1: johniespa folded before Flop (didn't bet)
Seat 2: Santana Carlos (button) folded before Flop (didn't bet)
Seat 4: Dorex2007 (small blind) showed [Kh Qc] and lost with a pair of Fives
Seat 6: nvhnam (big blind) showed [Kc 2c] and won ($3.01) with two pair, Fives and Deuces
Seat 7: Count Mole folded before Flop (didn't bet)
Seat 9: HéStiA folded before Flop (didn't bet)



PokerStars Hand #237456418667:  Hold'em No Limit ($0.02/$0.05 USD) - 2022/07/19 8:53:14 PT [2022/07/19 11:53:14 ET]
Table 'Jarmila III' 9-max Seat #4 is the button
Seat 1: johniespa ($5.45 in chips) 
Seat 2: Santana Carlos ($7.61 in chips) 
Seat 3: costica1949 ($5 in chips) 
Seat 4: Dorex2007 ($5 in chips) 
Seat 6: nvhnam ($6.46 in chips) 
Seat 7: Count Mole ($15.50 in chips) 
Seat 9: HéStiA ($5 in chips) 
nvhnam: posts small blind $0.02
Count Mole: posts big blind $0.05
Atrito190: sits out 
costica1949: posts small blind $0.02
*** HOLE CARDS ***
Dealt to Dorex2007 [Th Qs]
HéStiA: folds 
johniespa: folds 
Santana Carlos: folds 
costica1949: raises $0.10 to $0.15
Dorex2007: calls $0.15
nvhnam: folds 
Count Mole: folds 
*** FLOP *** [3c Jc 9s]
costica1949: bets $0.25
Dorex2007: calls $0.25
*** TURN *** [3c Jc 9s] [6d]
costica1949: checks 
Dorex2007: checks 
*** RIVER *** [3c Jc 9s 6d] [5c]
costica1949: bets $0.55
Dorex2007: raises $0.75 to $1.30
costica1949: folds 
Uncalled bet ($0.75) returned to Dorex2007
Dorex2007 collected $1.91 from pot
*** SUMMARY ***
Total pot $1.99 | Rake $0.08 
Board [3c Jc 9s 6d 5c]
Seat 1: johniespa folded before Flop (didn't bet)
Seat 2: Santana Carlos folded before Flop (didn't bet)
Seat 3: costica1949 folded on the River
Seat 4: Dorex2007 (button) collected ($1.91)
Seat 6: nvhnam (small blind) folded before Flop
Seat 7: Count Mole (big blind) folded before Flop
Seat 9: HéStiA folded before Flop (didn't bet)



PokerStars Hand #237456433942:  Hold'em No Limit ($0.02/$0.05 USD) - 2022/07/19 8:54:05 PT [2022/07/19 11:54:05 ET]
Table 'Jarmila III' 9-max Seat #6 is the button
Seat 1: johniespa ($5.45 in chips) 
Seat 2: Santana Carlos ($7.61 in chips) 
Seat 3: costica1949 ($4.03 in chips) 
Seat 4: Dorex2007 ($5.96 in chips) 
Seat 5: RG&JP5 ($4.90 in chips) 
Seat 6: nvhnam ($6.44 in chips) 
Seat 7: Count Mole ($15.45 in chips) 
Seat 8: Atrito190 ($5 in chips) 
Seat 9: HéStiA ($5 in chips) 
Count Mole: posts small blind $0.02
Atrito190: posts big blind $0.05
RG&JP5: posts big blind $0.05
*** HOLE CARDS ***
Dealt to Dorex2007 [7c 2c]
HéStiA: folds 
johniespa: folds 
Santana Carlos: folds 
costica1949: folds 
Dorex2007: folds 
RG&JP5: checks 
nvhnam: raises $0.15 to $0.20
Count Mole: folds 
Atrito190: folds 
RG&JP5: folds 
Uncalled bet ($0.15) returned to nvhnam
nvhnam collected $0.17 from pot
*** SUMMARY ***
Total pot $0.17 | Rake $0 
Seat 1: johniespa folded before Flop (didn't bet)
Seat 2: Santana Carlos folded before Flop (didn't bet)
Seat 3: costica1949 folded before Flop (didn't bet)
Seat 4: Dorex2007 folded before Flop (didn't bet)
Seat 5: RG&JP5 folded before Flop (didn't bet)
Seat 6: nvhnam (button) collected ($0.17)
Seat 7: Count Mole (small blind) folded before Flop
Seat 8: Atrito190 (big blind) folded before Flop
Seat 9: HéStiA folded before Flop (didn't bet)



PokerStars Hand #237456439832:  Hold'em No Limit ($0.02/$0.05 USD) - 2022/07/19 8:54:25 PT [2022/07/19 11:54:25 ET]
Table 'Jarmila III' 9-max Seat #7 is the button
Seat 1: johniespa ($5.45 in chips) 
Seat 2: Santana Carlos ($7.61 in chips) 
Seat 3: costica1949 ($4.03 in chips) 
Seat 4: Dorex2007 ($5.96 in chips) 
Seat 5: RG&JP5 ($4.85 in chips) 
Seat 6: nvhnam ($6.56 in chips) 
Seat 7: Count Mole ($15.43 in chips) 
Seat 8: Atrito190 ($4.95 in chips) 
Seat 9: HéStiA ($5 in chips) 
Atrito190: posts small blind $0.02
HéStiA: posts big blind $0.05
*** HOLE CARDS ***
Dealt to Dorex2007 [3d 2s]
johniespa: folds 
Santana Carlos: folds 
costica1949: raises $0.15 to $0.20
Dorex2007: folds 
RG&JP5: folds 
nvhnam: folds 
Count Mole: folds 
Atrito190: folds 
HéStiA: folds 
Uncalled bet ($0.15) returned to costica1949
costica1949 collected $0.12 from pot
*** SUMMARY ***
Total pot $0.12 | Rake $0 
Seat 1: johniespa folded before Flop (didn't bet)
Seat 2: Santana Carlos folded before Flop (didn't bet)
Seat 3: costica1949 collected ($0.12)
Seat 4: Dorex2007 folded before Flop (didn't bet)
Seat 5: RG&JP5 folded before Flop (didn't bet)
Seat 6: nvhnam folded before Flop (didn't bet)
Seat 7: Count Mole (button) folded before Flop (didn't bet)
Seat 8: Atrito190 (small blind) folded before Flop
Seat 9: HéStiA (big blind) folded before Flop



PokerStars Hand #237456446987:  Hold'em No Limit ($0.02/$0.05 USD) - 2022/07/19 8:54:48 PT [2022/07/19 11:54:48 ET]
Table 'Jarmila III' 9-max Seat #8 is the button
Seat 1: johniespa ($5.45 in chips) 
Seat 2: Santana Carlos ($7.61 in chips) 
Seat 3: costica1949 ($4.10 in chips) 
Seat 4: Dorex2007 ($5.96 in chips) 
Seat 5: RG&JP5 ($4.85 in chips) 
Seat 6: nvhnam ($6.56 in chips) 
Seat 7: Count Mole ($15.43 in chips) 
Seat 8: Atrito190 ($4.93 in chips) 
Seat 9: HéStiA ($5 in chips) 
HéStiA: posts small blind $0.02
johniespa: posts big blind $0.05
*** HOLE CARDS ***
Dealt to Dorex2007 [5h As]
Santana Carlos: calls $0.05
costica1949: folds 
Dorex2007: folds 
RG&JP5: folds 
nvhnam: folds 
Count Mole: folds 
Atrito190: folds 
HéStiA: calls $0.03
Atrito190 is disconnected 
johniespa: checks 
*** FLOP *** [Qc Ts Js]
HéStiA: checks 
johniespa: checks 
Santana Carlos: checks 
*** TURN *** [Qc Ts Js] [8s]
HéStiA: checks 
johniespa: bets $0.09
Santana Carlos: folds 
Santana Carlos leaves the table
HéStiA: folds 
Uncalled bet ($0.09) returned to johniespa
johniespa collected $0.14 from pot
*** SUMMARY ***
Total pot $0.15 | Rake $0.01 
Board [Qc Ts Js 8s]
Seat 1: johniespa (big blind) collected ($0.14)
Seat 2: Santana Carlos folded on the Turn
Seat 3: costica1949 folded before Flop (didn't bet)
Seat 4: Dorex2007 folded before Flop (didn't bet)
Seat 5: RG&JP5 folded before Flop (didn't bet)
Seat 6: nvhnam folded before Flop (didn't bet)
Seat 7: Count Mole folded before Flop (didn't bet)
Seat 8: Atrito190 (button) folded before Flop (didn't bet)
Seat 9: HéStiA (small blind) folded on the Turn



PokerStars Hand #237456460528:  Hold'em No Limit ($0.02/$0.05 USD) - 2022/07/19 8:55:42 PT [2022/07/19 11:55:42 ET]
Table 'Jarmila III' 9-max Seat #9 is the button
Seat 1: johniespa ($5.54 in chips) 
Seat 3: costica1949 ($4.10 in chips) 
Seat 4: Dorex2007 ($5.96 in chips) 
Seat 5: RG&JP5 ($4.85 in chips) 
Seat 6: nvhnam ($6.56 in chips) 
Seat 7: Count Mole ($15.43 in chips) 
Seat 8: Atrito190 ($4.93 in chips) 
Seat 9: HéStiA ($5 in chips) 
johniespa: posts small blind $0.02
costica1949: posts big blind $0.05
*** HOLE CARDS ***
Dealt to Dorex2007 [7c 3h]
Dorex2007: folds 
RG&JP5: folds 
nvhnam has timed out
nvhnam: folds 
Count Mole: folds 
Atrito190: folds 
HéStiA: raises $0.07 to $0.12
johniespa: folds 
costica1949: folds 
Uncalled bet ($0.07) returned to HéStiA
HéStiA collected $0.12 from pot
*** SUMMARY ***
Total pot $0.12 | Rake $0 
Seat 1: johniespa (small blind) folded before Flop
Seat 3: costica1949 (big blind) folded before Flop
Seat 4: Dorex2007 folded before Flop (didn't bet)
Seat 5: RG&JP5 folded before Flop (didn't bet)
Seat 6: nvhnam folded before Flop (didn't bet)
Seat 7: Count Mole folded before Flop (didn't bet)
Seat 8: Atrito190 folded before Flop (didn't bet)
Seat 9: HéStiA (button) collected ($0.12)



PokerStars Hand #237456465756:  Hold'em No Limit ($0.02/$0.05 USD) - 2022/07/19 8:56:05 PT [2022/07/19 11:56:05 ET]
Table 'Jarmila III' 9-max Seat #1 is the button
Seat 1: johniespa ($5.52 in chips) 
Seat 3: costica1949 ($4.05 in chips) 
Seat 4: Dorex2007 ($5.96 in chips) 
Seat 5: RG&JP5 ($4.85 in chips) 
Seat 7: Count Mole ($15.43 in chips) 
Seat 8: Atrito190 ($4.93 in chips) 
Seat 9: HéStiA ($5.07 in chips) 
costica1949: posts small blind $0.02
Dorex2007: posts big blind $0.05
*** HOLE CARDS ***
Dealt to Dorex2007 [4h 6h]
RG&JP5: folds 
Count Mole: folds 
Atrito190: folds 
HéStiA: folds 
johniespa: folds 
costica1949: raises $0.10 to $0.15
Dorex2007: folds 
Uncalled bet ($0.10) returned to costica1949
costica1949 collected $0.10 from pot
*** SUMMARY ***
Total pot $0.10 | Rake $0 
Seat 1: johniespa (button) folded before Flop (didn't bet)
Seat 3: costica1949 (small blind) collected ($0.10)
Seat 4: Dorex2007 (big blind) folded before Flop
Seat 5: RG&JP5 folded before Flop (didn't bet)
Seat 7: Count Mole folded before Flop (didn't bet)
Seat 8: Atrito190 folded before Flop (didn't bet)
Seat 9: HéStiA folded before Flop (didn't bet)



PokerStars Hand #237456468656:  Hold'em No Limit ($0.02/$0.05 USD) - 2022/07/19 8:56:18 PT [2022/07/19 11:56:18 ET]
Table 'Jarmila III' 9-max Seat #3 is the button
Seat 1: johniespa ($5.52 in chips) 
Seat 3: costica1949 ($4.10 in chips) 
Seat 4: Dorex2007 ($5.91 in chips) 
Seat 5: RG&JP5 ($4.85 in chips) 
Seat 7: Count Mole ($15.43 in chips) 
Seat 8: Atrito190 ($4.93 in chips) 
Seat 9: HéStiA ($5.07 in chips) 
Dorex2007: posts small blind $0.02
RG&JP5: posts big blind $0.05
*** HOLE CARDS ***
Dealt to Dorex2007 [Qc Ah]
Count Mole: folds 
Atrito190: folds 
HéStiA: raises $0.07 to $0.12
johniespa: folds 
costica1949: folds 
Dorex2007: calls $0.10
RG&JP5: calls $0.07
*** FLOP *** [6d 7d 4d]
Dorex2007: checks 
RG&JP5: checks 
HéStiA: bets $0.17
Dorex2007: folds 
RG&JP5: folds 
Uncalled bet ($0.17) returned to HéStiA
HéStiA collected $0.35 from pot
*** SUMMARY ***
Total pot $0.36 | Rake $0.01 
Board [6d 7d 4d]
Seat 1: johniespa folded before Flop (didn't bet)
Seat 3: costica1949 (button) folded before Flop (didn't bet)
Seat 4: Dorex2007 (small blind) folded on the Flop
Seat 5: RG&JP5 (big blind) folded on the Flop
Seat 7: Count Mole folded before Flop (didn't bet)
Seat 8: Atrito190 folded before Flop (didn't bet)
Seat 9: HéStiA collected ($0.35)



PokerStars Hand #237456475569:  Hold'em No Limit ($0.02/$0.05 USD) - 2022/07/19 8:56:48 PT [2022/07/19 11:56:48 ET]
Table 'Jarmila III' 9-max Seat #4 is the button
Seat 1: johniespa ($5.52 in chips) 
Seat 3: costica1949 ($4.10 in chips) 
Seat 4: Dorex2007 ($5.79 in chips) 
Seat 5: RG&JP5 ($4.73 in chips) 
Seat 6: nvhnam ($6.56 in chips) 
Seat 7: Count Mole ($15.43 in chips) 
Seat 8: Atrito190 ($4.93 in chips) 
Seat 9: HéStiA ($5.30 in chips) 
RG&JP5: posts small blind $0.02
nvhnam: posts big blind $0.05
*** HOLE CARDS ***
Dealt to Dorex2007 [Kh 9s]
HAEMHuk2009 joins the table at seat #2 
Count Mole: raises $0.10 to $0.15
Atrito190: folds 
HéStiA: folds 
johniespa: folds 
costica1949: folds 
Dorex2007: folds 
RG&JP5: folds 
nvhnam: calls $0.10
*** FLOP *** [3d Ts Js]
nvhnam: checks 
Count Mole: bets $0.10
nvhnam: folds 
Uncalled bet ($0.10) returned to Count Mole
Count Mole collected $0.31 from pot
*** SUMMARY ***
Total pot $0.32 | Rake $0.01 
Board [3d Ts Js]
Seat 1: johniespa folded before Flop (didn't bet)
Seat 3: costica1949 folded before Flop (didn't bet)
Seat 4: Dorex2007 (button) folded before Flop (didn't bet)
Seat 5: RG&JP5 (small blind) folded before Flop
Seat 6: nvhnam (big blind) folded on the Flop
Seat 7: Count Mole collected ($0.31)
Seat 8: Atrito190 folded before Flop (didn't bet)
Seat 9: HéStiA folded before Flop (didn't bet)



PokerStars Hand #237456481872:  Hold'em No Limit ($0.02/$0.05 USD) - 2022/07/19 8:57:16 PT [2022/07/19 11:57:16 ET]
Table 'Jarmila III' 9-max Seat #5 is the button
Seat 1: johniespa ($5.52 in chips) 
Seat 3: costica1949 ($4.10 in chips) 
Seat 4: Dorex2007 ($5.79 in chips) 
Seat 5: RG&JP5 ($4.71 in chips) 
Seat 6: nvhnam ($6.41 in chips) 
Seat 7: Count Mole ($15.59 in chips) 
Seat 8: Atrito190 ($4.93 in chips) 
Seat 9: HéStiA ($5.30 in chips) 
nvhnam: posts small blind $0.02
Count Mole: posts big blind $0.05
HAEMHuk2009: sits out 
*** HOLE CARDS ***
Dealt to Dorex2007 [3c 4d]
Atrito190: calls $0.05
HéStiA: folds 
johniespa: folds 
costica1949: folds 
Dorex2007: folds 
RG&JP5: folds 
nvhnam: folds 
Count Mole: checks 
*** FLOP *** [4s 6s 8h]
RG&JP5 leaves the table
Count Mole: checks 
Atrito190: checks 
*** TURN *** [4s 6s 8h] [3d]
Count Mole: bets $0.05
Atrito190: calls $0.05
*** RIVER *** [4s 6s 8h 3d] [Jd]
Count Mole: checks 
Atrito190: checks 
*** SHOW DOWN ***
Count Mole: shows [2c 2d] (a pair of Deuces)
Atrito190: shows [7h 7s] (a pair of Sevens)
Atrito190 collected $0.21 from pot
*** SUMMARY ***
Total pot $0.22 | Rake $0.01 
Board [4s 6s 8h 3d Jd]
Seat 1: johniespa folded before Flop (didn't bet)
Seat 3: costica1949 folded before Flop (didn't bet)
Seat 4: Dorex2007 folded before Flop (didn't bet)
Seat 5: RG&JP5 (button) folded before Flop (didn't bet)
Seat 6: nvhnam (small blind) folded before Flop
Seat 7: Count Mole (big blind) showed [2c 2d] and lost with a pair of Deuces
Seat 8: Atrito190 showed [7h 7s] and won ($0.21) with a pair of Sevens
Seat 9: HéStiA folded before Flop (didn't bet)



PokerStars Hand #237456488684:  Hold'em No Limit ($0.02/$0.05 USD) - 2022/07/19 8:57:46 PT [2022/07/19 11:57:46 ET]
Table 'Jarmila III' 9-max Seat #6 is the button
Seat 1: johniespa ($5.52 in chips) 
Seat 3: costica1949 ($4.10 in chips) 
Seat 4: Dorex2007 ($5.79 in chips) 
Seat 6: nvhnam ($6.39 in chips) 
Seat 7: Count Mole ($15.49 in chips) 
Seat 8: Atrito190 ($5.04 in chips) 
Seat 9: HéStiA ($5.30 in chips) 
Count Mole: posts small blind $0.02
Atrito190: posts big blind $0.05
HAEMHuk2009: sits out 
*** HOLE CARDS ***
Dealt to Dorex2007 [6s 6c]
HéStiA: folds 
Archville joins the table at seat #5 
johniespa: folds 
costica1949: folds 
Dorex2007: raises $0.10 to $0.15
nvhnam: calls $0.15
Count Mole: calls $0.13
Atrito190: folds 
*** FLOP *** [3c Jc 5c]
Count Mole: bets $0.24
Dorex2007: folds 
nvhnam: folds 
Uncalled bet ($0.24) returned to Count Mole
Count Mole collected $0.48 from pot
*** SUMMARY ***
Total pot $0.50 | Rake $0.02 
Board [3c Jc 5c]
Seat 1: johniespa folded before Flop (didn't bet)
Seat 3: costica1949 folded before Flop (didn't bet)
Seat 4: Dorex2007 folded on the Flop
Seat 6: nvhnam (button) folded on the Flop
Seat 7: Count Mole (small blind) collected ($0.48)
Seat 8: Atrito190 (big blind) folded before Flop
Seat 9: HéStiA folded before Flop (didn't bet)



PokerStars Hand #237456496929:  Hold'em No Limit ($0.02/$0.05 USD) - 2022/07/19 8:58:22 PT [2022/07/19 11:58:22 ET]
Table 'Jarmila III' 9-max Seat #7 is the button
Seat 1: johniespa ($5.52 in chips) 
Seat 3: costica1949 ($4.10 in chips) 
Seat 4: Dorex2007 ($5.64 in chips) 
Seat 6: nvhnam ($6.24 in chips) 
Seat 7: Count Mole ($15.82 in chips) 
Seat 8: Atrito190 ($4.99 in chips) 
Seat 9: HéStiA ($5.30 in chips) 
Atrito190: posts small blind $0.02
HéStiA: posts big blind $0.05
HAEMHuk2009: sits out 
Archville: sits out 
*** HOLE CARDS ***
Dealt to Dorex2007 [8h Tc]
johniespa: folds 
costica1949: folds 
Dorex2007: folds 
nvhnam: folds 
Count Mole: folds 
Atrito190: calls $0.03
HéStiA: checks 
*** FLOP *** [4s 3c Ac]
Atrito190: checks 
HéStiA: checks 
*** TURN *** [4s 3c Ac] [Ad]
Atrito190: checks 
HéStiA: checks 
*** RIVER *** [4s 3c Ac Ad] [Ks]
Atrito190: checks 
HéStiA: checks 
*** SHOW DOWN ***
Atrito190: shows [Qd 7d] (a pair of Aces)
HéStiA: mucks hand 
Atrito190 collected $0.10 from pot
*** SUMMARY ***
Total pot $0.10 | Rake $0 
Board [4s 3c Ac Ad Ks]
Seat 1: johniespa folded before Flop (didn't bet)
Seat 3: costica1949 folded before Flop (didn't bet)
Seat 4: Dorex2007 folded before Flop (didn't bet)
Seat 6: nvhnam folded before Flop (didn't bet)
Seat 7: Count Mole (button) folded before Flop (didn't bet)
Seat 8: Atrito190 (small blind) showed [Qd 7d] and won ($0.10) with a pair of Aces
Seat 9: HéStiA (big blind) mucked [Qs 5c]



PokerStars Hand #237456504029:  Hold'em No Limit ($0.02/$0.05 USD) - 2022/07/19 8:58:54 PT [2022/07/19 11:58:54 ET]
Table 'Jarmila III' 9-max Seat #8 is the button
Seat 1: johniespa ($5.52 in chips) 
Seat 3: costica1949 ($4.10 in chips) 
Seat 4: Dorex2007 ($5.64 in chips) 
Seat 6: nvhnam ($6.24 in chips) 
Seat 7: Count Mole ($15.82 in chips) 
Seat 8: Atrito190 ($5.04 in chips) 
Seat 9: HéStiA ($5.25 in chips) 
HéStiA: posts small blind $0.02
johniespa: posts big blind $0.05
HAEMHuk2009: sits out 
Archville: sits out 
*** HOLE CARDS ***
Dealt to Dorex2007 [Qc As]
costica1949: calls $0.05
Dorex2007: raises $0.20 to $0.25
nvhnam: folds 
Count Mole: folds 
Atrito190: folds 
HéStiA: folds 
johniespa: folds 
costica1949: calls $0.20
*** FLOP *** [Ks 5d 6h]
costica1949: checks 
Dorex2007: checks 
*** TURN *** [Ks 5d 6h] [Kh]
costica1949: checks 
Dorex2007: bets $0.27
costica1949: calls $0.27
*** RIVER *** [Ks 5d 6h Kh] [Tc]
costica1949: checks 
Dorex2007: checks 
*** SHOW DOWN ***
costica1949: shows [2d 2s] (two pair, Kings and Deuces)
Dorex2007: mucks hand 
costica1949 collected $1.06 from pot
*** SUMMARY ***
Total pot $1.11 | Rake $0.05 
Board [Ks 5d 6h Kh Tc]
Seat 1: johniespa (big blind) folded before Flop
Seat 3: costica1949 showed [2d 2s] and won ($1.06) with two pair, Kings and Deuces
Seat 4: Dorex2007 mucked [Qc As]
Seat 6: nvhnam folded before Flop (didn't bet)
Seat 7: Count Mole folded before Flop (didn't bet)
Seat 8: Atrito190 (button) folded before Flop (didn't bet)
Seat 9: HéStiA (small blind) folded before Flop



PokerStars Hand #237456512644:  Hold'em No Limit ($0.02/$0.05 USD) - 2022/07/19 8:59:31 PT [2022/07/19 11:59:31 ET]
Table 'Jarmila III' 9-max Seat #9 is the button
Seat 1: johniespa ($5.47 in chips) 
Seat 2: HAEMHuk2009 ($5 in chips) 
Seat 3: costica1949 ($4.64 in chips) 
Seat 4: Dorex2007 ($5.12 in chips) 
Seat 6: nvhnam ($6.24 in chips) 
Seat 7: Count Mole ($15.82 in chips) 
Seat 8: Atrito190 ($5.04 in chips) 
Seat 9: HéStiA ($5.23 in chips) 
johniespa: posts small blind $0.02
HAEMHuk2009: posts big blind $0.05
Archville: sits out 
*** HOLE CARDS ***
Dealt to Dorex2007 [Ks Jh]
costica1949: folds 
Dorex2007: raises $0.05 to $0.10
nvhnam: folds 
Count Mole: folds 
Atrito190: folds 
HéStiA: folds 
johniespa: folds 
HAEMHuk2009: folds 
Uncalled bet ($0.05) returned to Dorex2007
Dorex2007 collected $0.12 from pot
*** SUMMARY ***
Total pot $0.12 | Rake $0 
Seat 1: johniespa (small blind) folded before Flop
Seat 2: HAEMHuk2009 (big blind) folded before Flop
Seat 3: costica1949 folded before Flop (didn't bet)
Seat 4: Dorex2007 collected ($0.12)
Seat 6: nvhnam folded before Flop (didn't bet)
Seat 7: Count Mole folded before Flop (didn't bet)
Seat 8: Atrito190 folded before Flop (didn't bet)
Seat 9: HéStiA (button) folded before Flop (didn't bet)



PokerStars Hand #237456516203:  Hold'em No Limit ($0.02/$0.05 USD) - 2022/07/19 8:59:47 PT [2022/07/19 11:59:47 ET]
Table 'Jarmila III' 9-max Seat #1 is the button
Seat 1: johniespa ($5.45 in chips) 
Seat 2: HAEMHuk2009 ($5 in chips) 
Seat 3: costica1949 ($4.64 in chips) 
Seat 4: Dorex2007 ($5.19 in chips) 
Seat 6: nvhnam ($6.24 in chips) 
Seat 7: Count Mole ($15.82 in chips) 
Seat 8: Atrito190 ($5.04 in chips) 
Seat 9: HéStiA ($5.23 in chips) 
HAEMHuk2009: posts small blind $0.02
costica1949: posts big blind $0.05
Archville: sits out 
*** HOLE CARDS ***
Dealt to Dorex2007 [6d Ah]
Dorex2007: folds 
nvhnam: folds 
Count Mole: raises $0.05 to $0.10
Atrito190: folds 
HéStiA: folds 
johniespa: folds 
HAEMHuk2009: folds 
costica1949: folds 
Uncalled bet ($0.05) returned to Count Mole
Count Mole collected $0.12 from pot
*** SUMMARY ***
Total pot $0.12 | Rake $0 
Seat 1: johniespa (button) folded before Flop (didn't bet)
Seat 2: HAEMHuk2009 (small blind) folded before Flop
Seat 3: costica1949 (big blind) folded before Flop
Seat 4: Dorex2007 folded before Flop (didn't bet)
Seat 6: nvhnam folded before Flop (didn't bet)
Seat 7: Count Mole collected ($0.12)
Seat 8: Atrito190 folded before Flop (didn't bet)
Seat 9: HéStiA folded before Flop (didn't bet)



PokerStars Hand #237456521888:  Hold'em No Limit ($0.02/$0.05 USD) - 2022/07/19 9:00:11 PT [2022/07/19 12:00:11 ET]
Table 'Jarmila III' 9-max Seat #2 is the button
Seat 1: johniespa ($5.45 in chips) 
Seat 2: HAEMHuk2009 ($5 in chips) 
Seat 3: costica1949 ($4.59 in chips) 
Seat 4: Dorex2007 ($5.19 in chips) 
Seat 6: nvhnam ($6.24 in chips) 
Seat 7: Count Mole ($15.89 in chips) 
Seat 8: Atrito190 ($5.04 in chips) 
Seat 9: HéStiA ($5.23 in chips) 
costica1949: posts small blind $0.02
Dorex2007: posts big blind $0.05
Archville: sits out 
*** HOLE CARDS ***
Dealt to Dorex2007 [Ts 5s]
nvhnam has timed out
nvhnam: folds 
Count Mole: folds 
Atrito190: raises $0.15 to $0.20
HéStiA: folds 
johniespa: folds 
HAEMHuk2009: folds 
costica1949: folds 
Dorex2007: folds 
Uncalled bet ($0.15) returned to Atrito190
Atrito190 collected $0.12 from pot
*** SUMMARY ***
Total pot $0.12 | Rake $0 
Seat 1: johniespa folded before Flop (didn't bet)
Seat 2: HAEMHuk2009 (button) folded before Flop (didn't bet)
Seat 3: costica1949 (small blind) folded before Flop
Seat 4: Dorex2007 (big blind) folded before Flop
Seat 6: nvhnam folded before Flop (didn't bet)
Seat 7: Count Mole folded before Flop (didn't bet)
Seat 8: Atrito190 collected ($0.12)
Seat 9: HéStiA folded before Flop (didn't bet)



PokerStars Hand #237456530341:  Hold'em No Limit ($0.02/$0.05 USD) - 2022/07/19 9:00:37 PT [2022/07/19 12:00:37 ET]
Table 'Jarmila III' 9-max Seat #3 is the button
Seat 1: johniespa ($5.45 in chips) 
Seat 2: HAEMHuk2009 ($5 in chips) 
Seat 3: costica1949 ($4.57 in chips) 
Seat 4: Dorex2007 ($5.14 in chips) 
Seat 5: Archville ($5 in chips) 
Seat 7: Count Mole ($15.89 in chips) 
Seat 8: Atrito190 ($5.11 in chips) 
Seat 9: HéStiA ($5.23 in chips) 
Dorex2007: posts small blind $0.02
Archville: posts big blind $0.05
*** HOLE CARDS ***
Dealt to Dorex2007 [2h 3d]
Count Mole: folds 
Atrito190: folds 
HéStiA: folds 
johniespa: folds 
HAEMHuk2009: folds 
costica1949: folds 
Dorex2007: folds 
Uncalled bet ($0.03) returned to Archville
Archville collected $0.04 from pot
*** SUMMARY ***
Total pot $0.04 | Rake $0 
Seat 1: johniespa folded before Flop (didn't bet)
Seat 2: HAEMHuk2009 folded before Flop (didn't bet)
Seat 3: costica1949 (button) folded before Flop (didn't bet)
Seat 4: Dorex2007 (small blind) folded before Flop
Seat 5: Archville (big blind) collected ($0.04)
Seat 7: Count Mole folded before Flop (didn't bet)
Seat 8: Atrito190 folded before Flop (didn't bet)
Seat 9: HéStiA folded before Flop (didn't bet)



PokerStars Hand #237456533200:  Hold'em No Limit ($0.02/$0.05 USD) - 2022/07/19 9:00:49 PT [2022/07/19 12:00:49 ET]
Table 'Jarmila III' 9-max Seat #4 is the button
Seat 1: johniespa ($5.45 in chips) 
Seat 2: HAEMHuk2009 ($5 in chips) 
Seat 3: costica1949 ($4.57 in chips) 
Seat 4: Dorex2007 ($5.12 in chips) 
Seat 5: Archville ($5.02 in chips) 
Seat 7: Count Mole ($15.89 in chips) 
Seat 8: Atrito190 ($5.11 in chips) 
Seat 9: HéStiA ($5.23 in chips) 
Archville: posts small blind $0.02
Count Mole: posts big blind $0.05
*** HOLE CARDS ***
Dealt to Dorex2007 [5s Jh]
Atrito190: folds 
HéStiA: raises $0.07 to $0.12
johniespa: calls $0.12
HAEMHuk2009: raises $0.48 to $0.60
costica1949: folds 
Dorex2007: folds 
Archville: folds 
Count Mole: folds 
HéStiA: folds 
johniespa: folds 
Uncalled bet ($0.48) returned to HAEMHuk2009
Atrito190 is disconnected 
HAEMHuk2009 collected $0.43 from pot
*** SUMMARY ***
Total pot $0.43 | Rake $0 
Seat 1: johniespa folded before Flop
Seat 2: HAEMHuk2009 collected ($0.43)
Seat 3: costica1949 folded before Flop (didn't bet)
Seat 4: Dorex2007 (button) folded before Flop (didn't bet)
Seat 5: Archville (small blind) folded before Flop
Seat 7: Count Mole (big blind) folded before Flop
Seat 8: Atrito190 folded before Flop (didn't bet)
Seat 9: HéStiA folded before Flop



PokerStars Hand #237456540589:  Hold'em No Limit ($0.02/$0.05 USD) - 2022/07/19 9:01:16 PT [2022/07/19 12:01:16 ET]
Table 'Jarmila III' 9-max Seat #5 is the button
Seat 1: johniespa ($5.33 in chips) 
Seat 2: HAEMHuk2009 ($5.31 in chips) 
Seat 3: costica1949 ($4.57 in chips) 
Seat 4: Dorex2007 ($5.12 in chips) 
Seat 5: Archville ($5 in chips) 
Seat 7: Count Mole ($15.84 in chips) 
Seat 9: HéStiA ($5.11 in chips) 
Count Mole: posts small blind $0.02
Atrito190 has timed out while disconnected
Atrito190: is sitting out 
HéStiA: posts big blind $0.05
*** HOLE CARDS ***
Dealt to Dorex2007 [8c 5c]
johniespa: folds 
HAEMHuk2009: folds 
costica1949: folds 
Dorex2007: folds 
Archville: folds 
Count Mole: folds 
Uncalled bet ($0.03) returned to HéStiA
HéStiA collected $0.04 from pot
*** SUMMARY ***
Total pot $0.04 | Rake $0 
Seat 1: johniespa folded before Flop (didn't bet)
Seat 2: HAEMHuk2009 folded before Flop (didn't bet)
Seat 3: costica1949 folded before Flop (didn't bet)
Seat 4: Dorex2007 folded before Flop (didn't bet)
Seat 5: Archville (button) folded before Flop (didn't bet)
Seat 7: Count Mole (small blind) folded before Flop
Seat 9: HéStiA (big blind) collected ($0.04)



PokerStars Hand #237456548210:  Hold'em No Limit ($0.02/$0.05 USD) - 2022/07/19 9:01:43 PT [2022/07/19 12:01:43 ET]
Table 'Jarmila III' 9-max Seat #7 is the button
Seat 1: johniespa ($5.33 in chips) 
Seat 2: HAEMHuk2009 ($5.31 in chips) 
Seat 3: costica1949 ($4.57 in chips) 
Seat 4: Dorex2007 ($5.12 in chips) 
Seat 5: Archville ($5 in chips) 
Seat 6: nvhnam ($6.24 in chips) 
Seat 7: Count Mole ($15.82 in chips) 
Seat 9: HéStiA ($5.13 in chips) 
HéStiA: posts small blind $0.02
johniespa: posts big blind $0.05
nvhnam: posts small & big blinds $0.07
*** HOLE CARDS ***
Dealt to Dorex2007 [Qd Kd]
HAEMHuk2009: folds 
costica1949: folds 
Dorex2007: raises $0.10 to $0.15
Archville: folds 
nvhnam: calls $0.10
Count Mole: folds 
HéStiA: folds 
johniespa: calls $0.10
*** FLOP *** [Jd 8s 6s]
johniespa: checks 
Dorex2007: checks 
nvhnam: bets $0.35
johniespa: folds 
Dorex2007: folds 
Uncalled bet ($0.35) returned to nvhnam
nvhnam collected $0.47 from pot
*** SUMMARY ***
Total pot $0.49 | Rake $0.02 
Board [Jd 8s 6s]
Seat 1: johniespa (big blind) folded on the Flop
Seat 2: HAEMHuk2009 folded before Flop (didn't bet)
Seat 3: costica1949 folded before Flop (didn't bet)
Seat 4: Dorex2007 folded on the Flop
Seat 5: Archville folded before Flop (didn't bet)
Seat 6: nvhnam collected ($0.47)
Seat 7: Count Mole (button) folded before Flop (didn't bet)
Seat 9: HéStiA (small blind) folded before Flop



PokerStars Hand #237456561206:  Hold'em No Limit ($0.02/$0.05 USD) - 2022/07/19 9:02:27 PT [2022/07/19 12:02:27 ET]
Table 'Jarmila III' 9-max Seat #9 is the button
Seat 1: johniespa ($5.18 in chips) 
Seat 2: HAEMHuk2009 ($5.31 in chips) 
Seat 3: costica1949 ($4.57 in chips) 
Seat 4: Dorex2007 ($5 in chips) 
Seat 5: Archville ($5 in chips) 
Seat 6: nvhnam ($6.54 in chips) 
Seat 7: Count Mole ($15.82 in chips) 
Seat 9: HéStiA ($5.11 in chips) 
johniespa: posts small blind $0.02
HAEMHuk2009: posts big blind $0.05
Atrito190: sits out 
*** HOLE CARDS ***
Dealt to Dorex2007 [3c Qs]
costica1949: folds 
Dorex2007: folds 
Archville: raises $0.10 to $0.15
nvhnam: calls $0.15
Count Mole: folds 
HéStiA: folds 
johniespa: calls $0.13
HAEMHuk2009: folds 
*** FLOP *** [9c Jd 4s]
johniespa: checks 
Archville: bets $0.17
nvhnam: calls $0.17
johniespa: folds 
*** TURN *** [9c Jd 4s] [5c]
Archville: bets $0.57
nvhnam: calls $0.57
*** RIVER *** [9c Jd 4s 5c] [4c]
Archville: bets $0.95
nvhnam: calls $0.95
*** SHOW DOWN ***
Archville: shows [Kh Kc] (two pair, Kings and Fours)
nvhnam: mucks hand 
Archville collected $3.72 from pot
*** SUMMARY ***
Total pot $3.88 | Rake $0.16 
Board [9c Jd 4s 5c 4c]
Seat 1: johniespa (small blind) folded on the Flop
Seat 2: HAEMHuk2009 (big blind) folded before Flop
Seat 3: costica1949 folded before Flop (didn't bet)
Seat 4: Dorex2007 folded before Flop (didn't bet)
Seat 5: Archville showed [Kh Kc] and won ($3.72) with two pair, Kings and Fours
Seat 6: nvhnam mucked [Kd Jh]
Seat 7: Count Mole folded before Flop (didn't bet)
Seat 9: HéStiA (button) folded before Flop (didn't bet)



PokerStars Hand #237456584153:  Hold'em No Limit ($0.02/$0.05 USD) - 2022/07/19 9:03:45 PT [2022/07/19 12:03:45 ET]
Table 'Jarmila III' 9-max Seat #1 is the button
Seat 1: johniespa ($5.03 in chips) 
Seat 2: HAEMHuk2009 ($5.26 in chips) 
Seat 3: costica1949 ($4.57 in chips) 
Seat 4: Dorex2007 ($5 in chips) 
Seat 5: Archville ($6.88 in chips) 
Seat 6: nvhnam ($5 in chips) 
Seat 7: Count Mole ($15.82 in chips) 
Seat 9: HéStiA ($5.11 in chips) 
HAEMHuk2009: posts small blind $0.02
costica1949: posts big blind $0.05
Atrito190: sits out 
*** HOLE CARDS ***
Dealt to Dorex2007 [Kh Jh]
Dorex2007: calls $0.05
Archville: raises $0.15 to $0.20
nvhnam: folds 
Count Mole: folds 
HéStiA: folds 
johniespa: calls $0.20
HAEMHuk2009: folds 
costica1949: folds 
Dorex2007: folds 
*** FLOP *** [6h 9h Ad]
Archville: bets $0.18
johniespa: calls $0.18
*** TURN *** [6h 9h Ad] [Jd]
Archville: bets $0.59
johniespa: folds 
Uncalled bet ($0.59) returned to Archville
Archville collected $0.84 from pot
*** SUMMARY ***
Total pot $0.88 | Rake $0.04 
Board [6h 9h Ad Jd]
Seat 1: johniespa (button) folded on the Turn
Seat 2: HAEMHuk2009 (small blind) folded before Flop
Seat 3: costica1949 (big blind) folded before Flop
Seat 4: Dorex2007 folded before Flop
Seat 5: Archville collected ($0.84)
Seat 6: nvhnam folded before Flop (didn't bet)
Seat 7: Count Mole folded before Flop (didn't bet)
Seat 9: HéStiA folded before Flop (didn't bet)



PokerStars Hand #237456607345:  Hold'em No Limit ($0.02/$0.05 USD) - 2022/07/19 9:04:48 PT [2022/07/19 12:04:48 ET]
Table 'Jarmila III' 9-max Seat #2 is the button
Seat 1: johniespa ($4.65 in chips) 
Seat 2: HAEMHuk2009 ($5.24 in chips) 
Seat 3: costica1949 ($4.52 in chips) 
Seat 4: Dorex2007 ($5 in chips) 
Seat 5: Archville ($7.34 in chips) 
Seat 6: nvhnam ($5 in chips) 
Seat 7: Count Mole ($15.82 in chips) 
Seat 9: HéStiA ($5.11 in chips) 
costica1949: posts small blind $0.02
Dorex2007: posts big blind $0.05
Atrito190: sits out 
*** HOLE CARDS ***
Dealt to Dorex2007 [2s 5c]
Archville: folds 
nvhnam: raises $0.10 to $0.15
Count Mole: folds 
HéStiA: folds 
johniespa: calls $0.15
HAEMHuk2009: raises $0.53 to $0.68
costica1949: folds 
Dorex2007: folds 
nvhnam: folds 
johniespa: calls $0.53
*** FLOP *** [Th 8c Qh]
johniespa: checks 
HAEMHuk2009: bets $1.13
johniespa: raises $2.84 to $3.97 and is all-in
HAEMHuk2009: calls $2.84
*** TURN *** [Th 8c Qh] [Ah]
*** RIVER *** [Th 8c Qh Ah] [7c]
*** SHOW DOWN ***
johniespa: shows [Js As] (a pair of Aces)
HAEMHuk2009: shows [Qc Kc] (a pair of Queens)
johniespa cashed out the hand for $3.17 | Cash Out Fee $0.03
*** SUMMARY ***
Total pot $9.52 | Rake $0.40 
Board [Th 8c Qh Ah 7c]
Seat 1: johniespa showed [Js As] and won ($9.12) with a pair of Aces (pot not awarded as player cashed out)
Seat 2: HAEMHuk2009 (button) showed [Qc Kc] and lost with a pair of Queens
Seat 3: costica1949 (small blind) folded before Flop
Seat 4: Dorex2007 (big blind) folded before Flop
Seat 5: Archville folded before Flop (didn't bet)
Seat 6: nvhnam folded before Flop
Seat 7: Count Mole folded before Flop (didn't bet)
Seat 9: HéStiA folded before Flop (didn't bet)



PokerStars Hand #237456624845:  Hold'em No Limit ($0.02/$0.05 USD) - 2022/07/19 9:05:45 PT [2022/07/19 12:05:45 ET]
Table 'Jarmila III' 9-max Seat #3 is the button
Seat 1: johniespa ($3.17 in chips) 
Seat 2: HAEMHuk2009 ($5 in chips) 
Seat 3: costica1949 ($4.50 in chips) 
Seat 4: Dorex2007 ($5 in chips) 
Seat 6: nvhnam ($5 in chips) 
Seat 7: Count Mole ($15.82 in chips) 
Seat 9: HéStiA ($5.11 in chips) 
Dorex2007: posts small blind $0.02
Archville: is sitting out 
nvhnam: posts big blind $0.05
Atrito190: sits out 
*** HOLE CARDS ***
Dealt to Dorex2007 [Kh 4c]
Count Mole: folds 
HéStiA: folds 
johniespa: folds 
HAEMHuk2009: folds 
costica1949: folds 
Dorex2007: folds 
Uncalled bet ($0.03) returned to nvhnam
nvhnam collected $0.04 from pot
*** SUMMARY ***
Total pot $0.04 | Rake $0 
Seat 1: johniespa folded before Flop (didn't bet)
Seat 2: HAEMHuk2009 folded before Flop (didn't bet)
Seat 3: costica1949 (button) folded before Flop (didn't bet)
Seat 4: Dorex2007 (small blind) folded before Flop
Seat 6: nvhnam (big blind) collected ($0.04)
Seat 7: Count Mole folded before Flop (didn't bet)
Seat 9: HéStiA folded before Flop (didn't bet)



PokerStars Hand #237456629613:  Hold'em No Limit ($0.02/$0.05 USD) - 2022/07/19 9:06:00 PT [2022/07/19 12:06:00 ET]
Table 'Jarmila III' 9-max Seat #4 is the button
Seat 1: johniespa ($3.17 in chips) 
Seat 2: HAEMHuk2009 ($5 in chips) 
Seat 3: costica1949 ($4.50 in chips) 
Seat 4: Dorex2007 ($5 in chips) 
Seat 6: nvhnam ($5.02 in chips) 
Seat 8: Atrito190 ($5.11 in chips) 
Seat 9: HéStiA ($5.11 in chips) 
nvhnam: posts small blind $0.02
Count Mole: is sitting out 
Atrito190: posts big blind $0.05
*** HOLE CARDS ***
Dealt to Dorex2007 [4s 7d]
Count Mole leaves the table
HéStiA: folds 
johniespa: folds 
HAEMHuk2009: folds 
johniespa leaves the table
costica1949: raises $0.10 to $0.15
Dorex2007: folds 
nvhnam: calls $0.13
Atrito190: folds 
*** FLOP *** [3h Qd Jc]
nvhnam: checks 
costica1949: bets $0.10
nvhnam: calls $0.10
*** TURN *** [3h Qd Jc] [2s]
nvhnam: checks 
costica1949: checks 
*** RIVER *** [3h Qd Jc 2s] [Ts]
nvhnam: checks 
costica1949: checks 
*** SHOW DOWN ***
nvhnam: shows [4d 4c] (a pair of Fours)
costica1949: shows [Js Ah] (a pair of Jacks)
costica1949 collected $0.53 from pot
*** SUMMARY ***
Total pot $0.55 | Rake $0.02 
Board [3h Qd Jc 2s Ts]
Seat 1: johniespa folded before Flop (didn't bet)
Seat 2: HAEMHuk2009 folded before Flop (didn't bet)
Seat 3: costica1949 showed [Js Ah] and won ($0.53) with a pair of Jacks
Seat 4: Dorex2007 (button) folded before Flop (didn't bet)
Seat 6: nvhnam (small blind) showed [4d 4c] and lost with a pair of Fours
Seat 8: Atrito190 (big blind) folded before Flop
Seat 9: HéStiA folded before Flop (didn't bet)



PokerStars Hand #237456645420:  Hold'em No Limit ($0.02/$0.05 USD) - 2022/07/19 9:06:50 PT [2022/07/19 12:06:50 ET]
Table 'Jarmila III' 9-max Seat #6 is the button
Seat 2: HAEMHuk2009 ($5 in chips) 
Seat 3: costica1949 ($4.78 in chips) 
Seat 4: Dorex2007 ($5 in chips) 
Seat 6: nvhnam ($5 in chips) 
Seat 8: Atrito190 ($5.06 in chips) 
Seat 9: HéStiA ($5.11 in chips) 
Atrito190: posts small blind $0.02
HéStiA: posts big blind $0.05
*** HOLE CARDS ***
Dealt to Dorex2007 [Jh Ts]
HAEMHuk2009: folds 
costica1949: raises $0.05 to $0.10
Dorex2007: folds 
nvhnam: folds 
Atrito190: folds 
HéStiA: calls $0.05
*** FLOP *** [Js Jc Kh]
HéStiA: checks 
costica1949: bets $0.05
HéStiA: calls $0.05
*** TURN *** [Js Jc Kh] [9d]
Atrito190 is disconnected 
HéStiA: checks 
costica1949: checks 
*** RIVER *** [Js Jc Kh 9d] [Th]
HéStiA: checks 
costica1949: checks 
*** SHOW DOWN ***
HéStiA: shows [Kc 7c] (two pair, Kings and Jacks)
costica1949: mucks hand 
HéStiA collected $0.31 from pot
*** SUMMARY ***
Total pot $0.32 | Rake $0.01 
Board [Js Jc Kh 9d Th]
Seat 2: HAEMHuk2009 folded before Flop (didn't bet)
Seat 3: costica1949 mucked [Ah 6h]
Seat 4: Dorex2007 folded before Flop (didn't bet)
Seat 6: nvhnam (button) folded before Flop (didn't bet)
Seat 8: Atrito190 (small blind) folded before Flop
Seat 9: HéStiA (big blind) showed [Kc 7c] and won ($0.31) with two pair, Kings and Jacks



PokerStars Hand #237456657108:  Hold'em No Limit ($0.02/$0.05 USD) - 2022/07/19 9:07:28 PT [2022/07/19 12:07:28 ET]
Table 'Jarmila III' 9-max Seat #8 is the button
Seat 2: HAEMHuk2009 ($5 in chips) 
Seat 3: costica1949 ($4.63 in chips) 
Seat 4: Dorex2007 ($5 in chips) 
Seat 6: nvhnam ($5 in chips) 
Seat 8: Atrito190 ($5.04 in chips) 
Seat 9: HéStiA ($5.27 in chips) 
HéStiA: posts small blind $0.02
HAEMHuk2009: posts big blind $0.05
*** HOLE CARDS ***
Dealt to Dorex2007 [Ts Ac]
costica1949: calls $0.05
Dorex2007: calls $0.05
nvhnam: folds 
Atrito190 has timed out while disconnected
Atrito190: folds 
HéStiA: calls $0.03
HAEMHuk2009: raises $0.17 to $0.22
costica1949: folds 
Dorex2007: folds 
HéStiA: folds 
Uncalled bet ($0.17) returned to HAEMHuk2009
HAEMHuk2009 collected $0.20 from pot
*** SUMMARY ***
Total pot $0.20 | Rake $0 
Seat 2: HAEMHuk2009 (big blind) collected ($0.20)
Seat 3: costica1949 folded before Flop
Seat 4: Dorex2007 folded before Flop
Seat 6: nvhnam folded before Flop (didn't bet)
Seat 8: Atrito190 (button) folded before Flop (didn't bet)
Seat 9: HéStiA (small blind) folded before Flop



