PokerStars Hand #232503015237:  Hold'em No Limit ($0.01/$0.02 USD) - 2021/12/25 3:12:16 PT [2021/12/25 6:12:16 ET]
Table 'Icarus III' 9-max Seat #4 is the button
Seat 1: STEEN1955 ($1.97 in chips) 
Seat 2: Stormy_88888 ($1.78 in chips) 
Seat 3: Dorex2007 ($2 in chips) 
Seat 4: White&BlackStar ($1.65 in chips) 
Seat 5: Deruzhenko ($1.59 in chips) 
Seat 6: Mrs Overall ($2.15 in chips) 
Seat 7: 35789218 ($1.44 in chips) 
Seat 8: Andreyses62 ($2.10 in chips) 
Seat 9: zeiggi ($1.67 in chips) 
Deruzhenko: posts small blind $0.01
Mrs Overall: posts big blind $0.02
Dorex2007: posts big blind $0.02
*** HOLE CARDS ***
Dealt to Dorex2007 [Js 4s]
35789218: folds 
Andreyses62: folds 
zeiggi: folds 
STEEN1955: folds 
Stormy_88888: folds 
Dorex2007: checks 
White&BlackStar: folds 
Deruzhenko: calls $0.01
Mrs Overall: checks 
*** FLOP *** [7d Jc Ad]
Deruzhenko: checks 
Mrs Overall: checks 
Dorex2007: bets $0.03
Deruzhenko: folds 
Mrs Overall: folds 
Uncalled bet ($0.03) returned to Dorex2007
Dorex2007 collected $0.06 from pot
Dorex2007: doesn't show hand 
*** SUMMARY ***
Total pot $0.06 | Rake $0 
Board [7d Jc Ad]
Seat 1: STEEN1955 folded before Flop (didn't bet)
Seat 2: Stormy_88888 folded before Flop (didn't bet)
Seat 3: Dorex2007 collected ($0.06)
Seat 4: White&BlackStar (button) folded before Flop (didn't bet)
Seat 5: Deruzhenko (small blind) folded on the Flop
Seat 6: Mrs Overall (big blind) folded on the Flop
Seat 7: 35789218 folded before Flop (didn't bet)
Seat 8: Andreyses62 folded before Flop (didn't bet)
Seat 9: zeiggi folded before Flop (didn't bet)



PokerStars Hand #232503024013:  Hold'em No Limit ($0.01/$0.02 USD) - 2021/12/25 3:12:54 PT [2021/12/25 6:12:54 ET]
Table 'Icarus III' 9-max Seat #5 is the button
Seat 1: STEEN1955 ($1.97 in chips) 
Seat 2: Stormy_88888 ($1.78 in chips) 
Seat 3: Dorex2007 ($2.04 in chips) 
Seat 4: White&BlackStar ($1.65 in chips) 
Seat 5: Deruzhenko ($1.57 in chips) 
Seat 6: Mrs Overall ($2.13 in chips) 
Seat 7: 35789218 ($1.44 in chips) 
Seat 8: Andreyses62 ($2.10 in chips) 
Seat 9: zeiggi ($1.67 in chips) 
Mrs Overall: posts small blind $0.01
35789218: posts big blind $0.02
*** HOLE CARDS ***
Dealt to Dorex2007 [6s Qh]
Andreyses62: raises $0.04 to $0.06
zeiggi: folds 
STEEN1955: folds 
Stormy_88888: folds 
Dorex2007: folds 
White&BlackStar: folds 
Deruzhenko: folds 
Mrs Overall: folds 
35789218: folds 
Uncalled bet ($0.04) returned to Andreyses62
Andreyses62 collected $0.05 from pot
*** SUMMARY ***
Total pot $0.05 | Rake $0 
Seat 1: STEEN1955 folded before Flop (didn't bet)
Seat 2: Stormy_88888 folded before Flop (didn't bet)
Seat 3: Dorex2007 folded before Flop (didn't bet)
Seat 4: White&BlackStar folded before Flop (didn't bet)
Seat 5: Deruzhenko (button) folded before Flop (didn't bet)
Seat 6: Mrs Overall (small blind) folded before Flop
Seat 7: 35789218 (big blind) folded before Flop
Seat 8: Andreyses62 collected ($0.05)
Seat 9: zeiggi folded before Flop (didn't bet)



PokerStars Hand #232503027921:  Hold'em No Limit ($0.01/$0.02 USD) - 2021/12/25 3:13:11 PT [2021/12/25 6:13:11 ET]
Table 'Icarus III' 9-max Seat #6 is the button
Seat 1: STEEN1955 ($1.97 in chips) 
Seat 2: Stormy_88888 ($1.78 in chips) 
Seat 3: Dorex2007 ($2.04 in chips) 
Seat 4: White&BlackStar ($1.65 in chips) 
Seat 5: Deruzhenko ($1.57 in chips) 
Seat 6: Mrs Overall ($2.12 in chips) 
Seat 7: 35789218 ($1.42 in chips) 
Seat 8: Andreyses62 ($2.13 in chips) 
Seat 9: zeiggi ($1.67 in chips) 
35789218: posts small blind $0.01
Andreyses62: posts big blind $0.02
*** HOLE CARDS ***
Dealt to Dorex2007 [9h 8d]
zeiggi: folds 
STEEN1955: folds 
Stormy_88888: calls $0.02
Dorex2007: folds 
White&BlackStar: folds 
Deruzhenko: folds 
Mrs Overall: folds 
35789218: calls $0.01
Andreyses62: checks 
*** FLOP *** [3d Js Jh]
35789218: bets $0.02
Andreyses62: folds 
Stormy_88888: calls $0.02
*** TURN *** [3d Js Jh] [Kd]
35789218: checks 
Stormy_88888: bets $0.04
35789218: folds 
Uncalled bet ($0.04) returned to Stormy_88888
Stormy_88888 collected $0.10 from pot
Stormy_88888: doesn't show hand 
*** SUMMARY ***
Total pot $0.10 | Rake $0 
Board [3d Js Jh Kd]
Seat 1: STEEN1955 folded before Flop (didn't bet)
Seat 2: Stormy_88888 collected ($0.10)
Seat 3: Dorex2007 folded before Flop (didn't bet)
Seat 4: White&BlackStar folded before Flop (didn't bet)
Seat 5: Deruzhenko folded before Flop (didn't bet)
Seat 6: Mrs Overall (button) folded before Flop (didn't bet)
Seat 7: 35789218 (small blind) folded on the Turn
Seat 8: Andreyses62 (big blind) folded on the Flop
Seat 9: zeiggi folded before Flop (didn't bet)



PokerStars Hand #232503038525:  Hold'em No Limit ($0.01/$0.02 USD) - 2021/12/25 3:13:56 PT [2021/12/25 6:13:56 ET]
Table 'Icarus III' 9-max Seat #7 is the button
Seat 1: STEEN1955 ($1.97 in chips) 
Seat 2: Stormy_88888 ($1.84 in chips) 
Seat 3: Dorex2007 ($2.04 in chips) 
Seat 4: White&BlackStar ($1.65 in chips) 
Seat 5: Deruzhenko ($1.57 in chips) 
Seat 6: Mrs Overall ($2.12 in chips) 
Seat 7: 35789218 ($1.38 in chips) 
Seat 8: Andreyses62 ($2.11 in chips) 
Seat 9: zeiggi ($1.67 in chips) 
Andreyses62: posts small blind $0.01
zeiggi: posts big blind $0.02
*** HOLE CARDS ***
Dealt to Dorex2007 [3h Jh]
STEEN1955: folds 
Stormy_88888: calls $0.02
Dorex2007: folds 
White&BlackStar: calls $0.02
Deruzhenko: folds 
Mrs Overall: folds 
35789218: folds 
Andreyses62: folds 
zeiggi: checks 
*** FLOP *** [Kh Td 4c]
zeiggi: checks 
Stormy_88888: checks 
White&BlackStar: checks 
*** TURN *** [Kh Td 4c] [Ac]
zeiggi: checks 
Stormy_88888: checks 
White&BlackStar: bets $0.07
zeiggi: folds 
Stormy_88888: folds 
Uncalled bet ($0.07) returned to White&BlackStar
White&BlackStar collected $0.07 from pot
White&BlackStar: doesn't show hand 
*** SUMMARY ***
Total pot $0.07 | Rake $0 
Board [Kh Td 4c Ac]
Seat 1: STEEN1955 folded before Flop (didn't bet)
Seat 2: Stormy_88888 folded on the Turn
Seat 3: Dorex2007 folded before Flop (didn't bet)
Seat 4: White&BlackStar collected ($0.07)
Seat 5: Deruzhenko folded before Flop (didn't bet)
Seat 6: Mrs Overall folded before Flop (didn't bet)
Seat 7: 35789218 (button) folded before Flop (didn't bet)
Seat 8: Andreyses62 (small blind) folded before Flop
Seat 9: zeiggi (big blind) folded on the Turn



PokerStars Hand #232503051169:  Hold'em No Limit ($0.01/$0.02 USD) - 2021/12/25 3:14:49 PT [2021/12/25 6:14:49 ET]
Table 'Icarus III' 9-max Seat #8 is the button
Seat 1: STEEN1955 ($1.97 in chips) 
Seat 2: Stormy_88888 ($1.82 in chips) 
Seat 3: Dorex2007 ($2.04 in chips) 
Seat 4: White&BlackStar ($1.70 in chips) 
Seat 5: Deruzhenko ($1.57 in chips) 
Seat 6: Mrs Overall ($2.12 in chips) 
Seat 7: 35789218 ($1.38 in chips) 
Seat 8: Andreyses62 ($2.10 in chips) 
Seat 9: zeiggi ($1.65 in chips) 
zeiggi: posts small blind $0.01
STEEN1955: posts big blind $0.02
*** HOLE CARDS ***
Dealt to Dorex2007 [Qs Qd]
Stormy_88888: folds 
Dorex2007: raises $0.04 to $0.06
White&BlackStar: folds 
Deruzhenko: folds 
Mrs Overall: folds 
35789218: folds 
Andreyses62: folds 
zeiggi: calls $0.05
STEEN1955: folds 
*** FLOP *** [3d Ac 6d]
zeiggi: checks 
Dorex2007: checks 
*** TURN *** [3d Ac 6d] [2h]
zeiggi: bets $0.09
Dorex2007: folds 
Uncalled bet ($0.09) returned to zeiggi
zeiggi collected $0.14 from pot
zeiggi: doesn't show hand 
*** SUMMARY ***
Total pot $0.14 | Rake $0 
Board [3d Ac 6d 2h]
Seat 1: STEEN1955 (big blind) folded before Flop
Seat 2: Stormy_88888 folded before Flop (didn't bet)
Seat 3: Dorex2007 folded on the Turn
Seat 4: White&BlackStar folded before Flop (didn't bet)
Seat 5: Deruzhenko folded before Flop (didn't bet)
Seat 6: Mrs Overall folded before Flop (didn't bet)
Seat 7: 35789218 folded before Flop (didn't bet)
Seat 8: Andreyses62 (button) folded before Flop (didn't bet)
Seat 9: zeiggi (small blind) collected ($0.14)



PokerStars Hand #232503060906:  Hold'em No Limit ($0.01/$0.02 USD) - 2021/12/25 3:15:30 PT [2021/12/25 6:15:30 ET]
Table 'Icarus III' 9-max Seat #9 is the button
Seat 1: STEEN1955 ($1.95 in chips) 
Seat 2: Stormy_88888 ($1.82 in chips) 
Seat 3: Dorex2007 ($2 in chips) 
Seat 4: White&BlackStar ($1.70 in chips) 
Seat 6: Mrs Overall ($2.12 in chips) 
Seat 7: 35789218 ($1.38 in chips) 
Seat 8: Andreyses62 ($2.10 in chips) 
Seat 9: zeiggi ($1.73 in chips) 
STEEN1955: posts small blind $0.01
Stormy_88888: posts big blind $0.02
*** HOLE CARDS ***
Dealt to Dorex2007 [9s Qd]
Deruzhenko is disconnected 
Dorex2007: folds 
White&BlackStar: folds 
Mrs Overall: folds 
35789218: folds 
Andreyses62: raises $0.04 to $0.06
zeiggi: calls $0.06
STEEN1955: folds 
Stormy_88888: calls $0.04
*** FLOP *** [5h Ah 6s]
Stormy_88888: bets $0.04
Andreyses62: raises $0.08 to $0.12
zeiggi: calls $0.12
Stormy_88888: folds 
*** TURN *** [5h Ah 6s] [6d]
Andreyses62: bets $0.45
zeiggi: raises $1.10 to $1.55 and is all-in
Andreyses62: folds 
Uncalled bet ($1.10) returned to zeiggi
zeiggi collected $1.32 from pot
zeiggi: doesn't show hand 
*** SUMMARY ***
Total pot $1.37 | Rake $0.05 
Board [5h Ah 6s 6d]
Seat 1: STEEN1955 (small blind) folded before Flop
Seat 2: Stormy_88888 (big blind) folded on the Flop
Seat 3: Dorex2007 folded before Flop (didn't bet)
Seat 4: White&BlackStar folded before Flop (didn't bet)
Seat 6: Mrs Overall folded before Flop (didn't bet)
Seat 7: 35789218 folded before Flop (didn't bet)
Seat 8: Andreyses62 folded on the Turn
Seat 9: zeiggi (button) collected ($1.32)



PokerStars Hand #232503097263:  Hold'em No Limit ($0.01/$0.02 USD) - 2021/12/25 3:18:03 PT [2021/12/25 6:18:03 ET]
Table 'Icarus III' 9-max Seat #4 is the button
Seat 1: STEEN1955 ($1.90 in chips) 
Seat 2: Stormy_88888 ($1.71 in chips) 
Seat 3: Dorex2007 ($2 in chips) 
Seat 4: White&BlackStar ($1.64 in chips) 
Seat 6: Mrs Overall ($2.17 in chips) 
Seat 8: Andreyses62 ($1.47 in chips) 
Seat 9: zeiggi ($2.50 in chips) 
Mrs Overall: posts small blind $0.01
Andreyses62: posts big blind $0.02
Dorex2007: posts small & big blinds $0.03
*** HOLE CARDS ***
Dealt to Dorex2007 [Jh 2c]
zeiggi: raises $0.06 to $0.08
STEEN1955: folds 
Stormy_88888: folds 
Dorex2007: folds 
White&BlackStar: folds 
Mrs Overall: folds 
Andreyses62: raises $0.16 to $0.24
zeiggi: calls $0.16
*** FLOP *** [Ad 3d 7c]
Andreyses62: checks 
zeiggi: bets $0.38
Andreyses62: calls $0.38
*** TURN *** [Ad 3d 7c] [3c]
Andreyses62: checks 
zeiggi: bets $1.88 and is all-in
Andreyses62: calls $0.85 and is all-in
Uncalled bet ($1.03) returned to zeiggi
*** RIVER *** [Ad 3d 7c 3c] [Js]
*** SHOW DOWN ***
Andreyses62: shows [Ah Qh] (two pair, Aces and Threes)
zeiggi: shows [As Qc] (two pair, Aces and Threes)
Andreyses62 collected $1.44 from pot
zeiggi collected $1.44 from pot
*** SUMMARY ***
Total pot $2.98 | Rake $0.10 
Board [Ad 3d 7c 3c Js]
Seat 1: STEEN1955 folded before Flop (didn't bet)
Seat 2: Stormy_88888 folded before Flop (didn't bet)
Seat 3: Dorex2007 folded before Flop (didn't bet)
Seat 4: White&BlackStar (button) folded before Flop (didn't bet)
Seat 6: Mrs Overall (small blind) folded before Flop
Seat 8: Andreyses62 (big blind) showed [Ah Qh] and won ($1.44) with two pair, Aces and Threes
Seat 9: zeiggi showed [As Qc] and won ($1.44) with two pair, Aces and Threes



PokerStars Hand #232503120714:  Hold'em No Limit ($0.01/$0.02 USD) - 2021/12/25 3:19:01 PT [2021/12/25 6:19:01 ET]
Table 'Icarus III' 9-max Seat #6 is the button
Seat 1: STEEN1955 ($1.90 in chips) 
Seat 2: Stormy_88888 ($1.71 in chips) 
Seat 3: Dorex2007 ($2 in chips) 
Seat 4: White&BlackStar ($1.64 in chips) 
Seat 5: Deruzhenko ($1.57 in chips) 
Seat 6: Mrs Overall ($2.16 in chips) 
Seat 8: Andreyses62 ($1.44 in chips) 
Seat 9: zeiggi ($2.47 in chips) 
Andreyses62: posts small blind $0.01
zeiggi: posts big blind $0.02
Deruzhenko: posts small & big blinds $0.03
*** HOLE CARDS ***
Dealt to Dorex2007 [3h 4c]
STEEN1955: folds 
Stormy_88888: folds 
Dorex2007: folds 
White&BlackStar: folds 
Deruzhenko: checks 
Mrs Overall: folds 
Andreyses62: folds 
zeiggi: checks 
*** FLOP *** [Js 5s 3c]
zeiggi: checks 
Deruzhenko: checks 
*** TURN *** [Js 5s 3c] [5c]
zeiggi: checks 
Deruzhenko: checks 
*** RIVER *** [Js 5s 3c 5c] [Ts]
zeiggi: checks 
Deruzhenko: checks 
*** SHOW DOWN ***
zeiggi: shows [Qd 8s] (a pair of Fives)
Deruzhenko: shows [3s 9c] (two pair, Fives and Threes)
Deruzhenko collected $0.06 from pot
*** SUMMARY ***
Total pot $0.06 | Rake $0 
Board [Js 5s 3c 5c Ts]
Seat 1: STEEN1955 folded before Flop (didn't bet)
Seat 2: Stormy_88888 folded before Flop (didn't bet)
Seat 3: Dorex2007 folded before Flop (didn't bet)
Seat 4: White&BlackStar folded before Flop (didn't bet)
Seat 5: Deruzhenko showed [3s 9c] and won ($0.06) with two pair, Fives and Threes
Seat 6: Mrs Overall (button) folded before Flop (didn't bet)
Seat 8: Andreyses62 (small blind) folded before Flop
Seat 9: zeiggi (big blind) showed [Qd 8s] and lost with a pair of Fives



PokerStars Hand #232503128209:  Hold'em No Limit ($0.01/$0.02 USD) - 2021/12/25 3:19:33 PT [2021/12/25 6:19:33 ET]
Table 'Icarus III' 9-max Seat #8 is the button
Seat 1: STEEN1955 ($1.90 in chips) 
Seat 2: Stormy_88888 ($1.71 in chips) 
Seat 3: Dorex2007 ($2 in chips) 
Seat 4: White&BlackStar ($1.64 in chips) 
Seat 5: Deruzhenko ($1.60 in chips) 
Seat 6: Mrs Overall ($2.16 in chips) 
Seat 8: Andreyses62 ($1.43 in chips) 
Seat 9: zeiggi ($2.45 in chips) 
zeiggi: posts small blind $0.01
STEEN1955: posts big blind $0.02
*** HOLE CARDS ***
Dealt to Dorex2007 [6c Qd]
Stormy_88888: folds 
Dorex2007: folds 
White&BlackStar: folds 
Deruzhenko: folds 
Mrs Overall: folds 
Andreyses62: folds 
zeiggi: raises $0.04 to $0.06
STEEN1955: folds 
Uncalled bet ($0.04) returned to zeiggi
zeiggi collected $0.04 from pot
zeiggi: doesn't show hand 
*** SUMMARY ***
Total pot $0.04 | Rake $0 
Seat 1: STEEN1955 (big blind) folded before Flop
Seat 2: Stormy_88888 folded before Flop (didn't bet)
Seat 3: Dorex2007 folded before Flop (didn't bet)
Seat 4: White&BlackStar folded before Flop (didn't bet)
Seat 5: Deruzhenko folded before Flop (didn't bet)
Seat 6: Mrs Overall folded before Flop (didn't bet)
Seat 8: Andreyses62 (button) folded before Flop (didn't bet)
Seat 9: zeiggi (small blind) collected ($0.04)



PokerStars Hand #232503132437:  Hold'em No Limit ($0.01/$0.02 USD) - 2021/12/25 3:19:50 PT [2021/12/25 6:19:50 ET]
Table 'Icarus III' 9-max Seat #9 is the button
Seat 1: STEEN1955 ($1.88 in chips) 
Seat 2: Stormy_88888 ($1.71 in chips) 
Seat 3: Dorex2007 ($2 in chips) 
Seat 4: White&BlackStar ($1.64 in chips) 
Seat 5: Deruzhenko ($1.60 in chips) 
Seat 6: Mrs Overall ($2.16 in chips) 
Seat 8: Andreyses62 ($1.43 in chips) 
Seat 9: zeiggi ($2.47 in chips) 
STEEN1955: posts small blind $0.01
Stormy_88888: posts big blind $0.02
*** HOLE CARDS ***
Dealt to Dorex2007 [5s 2h]
Dorex2007: folds 
White&BlackStar: folds 
Deruzhenko: folds 
Mrs Overall: raises $0.06 to $0.08
Andreyses62: raises $0.16 to $0.24
zeiggi: folds 
STEEN1955: folds 
Stormy_88888: folds 
Mrs Overall: calls $0.16
*** FLOP *** [Qh 4s Qs]
Mrs Overall: checks 
Andreyses62: bets $0.18
Mrs Overall: raises $0.18 to $0.36
Andreyses62: calls $0.18
*** TURN *** [Qh 4s Qs] [4h]
Mrs Overall: bets $0.60
Andreyses62: folds 
Uncalled bet ($0.60) returned to Mrs Overall
Mrs Overall collected $1.19 from pot
Mrs Overall: doesn't show hand 
*** SUMMARY ***
Total pot $1.23 | Rake $0.04 
Board [Qh 4s Qs 4h]
Seat 1: STEEN1955 (small blind) folded before Flop
Seat 2: Stormy_88888 (big blind) folded before Flop
Seat 3: Dorex2007 folded before Flop (didn't bet)
Seat 4: White&BlackStar folded before Flop (didn't bet)
Seat 5: Deruzhenko folded before Flop (didn't bet)
Seat 6: Mrs Overall collected ($1.19)
Seat 8: Andreyses62 folded on the Turn
Seat 9: zeiggi (button) folded before Flop (didn't bet)



PokerStars Hand #232503146991:  Hold'em No Limit ($0.01/$0.02 USD) - 2021/12/25 3:20:53 PT [2021/12/25 6:20:53 ET]
Table 'Icarus III' 9-max Seat #1 is the button
Seat 1: STEEN1955 ($1.87 in chips) 
Seat 2: Stormy_88888 ($1.69 in chips) 
Seat 3: Dorex2007 ($2 in chips) 
Seat 4: White&BlackStar ($1.64 in chips) 
Seat 5: Deruzhenko ($1.60 in chips) 
Seat 6: Mrs Overall ($2.75 in chips) 
Seat 8: Andreyses62 ($0.83 in chips) 
Seat 9: zeiggi ($2.47 in chips) 
Stormy_88888: posts small blind $0.01
Dorex2007: posts big blind $0.02
*** HOLE CARDS ***
Dealt to Dorex2007 [7c 9h]
White&BlackStar: folds 
Deruzhenko: folds 
Mrs Overall: raises $0.06 to $0.08
Andreyses62: folds 
zeiggi: calls $0.08
STEEN1955: folds 
Stormy_88888: folds 
Dorex2007: folds 
*** FLOP *** [7h Tc 4c]
Mrs Overall: checks 
zeiggi: bets $0.12
calidad1986 joins the table at seat #7 
Mrs Overall: calls $0.12
*** TURN *** [7h Tc 4c] [8c]
Mrs Overall: checks 
zeiggi: checks 
*** RIVER *** [7h Tc 4c 8c] [5d]
Mrs Overall: bets $0.21
zeiggi: calls $0.21
*** SHOW DOWN ***
Mrs Overall: shows [8d 8h] (three of a kind, Eights)
zeiggi: mucks hand 
Mrs Overall collected $0.82 from pot
*** SUMMARY ***
Total pot $0.85 | Rake $0.03 
Board [7h Tc 4c 8c 5d]
Seat 1: STEEN1955 (button) folded before Flop (didn't bet)
Seat 2: Stormy_88888 (small blind) folded before Flop
Seat 3: Dorex2007 (big blind) folded before Flop
Seat 4: White&BlackStar folded before Flop (didn't bet)
Seat 5: Deruzhenko folded before Flop (didn't bet)
Seat 6: Mrs Overall showed [8d 8h] and won ($0.82) with three of a kind, Eights
Seat 8: Andreyses62 folded before Flop (didn't bet)
Seat 9: zeiggi mucked [Th As]



PokerStars Hand #232503157010:  Hold'em No Limit ($0.01/$0.02 USD) - 2021/12/25 3:21:36 PT [2021/12/25 6:21:36 ET]
Table 'Icarus III' 9-max Seat #2 is the button
Seat 1: STEEN1955 ($1.87 in chips) 
Seat 2: Stormy_88888 ($1.68 in chips) 
Seat 3: Dorex2007 ($2 in chips) 
Seat 4: White&BlackStar ($1.64 in chips) 
Seat 5: Deruzhenko ($1.60 in chips) 
Seat 6: Mrs Overall ($3.16 in chips) 
Seat 8: Andreyses62 ($0.83 in chips) 
Seat 9: zeiggi ($2.06 in chips) 
Dorex2007: posts small blind $0.01
White&BlackStar: posts big blind $0.02
calidad1986: sits out 
*** HOLE CARDS ***
Dealt to Dorex2007 [Ac 2d]
Deruzhenko: calls $0.02
Mrs Overall: calls $0.02
Andreyses62: folds 
zeiggi: folds 
STEEN1955: folds 
Stormy_88888: raises $0.08 to $0.10
Dorex2007: folds 
White&BlackStar: calls $0.08
Deruzhenko: calls $0.08
Mrs Overall: folds 
*** FLOP *** [Qh Qc 8s]
White&BlackStar: checks 
Deruzhenko: checks 
Stormy_88888: checks 
*** TURN *** [Qh Qc 8s] [8h]
White&BlackStar: bets $0.02
Deruzhenko: calls $0.02
Stormy_88888: folds 
*** RIVER *** [Qh Qc 8s 8h] [2c]
White&BlackStar: checks 
Deruzhenko: bets $0.02
White&BlackStar: folds 
Uncalled bet ($0.02) returned to Deruzhenko
Deruzhenko collected $0.36 from pot
Deruzhenko: doesn't show hand 
*** SUMMARY ***
Total pot $0.37 | Rake $0.01 
Board [Qh Qc 8s 8h 2c]
Seat 1: STEEN1955 folded before Flop (didn't bet)
Seat 2: Stormy_88888 (button) folded on the Turn
Seat 3: Dorex2007 (small blind) folded before Flop
Seat 4: White&BlackStar (big blind) folded on the River
Seat 5: Deruzhenko collected ($0.36)
Seat 6: Mrs Overall folded before Flop
Seat 8: Andreyses62 folded before Flop (didn't bet)
Seat 9: zeiggi folded before Flop (didn't bet)



PokerStars Hand #232503174665:  Hold'em No Limit ($0.01/$0.02 USD) - 2021/12/25 3:22:51 PT [2021/12/25 6:22:51 ET]
Table 'Icarus III' 9-max Seat #3 is the button
Seat 1: STEEN1955 ($1.87 in chips) 
Seat 2: Stormy_88888 ($1.58 in chips) 
Seat 3: Dorex2007 ($2 in chips) 
Seat 4: White&BlackStar ($1.52 in chips) 
Seat 5: Deruzhenko ($1.84 in chips) 
Seat 6: Mrs Overall ($3.14 in chips) 
Seat 8: Andreyses62 ($0.83 in chips) 
Seat 9: zeiggi ($2.06 in chips) 
White&BlackStar: posts small blind $0.01
Deruzhenko: posts big blind $0.02
calidad1986: sits out 
*** HOLE CARDS ***
Dealt to Dorex2007 [7c Th]
Mrs Overall: folds 
Andreyses62: folds 
zeiggi: raises $0.04 to $0.06
STEEN1955: folds 
Stormy_88888: folds 
Dorex2007: folds 
White&BlackStar: folds 
Deruzhenko: folds 
Uncalled bet ($0.04) returned to zeiggi
zeiggi collected $0.05 from pot
zeiggi: doesn't show hand 
*** SUMMARY ***
Total pot $0.05 | Rake $0 
Seat 1: STEEN1955 folded before Flop (didn't bet)
Seat 2: Stormy_88888 folded before Flop (didn't bet)
Seat 3: Dorex2007 (button) folded before Flop (didn't bet)
Seat 4: White&BlackStar (small blind) folded before Flop
Seat 5: Deruzhenko (big blind) folded before Flop
Seat 6: Mrs Overall folded before Flop (didn't bet)
Seat 8: Andreyses62 folded before Flop (didn't bet)
Seat 9: zeiggi collected ($0.05)



PokerStars Hand #232503178846:  Hold'em No Limit ($0.01/$0.02 USD) - 2021/12/25 3:23:09 PT [2021/12/25 6:23:09 ET]
Table 'Icarus III' 9-max Seat #4 is the button
Seat 1: STEEN1955 ($1.87 in chips) 
Seat 2: Stormy_88888 ($1.58 in chips) 
Seat 3: Dorex2007 ($2 in chips) 
Seat 4: White&BlackStar ($1.51 in chips) 
Seat 5: Deruzhenko ($1.82 in chips) 
Seat 6: Mrs Overall ($3.14 in chips) 
Seat 8: Andreyses62 ($0.83 in chips) 
Seat 9: zeiggi ($2.09 in chips) 
Deruzhenko: posts small blind $0.01
Mrs Overall: posts big blind $0.02
calidad1986: sits out 
*** HOLE CARDS ***
Dealt to Dorex2007 [2s Js]
Andreyses62: folds 
zeiggi: folds 
STEEN1955: folds 
Stormy_88888: folds 
Dorex2007: folds 
White&BlackStar: folds 
Deruzhenko: calls $0.01
Mrs Overall: checks 
*** FLOP *** [Ad Ac 2d]
Deruzhenko: checks 
Mrs Overall: bets $0.06
Deruzhenko: folds 
Uncalled bet ($0.06) returned to Mrs Overall
Mrs Overall collected $0.04 from pot
Mrs Overall: doesn't show hand 
*** SUMMARY ***
Total pot $0.04 | Rake $0 
Board [Ad Ac 2d]
Seat 1: STEEN1955 folded before Flop (didn't bet)
Seat 2: Stormy_88888 folded before Flop (didn't bet)
Seat 3: Dorex2007 folded before Flop (didn't bet)
Seat 4: White&BlackStar (button) folded before Flop (didn't bet)
Seat 5: Deruzhenko (small blind) folded on the Flop
Seat 6: Mrs Overall (big blind) collected ($0.04)
Seat 8: Andreyses62 folded before Flop (didn't bet)
Seat 9: zeiggi folded before Flop (didn't bet)



PokerStars Hand #232503186976:  Hold'em No Limit ($0.01/$0.02 USD) - 2021/12/25 3:23:43 PT [2021/12/25 6:23:43 ET]
Table 'Icarus III' 9-max Seat #5 is the button
Seat 1: STEEN1955 ($1.87 in chips) 
Seat 2: Stormy_88888 ($1.58 in chips) 
Seat 3: Dorex2007 ($2 in chips) 
Seat 4: White&BlackStar ($1.51 in chips) 
Seat 5: Deruzhenko ($1.80 in chips) 
Seat 6: Mrs Overall ($3.16 in chips) 
Seat 7: calidad1986 ($2 in chips) 
Seat 8: Andreyses62 ($0.83 in chips) 
Seat 9: zeiggi ($2.09 in chips) 
Mrs Overall: posts small blind $0.01
calidad1986: posts big blind $0.02
*** HOLE CARDS ***
Dealt to Dorex2007 [Ts 6h]
Andreyses62: raises $0.04 to $0.06
zeiggi: folds 
STEEN1955: folds 
Stormy_88888: folds 
Dorex2007: folds 
White&BlackStar: calls $0.06
Deruzhenko: folds 
Mrs Overall: folds 
calidad1986: folds 
*** FLOP *** [5d 2s Ad]
Andreyses62: checks 
White&BlackStar: checks 
*** TURN *** [5d 2s Ad] [7h]
Andreyses62: bets $0.07
White&BlackStar: folds 
Uncalled bet ($0.07) returned to Andreyses62
Andreyses62 collected $0.14 from pot
*** SUMMARY ***
Total pot $0.15 | Rake $0.01 
Board [5d 2s Ad 7h]
Seat 1: STEEN1955 folded before Flop (didn't bet)
Seat 2: Stormy_88888 folded before Flop (didn't bet)
Seat 3: Dorex2007 folded before Flop (didn't bet)
Seat 4: White&BlackStar folded on the Turn
Seat 5: Deruzhenko (button) folded before Flop (didn't bet)
Seat 6: Mrs Overall (small blind) folded before Flop
Seat 7: calidad1986 (big blind) folded before Flop
Seat 8: Andreyses62 collected ($0.14)
Seat 9: zeiggi folded before Flop (didn't bet)



PokerStars Hand #232503199200:  Hold'em No Limit ($0.01/$0.02 USD) - 2021/12/25 3:24:34 PT [2021/12/25 6:24:34 ET]
Table 'Icarus III' 9-max Seat #6 is the button
Seat 1: STEEN1955 ($1.87 in chips) 
Seat 2: Stormy_88888 ($1.58 in chips) 
Seat 3: Dorex2007 ($2 in chips) 
Seat 4: White&BlackStar ($1.45 in chips) 
Seat 5: Deruzhenko ($1.80 in chips) 
Seat 6: Mrs Overall ($3.15 in chips) 
Seat 7: calidad1986 ($1.98 in chips) 
Seat 8: Andreyses62 ($0.91 in chips) 
Seat 9: zeiggi ($2.09 in chips) 
calidad1986: posts small blind $0.01
Andreyses62: posts big blind $0.02
*** HOLE CARDS ***
Dealt to Dorex2007 [Ac 7d]
zeiggi: raises $0.04 to $0.06
STEEN1955: folds 
Stormy_88888: folds 
Dorex2007: folds 
White&BlackStar: folds 
Deruzhenko: folds 
Mrs Overall: calls $0.06
calidad1986: calls $0.05
Andreyses62: folds 
*** FLOP *** [8c 8s 9c]
calidad1986: checks 
zeiggi: checks 
Mrs Overall: bets $0.10
calidad1986: folds 
zeiggi: folds 
Uncalled bet ($0.10) returned to Mrs Overall
Mrs Overall collected $0.19 from pot
Mrs Overall: doesn't show hand 
*** SUMMARY ***
Total pot $0.20 | Rake $0.01 
Board [8c 8s 9c]
Seat 1: STEEN1955 folded before Flop (didn't bet)
Seat 2: Stormy_88888 folded before Flop (didn't bet)
Seat 3: Dorex2007 folded before Flop (didn't bet)
Seat 4: White&BlackStar folded before Flop (didn't bet)
Seat 5: Deruzhenko folded before Flop (didn't bet)
Seat 6: Mrs Overall (button) collected ($0.19)
Seat 7: calidad1986 (small blind) folded on the Flop
Seat 8: Andreyses62 (big blind) folded before Flop
Seat 9: zeiggi folded on the Flop



PokerStars Hand #232503207611:  Hold'em No Limit ($0.01/$0.02 USD) - 2021/12/25 3:25:10 PT [2021/12/25 6:25:10 ET]
Table 'Icarus III' 9-max Seat #7 is the button
Seat 1: STEEN1955 ($1.87 in chips) 
Seat 2: Stormy_88888 ($1.58 in chips) 
Seat 3: Dorex2007 ($2 in chips) 
Seat 4: White&BlackStar ($1.45 in chips) 
Seat 5: Deruzhenko ($1.80 in chips) 
Seat 6: Mrs Overall ($3.28 in chips) 
Seat 7: calidad1986 ($1.92 in chips) 
Seat 8: Andreyses62 ($0.89 in chips) 
Seat 9: zeiggi ($2.03 in chips) 
Andreyses62: posts small blind $0.01
zeiggi: posts big blind $0.02
*** HOLE CARDS ***
Dealt to Dorex2007 [As 2h]
STEEN1955: folds 
Stormy_88888: folds 
Dorex2007: folds 
White&BlackStar: calls $0.02
Deruzhenko: raises $0.02 to $0.04
Mrs Overall: folds 
calidad1986: folds 
Andreyses62: calls $0.03
zeiggi: calls $0.02
White&BlackStar: calls $0.02
*** FLOP *** [Td Jc Ts]
Andreyses62: checks 
zeiggi: checks 
White&BlackStar: checks 
Deruzhenko: bets $0.02
Andreyses62: calls $0.02
zeiggi: folds 
White&BlackStar: folds 
*** TURN *** [Td Jc Ts] [9s]
Andreyses62: checks 
Deruzhenko: bets $0.02
Andreyses62: raises $0.08 to $0.10
Deruzhenko: calls $0.08
*** RIVER *** [Td Jc Ts 9s] [Qs]
Andreyses62: checks 
Deruzhenko: checks 
*** SHOW DOWN ***
Andreyses62: shows [5d 5s] (two pair, Tens and Fives)
Deruzhenko: shows [Kd Kc] (a straight, Nine to King)
Deruzhenko collected $0.39 from pot
*** SUMMARY ***
Total pot $0.40 | Rake $0.01 
Board [Td Jc Ts 9s Qs]
Seat 1: STEEN1955 folded before Flop (didn't bet)
Seat 2: Stormy_88888 folded before Flop (didn't bet)
Seat 3: Dorex2007 folded before Flop (didn't bet)
Seat 4: White&BlackStar folded on the Flop
Seat 5: Deruzhenko showed [Kd Kc] and won ($0.39) with a straight, Nine to King
Seat 6: Mrs Overall folded before Flop (didn't bet)
Seat 7: calidad1986 (button) folded before Flop (didn't bet)
Seat 8: Andreyses62 (small blind) showed [5d 5s] and lost with two pair, Tens and Fives
Seat 9: zeiggi (big blind) folded on the Flop



PokerStars Hand #232503223580:  Hold'em No Limit ($0.01/$0.02 USD) - 2021/12/25 3:26:17 PT [2021/12/25 6:26:17 ET]
Table 'Icarus III' 9-max Seat #8 is the button
Seat 1: STEEN1955 ($1.87 in chips) 
Seat 2: Stormy_88888 ($1.58 in chips) 
Seat 3: Dorex2007 ($2 in chips) 
Seat 4: White&BlackStar ($1.41 in chips) 
Seat 5: Deruzhenko ($2.03 in chips) 
Seat 6: Mrs Overall ($3.28 in chips) 
Seat 7: calidad1986 ($2 in chips) 
Seat 8: Andreyses62 ($0.73 in chips) 
Seat 9: zeiggi ($1.99 in chips) 
zeiggi: posts small blind $0.01
STEEN1955: posts big blind $0.02
*** HOLE CARDS ***
Dealt to Dorex2007 [9c 6h]
Stormy_88888: folds 
Dorex2007: folds 
White&BlackStar: folds 
Deruzhenko: raises $0.02 to $0.04
Mrs Overall: calls $0.04
calidad1986: folds 
Andreyses62: folds 
Andreyses62 leaves the table
zeiggi: folds 
STEEN1955: folds 
*** FLOP *** [8c Jh 3d]
Deruzhenko: bets $0.02
Mrs Overall: calls $0.02
*** TURN *** [8c Jh 3d] [Ah]
Deruzhenko: bets $0.02
Mrs Overall: raises $0.06 to $0.08
Deruzhenko: raises $0.06 to $0.14
Mrs Overall: calls $0.06
*** RIVER *** [8c Jh 3d Ah] [Kh]
Deruzhenko: bets $0.02
Mrs Overall: calls $0.02
*** SHOW DOWN ***
Deruzhenko: shows [Jd Ad] (two pair, Aces and Jacks)
Mrs Overall: mucks hand 
Deruzhenko collected $0.45 from pot
*** SUMMARY ***
Total pot $0.47 | Rake $0.02 
Board [8c Jh 3d Ah Kh]
Seat 1: STEEN1955 (big blind) folded before Flop
Seat 2: Stormy_88888 folded before Flop (didn't bet)
Seat 3: Dorex2007 folded before Flop (didn't bet)
Seat 4: White&BlackStar folded before Flop (didn't bet)
Seat 5: Deruzhenko showed [Jd Ad] and won ($0.45) with two pair, Aces and Jacks
Seat 6: Mrs Overall mucked [Qh Ks]
Seat 7: calidad1986 folded before Flop (didn't bet)
Seat 8: Andreyses62 (button) folded before Flop (didn't bet)
Seat 9: zeiggi (small blind) folded before Flop



PokerStars Hand #232503234951:  Hold'em No Limit ($0.01/$0.02 USD) - 2021/12/25 3:27:05 PT [2021/12/25 6:27:05 ET]
Table 'Icarus III' 9-max Seat #9 is the button
Seat 1: STEEN1955 ($1.85 in chips) 
Seat 2: Stormy_88888 ($1.58 in chips) 
Seat 3: Dorex2007 ($2 in chips) 
Seat 4: White&BlackStar ($1.41 in chips) 
Seat 5: Deruzhenko ($2.26 in chips) 
Seat 6: Mrs Overall ($3.06 in chips) 
Seat 7: calidad1986 ($2 in chips) 
Seat 9: zeiggi ($1.98 in chips) 
STEEN1955: posts small blind $0.01
Stormy_88888: posts big blind $0.02
*** HOLE CARDS ***
Dealt to Dorex2007 [Qh 5h]
Dorex2007: folds 
White&BlackStar: folds 
Deruzhenko: folds 
Mrs Overall: calls $0.02
calidad1986: folds 
zeiggi: folds 
STEEN1955: folds 
Stormy_88888: checks 
*** FLOP *** [Td Qd Ts]
Stormy_88888: checks 
Mrs Overall: bets $0.06
Stormy_88888: folds 
Uncalled bet ($0.06) returned to Mrs Overall
Mrs Overall collected $0.05 from pot
Mrs Overall: doesn't show hand 
*** SUMMARY ***
Total pot $0.05 | Rake $0 
Board [Td Qd Ts]
Seat 1: STEEN1955 (small blind) folded before Flop
Seat 2: Stormy_88888 (big blind) folded on the Flop
Seat 3: Dorex2007 folded before Flop (didn't bet)
Seat 4: White&BlackStar folded before Flop (didn't bet)
Seat 5: Deruzhenko folded before Flop (didn't bet)
Seat 6: Mrs Overall collected ($0.05)
Seat 7: calidad1986 folded before Flop (didn't bet)
Seat 9: zeiggi (button) folded before Flop (didn't bet)



PokerStars Hand #232503239745:  Hold'em No Limit ($0.01/$0.02 USD) - 2021/12/25 3:27:25 PT [2021/12/25 6:27:25 ET]
Table 'Icarus III' 9-max Seat #1 is the button
Seat 1: STEEN1955 ($1.84 in chips) 
Seat 2: Stormy_88888 ($1.56 in chips) 
Seat 3: Dorex2007 ($2 in chips) 
Seat 4: White&BlackStar ($1.41 in chips) 
Seat 5: Deruzhenko ($2.26 in chips) 
Seat 6: Mrs Overall ($3.09 in chips) 
Seat 7: calidad1986 ($2 in chips) 
Seat 9: zeiggi ($1.98 in chips) 
Stormy_88888: posts small blind $0.01
Dorex2007: posts big blind $0.02
*** HOLE CARDS ***
Dealt to Dorex2007 [8s Qc]
koka754 joins the table at seat #8 
White&BlackStar: calls $0.02
Deruzhenko: calls $0.02
Mrs Overall: calls $0.02
calidad1986: calls $0.02
zeiggi: folds 
STEEN1955: folds 
Stormy_88888: calls $0.01
Dorex2007: checks 
*** FLOP *** [Qd Ac 5h]
Stormy_88888: checks 
Dorex2007: checks 
White&BlackStar: checks 
Deruzhenko: checks 
Mrs Overall: checks 
calidad1986: bets $0.06
Stormy_88888: folds 
Dorex2007: folds 
White&BlackStar: folds 
Deruzhenko: calls $0.06
Mrs Overall: folds 
*** TURN *** [Qd Ac 5h] [Tc]
Deruzhenko: checks 
calidad1986: bets $0.08
Deruzhenko: calls $0.08
*** RIVER *** [Qd Ac 5h Tc] [3s]
Deruzhenko: checks 
calidad1986: checks 
*** SHOW DOWN ***
Deruzhenko: shows [Jd Kh] (a straight, Ten to Ace)
calidad1986: mucks hand 
Deruzhenko collected $0.39 from pot
*** SUMMARY ***
Total pot $0.40 | Rake $0.01 
Board [Qd Ac 5h Tc 3s]
Seat 1: STEEN1955 (button) folded before Flop (didn't bet)
Seat 2: Stormy_88888 (small blind) folded on the Flop
Seat 3: Dorex2007 (big blind) folded on the Flop
Seat 4: White&BlackStar folded on the Flop
Seat 5: Deruzhenko showed [Jd Kh] and won ($0.39) with a straight, Ten to Ace
Seat 6: Mrs Overall folded on the Flop
Seat 7: calidad1986 mucked [Ad 7d]
Seat 9: zeiggi folded before Flop (didn't bet)



PokerStars Hand #232503257097:  Hold'em No Limit ($0.01/$0.02 USD) - 2021/12/25 3:28:38 PT [2021/12/25 6:28:38 ET]
Table 'Icarus III' 9-max Seat #2 is the button
Seat 1: STEEN1955 ($1.84 in chips) 
Seat 2: Stormy_88888 ($1.54 in chips) 
Seat 3: Dorex2007 ($2 in chips) 
Seat 4: White&BlackStar ($1.39 in chips) 
Seat 5: Deruzhenko ($2.49 in chips) 
Seat 6: Mrs Overall ($3.07 in chips) 
Seat 7: calidad1986 ($1.84 in chips) 
Seat 9: zeiggi ($1.98 in chips) 
Dorex2007: posts small blind $0.01
White&BlackStar: posts big blind $0.02
koka754: sits out 
*** HOLE CARDS ***
Dealt to Dorex2007 [8h 4h]
Deruzhenko: raises $0.04 to $0.06
Mrs Overall: folds 
calidad1986: folds 
zeiggi: folds 
STEEN1955: folds 
Stormy_88888: folds 
Dorex2007: folds 
White&BlackStar: calls $0.04
*** FLOP *** [Th 4d As]
White&BlackStar: checks 
Deruzhenko: checks 
*** TURN *** [Th 4d As] [4c]
White&BlackStar: checks 
Deruzhenko: bets $0.02
White&BlackStar: folds 
Uncalled bet ($0.02) returned to Deruzhenko
Deruzhenko collected $0.13 from pot
Deruzhenko: doesn't show hand 
*** SUMMARY ***
Total pot $0.13 | Rake $0 
Board [Th 4d As 4c]
Seat 1: STEEN1955 folded before Flop (didn't bet)
Seat 2: Stormy_88888 (button) folded before Flop (didn't bet)
Seat 3: Dorex2007 (small blind) folded before Flop
Seat 4: White&BlackStar (big blind) folded on the Turn
Seat 5: Deruzhenko collected ($0.13)
Seat 6: Mrs Overall folded before Flop (didn't bet)
Seat 7: calidad1986 folded before Flop (didn't bet)
Seat 9: zeiggi folded before Flop (didn't bet)



PokerStars Hand #232503264392:  Hold'em No Limit ($0.01/$0.02 USD) - 2021/12/25 3:29:08 PT [2021/12/25 6:29:08 ET]
Table 'Icarus III' 9-max Seat #3 is the button
Seat 1: STEEN1955 ($1.84 in chips) 
Seat 2: Stormy_88888 ($1.54 in chips) 
Seat 3: Dorex2007 ($2 in chips) 
Seat 4: White&BlackStar ($1.33 in chips) 
Seat 5: Deruzhenko ($2.56 in chips) 
Seat 6: Mrs Overall ($3.07 in chips) 
Seat 7: calidad1986 ($2 in chips) 
Seat 9: zeiggi ($1.98 in chips) 
White&BlackStar: posts small blind $0.01
Deruzhenko: posts big blind $0.02
koka754: sits out 
*** HOLE CARDS ***
Dealt to Dorex2007 [2c 2h]
Mrs Overall: folds 
calidad1986: folds 
zeiggi: folds 
STEEN1955: folds 
Stormy_88888: calls $0.02
Dorex2007: calls $0.02
White&BlackStar: folds 
Deruzhenko: checks 
*** FLOP *** [8d Js 9s]
Deruzhenko: checks 
Stormy_88888: bets $0.04
Dorex2007: folds 
Deruzhenko: folds 
Uncalled bet ($0.04) returned to Stormy_88888
Stormy_88888 collected $0.07 from pot
Stormy_88888: doesn't show hand 
*** SUMMARY ***
Total pot $0.07 | Rake $0 
Board [8d Js 9s]
Seat 1: STEEN1955 folded before Flop (didn't bet)
Seat 2: Stormy_88888 collected ($0.07)
Seat 3: Dorex2007 (button) folded on the Flop
Seat 4: White&BlackStar (small blind) folded before Flop
Seat 5: Deruzhenko (big blind) folded on the Flop
Seat 6: Mrs Overall folded before Flop (didn't bet)
Seat 7: calidad1986 folded before Flop (didn't bet)
Seat 9: zeiggi folded before Flop (didn't bet)



PokerStars Hand #232503270915:  Hold'em No Limit ($0.01/$0.02 USD) - 2021/12/25 3:29:36 PT [2021/12/25 6:29:36 ET]
Table 'Icarus III' 9-max Seat #4 is the button
Seat 1: STEEN1955 ($1.84 in chips) 
Seat 2: Stormy_88888 ($1.59 in chips) 
Seat 3: Dorex2007 ($2 in chips) 
Seat 4: White&BlackStar ($1.32 in chips) 
Seat 5: Deruzhenko ($2.54 in chips) 
Seat 6: Mrs Overall ($3.07 in chips) 
Seat 7: calidad1986 ($2 in chips) 
Seat 9: zeiggi ($1.98 in chips) 
Deruzhenko: posts small blind $0.01
Mrs Overall: posts big blind $0.02
koka754: sits out 
*** HOLE CARDS ***
Dealt to Dorex2007 [Ts 9s]
calidad1986: folds 
zeiggi: folds 
STEEN1955: folds 
Stormy_88888: calls $0.02
Dorex2007: folds 
White&BlackStar: folds 
Deruzhenko: calls $0.01
Mrs Overall: checks 
*** FLOP *** [6c 7h 9d]
Deruzhenko: checks 
Mrs Overall: bets $0.04
Stormy_88888: calls $0.04
Deruzhenko: folds 
*** TURN *** [6c 7h 9d] [Kc]
Mrs Overall: checks 
Stormy_88888: bets $0.08
Mrs Overall: calls $0.08
*** RIVER *** [6c 7h 9d Kc] [9c]
Mrs Overall: checks 
Stormy_88888: bets $0.22
Mrs Overall: folds 
Uncalled bet ($0.22) returned to Stormy_88888
Stormy_88888 collected $0.29 from pot
Stormy_88888: doesn't show hand 
*** SUMMARY ***
Total pot $0.30 | Rake $0.01 
Board [6c 7h 9d Kc 9c]
Seat 1: STEEN1955 folded before Flop (didn't bet)
Seat 2: Stormy_88888 collected ($0.29)
Seat 3: Dorex2007 folded before Flop (didn't bet)
Seat 4: White&BlackStar (button) folded before Flop (didn't bet)
Seat 5: Deruzhenko (small blind) folded on the Flop
Seat 6: Mrs Overall (big blind) folded on the River
Seat 7: calidad1986 folded before Flop (didn't bet)
Seat 9: zeiggi folded before Flop (didn't bet)



PokerStars Hand #232503286135:  Hold'em No Limit ($0.01/$0.02 USD) - 2021/12/25 3:30:40 PT [2021/12/25 6:30:40 ET]
Table 'Icarus III' 9-max Seat #5 is the button
Seat 1: STEEN1955 ($1.84 in chips) 
Seat 2: Stormy_88888 ($1.74 in chips) 
Seat 3: Dorex2007 ($2 in chips) 
Seat 4: White&BlackStar ($1.32 in chips) 
Seat 5: Deruzhenko ($2.52 in chips) 
Seat 6: Mrs Overall ($2.93 in chips) 
Seat 7: calidad1986 ($2 in chips) 
Seat 9: zeiggi ($1.98 in chips) 
Mrs Overall: posts small blind $0.01
calidad1986: posts big blind $0.02
koka754: sits out 
*** HOLE CARDS ***
Dealt to Dorex2007 [2d 6d]
zeiggi: folds 
STEEN1955: folds 
Stormy_88888: folds 
Dorex2007: folds 
White&BlackStar: folds 
Deruzhenko: folds 
Mrs Overall: raises $0.04 to $0.06
calidad1986: calls $0.04
*** FLOP *** [4c As Qs]
Mrs Overall: checks 
calidad1986: checks 
*** TURN *** [4c As Qs] [7s]
Mrs Overall: bets $0.06
calidad1986: raises $0.13 to $0.19
Mrs Overall: calls $0.13
*** RIVER *** [4c As Qs 7s] [Jc]
Mrs Overall: bets $0.24
calidad1986: raises $0.53 to $0.77
Mrs Overall: calls $0.53
*** SHOW DOWN ***
calidad1986: shows [Js 6s] (a flush, Ace high)
Mrs Overall: mucks hand 
calidad1986 collected $1.97 from pot
*** SUMMARY ***
Total pot $2.04 | Rake $0.07 
Board [4c As Qs 7s Jc]
Seat 1: STEEN1955 folded before Flop (didn't bet)
Seat 2: Stormy_88888 folded before Flop (didn't bet)
Seat 3: Dorex2007 folded before Flop (didn't bet)
Seat 4: White&BlackStar folded before Flop (didn't bet)
Seat 5: Deruzhenko (button) folded before Flop (didn't bet)
Seat 6: Mrs Overall (small blind) mucked [Kh Ts]
Seat 7: calidad1986 (big blind) showed [Js 6s] and won ($1.97) with a flush, Ace high
Seat 9: zeiggi folded before Flop (didn't bet)



PokerStars Hand #232503297550:  Hold'em No Limit ($0.01/$0.02 USD) - 2021/12/25 3:31:27 PT [2021/12/25 6:31:27 ET]
Table 'Icarus III' 9-max Seat #6 is the button
Seat 1: STEEN1955 ($1.84 in chips) 
Seat 2: Stormy_88888 ($1.74 in chips) 
Seat 3: Dorex2007 ($2 in chips) 
Seat 4: White&BlackStar ($1.32 in chips) 
Seat 5: Deruzhenko ($2.52 in chips) 
Seat 6: Mrs Overall ($2 in chips) 
Seat 7: calidad1986 ($2.95 in chips) 
Seat 8: koka754 ($2 in chips) 
Seat 9: zeiggi ($1.98 in chips) 
calidad1986: posts small blind $0.01
koka754: posts big blind $0.02
*** HOLE CARDS ***
Dealt to Dorex2007 [Kd Ts]
zeiggi: raises $0.04 to $0.06
STEEN1955: folds 
Stormy_88888: folds 
Dorex2007: folds 
White&BlackStar: folds 
Deruzhenko: folds 
Mrs Overall: folds 
calidad1986: folds 
koka754: folds 
Uncalled bet ($0.04) returned to zeiggi
zeiggi collected $0.05 from pot
zeiggi: doesn't show hand 
*** SUMMARY ***
Total pot $0.05 | Rake $0 
Seat 1: STEEN1955 folded before Flop (didn't bet)
Seat 2: Stormy_88888 folded before Flop (didn't bet)
Seat 3: Dorex2007 folded before Flop (didn't bet)
Seat 4: White&BlackStar folded before Flop (didn't bet)
Seat 5: Deruzhenko folded before Flop (didn't bet)
Seat 6: Mrs Overall (button) folded before Flop (didn't bet)
Seat 7: calidad1986 (small blind) folded before Flop
Seat 8: koka754 (big blind) folded before Flop
Seat 9: zeiggi collected ($0.05)



PokerStars Hand #232503301180:  Hold'em No Limit ($0.01/$0.02 USD) - 2021/12/25 3:31:42 PT [2021/12/25 6:31:42 ET]
Table 'Icarus III' 9-max Seat #7 is the button
Seat 1: STEEN1955 ($1.84 in chips) 
Seat 2: Stormy_88888 ($1.74 in chips) 
Seat 3: Dorex2007 ($2 in chips) 
Seat 4: White&BlackStar ($1.32 in chips) 
Seat 5: Deruzhenko ($2.52 in chips) 
Seat 6: Mrs Overall ($2 in chips) 
Seat 7: calidad1986 ($2.94 in chips) 
Seat 8: koka754 ($2 in chips) 
koka754: posts small blind $0.01
zeiggi: is sitting out 
STEEN1955: posts big blind $0.02
*** HOLE CARDS ***
Dealt to Dorex2007 [9d 3h]
Stormy_88888: folds 
zeiggi leaves the table
Dorex2007: folds 
White&BlackStar: folds 
Deruzhenko: folds 
Mrs Overall: folds 
calidad1986: folds 
koka754: raises $0.06 to $0.08
mrgreen959 joins the table at seat #9 
STEEN1955: folds 
Uncalled bet ($0.06) returned to koka754
koka754 collected $0.04 from pot
koka754: doesn't show hand 
*** SUMMARY ***
Total pot $0.04 | Rake $0 
Seat 1: STEEN1955 (big blind) folded before Flop
Seat 2: Stormy_88888 folded before Flop (didn't bet)
Seat 3: Dorex2007 folded before Flop (didn't bet)
Seat 4: White&BlackStar folded before Flop (didn't bet)
Seat 5: Deruzhenko folded before Flop (didn't bet)
Seat 6: Mrs Overall folded before Flop (didn't bet)
Seat 7: calidad1986 (button) folded before Flop (didn't bet)
Seat 8: koka754 (small blind) collected ($0.04)



PokerStars Hand #232503305592:  Hold'em No Limit ($0.01/$0.02 USD) - 2021/12/25 3:32:01 PT [2021/12/25 6:32:01 ET]
Table 'Icarus III' 9-max Seat #8 is the button
Seat 1: STEEN1955 ($1.82 in chips) 
Seat 2: Stormy_88888 ($1.74 in chips) 
Seat 3: Dorex2007 ($2 in chips) 
Seat 4: White&BlackStar ($1.32 in chips) 
Seat 5: Deruzhenko ($2.52 in chips) 
Seat 6: Mrs Overall ($2 in chips) 
Seat 7: calidad1986 ($2.94 in chips) 
Seat 8: koka754 ($2.02 in chips) 
STEEN1955: posts small blind $0.01
Stormy_88888: posts big blind $0.02
*** HOLE CARDS ***
Dealt to Dorex2007 [Js 6d]
Dorex2007: folds 
White&BlackStar: folds 
Deruzhenko: calls $0.02
Mrs Overall: folds 
calidad1986: calls $0.02
koka754: raises $0.08 to $0.10
STEEN1955: folds 
Stormy_88888: folds 
Deruzhenko: calls $0.08
calidad1986: calls $0.08
*** FLOP *** [4s 5h Kh]
Deruzhenko: checks 
calidad1986: checks 
koka754: bets $0.24
Deruzhenko: folds 
calidad1986: folds 
Uncalled bet ($0.24) returned to koka754
koka754 collected $0.32 from pot
koka754: doesn't show hand 
*** SUMMARY ***
Total pot $0.33 | Rake $0.01 
Board [4s 5h Kh]
Seat 1: STEEN1955 (small blind) folded before Flop
Seat 2: Stormy_88888 (big blind) folded before Flop
Seat 3: Dorex2007 folded before Flop (didn't bet)
Seat 4: White&BlackStar folded before Flop (didn't bet)
Seat 5: Deruzhenko folded on the Flop
Seat 6: Mrs Overall folded before Flop (didn't bet)
Seat 7: calidad1986 folded on the Flop
Seat 8: koka754 (button) collected ($0.32)



PokerStars Hand #232503314204:  Hold'em No Limit ($0.01/$0.02 USD) - 2021/12/25 3:32:37 PT [2021/12/25 6:32:37 ET]
Table 'Icarus III' 9-max Seat #1 is the button
Seat 1: STEEN1955 ($1.81 in chips) 
Seat 2: Stormy_88888 ($1.72 in chips) 
Seat 3: Dorex2007 ($2 in chips) 
Seat 4: White&BlackStar ($1.32 in chips) 
Seat 5: Deruzhenko ($2.42 in chips) 
Seat 6: Mrs Overall ($2 in chips) 
Seat 7: calidad1986 ($2.84 in chips) 
Seat 8: koka754 ($2.24 in chips) 
Stormy_88888: posts small blind $0.01
Dorex2007: posts big blind $0.02
mrgreen959: sits out 
*** HOLE CARDS ***
Dealt to Dorex2007 [Qs 2h]
White&BlackStar: folds 
Deruzhenko: calls $0.02
Mrs Overall: folds 
calidad1986: folds 
koka754: folds 
STEEN1955: folds 
Stormy_88888: raises $0.04 to $0.06
Dorex2007: folds 
Deruzhenko: calls $0.04
*** FLOP *** [5c 9c 2s]
Stormy_88888: bets $0.06
Deruzhenko: calls $0.06
*** TURN *** [5c 9c 2s] [Kc]
Stormy_88888: checks 
Deruzhenko: checks 
*** RIVER *** [5c 9c 2s Kc] [9h]
Stormy_88888: bets $0.04
Deruzhenko: calls $0.04
*** SHOW DOWN ***
Stormy_88888: shows [5h 8h] (two pair, Nines and Fives)
Deruzhenko: shows [5s 8s] (two pair, Nines and Fives)
Stormy_88888 collected $0.17 from pot
Deruzhenko collected $0.16 from pot
*** SUMMARY ***
Total pot $0.34 | Rake $0.01 
Board [5c 9c 2s Kc 9h]
Seat 1: STEEN1955 (button) folded before Flop (didn't bet)
Seat 2: Stormy_88888 (small blind) showed [5h 8h] and won ($0.17) with two pair, Nines and Fives
Seat 3: Dorex2007 (big blind) folded before Flop
Seat 4: White&BlackStar folded before Flop (didn't bet)
Seat 5: Deruzhenko showed [5s 8s] and won ($0.16) with two pair, Nines and Fives
Seat 6: Mrs Overall folded before Flop (didn't bet)
Seat 7: calidad1986 folded before Flop (didn't bet)
Seat 8: koka754 folded before Flop (didn't bet)



PokerStars Hand #232503322065:  Hold'em No Limit ($0.01/$0.02 USD) - 2021/12/25 3:33:10 PT [2021/12/25 6:33:10 ET]
Table 'Icarus III' 9-max Seat #2 is the button
Seat 1: STEEN1955 ($1.81 in chips) 
Seat 2: Stormy_88888 ($1.73 in chips) 
Seat 3: Dorex2007 ($2 in chips) 
Seat 4: White&BlackStar ($1.32 in chips) 
Seat 5: Deruzhenko ($2.42 in chips) 
Seat 6: Mrs Overall ($2 in chips) 
Seat 7: calidad1986 ($2.84 in chips) 
Seat 8: koka754 ($2.24 in chips) 
Dorex2007: posts small blind $0.01
White&BlackStar: posts big blind $0.02
mrgreen959: sits out 
*** HOLE CARDS ***
Dealt to Dorex2007 [9c 8d]
Deruzhenko: folds 
Mrs Overall: folds 
calidad1986: folds 
koka754: folds 
STEEN1955: folds 
Stormy_88888: folds 
Dorex2007: folds 
Uncalled bet ($0.01) returned to White&BlackStar
White&BlackStar collected $0.02 from pot
White&BlackStar: doesn't show hand 
*** SUMMARY ***
Total pot $0.02 | Rake $0 
Seat 1: STEEN1955 folded before Flop (didn't bet)
Seat 2: Stormy_88888 (button) folded before Flop (didn't bet)
Seat 3: Dorex2007 (small blind) folded before Flop
Seat 4: White&BlackStar (big blind) collected ($0.02)
Seat 5: Deruzhenko folded before Flop (didn't bet)
Seat 6: Mrs Overall folded before Flop (didn't bet)
Seat 7: calidad1986 folded before Flop (didn't bet)
Seat 8: koka754 folded before Flop (didn't bet)



PokerStars Hand #232503327768:  Hold'em No Limit ($0.01/$0.02 USD) - 2021/12/25 3:33:33 PT [2021/12/25 6:33:33 ET]
Table 'Icarus III' 9-max Seat #3 is the button
Seat 1: STEEN1955 ($1.81 in chips) 
Seat 2: Stormy_88888 ($1.73 in chips) 
Seat 3: Dorex2007 ($2 in chips) 
Seat 4: White&BlackStar ($1.33 in chips) 
Seat 5: Deruzhenko ($2.42 in chips) 
Seat 6: Mrs Overall ($2 in chips) 
Seat 7: calidad1986 ($2.84 in chips) 
Seat 8: koka754 ($2.24 in chips) 
White&BlackStar: posts small blind $0.01
Deruzhenko: posts big blind $0.02
mrgreen959: sits out 
*** HOLE CARDS ***
Dealt to Dorex2007 [8d Js]
Mrs Overall: folds 
calidad1986: raises $0.04 to $0.06
koka754: folds 
STEEN1955: folds 
Stormy_88888: folds 
Dorex2007: folds 
White&BlackStar: calls $0.05
Deruzhenko: folds 
*** FLOP *** [Ad 4h 3s]
White&BlackStar: checks 
calidad1986: bets $0.08
White&BlackStar: folds 
Uncalled bet ($0.08) returned to calidad1986
calidad1986 collected $0.14 from pot
calidad1986: doesn't show hand 
*** SUMMARY ***
Total pot $0.14 | Rake $0 
Board [Ad 4h 3s]
Seat 1: STEEN1955 folded before Flop (didn't bet)
Seat 2: Stormy_88888 folded before Flop (didn't bet)
Seat 3: Dorex2007 (button) folded before Flop (didn't bet)
Seat 4: White&BlackStar (small blind) folded on the Flop
Seat 5: Deruzhenko (big blind) folded before Flop
Seat 6: Mrs Overall folded before Flop (didn't bet)
Seat 7: calidad1986 collected ($0.14)
Seat 8: koka754 folded before Flop (didn't bet)



PokerStars Hand #232503334545:  Hold'em No Limit ($0.01/$0.02 USD) - 2021/12/25 3:34:02 PT [2021/12/25 6:34:02 ET]
Table 'Icarus III' 9-max Seat #4 is the button
Seat 1: STEEN1955 ($1.81 in chips) 
Seat 2: Stormy_88888 ($1.73 in chips) 
Seat 3: Dorex2007 ($2 in chips) 
Seat 4: White&BlackStar ($1.27 in chips) 
Seat 5: Deruzhenko ($2.40 in chips) 
Seat 6: Mrs Overall ($2 in chips) 
Seat 7: calidad1986 ($2.92 in chips) 
Seat 8: koka754 ($2.24 in chips) 
Deruzhenko: posts small blind $0.01
Mrs Overall: posts big blind $0.02
mrgreen959: sits out 
*** HOLE CARDS ***
Dealt to Dorex2007 [Qh Td]
calidad1986: raises $0.03 to $0.05
koka754: folds 
STEEN1955: folds 
Stormy_88888: folds 
Dorex2007: calls $0.05
White&BlackStar: raises $0.05 to $0.10
Deruzhenko: folds 
Mrs Overall: folds 
calidad1986: calls $0.05
Dorex2007: folds 
*** FLOP *** [5s Jh Qs]
calidad1986: checks 
White&BlackStar: bets $0.13
calidad1986: folds 
Uncalled bet ($0.13) returned to White&BlackStar
White&BlackStar collected $0.27 from pot
White&BlackStar: doesn't show hand 
*** SUMMARY ***
Total pot $0.28 | Rake $0.01 
Board [5s Jh Qs]
Seat 1: STEEN1955 folded before Flop (didn't bet)
Seat 2: Stormy_88888 folded before Flop (didn't bet)
Seat 3: Dorex2007 folded before Flop
Seat 4: White&BlackStar (button) collected ($0.27)
Seat 5: Deruzhenko (small blind) folded before Flop
Seat 6: Mrs Overall (big blind) folded before Flop
Seat 7: calidad1986 folded on the Flop
Seat 8: koka754 folded before Flop (didn't bet)



PokerStars Hand #232503343601:  Hold'em No Limit ($0.01/$0.02 USD) - 2021/12/25 3:34:40 PT [2021/12/25 6:34:40 ET]
Table 'Icarus III' 9-max Seat #5 is the button
Seat 1: STEEN1955 ($1.81 in chips) 
Seat 2: Stormy_88888 ($1.73 in chips) 
Seat 3: Dorex2007 ($2 in chips) 
Seat 4: White&BlackStar ($1.44 in chips) 
Seat 5: Deruzhenko ($2.39 in chips) 
Seat 6: Mrs Overall ($2 in chips) 
Seat 7: calidad1986 ($2.82 in chips) 
Seat 8: koka754 ($2.24 in chips) 
Mrs Overall: posts small blind $0.01
calidad1986: posts big blind $0.02
mrgreen959: sits out 
*** HOLE CARDS ***
Dealt to Dorex2007 [9c 8s]
koka754 has timed out
koka754: folds 
STEEN1955: folds 
Stormy_88888: folds 
Dorex2007: folds 
White&BlackStar: folds 
Deruzhenko: calls $0.02
Mrs Overall: calls $0.01
calidad1986: checks 
*** FLOP *** [4h 7d 5d]
Mrs Overall: bets $0.03
calidad1986: folds 
Deruzhenko: calls $0.03
*** TURN *** [4h 7d 5d] [6h]
Mrs Overall: bets $0.12
Deruzhenko: folds 
Uncalled bet ($0.12) returned to Mrs Overall
Mrs Overall collected $0.12 from pot
Mrs Overall: doesn't show hand 
*** SUMMARY ***
Total pot $0.12 | Rake $0 
Board [4h 7d 5d 6h]
Seat 1: STEEN1955 folded before Flop (didn't bet)
Seat 2: Stormy_88888 folded before Flop (didn't bet)
Seat 3: Dorex2007 folded before Flop (didn't bet)
Seat 4: White&BlackStar folded before Flop (didn't bet)
Seat 5: Deruzhenko (button) folded on the Turn
Seat 6: Mrs Overall (small blind) collected ($0.12)
Seat 7: calidad1986 (big blind) folded on the Flop
Seat 8: koka754 folded before Flop (didn't bet)



PokerStars Hand #232503352597:  Hold'em No Limit ($0.01/$0.02 USD) - 2021/12/25 3:35:17 PT [2021/12/25 6:35:17 ET]
Table 'Icarus III' 9-max Seat #6 is the button
Seat 1: STEEN1955 ($1.81 in chips) 
Seat 2: Stormy_88888 ($1.73 in chips) 
Seat 3: Dorex2007 ($2 in chips) 
Seat 4: White&BlackStar ($1.44 in chips) 
Seat 5: Deruzhenko ($2.34 in chips) 
Seat 6: Mrs Overall ($2.07 in chips) 
Seat 7: calidad1986 ($2.80 in chips) 
Seat 8: koka754 ($2.24 in chips) 
calidad1986: posts small blind $0.01
koka754: posts big blind $0.02
mrgreen959: sits out 
*** HOLE CARDS ***
Dealt to Dorex2007 [4h 4s]
STEEN1955: folds 
Stormy_88888: folds 
Dorex2007: calls $0.02
White&BlackStar: calls $0.02
Deruzhenko: calls $0.02
Mrs Overall: calls $0.02
calidad1986: folds 
koka754: checks 
*** FLOP *** [9d 7c 2h]
koka754: checks 
Dorex2007: checks 
White&BlackStar: bets $0.02
Deruzhenko: folds 
Mrs Overall: calls $0.02
koka754: folds 
Dorex2007: calls $0.02
*** TURN *** [9d 7c 2h] [Th]
Dorex2007: checks 
White&BlackStar: bets $0.02
Mrs Overall: calls $0.02
Dorex2007: folds 
*** RIVER *** [9d 7c 2h Th] [Jc]
White&BlackStar: bets $0.02
Mrs Overall: raises $0.12 to $0.14
White&BlackStar: calls $0.12
*** SHOW DOWN ***
Mrs Overall: shows [8s Ad] (a straight, Seven to Jack)
White&BlackStar: mucks hand 
Mrs Overall collected $0.47 from pot
*** SUMMARY ***
Total pot $0.49 | Rake $0.02 
Board [9d 7c 2h Th Jc]
Seat 1: STEEN1955 folded before Flop (didn't bet)
Seat 2: Stormy_88888 folded before Flop (didn't bet)
Seat 3: Dorex2007 folded on the Turn
Seat 4: White&BlackStar mucked [Js 9s]
Seat 5: Deruzhenko folded on the Flop
Seat 6: Mrs Overall (button) showed [8s Ad] and won ($0.47) with a straight, Seven to Jack
Seat 7: calidad1986 (small blind) folded before Flop
Seat 8: koka754 (big blind) folded on the Flop



PokerStars Hand #232503367875:  Hold'em No Limit ($0.01/$0.02 USD) - 2021/12/25 3:36:20 PT [2021/12/25 6:36:20 ET]
Table 'Icarus III' 9-max Seat #7 is the button
Seat 1: STEEN1955 ($1.81 in chips) 
Seat 2: Stormy_88888 ($1.73 in chips) 
Seat 3: Dorex2007 ($2 in chips) 
Seat 4: White&BlackStar ($1.24 in chips) 
Seat 5: Deruzhenko ($2.32 in chips) 
Seat 6: Mrs Overall ($2.34 in chips) 
Seat 7: calidad1986 ($2.79 in chips) 
Seat 8: koka754 ($2.22 in chips) 
Seat 9: mrgreen959 ($2 in chips) 
koka754: posts small blind $0.01
mrgreen959: posts big blind $0.02
*** HOLE CARDS ***
Dealt to Dorex2007 [Th Qd]
STEEN1955: folds 
Stormy_88888: folds 
Dorex2007: folds 
White&BlackStar: folds 
Deruzhenko: raises $0.02 to $0.04
Mrs Overall: calls $0.04
calidad1986: folds 
koka754: folds 
mrgreen959: calls $0.02
*** FLOP *** [3d 6c 7c]
mrgreen959: checks 
Deruzhenko: bets $0.02
Mrs Overall: calls $0.02
mrgreen959: folds 
*** TURN *** [3d 6c 7c] [As]
Deruzhenko: bets $0.02
Mrs Overall: raises $0.06 to $0.08
Deruzhenko: calls $0.06
*** RIVER *** [3d 6c 7c As] [6h]
Deruzhenko: checks 
Mrs Overall: checks 
*** SHOW DOWN ***
Deruzhenko: shows [3c Ks] (two pair, Sixes and Threes)
Mrs Overall: shows [9s Ad] (two pair, Aces and Sixes)
Mrs Overall collected $0.32 from pot
*** SUMMARY ***
Total pot $0.33 | Rake $0.01 
Board [3d 6c 7c As 6h]
Seat 1: STEEN1955 folded before Flop (didn't bet)
Seat 2: Stormy_88888 folded before Flop (didn't bet)
Seat 3: Dorex2007 folded before Flop (didn't bet)
Seat 4: White&BlackStar folded before Flop (didn't bet)
Seat 5: Deruzhenko showed [3c Ks] and lost with two pair, Sixes and Threes
Seat 6: Mrs Overall showed [9s Ad] and won ($0.32) with two pair, Aces and Sixes
Seat 7: calidad1986 (button) folded before Flop (didn't bet)
Seat 8: koka754 (small blind) folded before Flop
Seat 9: mrgreen959 (big blind) folded on the Flop



PokerStars Hand #232503376669:  Hold'em No Limit ($0.01/$0.02 USD) - 2021/12/25 3:36:56 PT [2021/12/25 6:36:56 ET]
Table 'Icarus III' 9-max Seat #8 is the button
Seat 1: STEEN1955 ($1.81 in chips) 
Seat 2: Stormy_88888 ($1.73 in chips) 
Seat 3: Dorex2007 ($2 in chips) 
Seat 4: White&BlackStar ($1.24 in chips) 
Seat 5: Deruzhenko ($2.18 in chips) 
Seat 6: Mrs Overall ($2.52 in chips) 
Seat 7: calidad1986 ($2.79 in chips) 
Seat 8: koka754 ($2.21 in chips) 
Seat 9: mrgreen959 ($1.96 in chips) 
mrgreen959: posts small blind $0.01
STEEN1955: posts big blind $0.02
*** HOLE CARDS ***
Dealt to Dorex2007 [8d Ac]
Stormy_88888: folds 
Dorex2007: folds 
White&BlackStar: folds 
White&BlackStar leaves the table
Deruzhenko: calls $0.02
Mrs Overall: folds 
calidad1986: folds 
koka754: folds 
mrgreen959: raises $0.04 to $0.06
STEEN1955: folds 
Deruzhenko: calls $0.04
*** FLOP *** [3h 8h 6h]
mrgreen959: checks 
Deruzhenko: bets $0.02
mrgreen959: folds 
Uncalled bet ($0.02) returned to Deruzhenko
Deruzhenko collected $0.14 from pot
Deruzhenko: doesn't show hand 
*** SUMMARY ***
Total pot $0.14 | Rake $0 
Board [3h 8h 6h]
Seat 1: STEEN1955 (big blind) folded before Flop
Seat 2: Stormy_88888 folded before Flop (didn't bet)
Seat 3: Dorex2007 folded before Flop (didn't bet)
Seat 4: White&BlackStar folded before Flop (didn't bet)
Seat 5: Deruzhenko collected ($0.14)
Seat 6: Mrs Overall folded before Flop (didn't bet)
Seat 7: calidad1986 folded before Flop (didn't bet)
Seat 8: koka754 (button) folded before Flop (didn't bet)
Seat 9: mrgreen959 (small blind) folded on the Flop



PokerStars Hand #232503383394:  Hold'em No Limit ($0.01/$0.02 USD) - 2021/12/25 3:37:24 PT [2021/12/25 6:37:24 ET]
Table 'Icarus III' 9-max Seat #9 is the button
Seat 1: STEEN1955 ($1.79 in chips) 
Seat 2: Stormy_88888 ($1.73 in chips) 
Seat 3: Dorex2007 ($2 in chips) 
Seat 5: Deruzhenko ($2.26 in chips) 
Seat 6: Mrs Overall ($2.52 in chips) 
Seat 7: calidad1986 ($2.79 in chips) 
Seat 8: koka754 ($2.21 in chips) 
Seat 9: mrgreen959 ($1.90 in chips) 
STEEN1955: posts small blind $0.01
Stormy_88888: posts big blind $0.02
*** HOLE CARDS ***
Dealt to Dorex2007 [5c Jh]
Dorex2007: folds 
Deruzhenko: raises $0.02 to $0.04
Mrs Overall: folds 
calidad1986: folds 
koka754: raises $0.06 to $0.10
mrgreen959: calls $0.10
STEEN1955: folds 
Stormy_88888: folds 
Deruzhenko: calls $0.06
*** FLOP *** [Th Ah 8c]
Kama1204 joins the table at seat #4 
Deruzhenko: checks 
koka754: checks 
mrgreen959: bets $0.10
Deruzhenko: folds 
koka754: calls $0.10
*** TURN *** [Th Ah 8c] [7d]
koka754: checks 
mrgreen959: bets $0.26
koka754: folds 
Uncalled bet ($0.26) returned to mrgreen959
mrgreen959 collected $0.51 from pot
mrgreen959: doesn't show hand 
*** SUMMARY ***
Total pot $0.53 | Rake $0.02 
Board [Th Ah 8c 7d]
Seat 1: STEEN1955 (small blind) folded before Flop
Seat 2: Stormy_88888 (big blind) folded before Flop
Seat 3: Dorex2007 folded before Flop (didn't bet)
Seat 5: Deruzhenko folded on the Flop
Seat 6: Mrs Overall folded before Flop (didn't bet)
Seat 7: calidad1986 folded before Flop (didn't bet)
Seat 8: koka754 folded on the Turn
Seat 9: mrgreen959 (button) collected ($0.51)



PokerStars Hand #232503393191:  Hold'em No Limit ($0.01/$0.02 USD) - 2021/12/25 3:38:05 PT [2021/12/25 6:38:05 ET]
Table 'Icarus III' 9-max Seat #1 is the button
Seat 1: STEEN1955 ($1.78 in chips) 
Seat 2: Stormy_88888 ($1.71 in chips) 
Seat 3: Dorex2007 ($2 in chips) 
Seat 5: Deruzhenko ($2.16 in chips) 
Seat 6: Mrs Overall ($2.52 in chips) 
Seat 7: calidad1986 ($2.79 in chips) 
Seat 8: koka754 ($2.01 in chips) 
Seat 9: mrgreen959 ($2.21 in chips) 
Stormy_88888: posts small blind $0.01
Dorex2007: posts big blind $0.02
Kama1204: sits out 
*** HOLE CARDS ***
Dealt to Dorex2007 [8c 6h]
Deruzhenko: raises $0.02 to $0.04
Mrs Overall: raises $0.06 to $0.10
calidad1986: folds 
koka754: folds 
mrgreen959: folds 
STEEN1955: folds 
Stormy_88888: folds 
Dorex2007: folds 
Deruzhenko: calls $0.06
*** FLOP *** [9c 6s Kc]
Deruzhenko: bets $0.02
Mrs Overall: raises $0.13 to $0.15
Deruzhenko: folds 
Uncalled bet ($0.13) returned to Mrs Overall
Mrs Overall collected $0.26 from pot
Mrs Overall: doesn't show hand 
*** SUMMARY ***
Total pot $0.27 | Rake $0.01 
Board [9c 6s Kc]
Seat 1: STEEN1955 (button) folded before Flop (didn't bet)
Seat 2: Stormy_88888 (small blind) folded before Flop
Seat 3: Dorex2007 (big blind) folded before Flop
Seat 5: Deruzhenko folded on the Flop
Seat 6: Mrs Overall collected ($0.26)
Seat 7: calidad1986 folded before Flop (didn't bet)
Seat 8: koka754 folded before Flop (didn't bet)
Seat 9: mrgreen959 folded before Flop (didn't bet)



PokerStars Hand #232503398671:  Hold'em No Limit ($0.01/$0.02 USD) - 2021/12/25 3:38:28 PT [2021/12/25 6:38:28 ET]
Table 'Icarus III' 9-max Seat #2 is the button
Seat 1: STEEN1955 ($1.78 in chips) 
Seat 2: Stormy_88888 ($1.70 in chips) 
Seat 3: Dorex2007 ($2 in chips) 
Seat 4: Kama1204 ($2 in chips) 
Seat 5: Deruzhenko ($2.04 in chips) 
Seat 6: Mrs Overall ($2.66 in chips) 
Seat 7: calidad1986 ($2.79 in chips) 
Seat 8: koka754 ($2.01 in chips) 
Seat 9: mrgreen959 ($2.21 in chips) 
Dorex2007: posts small blind $0.01
Kama1204: posts big blind $0.02
*** HOLE CARDS ***
Dealt to Dorex2007 [Th Ks]
Deruzhenko: folds 
Mrs Overall: folds 
calidad1986: folds 
koka754: folds 
mrgreen959: folds 
STEEN1955: calls $0.02
Stormy_88888: calls $0.02
Dorex2007: calls $0.01
Kama1204: checks 
*** FLOP *** [Jd 9s Qc]
Dorex2007: bets $0.05
Kama1204: folds 
STEEN1955: folds 
Stormy_88888: calls $0.05
*** TURN *** [Jd 9s Qc] [6h]
Dorex2007: bets $0.09
Stormy_88888: folds 
Uncalled bet ($0.09) returned to Dorex2007
Dorex2007 collected $0.17 from pot
Dorex2007: doesn't show hand 
*** SUMMARY ***
Total pot $0.18 | Rake $0.01 
Board [Jd 9s Qc 6h]
Seat 1: STEEN1955 folded on the Flop
Seat 2: Stormy_88888 (button) folded on the Turn
Seat 3: Dorex2007 (small blind) collected ($0.17)
Seat 4: Kama1204 (big blind) folded on the Flop
Seat 5: Deruzhenko folded before Flop (didn't bet)
Seat 6: Mrs Overall folded before Flop (didn't bet)
Seat 7: calidad1986 folded before Flop (didn't bet)
Seat 8: koka754 folded before Flop (didn't bet)
Seat 9: mrgreen959 folded before Flop (didn't bet)



PokerStars Hand #232503414880:  Hold'em No Limit ($0.01/$0.02 USD) - 2021/12/25 3:39:34 PT [2021/12/25 6:39:34 ET]
Table 'Icarus III' 9-max Seat #3 is the button
Seat 1: STEEN1955 ($1.76 in chips) 
Seat 2: Stormy_88888 ($1.63 in chips) 
Seat 3: Dorex2007 ($2.10 in chips) 
Seat 4: Kama1204 ($1.98 in chips) 
Seat 5: Deruzhenko ($2.04 in chips) 
Seat 6: Mrs Overall ($2.66 in chips) 
Seat 7: calidad1986 ($2.79 in chips) 
Seat 8: koka754 ($2.01 in chips) 
Seat 9: mrgreen959 ($2.21 in chips) 
Kama1204: posts small blind $0.01
Deruzhenko: posts big blind $0.02
*** HOLE CARDS ***
Dealt to Dorex2007 [2d 4h]
Mrs Overall: folds 
calidad1986: folds 
koka754: calls $0.02
mrgreen959: folds 
STEEN1955: folds 
Stormy_88888: folds 
Dorex2007: folds 
Kama1204: raises $0.02 to $0.04
Deruzhenko: calls $0.02
koka754: calls $0.02
*** FLOP *** [Jc Th 3s]
Kama1204: bets $0.06
Deruzhenko: calls $0.06
koka754: folds 
*** TURN *** [Jc Th 3s] [3c]
Kama1204: bets $0.06
Deruzhenko: calls $0.06
*** RIVER *** [Jc Th 3s 3c] [6c]
Kama1204: bets $0.10
Deruzhenko: raises $0.10 to $0.20
Kama1204: folds 
Uncalled bet ($0.10) returned to Deruzhenko
Deruzhenko collected $0.54 from pot
Deruzhenko: doesn't show hand 
*** SUMMARY ***
Total pot $0.56 | Rake $0.02 
Board [Jc Th 3s 3c 6c]
Seat 1: STEEN1955 folded before Flop (didn't bet)
Seat 2: Stormy_88888 folded before Flop (didn't bet)
Seat 3: Dorex2007 (button) folded before Flop (didn't bet)
Seat 4: Kama1204 (small blind) folded on the River
Seat 5: Deruzhenko (big blind) collected ($0.54)
Seat 6: Mrs Overall folded before Flop (didn't bet)
Seat 7: calidad1986 folded before Flop (didn't bet)
Seat 8: koka754 folded on the Flop
Seat 9: mrgreen959 folded before Flop (didn't bet)



PokerStars Hand #232503428582:  Hold'em No Limit ($0.01/$0.02 USD) - 2021/12/25 3:40:31 PT [2021/12/25 6:40:31 ET]
Table 'Icarus III' 9-max Seat #4 is the button
Seat 1: STEEN1955 ($1.76 in chips) 
Seat 2: Stormy_88888 ($1.63 in chips) 
Seat 3: Dorex2007 ($2.10 in chips) 
Seat 4: Kama1204 ($1.72 in chips) 
Seat 5: Deruzhenko ($2.32 in chips) 
Seat 6: Mrs Overall ($2.66 in chips) 
Seat 7: calidad1986 ($2.79 in chips) 
Seat 8: koka754 ($2 in chips) 
Seat 9: mrgreen959 ($2.21 in chips) 
Deruzhenko: posts small blind $0.01
Mrs Overall: posts big blind $0.02
*** HOLE CARDS ***
Dealt to Dorex2007 [Ks 3s]
calidad1986: folds 
koka754: folds 
mrgreen959: folds 
STEEN1955: folds 
Stormy_88888: folds 
Dorex2007: folds 
Kama1204: raises $0.04 to $0.06
Deruzhenko: calls $0.05
Mrs Overall: raises $0.12 to $0.18
Kama1204: folds 
Deruzhenko: folds 
Uncalled bet ($0.12) returned to Mrs Overall
Mrs Overall collected $0.18 from pot
Mrs Overall: doesn't show hand 
*** SUMMARY ***
Total pot $0.18 | Rake $0 
Seat 1: STEEN1955 folded before Flop (didn't bet)
Seat 2: Stormy_88888 folded before Flop (didn't bet)
Seat 3: Dorex2007 folded before Flop (didn't bet)
Seat 4: Kama1204 (button) folded before Flop
Seat 5: Deruzhenko (small blind) folded before Flop
Seat 6: Mrs Overall (big blind) collected ($0.18)
Seat 7: calidad1986 folded before Flop (didn't bet)
Seat 8: koka754 folded before Flop (didn't bet)
Seat 9: mrgreen959 folded before Flop (didn't bet)



PokerStars Hand #232503435982:  Hold'em No Limit ($0.01/$0.02 USD) - 2021/12/25 3:41:01 PT [2021/12/25 6:41:01 ET]
Table 'Icarus III' 9-max Seat #5 is the button
Seat 1: STEEN1955 ($1.76 in chips) 
Seat 2: Stormy_88888 ($1.63 in chips) 
Seat 3: Dorex2007 ($2.10 in chips) 
Seat 4: Kama1204 ($1.66 in chips) 
Seat 5: Deruzhenko ($2.26 in chips) 
Seat 6: Mrs Overall ($2.78 in chips) 
Seat 7: calidad1986 ($2.79 in chips) 
Seat 8: koka754 ($2 in chips) 
Seat 9: mrgreen959 ($2.21 in chips) 
Mrs Overall: posts small blind $0.01
calidad1986: posts big blind $0.02
*** HOLE CARDS ***
Dealt to Dorex2007 [8c Tc]
koka754: raises $0.04 to $0.06
mrgreen959: raises $0.12 to $0.18
STEEN1955: folds 
Stormy_88888: folds 
Dorex2007: folds 
Kama1204: folds 
Deruzhenko: folds 
Mrs Overall: folds 
calidad1986: folds 
koka754: folds 
Uncalled bet ($0.12) returned to mrgreen959
mrgreen959 collected $0.15 from pot
mrgreen959: doesn't show hand 
*** SUMMARY ***
Total pot $0.15 | Rake $0 
Seat 1: STEEN1955 folded before Flop (didn't bet)
Seat 2: Stormy_88888 folded before Flop (didn't bet)
Seat 3: Dorex2007 folded before Flop (didn't bet)
Seat 4: Kama1204 folded before Flop (didn't bet)
Seat 5: Deruzhenko (button) folded before Flop (didn't bet)
Seat 6: Mrs Overall (small blind) folded before Flop
Seat 7: calidad1986 (big blind) folded before Flop
Seat 8: koka754 folded before Flop
Seat 9: mrgreen959 collected ($0.15)



PokerStars Hand #232503441220:  Hold'em No Limit ($0.01/$0.02 USD) - 2021/12/25 3:41:22 PT [2021/12/25 6:41:22 ET]
Table 'Icarus III' 9-max Seat #6 is the button
Seat 1: STEEN1955 ($1.76 in chips) 
Seat 2: Stormy_88888 ($1.63 in chips) 
Seat 3: Dorex2007 ($2.10 in chips) 
Seat 4: Kama1204 ($1.66 in chips) 
Seat 5: Deruzhenko ($2.26 in chips) 
Seat 6: Mrs Overall ($2.77 in chips) 
Seat 7: calidad1986 ($2.77 in chips) 
Seat 8: koka754 ($2 in chips) 
Seat 9: mrgreen959 ($2.30 in chips) 
calidad1986: posts small blind $0.01
koka754: posts big blind $0.02
*** HOLE CARDS ***
Dealt to Dorex2007 [Js 3s]
mrgreen959: folds 
STEEN1955: folds 
Stormy_88888: calls $0.02
Dorex2007: folds 
Kama1204: folds 
Deruzhenko: calls $0.02
Mrs Overall: raises $0.06 to $0.08
calidad1986: folds 
koka754: folds 
Stormy_88888: calls $0.06
Deruzhenko: calls $0.06
*** FLOP *** [Qs 7h 8d]
Stormy_88888: checks 
Deruzhenko: bets $0.02
Mrs Overall: raises $0.15 to $0.17
Stormy_88888: folds 
Deruzhenko: folds 
Uncalled bet ($0.15) returned to Mrs Overall
Mrs Overall collected $0.30 from pot
Mrs Overall: doesn't show hand 
*** SUMMARY ***
Total pot $0.31 | Rake $0.01 
Board [Qs 7h 8d]
Seat 1: STEEN1955 folded before Flop (didn't bet)
Seat 2: Stormy_88888 folded on the Flop
Seat 3: Dorex2007 folded before Flop (didn't bet)
Seat 4: Kama1204 folded before Flop (didn't bet)
Seat 5: Deruzhenko folded on the Flop
Seat 6: Mrs Overall (button) collected ($0.30)
Seat 7: calidad1986 (small blind) folded before Flop
Seat 8: koka754 (big blind) folded before Flop
Seat 9: mrgreen959 folded before Flop (didn't bet)



PokerStars Hand #232503452137:  Hold'em No Limit ($0.01/$0.02 USD) - 2021/12/25 3:42:06 PT [2021/12/25 6:42:06 ET]
Table 'Icarus III' 9-max Seat #7 is the button
Seat 1: STEEN1955 ($1.76 in chips) 
Seat 2: Stormy_88888 ($1.55 in chips) 
Seat 3: Dorex2007 ($2.10 in chips) 
Seat 4: Kama1204 ($1.66 in chips) 
Seat 5: Deruzhenko ($2.16 in chips) 
Seat 6: Mrs Overall ($2.97 in chips) 
Seat 7: calidad1986 ($2.76 in chips) 
Seat 8: koka754 ($2 in chips) 
Seat 9: mrgreen959 ($2.30 in chips) 
koka754: posts small blind $0.01
mrgreen959: posts big blind $0.02
*** HOLE CARDS ***
Dealt to Dorex2007 [Qs Ah]
STEEN1955: calls $0.02
Stormy_88888: folds 
Dorex2007: raises $0.04 to $0.06
Kama1204: folds 
Deruzhenko: raises $0.04 to $0.10
Mrs Overall: folds 
calidad1986: folds 
koka754: folds 
mrgreen959: folds 
STEEN1955: folds 
Dorex2007: calls $0.04
*** FLOP *** [Ts 2h 7c]
Dorex2007: bets $0.24
Deruzhenko: folds 
Uncalled bet ($0.24) returned to Dorex2007
Dorex2007 collected $0.24 from pot
Dorex2007: doesn't show hand 
*** SUMMARY ***
Total pot $0.25 | Rake $0.01 
Board [Ts 2h 7c]
Seat 1: STEEN1955 folded before Flop
Seat 2: Stormy_88888 folded before Flop (didn't bet)
Seat 3: Dorex2007 collected ($0.24)
Seat 4: Kama1204 folded before Flop (didn't bet)
Seat 5: Deruzhenko folded on the Flop
Seat 6: Mrs Overall folded before Flop (didn't bet)
Seat 7: calidad1986 (button) folded before Flop (didn't bet)
Seat 8: koka754 (small blind) folded before Flop
Seat 9: mrgreen959 (big blind) folded before Flop



PokerStars Hand #232503459190:  Hold'em No Limit ($0.01/$0.02 USD) - 2021/12/25 3:42:35 PT [2021/12/25 6:42:35 ET]
Table 'Icarus III' 9-max Seat #8 is the button
Seat 1: STEEN1955 ($1.74 in chips) 
Seat 2: Stormy_88888 ($1.55 in chips) 
Seat 3: Dorex2007 ($2.24 in chips) 
Seat 4: Kama1204 ($1.66 in chips) 
Seat 5: Deruzhenko ($2.06 in chips) 
Seat 6: Mrs Overall ($2.97 in chips) 
Seat 7: calidad1986 ($2.76 in chips) 
Seat 8: koka754 ($2 in chips) 
Seat 9: mrgreen959 ($2.28 in chips) 
mrgreen959: posts small blind $0.01
STEEN1955: posts big blind $0.02
*** HOLE CARDS ***
Dealt to Dorex2007 [8h 6h]
Stormy_88888: folds 
Dorex2007: folds 
Kama1204: folds 
Deruzhenko: calls $0.02
Mrs Overall: folds 
calidad1986: folds 
koka754: folds 
mrgreen959: raises $0.04 to $0.06
STEEN1955: folds 
Deruzhenko: raises $0.04 to $0.10
mrgreen959: calls $0.04
*** FLOP *** [2h 7c 5d]
mrgreen959: checks 
Deruzhenko: bets $0.02
mrgreen959: raises $0.04 to $0.06
Deruzhenko: calls $0.04
*** TURN *** [2h 7c 5d] [5s]
mrgreen959: bets $0.17
Deruzhenko: calls $0.17
*** RIVER *** [2h 7c 5d 5s] [Td]
mrgreen959: bets $0.20
Deruzhenko: calls $0.20
*** SHOW DOWN ***
mrgreen959: shows [9s 9c] (two pair, Nines and Fives)
Deruzhenko: mucks hand 
mrgreen959 collected $1.04 from pot
*** SUMMARY ***
Total pot $1.08 | Rake $0.04 
Board [2h 7c 5d 5s Td]
Seat 1: STEEN1955 (big blind) folded before Flop
Seat 2: Stormy_88888 folded before Flop (didn't bet)
Seat 3: Dorex2007 folded before Flop (didn't bet)
Seat 4: Kama1204 folded before Flop (didn't bet)
Seat 5: Deruzhenko mucked [8d 8c]
Seat 6: Mrs Overall folded before Flop (didn't bet)
Seat 7: calidad1986 folded before Flop (didn't bet)
Seat 8: koka754 (button) folded before Flop (didn't bet)
Seat 9: mrgreen959 (small blind) showed [9s 9c] and won ($1.04) with two pair, Nines and Fives



PokerStars Hand #232503468199:  Hold'em No Limit ($0.01/$0.02 USD) - 2021/12/25 3:43:12 PT [2021/12/25 6:43:12 ET]
Table 'Icarus III' 9-max Seat #9 is the button
Seat 1: STEEN1955 ($1.72 in chips) 
Seat 2: Stormy_88888 ($1.55 in chips) 
Seat 3: Dorex2007 ($2.24 in chips) 
Seat 4: Kama1204 ($1.66 in chips) 
Seat 5: Deruzhenko ($1.53 in chips) 
Seat 6: Mrs Overall ($2.97 in chips) 
Seat 7: calidad1986 ($2.76 in chips) 
Seat 8: koka754 ($2 in chips) 
Seat 9: mrgreen959 ($2.79 in chips) 
STEEN1955: posts small blind $0.01
Stormy_88888: posts big blind $0.02
*** HOLE CARDS ***
Dealt to Dorex2007 [9h 5h]
Dorex2007: folds 
Kama1204: calls $0.02
Deruzhenko: folds 
Mrs Overall: raises $0.06 to $0.08
calidad1986: folds 
koka754: folds 
mrgreen959: folds 
STEEN1955: folds 
Stormy_88888: folds 
Kama1204: calls $0.06
*** FLOP *** [8h 5c 7c]
Kama1204: checks 
Mrs Overall: bets $0.12
Kama1204: calls $0.12
*** TURN *** [8h 5c 7c] [7d]
Kama1204: checks 
Mrs Overall: bets $0.12
Kama1204: calls $0.12
*** RIVER *** [8h 5c 7c 7d] [Qc]
Kama1204: bets $0.40
Mrs Overall: folds 
Uncalled bet ($0.40) returned to Kama1204
Kama1204 collected $0.65 from pot
Kama1204: doesn't show hand 
*** SUMMARY ***
Total pot $0.67 | Rake $0.02 
Board [8h 5c 7c 7d Qc]
Seat 1: STEEN1955 (small blind) folded before Flop
Seat 2: Stormy_88888 (big blind) folded before Flop
Seat 3: Dorex2007 folded before Flop (didn't bet)
Seat 4: Kama1204 collected ($0.65)
Seat 5: Deruzhenko folded before Flop (didn't bet)
Seat 6: Mrs Overall folded on the River
Seat 7: calidad1986 folded before Flop (didn't bet)
Seat 8: koka754 folded before Flop (didn't bet)
Seat 9: mrgreen959 (button) folded before Flop (didn't bet)



PokerStars Hand #232503479936:  Hold'em No Limit ($0.01/$0.02 USD) - 2021/12/25 3:43:59 PT [2021/12/25 6:43:59 ET]
Table 'Icarus III' 9-max Seat #1 is the button
Seat 1: STEEN1955 ($1.71 in chips) 
Seat 2: Stormy_88888 ($1.53 in chips) 
Seat 3: Dorex2007 ($2.24 in chips) 
Seat 4: Kama1204 ($1.99 in chips) 
Seat 5: Deruzhenko ($1.53 in chips) 
Seat 6: Mrs Overall ($2.65 in chips) 
Seat 7: calidad1986 ($2.76 in chips) 
Seat 8: koka754 ($2 in chips) 
Seat 9: mrgreen959 ($2.79 in chips) 
Stormy_88888: posts small blind $0.01
Dorex2007: posts big blind $0.02
*** HOLE CARDS ***
Dealt to Dorex2007 [2s 6d]
Kama1204: calls $0.02
Deruzhenko: calls $0.02
Mrs Overall: folds 
calidad1986: folds 
koka754: folds 
mrgreen959: folds 
STEEN1955: calls $0.02
Stormy_88888: folds 
Dorex2007: checks 
*** FLOP *** [4d 7h Ts]
Dorex2007: checks 
Kama1204: bets $0.10
Deruzhenko: calls $0.10
STEEN1955: folds 
Dorex2007: folds 
*** TURN *** [4d 7h Ts] [3h]
Kama1204: bets $0.20
Deruzhenko: folds 
Uncalled bet ($0.20) returned to Kama1204
Kama1204 collected $0.28 from pot
Kama1204: doesn't show hand 
*** SUMMARY ***
Total pot $0.29 | Rake $0.01 
Board [4d 7h Ts 3h]
Seat 1: STEEN1955 (button) folded on the Flop
Seat 2: Stormy_88888 (small blind) folded before Flop
Seat 3: Dorex2007 (big blind) folded on the Flop
Seat 4: Kama1204 collected ($0.28)
Seat 5: Deruzhenko folded on the Turn
Seat 6: Mrs Overall folded before Flop (didn't bet)
Seat 7: calidad1986 folded before Flop (didn't bet)
Seat 8: koka754 folded before Flop (didn't bet)
Seat 9: mrgreen959 folded before Flop (didn't bet)



PokerStars Hand #232503502024:  Hold'em No Limit ($0.01/$0.02 USD) - 2021/12/25 3:45:29 PT [2021/12/25 6:45:29 ET]
Table 'Icarus III' 9-max Seat #2 is the button
Seat 1: STEEN1955 ($1.69 in chips) 
Seat 2: Stormy_88888 ($1.52 in chips) 
Seat 3: Dorex2007 ($2.22 in chips) 
Seat 4: Kama1204 ($2.15 in chips) 
Seat 5: Deruzhenko ($1.41 in chips) 
Seat 6: Mrs Overall ($2.65 in chips) 
Seat 7: calidad1986 ($2.76 in chips) 
Seat 8: koka754 ($2 in chips) 
Seat 9: mrgreen959 ($2.79 in chips) 
Dorex2007: posts small blind $0.01
Kama1204: posts big blind $0.02
*** HOLE CARDS ***
Dealt to Dorex2007 [Qh 2s]
Deruzhenko: calls $0.02
Mrs Overall: folds 
calidad1986: folds 
koka754: raises $0.04 to $0.06
mrgreen959: folds 
STEEN1955: folds 
Stormy_88888: calls $0.06
Dorex2007: folds 
Kama1204: calls $0.04
Deruzhenko: calls $0.04
*** FLOP *** [Qs Td 3d]
Kama1204: checks 
Deruzhenko: bets $0.02
koka754: raises $0.14 to $0.16
Stormy_88888: calls $0.16
Kama1204: folds 
Deruzhenko: calls $0.14
*** TURN *** [Qs Td 3d] [8s]
Deruzhenko: bets $1.19 and is all-in
koka754: folds 
Stormy_88888: folds 
Uncalled bet ($1.19) returned to Deruzhenko
Deruzhenko collected $0.70 from pot
Deruzhenko: doesn't show hand 
*** SUMMARY ***
Total pot $0.73 | Rake $0.03 
Board [Qs Td 3d 8s]
Seat 1: STEEN1955 folded before Flop (didn't bet)
Seat 2: Stormy_88888 (button) folded on the Turn
Seat 3: Dorex2007 (small blind) folded before Flop
Seat 4: Kama1204 (big blind) folded on the Flop
Seat 5: Deruzhenko collected ($0.70)
Seat 6: Mrs Overall folded before Flop (didn't bet)
Seat 7: calidad1986 folded before Flop (didn't bet)
Seat 8: koka754 folded on the Turn
Seat 9: mrgreen959 folded before Flop (didn't bet)



PokerStars Hand #232503515844:  Hold'em No Limit ($0.01/$0.02 USD) - 2021/12/25 3:46:25 PT [2021/12/25 6:46:25 ET]
Table 'Icarus III' 9-max Seat #3 is the button
Seat 1: STEEN1955 ($1.69 in chips) 
Seat 2: Stormy_88888 ($1.30 in chips) 
Seat 3: Dorex2007 ($2.21 in chips) 
Seat 4: Kama1204 ($2.09 in chips) 
Seat 5: Deruzhenko ($1.89 in chips) 
Seat 6: Mrs Overall ($2.65 in chips) 
Seat 7: calidad1986 ($2.76 in chips) 
Seat 8: koka754 ($2 in chips) 
Seat 9: mrgreen959 ($2.79 in chips) 
Kama1204: posts small blind $0.01
Deruzhenko: posts big blind $0.02
*** HOLE CARDS ***
Dealt to Dorex2007 [3h 9h]
Mrs Overall: folds 
calidad1986: folds 
koka754: folds 
mrgreen959: folds 
STEEN1955: folds 
Stormy_88888: folds 
Dorex2007: folds 
Kama1204: folds 
Uncalled bet ($0.01) returned to Deruzhenko
Deruzhenko collected $0.02 from pot
Deruzhenko: doesn't show hand 
*** SUMMARY ***
Total pot $0.02 | Rake $0 
Seat 1: STEEN1955 folded before Flop (didn't bet)
Seat 2: Stormy_88888 folded before Flop (didn't bet)
Seat 3: Dorex2007 (button) folded before Flop (didn't bet)
Seat 4: Kama1204 (small blind) folded before Flop
Seat 5: Deruzhenko (big blind) collected ($0.02)
Seat 6: Mrs Overall folded before Flop (didn't bet)
Seat 7: calidad1986 folded before Flop (didn't bet)
Seat 8: koka754 folded before Flop (didn't bet)
Seat 9: mrgreen959 folded before Flop (didn't bet)



PokerStars Hand #232503520634:  Hold'em No Limit ($0.01/$0.02 USD) - 2021/12/25 3:46:45 PT [2021/12/25 6:46:45 ET]
Table 'Icarus III' 9-max Seat #4 is the button
Seat 1: STEEN1955 ($1.69 in chips) 
Seat 2: Stormy_88888 ($1.30 in chips) 
Seat 3: Dorex2007 ($2.21 in chips) 
Seat 4: Kama1204 ($2.08 in chips) 
Seat 5: Deruzhenko ($1.90 in chips) 
Seat 6: Mrs Overall ($2.65 in chips) 
Seat 7: calidad1986 ($2.76 in chips) 
Seat 8: koka754 ($2 in chips) 
Seat 9: mrgreen959 ($2.79 in chips) 
Deruzhenko: posts small blind $0.01
Mrs Overall: posts big blind $0.02
*** HOLE CARDS ***
Dealt to Dorex2007 [Kh 3c]
calidad1986: folds 
koka754: folds 
mrgreen959: folds 
STEEN1955: folds 
Stormy_88888: calls $0.02
Dorex2007: folds 
Kama1204: calls $0.02
Deruzhenko: folds 
Mrs Overall: checks 
*** FLOP *** [Jh Qd 5c]
Mrs Overall: checks 
Stormy_88888: bets $0.04
Kama1204: calls $0.04
Mrs Overall: folds 
*** TURN *** [Jh Qd 5c] [Kd]
Stormy_88888: checks 
Kama1204: checks 
*** RIVER *** [Jh Qd 5c Kd] [7d]
Stormy_88888: checks 
Kama1204: checks 
*** SHOW DOWN ***
Stormy_88888: shows [2c 2d] (a pair of Deuces)
Kama1204: shows [Js 9s] (a pair of Jacks)
Kama1204 collected $0.14 from pot
*** SUMMARY ***
Total pot $0.15 | Rake $0.01 
Board [Jh Qd 5c Kd 7d]
Seat 1: STEEN1955 folded before Flop (didn't bet)
Seat 2: Stormy_88888 showed [2c 2d] and lost with a pair of Deuces
Seat 3: Dorex2007 folded before Flop (didn't bet)
Seat 4: Kama1204 (button) showed [Js 9s] and won ($0.14) with a pair of Jacks
Seat 5: Deruzhenko (small blind) folded before Flop
Seat 6: Mrs Overall (big blind) folded on the Flop
Seat 7: calidad1986 folded before Flop (didn't bet)
Seat 8: koka754 folded before Flop (didn't bet)
Seat 9: mrgreen959 folded before Flop (didn't bet)



PokerStars Hand #232503534304:  Hold'em No Limit ($0.01/$0.02 USD) - 2021/12/25 3:47:41 PT [2021/12/25 6:47:41 ET]
Table 'Icarus III' 9-max Seat #5 is the button
Seat 1: STEEN1955 ($1.69 in chips) 
Seat 2: Stormy_88888 ($1.24 in chips) 
Seat 3: Dorex2007 ($2.21 in chips) 
Seat 4: Kama1204 ($2.16 in chips) 
Seat 5: Deruzhenko ($1.89 in chips) 
Seat 6: Mrs Overall ($2.63 in chips) 
Seat 7: calidad1986 ($2.76 in chips) 
Seat 8: koka754 ($2 in chips) 
Seat 9: mrgreen959 ($2.79 in chips) 
Mrs Overall: posts small blind $0.01
calidad1986: posts big blind $0.02
*** HOLE CARDS ***
Dealt to Dorex2007 [Tc 4c]
koka754: folds 
mrgreen959: raises $0.04 to $0.06
STEEN1955: folds 
Stormy_88888: folds 
Dorex2007: folds 
Kama1204: folds 
Deruzhenko: raises $0.15 to $0.21
Mrs Overall: folds 
calidad1986: folds 
mrgreen959: calls $0.15
*** FLOP *** [4h 2h Jh]
mrgreen959: checks 
Deruzhenko: bets $0.21
mrgreen959: folds 
Uncalled bet ($0.21) returned to Deruzhenko
Deruzhenko collected $0.43 from pot
Deruzhenko: doesn't show hand 
*** SUMMARY ***
Total pot $0.45 | Rake $0.02 
Board [4h 2h Jh]
Seat 1: STEEN1955 folded before Flop (didn't bet)
Seat 2: Stormy_88888 folded before Flop (didn't bet)
Seat 3: Dorex2007 folded before Flop (didn't bet)
Seat 4: Kama1204 folded before Flop (didn't bet)
Seat 5: Deruzhenko (button) collected ($0.43)
Seat 6: Mrs Overall (small blind) folded before Flop
Seat 7: calidad1986 (big blind) folded before Flop
Seat 8: koka754 folded before Flop (didn't bet)
Seat 9: mrgreen959 folded on the Flop



PokerStars Hand #232503542520:  Hold'em No Limit ($0.01/$0.02 USD) - 2021/12/25 3:48:14 PT [2021/12/25 6:48:14 ET]
Table 'Icarus III' 9-max Seat #6 is the button
Seat 1: STEEN1955 ($1.69 in chips) 
Seat 2: Stormy_88888 ($1.24 in chips) 
Seat 3: Dorex2007 ($2.21 in chips) 
Seat 4: Kama1204 ($2.16 in chips) 
Seat 5: Deruzhenko ($2.11 in chips) 
Seat 6: Mrs Overall ($2.62 in chips) 
Seat 7: calidad1986 ($2.74 in chips) 
Seat 8: koka754 ($2 in chips) 
Seat 9: mrgreen959 ($2.58 in chips) 
calidad1986: posts small blind $0.01
koka754: posts big blind $0.02
*** HOLE CARDS ***
Dealt to Dorex2007 [Ac 6d]
mrgreen959: folds 
STEEN1955: folds 
Stormy_88888: folds 
Dorex2007: folds 
Kama1204: folds 
Deruzhenko: calls $0.02
Mrs Overall: folds 
calidad1986: folds 
koka754: checks 
*** FLOP *** [5s 5h Qh]
koka754: checks 
Deruzhenko: checks 
*** TURN *** [5s 5h Qh] [6c]
koka754: checks 
Deruzhenko: checks 
*** RIVER *** [5s 5h Qh 6c] [8d]
koka754: checks 
STEEN1955 leaves the table
Deruzhenko: bets $0.05
koka754: folds 
Uncalled bet ($0.05) returned to Deruzhenko
Deruzhenko collected $0.05 from pot
Deruzhenko: doesn't show hand 
*** SUMMARY ***
Total pot $0.05 | Rake $0 
Board [5s 5h Qh 6c 8d]
Seat 1: STEEN1955 folded before Flop (didn't bet)
Seat 2: Stormy_88888 folded before Flop (didn't bet)
Seat 3: Dorex2007 folded before Flop (didn't bet)
Seat 4: Kama1204 folded before Flop (didn't bet)
Seat 5: Deruzhenko collected ($0.05)
Seat 6: Mrs Overall (button) folded before Flop (didn't bet)
Seat 7: calidad1986 (small blind) folded before Flop
Seat 8: koka754 (big blind) folded on the River
Seat 9: mrgreen959 folded before Flop (didn't bet)



PokerStars Hand #232503550669:  Hold'em No Limit ($0.01/$0.02 USD) - 2021/12/25 3:48:48 PT [2021/12/25 6:48:48 ET]
Table 'Icarus III' 9-max Seat #7 is the button
Seat 2: Stormy_88888 ($1.24 in chips) 
Seat 3: Dorex2007 ($2.21 in chips) 
Seat 4: Kama1204 ($2.16 in chips) 
Seat 5: Deruzhenko ($2.14 in chips) 
Seat 6: Mrs Overall ($2.62 in chips) 
Seat 7: calidad1986 ($2.73 in chips) 
Seat 8: koka754 ($2 in chips) 
Seat 9: mrgreen959 ($2.58 in chips) 
koka754: posts small blind $0.01
mrgreen959: posts big blind $0.02
*** HOLE CARDS ***
Dealt to Dorex2007 [Ah As]
Stormy_88888: folds 
Dorex2007: raises $0.04 to $0.06
Kama1204: folds 
Deruzhenko: folds 
Mrs Overall: folds 
calidad1986: folds 
koka754: raises $0.18 to $0.24
mrgreen959: folds 
Dorex2007: raises $0.18 to $0.42
Scooffield joins the table at seat #1 
koka754: calls $0.18
*** FLOP *** [8h Td 2c]
koka754: checks 
Dorex2007: bets $0.83
koka754: folds 
Uncalled bet ($0.83) returned to Dorex2007
Dorex2007 collected $0.83 from pot
Dorex2007: doesn't show hand 
*** SUMMARY ***
Total pot $0.86 | Rake $0.03 
Board [8h Td 2c]
Seat 2: Stormy_88888 folded before Flop (didn't bet)
Seat 3: Dorex2007 collected ($0.83)
Seat 4: Kama1204 folded before Flop (didn't bet)
Seat 5: Deruzhenko folded before Flop (didn't bet)
Seat 6: Mrs Overall folded before Flop (didn't bet)
Seat 7: calidad1986 (button) folded before Flop (didn't bet)
Seat 8: koka754 (small blind) folded on the Flop
Seat 9: mrgreen959 (big blind) folded before Flop



PokerStars Hand #232503562593:  Hold'em No Limit ($0.01/$0.02 USD) - 2021/12/25 3:49:37 PT [2021/12/25 6:49:37 ET]
Table 'Icarus III' 9-max Seat #8 is the button
Seat 1: Scooffield ($2 in chips) 
Seat 2: Stormy_88888 ($1.24 in chips) 
Seat 3: Dorex2007 ($2.62 in chips) 
Seat 4: Kama1204 ($2.16 in chips) 
Seat 5: Deruzhenko ($2.14 in chips) 
Seat 6: Mrs Overall ($2.62 in chips) 
Seat 7: calidad1986 ($2.73 in chips) 
Seat 8: koka754 ($2 in chips) 
Seat 9: mrgreen959 ($2.56 in chips) 
mrgreen959: posts small blind $0.01
Scooffield: posts big blind $0.02
*** HOLE CARDS ***
Dealt to Dorex2007 [6d 8h]
Stormy_88888: folds 
Dorex2007: folds 
Kama1204: folds 
Deruzhenko: folds 
Mrs Overall: folds 
calidad1986: raises $0.04 to $0.06
koka754: calls $0.06
mrgreen959: folds 
Scooffield: folds 
*** FLOP *** [2s 2d Qc]
calidad1986: bets $0.06
koka754: calls $0.06
*** TURN *** [2s 2d Qc] [Kc]
calidad1986: bets $0.14
koka754: folds 
Uncalled bet ($0.14) returned to calidad1986
calidad1986 collected $0.26 from pot
calidad1986: doesn't show hand 
*** SUMMARY ***
Total pot $0.27 | Rake $0.01 
Board [2s 2d Qc Kc]
Seat 1: Scooffield (big blind) folded before Flop
Seat 2: Stormy_88888 folded before Flop (didn't bet)
Seat 3: Dorex2007 folded before Flop (didn't bet)
Seat 4: Kama1204 folded before Flop (didn't bet)
Seat 5: Deruzhenko folded before Flop (didn't bet)
Seat 6: Mrs Overall folded before Flop (didn't bet)
Seat 7: calidad1986 collected ($0.26)
Seat 8: koka754 (button) folded on the Turn
Seat 9: mrgreen959 (small blind) folded before Flop



PokerStars Hand #232503574304:  Hold'em No Limit ($0.01/$0.02 USD) - 2021/12/25 3:50:26 PT [2021/12/25 6:50:26 ET]
Table 'Icarus III' 9-max Seat #9 is the button
Seat 1: Scooffield ($1.98 in chips) 
Seat 2: Stormy_88888 ($1.24 in chips) 
Seat 3: Dorex2007 ($2.62 in chips) 
Seat 4: Kama1204 ($2.16 in chips) 
Seat 5: Deruzhenko ($2.14 in chips) 
Seat 7: calidad1986 ($2.87 in chips) 
Seat 8: koka754 ($2 in chips) 
Seat 9: mrgreen959 ($2.55 in chips) 
Scooffield: posts small blind $0.01
Stormy_88888: posts big blind $0.02
*** HOLE CARDS ***
Dealt to Dorex2007 [3h 6s]
Mrs Overall leaves the table
Dorex2007: folds 
Kama1204: raises $0.02 to $0.04
Deruzhenko: folds 
calidad1986: folds 
koka754: raises $0.06 to $0.10
mrgreen959: folds 
Scooffield: folds 
Stormy_88888: folds 
bazchaki joins the table at seat #6 
Kama1204: folds 
Uncalled bet ($0.06) returned to koka754
koka754 collected $0.11 from pot
koka754: doesn't show hand 
*** SUMMARY ***
Total pot $0.11 | Rake $0 
Seat 1: Scooffield (small blind) folded before Flop
Seat 2: Stormy_88888 (big blind) folded before Flop
Seat 3: Dorex2007 folded before Flop (didn't bet)
Seat 4: Kama1204 folded before Flop
Seat 5: Deruzhenko folded before Flop (didn't bet)
Seat 7: calidad1986 folded before Flop (didn't bet)
Seat 8: koka754 collected ($0.11)
Seat 9: mrgreen959 (button) folded before Flop (didn't bet)



PokerStars Hand #232503579452:  Hold'em No Limit ($0.01/$0.02 USD) - 2021/12/25 3:50:47 PT [2021/12/25 6:50:47 ET]
Table 'Icarus III' 9-max Seat #1 is the button
Seat 1: Scooffield ($1.97 in chips) 
Seat 2: Stormy_88888 ($1.22 in chips) 
Seat 3: Dorex2007 ($2.62 in chips) 
Seat 4: Kama1204 ($2.12 in chips) 
Seat 5: Deruzhenko ($2.14 in chips) 
Seat 7: calidad1986 ($2.87 in chips) 
Seat 8: koka754 ($2.07 in chips) 
Seat 9: mrgreen959 ($2.55 in chips) 
Stormy_88888: posts small blind $0.01
Dorex2007: posts big blind $0.02
bazchaki: sits out 
*** HOLE CARDS ***
Dealt to Dorex2007 [Jh Qh]
Kama1204: folds 
Deruzhenko: folds 
calidad1986: folds 
koka754: folds 
mrgreen959: folds 
Scooffield: raises $0.02 to $0.04
Stormy_88888: folds 
Dorex2007: calls $0.02
*** FLOP *** [5d 4h 8d]
Dorex2007: checks 
Scooffield: checks 
*** TURN *** [5d 4h 8d] [4d]
Dorex2007: checks 
Scooffield: bets $0.06
Dorex2007: folds 
Uncalled bet ($0.06) returned to Scooffield
Scooffield collected $0.09 from pot
Scooffield: doesn't show hand 
*** SUMMARY ***
Total pot $0.09 | Rake $0 
Board [5d 4h 8d 4d]
Seat 1: Scooffield (button) collected ($0.09)
Seat 2: Stormy_88888 (small blind) folded before Flop
Seat 3: Dorex2007 (big blind) folded on the Turn
Seat 4: Kama1204 folded before Flop (didn't bet)
Seat 5: Deruzhenko folded before Flop (didn't bet)
Seat 7: calidad1986 folded before Flop (didn't bet)
Seat 8: koka754 folded before Flop (didn't bet)
Seat 9: mrgreen959 folded before Flop (didn't bet)



PokerStars Hand #232503592299:  Hold'em No Limit ($0.01/$0.02 USD) - 2021/12/25 3:51:39 PT [2021/12/25 6:51:39 ET]
Table 'Icarus III' 9-max Seat #2 is the button
Seat 1: Scooffield ($2.02 in chips) 
Seat 2: Stormy_88888 ($1.21 in chips) 
Seat 3: Dorex2007 ($2.58 in chips) 
Seat 4: Kama1204 ($2.12 in chips) 
Seat 5: Deruzhenko ($2.14 in chips) 
Seat 7: calidad1986 ($2.87 in chips) 
Seat 8: koka754 ($2.07 in chips) 
Seat 9: mrgreen959 ($2.55 in chips) 
Dorex2007: posts small blind $0.01
Kama1204: posts big blind $0.02
bazchaki: sits out 
*** HOLE CARDS ***
Dealt to Dorex2007 [3s 4d]
Deruzhenko: folds 
calidad1986: folds 
koka754: folds 
mrgreen959: calls $0.02
Scooffield: calls $0.02
Stormy_88888: raises $0.06 to $0.08
Dorex2007: folds 
Kama1204: folds 
mrgreen959: calls $0.06
Scooffield: calls $0.06
*** FLOP *** [Ks 7c Js]
mrgreen959: checks 
Scooffield: checks 
Stormy_88888: bets $0.06
mrgreen959: folds 
Scooffield: calls $0.06
*** TURN *** [Ks 7c Js] [Kh]
Scooffield: checks 
Stormy_88888: bets $0.12
Scooffield: folds 
Uncalled bet ($0.12) returned to Stormy_88888
Stormy_88888 collected $0.38 from pot
Stormy_88888: doesn't show hand 
*** SUMMARY ***
Total pot $0.39 | Rake $0.01 
Board [Ks 7c Js Kh]
Seat 1: Scooffield folded on the Turn
Seat 2: Stormy_88888 (button) collected ($0.38)
Seat 3: Dorex2007 (small blind) folded before Flop
Seat 4: Kama1204 (big blind) folded before Flop
Seat 5: Deruzhenko folded before Flop (didn't bet)
Seat 7: calidad1986 folded before Flop (didn't bet)
Seat 8: koka754 folded before Flop (didn't bet)
Seat 9: mrgreen959 folded on the Flop



PokerStars Hand #232503612039:  Hold'em No Limit ($0.01/$0.02 USD) - 2021/12/25 3:52:58 PT [2021/12/25 6:52:58 ET]
Table 'Icarus III' 9-max Seat #3 is the button
Seat 1: Scooffield ($1.88 in chips) 
Seat 2: Stormy_88888 ($1.45 in chips) 
Seat 3: Dorex2007 ($2.57 in chips) 
Seat 4: Kama1204 ($2.10 in chips) 
Seat 5: Deruzhenko ($2.14 in chips) 
Seat 7: calidad1986 ($2.87 in chips) 
Seat 8: koka754 ($2.07 in chips) 
Seat 9: mrgreen959 ($2.47 in chips) 
Kama1204: posts small blind $0.01
Deruzhenko: posts big blind $0.02
bazchaki: sits out 
*** HOLE CARDS ***
Dealt to Dorex2007 [Qs 7h]
calidad1986: folds 
koka754: raises $0.06 to $0.08
mrgreen959: raises $0.14 to $0.22
Scooffield: folds 
Stormy_88888: folds 
Dorex2007: folds 
Kama1204: folds 
Deruzhenko: folds 
koka754: calls $0.14
*** FLOP *** [5d 2c 6c]
koka754: checks 
mrgreen959: checks 
*** TURN *** [5d 2c 6c] [5c]
koka754: checks 
mrgreen959: checks 
*** RIVER *** [5d 2c 6c 5c] [Ac]
koka754: checks 
mrgreen959: checks 
*** SHOW DOWN ***
koka754: shows [Jd Jh] (two pair, Jacks and Fives)
mrgreen959: shows [Ts As] (two pair, Aces and Fives)
mrgreen959 collected $0.45 from pot
*** SUMMARY ***
Total pot $0.47 | Rake $0.02 
Board [5d 2c 6c 5c Ac]
Seat 1: Scooffield folded before Flop (didn't bet)
Seat 2: Stormy_88888 folded before Flop (didn't bet)
Seat 3: Dorex2007 (button) folded before Flop (didn't bet)
Seat 4: Kama1204 (small blind) folded before Flop
Seat 5: Deruzhenko (big blind) folded before Flop
Seat 7: calidad1986 folded before Flop (didn't bet)
Seat 8: koka754 showed [Jd Jh] and lost with two pair, Jacks and Fives
Seat 9: mrgreen959 showed [Ts As] and won ($0.45) with two pair, Aces and Fives



PokerStars Hand #232503619950:  Hold'em No Limit ($0.01/$0.02 USD) - 2021/12/25 3:53:30 PT [2021/12/25 6:53:30 ET]
Table 'Icarus III' 9-max Seat #4 is the button
Seat 1: Scooffield ($1.88 in chips) 
Seat 2: Stormy_88888 ($1.45 in chips) 
Seat 3: Dorex2007 ($2.57 in chips) 
Seat 4: Kama1204 ($2.09 in chips) 
Seat 5: Deruzhenko ($2.12 in chips) 
Seat 6: bazchaki ($2 in chips) 
Seat 7: calidad1986 ($2.87 in chips) 
Seat 8: koka754 ($2 in chips) 
Seat 9: mrgreen959 ($2.70 in chips) 
Deruzhenko: posts small blind $0.01
bazchaki: posts big blind $0.02
*** HOLE CARDS ***
Dealt to Dorex2007 [5c 9d]
calidad1986: folds 
koka754: folds 
mrgreen959: raises $0.04 to $0.06
Scooffield: calls $0.06
Stormy_88888: folds 
Dorex2007: folds 
Kama1204: folds 
Deruzhenko: folds 
bazchaki: folds 
*** FLOP *** [8h Ts 6d]
mrgreen959: bets $0.07
Scooffield: calls $0.07
*** TURN *** [8h Ts 6d] [3d]
mrgreen959: bets $0.14
Scooffield: calls $0.14
*** RIVER *** [8h Ts 6d 3d] [2c]
mrgreen959: bets $0.28
Scooffield: folds 
Uncalled bet ($0.28) returned to mrgreen959
mrgreen959 collected $0.55 from pot
mrgreen959: doesn't show hand 
*** SUMMARY ***
Total pot $0.57 | Rake $0.02 
Board [8h Ts 6d 3d 2c]
Seat 1: Scooffield folded on the River
Seat 2: Stormy_88888 folded before Flop (didn't bet)
Seat 3: Dorex2007 folded before Flop (didn't bet)
Seat 4: Kama1204 (button) folded before Flop (didn't bet)
Seat 5: Deruzhenko (small blind) folded before Flop
Seat 6: bazchaki (big blind) folded before Flop
Seat 7: calidad1986 folded before Flop (didn't bet)
Seat 8: koka754 folded before Flop (didn't bet)
Seat 9: mrgreen959 collected ($0.55)



PokerStars Hand #232503631695:  Hold'em No Limit ($0.01/$0.02 USD) - 2021/12/25 3:54:18 PT [2021/12/25 6:54:18 ET]
Table 'Icarus III' 9-max Seat #5 is the button
Seat 1: Scooffield ($1.61 in chips) 
Seat 2: Stormy_88888 ($1.45 in chips) 
Seat 3: Dorex2007 ($2.57 in chips) 
Seat 4: Kama1204 ($2.09 in chips) 
Seat 5: Deruzhenko ($2.11 in chips) 
Seat 6: bazchaki ($1.98 in chips) 
Seat 7: calidad1986 ($2.87 in chips) 
Seat 8: koka754 ($2 in chips) 
Seat 9: mrgreen959 ($2.98 in chips) 
bazchaki: posts small blind $0.01
calidad1986: posts big blind $0.02
*** HOLE CARDS ***
Dealt to Dorex2007 [9d 8s]
koka754: folds 
mrgreen959: folds 
Scooffield: calls $0.02
Stormy_88888: folds 
Dorex2007: folds 
Kama1204: raises $0.04 to $0.06
Deruzhenko: folds 
bazchaki: folds 
calidad1986: folds 
Scooffield: calls $0.04
*** FLOP *** [7s 8h 7d]
Scooffield: bets $0.06
Kama1204: calls $0.06
*** TURN *** [7s 8h 7d] [Qs]
Scooffield: bets $0.14
Kama1204: folds 
Uncalled bet ($0.14) returned to Scooffield
Scooffield collected $0.26 from pot
Scooffield: doesn't show hand 
*** SUMMARY ***
Total pot $0.27 | Rake $0.01 
Board [7s 8h 7d Qs]
Seat 1: Scooffield collected ($0.26)
Seat 2: Stormy_88888 folded before Flop (didn't bet)
Seat 3: Dorex2007 folded before Flop (didn't bet)
Seat 4: Kama1204 folded on the Turn
Seat 5: Deruzhenko (button) folded before Flop (didn't bet)
Seat 6: bazchaki (small blind) folded before Flop
Seat 7: calidad1986 (big blind) folded before Flop
Seat 8: koka754 folded before Flop (didn't bet)
Seat 9: mrgreen959 folded before Flop (didn't bet)



PokerStars Hand #232503643133:  Hold'em No Limit ($0.01/$0.02 USD) - 2021/12/25 3:55:04 PT [2021/12/25 6:55:04 ET]
Table 'Icarus III' 9-max Seat #6 is the button
Seat 1: Scooffield ($1.75 in chips) 
Seat 2: Stormy_88888 ($1.45 in chips) 
Seat 3: Dorex2007 ($2.57 in chips) 
Seat 4: Kama1204 ($1.97 in chips) 
Seat 5: Deruzhenko ($2.11 in chips) 
Seat 6: bazchaki ($1.97 in chips) 
Seat 7: calidad1986 ($2.85 in chips) 
Seat 8: koka754 ($2 in chips) 
Seat 9: mrgreen959 ($2.98 in chips) 
calidad1986: posts small blind $0.01
koka754: posts big blind $0.02
*** HOLE CARDS ***
Dealt to Dorex2007 [8c 5d]
mrgreen959: folds 
Scooffield: raises $0.02 to $0.04
Stormy_88888: folds 
Dorex2007: folds 
Kama1204: folds 
Deruzhenko: raises $0.02 to $0.06
bazchaki: folds 
calidad1986: raises $0.18 to $0.24
koka754: folds 
Scooffield: folds 
Deruzhenko: folds 
Uncalled bet ($0.18) returned to calidad1986
calidad1986 collected $0.18 from pot
calidad1986: doesn't show hand 
*** SUMMARY ***
Total pot $0.18 | Rake $0 
Seat 1: Scooffield folded before Flop
Seat 2: Stormy_88888 folded before Flop (didn't bet)
Seat 3: Dorex2007 folded before Flop (didn't bet)
Seat 4: Kama1204 folded before Flop (didn't bet)
Seat 5: Deruzhenko folded before Flop
Seat 6: bazchaki (button) folded before Flop (didn't bet)
Seat 7: calidad1986 (small blind) collected ($0.18)
Seat 8: koka754 (big blind) folded before Flop
Seat 9: mrgreen959 folded before Flop (didn't bet)



PokerStars Hand #232503650472:  Hold'em No Limit ($0.01/$0.02 USD) - 2021/12/25 3:55:37 PT [2021/12/25 6:55:37 ET]
Table 'Icarus III' 9-max Seat #7 is the button
Seat 1: Scooffield ($1.71 in chips) 
Seat 2: Stormy_88888 ($1.45 in chips) 
Seat 3: Dorex2007 ($2.57 in chips) 
Seat 4: Kama1204 ($1.97 in chips) 
Seat 5: Deruzhenko ($2.05 in chips) 
Seat 6: bazchaki ($1.97 in chips) 
Seat 7: calidad1986 ($2.97 in chips) 
Seat 8: koka754 ($2 in chips) 
Seat 9: mrgreen959 ($2.98 in chips) 
koka754: posts small blind $0.01
mrgreen959: posts big blind $0.02
*** HOLE CARDS ***
Dealt to Dorex2007 [3d 4h]
Scooffield: folds 
Stormy_88888: folds 
Dorex2007: folds 
Kama1204: folds 
Deruzhenko: calls $0.02
bazchaki: calls $0.02
calidad1986: folds 
koka754: calls $0.01
mrgreen959: raises $0.04 to $0.06
Deruzhenko: calls $0.04
bazchaki: calls $0.04
koka754: calls $0.04
*** FLOP *** [5s 4c 5d]
koka754: checks 
mrgreen959: checks 
Deruzhenko: bets $0.02
bazchaki: calls $0.02
koka754: folds 
mrgreen959: folds 
*** TURN *** [5s 4c 5d] [Js]
Deruzhenko: bets $0.02
bazchaki: raises $0.02 to $0.04
Deruzhenko: folds 
Uncalled bet ($0.02) returned to bazchaki
bazchaki collected $0.31 from pot
bazchaki: doesn't show hand 
*** SUMMARY ***
Total pot $0.32 | Rake $0.01 
Board [5s 4c 5d Js]
Seat 1: Scooffield folded before Flop (didn't bet)
Seat 2: Stormy_88888 folded before Flop (didn't bet)
Seat 3: Dorex2007 folded before Flop (didn't bet)
Seat 4: Kama1204 folded before Flop (didn't bet)
Seat 5: Deruzhenko folded on the Turn
Seat 6: bazchaki collected ($0.31)
Seat 7: calidad1986 (button) folded before Flop (didn't bet)
Seat 8: koka754 (small blind) folded on the Flop
Seat 9: mrgreen959 (big blind) folded on the Flop



PokerStars Hand #232503664625:  Hold'em No Limit ($0.01/$0.02 USD) - 2021/12/25 3:56:43 PT [2021/12/25 6:56:43 ET]
Table 'Icarus III' 9-max Seat #8 is the button
Seat 1: Scooffield ($1.71 in chips) 
Seat 2: Stormy_88888 ($1.45 in chips) 
Seat 3: Dorex2007 ($2.57 in chips) 
Seat 4: Kama1204 ($1.97 in chips) 
Seat 5: Deruzhenko ($1.95 in chips) 
Seat 6: bazchaki ($2.18 in chips) 
Seat 7: calidad1986 ($2.97 in chips) 
Seat 8: koka754 ($2 in chips) 
Seat 9: mrgreen959 ($2.92 in chips) 
mrgreen959: posts small blind $0.01
Scooffield: posts big blind $0.02
*** HOLE CARDS ***
Dealt to Dorex2007 [3h 9s]
Stormy_88888: calls $0.02
Dorex2007: folds 
Kama1204: folds 
Deruzhenko: folds 
bazchaki: raises $0.04 to $0.06
calidad1986: folds 
koka754: folds 
mrgreen959: folds 
Scooffield: folds 
Stormy_88888: calls $0.04
*** FLOP *** [8h 2c 6s]
Stormy_88888: checks 
bazchaki: checks 
*** TURN *** [8h 2c 6s] [4h]
Stormy_88888: bets $0.06
bazchaki: calls $0.06
*** RIVER *** [8h 2c 6s 4h] [3s]
Stormy_88888: bets $0.16
bazchaki: calls $0.16
*** SHOW DOWN ***
Stormy_88888: shows [Ad Kc] (high card Ace)
bazchaki: shows [Ks As] (high card Ace)
Stormy_88888 collected $0.29 from pot
bazchaki collected $0.28 from pot
*** SUMMARY ***
Total pot $0.59 | Rake $0.02 
Board [8h 2c 6s 4h 3s]
Seat 1: Scooffield (big blind) folded before Flop
Seat 2: Stormy_88888 showed [Ad Kc] and won ($0.29) with high card Ace
Seat 3: Dorex2007 folded before Flop (didn't bet)
Seat 4: Kama1204 folded before Flop (didn't bet)
Seat 5: Deruzhenko folded before Flop (didn't bet)
Seat 6: bazchaki showed [Ks As] and won ($0.28) with high card Ace
Seat 7: calidad1986 folded before Flop (didn't bet)
Seat 8: koka754 (button) folded before Flop (didn't bet)
Seat 9: mrgreen959 (small blind) folded before Flop



PokerStars Hand #232503673466:  Hold'em No Limit ($0.01/$0.02 USD) - 2021/12/25 3:57:25 PT [2021/12/25 6:57:25 ET]
Table 'Icarus III' 9-max Seat #9 is the button
Seat 1: Scooffield ($1.69 in chips) 
Seat 2: Stormy_88888 ($1.46 in chips) 
Seat 3: Dorex2007 ($2.57 in chips) 
Seat 4: Kama1204 ($1.97 in chips) 
Seat 5: Deruzhenko ($1.95 in chips) 
Seat 6: bazchaki ($2.18 in chips) 
Seat 7: calidad1986 ($2.97 in chips) 
Seat 8: koka754 ($2 in chips) 
Seat 9: mrgreen959 ($2.91 in chips) 
Scooffield: posts small blind $0.01
Stormy_88888: posts big blind $0.02
*** HOLE CARDS ***
Dealt to Dorex2007 [Kc 2h]
Dorex2007: folds 
Kama1204: folds 
Deruzhenko: raises $0.02 to $0.04
bazchaki: folds 
calidad1986: folds 
koka754: raises $0.06 to $0.10
mrgreen959: folds 
Scooffield: folds 
Stormy_88888: folds 
Deruzhenko: calls $0.06
*** FLOP *** [Ah 5h 5s]
Deruzhenko: bets $0.02
koka754: raises $0.14 to $0.16
Deruzhenko: calls $0.14
*** TURN *** [Ah 5h 5s] [9h]
Deruzhenko: bets $0.02
koka754: calls $0.02
*** RIVER *** [Ah 5h 5s 9h] [9s]
Deruzhenko: bets $0.02
koka754: calls $0.02
*** SHOW DOWN ***
Deruzhenko: shows [3d Ad] (two pair, Aces and Nines)
koka754: shows [As Jd] (two pair, Aces and Nines - Jack kicker)
koka754 collected $0.61 from pot
*** SUMMARY ***
Total pot $0.63 | Rake $0.02 
Board [Ah 5h 5s 9h 9s]
Seat 1: Scooffield (small blind) folded before Flop
Seat 2: Stormy_88888 (big blind) folded before Flop
Seat 3: Dorex2007 folded before Flop (didn't bet)
Seat 4: Kama1204 folded before Flop (didn't bet)
Seat 5: Deruzhenko showed [3d Ad] and lost with two pair, Aces and Nines
Seat 6: bazchaki folded before Flop (didn't bet)
Seat 7: calidad1986 folded before Flop (didn't bet)
Seat 8: koka754 showed [As Jd] and won ($0.61) with two pair, Aces and Nines
Seat 9: mrgreen959 (button) folded before Flop (didn't bet)



PokerStars Hand #232503681027:  Hold'em No Limit ($0.01/$0.02 USD) - 2021/12/25 3:57:59 PT [2021/12/25 6:57:59 ET]
Table 'Icarus III' 9-max Seat #1 is the button
Seat 1: Scooffield ($1.68 in chips) 
Seat 2: Stormy_88888 ($1.44 in chips) 
Seat 3: Dorex2007 ($2.57 in chips) 
Seat 4: Kama1204 ($1.97 in chips) 
Seat 5: Deruzhenko ($1.65 in chips) 
Seat 6: bazchaki ($2.18 in chips) 
Seat 7: calidad1986 ($2.97 in chips) 
Seat 8: koka754 ($2.31 in chips) 
Seat 9: mrgreen959 ($2.91 in chips) 
Stormy_88888: posts small blind $0.01
Dorex2007: posts big blind $0.02
*** HOLE CARDS ***
Dealt to Dorex2007 [6h 9s]
Kama1204: folds 
Deruzhenko: raises $0.02 to $0.04
bazchaki: folds 
calidad1986: folds 
koka754: folds 
mrgreen959: folds 
Scooffield: calls $0.04
Stormy_88888: calls $0.03
Dorex2007: folds 
*** FLOP *** [5h 5c 9h]
Stormy_88888: bets $0.06
Deruzhenko: calls $0.06
Scooffield: folds 
*** TURN *** [5h 5c 9h] [6s]
Stormy_88888: bets $0.06
Deruzhenko: calls $0.06
*** RIVER *** [5h 5c 9h 6s] [8d]
Stormy_88888: bets $0.10
Deruzhenko: calls $0.10
*** SHOW DOWN ***
Stormy_88888: shows [Kh 7h] (a straight, Five to Nine)
Deruzhenko: mucks hand 
Stormy_88888 collected $0.56 from pot
*** SUMMARY ***
Total pot $0.58 | Rake $0.02 
Board [5h 5c 9h 6s 8d]
Seat 1: Scooffield (button) folded on the Flop
Seat 2: Stormy_88888 (small blind) showed [Kh 7h] and won ($0.56) with a straight, Five to Nine
Seat 3: Dorex2007 (big blind) folded before Flop
Seat 4: Kama1204 folded before Flop (didn't bet)
Seat 5: Deruzhenko mucked [Qh 9d]
Seat 6: bazchaki folded before Flop (didn't bet)
Seat 7: calidad1986 folded before Flop (didn't bet)
Seat 8: koka754 folded before Flop (didn't bet)
Seat 9: mrgreen959 folded before Flop (didn't bet)



PokerStars Hand #232503691920:  Hold'em No Limit ($0.01/$0.02 USD) - 2021/12/25 3:58:49 PT [2021/12/25 6:58:49 ET]
Table 'Icarus III' 9-max Seat #2 is the button
Seat 1: Scooffield ($1.64 in chips) 
Seat 2: Stormy_88888 ($1.74 in chips) 
Seat 3: Dorex2007 ($2.55 in chips) 
Seat 4: Kama1204 ($1.97 in chips) 
Seat 5: Deruzhenko ($1.39 in chips) 
Seat 6: bazchaki ($2.18 in chips) 
Seat 7: calidad1986 ($2.97 in chips) 
Seat 8: koka754 ($2.31 in chips) 
Seat 9: mrgreen959 ($2.91 in chips) 
Dorex2007: posts small blind $0.01
Kama1204: posts big blind $0.02
*** HOLE CARDS ***
Dealt to Dorex2007 [2c 2s]
Deruzhenko: folds 
bazchaki: folds 
calidad1986: raises $0.04 to $0.06
koka754: calls $0.06
mrgreen959: folds 
Scooffield: folds 
Stormy_88888: calls $0.06
Dorex2007: folds 
Kama1204: folds 
*** FLOP *** [8c 9d Kd]
calidad1986: bets $0.10
koka754: folds 
Stormy_88888: raises $0.10 to $0.20
calidad1986: calls $0.10
*** TURN *** [8c 9d Kd] [7s]
calidad1986: checks 
Stormy_88888: bets $0.16
calidad1986: calls $0.16
*** RIVER *** [8c 9d Kd 7s] [8s]
calidad1986: checks 
Stormy_88888: bets $0.22
calidad1986: folds 
Uncalled bet ($0.22) returned to Stormy_88888
Stormy_88888 collected $0.89 from pot
Stormy_88888: doesn't show hand 
*** SUMMARY ***
Total pot $0.93 | Rake $0.04 
Board [8c 9d Kd 7s 8s]
Seat 1: Scooffield folded before Flop (didn't bet)
Seat 2: Stormy_88888 (button) collected ($0.89)
Seat 3: Dorex2007 (small blind) folded before Flop
Seat 4: Kama1204 (big blind) folded before Flop
Seat 5: Deruzhenko folded before Flop (didn't bet)
Seat 6: bazchaki folded before Flop (didn't bet)
Seat 7: calidad1986 folded on the River
Seat 8: koka754 folded on the Flop
Seat 9: mrgreen959 folded before Flop (didn't bet)



PokerStars Hand #232503706106:  Hold'em No Limit ($0.01/$0.02 USD) - 2021/12/25 3:59:55 PT [2021/12/25 6:59:55 ET]
Table 'Icarus III' 9-max Seat #3 is the button
Seat 1: Scooffield ($1.64 in chips) 
Seat 2: Stormy_88888 ($2.21 in chips) 
Seat 3: Dorex2007 ($2.54 in chips) 
Seat 4: Kama1204 ($1.95 in chips) 
Seat 5: Deruzhenko ($1.39 in chips) 
Seat 6: bazchaki ($2.18 in chips) 
Seat 7: calidad1986 ($2.55 in chips) 
Seat 8: koka754 ($2.25 in chips) 
Seat 9: mrgreen959 ($2.91 in chips) 
Kama1204: posts small blind $0.01
Deruzhenko: posts big blind $0.02
*** HOLE CARDS ***
Dealt to Dorex2007 [Ac Ks]
bazchaki: folds 
calidad1986: folds 
koka754: raises $0.04 to $0.06
mrgreen959: folds 
Scooffield: folds 
Stormy_88888: folds 
Dorex2007: calls $0.06
Kama1204: folds 
Deruzhenko: calls $0.04
*** FLOP *** [4h 2d Jd]
Deruzhenko: bets $0.09
koka754: folds 
Dorex2007: folds 
Uncalled bet ($0.09) returned to Deruzhenko
Deruzhenko collected $0.18 from pot
Deruzhenko: doesn't show hand 
*** SUMMARY ***
Total pot $0.19 | Rake $0.01 
Board [4h 2d Jd]
Seat 1: Scooffield folded before Flop (didn't bet)
Seat 2: Stormy_88888 folded before Flop (didn't bet)
Seat 3: Dorex2007 (button) folded on the Flop
Seat 4: Kama1204 (small blind) folded before Flop
Seat 5: Deruzhenko (big blind) collected ($0.18)
Seat 6: bazchaki folded before Flop (didn't bet)
Seat 7: calidad1986 folded before Flop (didn't bet)
Seat 8: koka754 folded on the Flop
Seat 9: mrgreen959 folded before Flop (didn't bet)



PokerStars Hand #232503713228:  Hold'em No Limit ($0.01/$0.02 USD) - 2021/12/25 4:00:27 PT [2021/12/25 7:00:27 ET]
Table 'Icarus III' 9-max Seat #4 is the button
Seat 1: Scooffield ($1.64 in chips) 
Seat 2: Stormy_88888 ($2.21 in chips) 
Seat 3: Dorex2007 ($2.48 in chips) 
Seat 4: Kama1204 ($1.94 in chips) 
Seat 5: Deruzhenko ($1.51 in chips) 
Seat 6: bazchaki ($2.18 in chips) 
Seat 7: calidad1986 ($2.55 in chips) 
Seat 8: koka754 ($2.19 in chips) 
Seat 9: mrgreen959 ($2.91 in chips) 
Deruzhenko: posts small blind $0.01
bazchaki: posts big blind $0.02
*** HOLE CARDS ***
Dealt to Dorex2007 [Js 3c]
calidad1986: folds 
koka754: folds 
mrgreen959: raises $0.04 to $0.06
Scooffield: calls $0.06
Stormy_88888: calls $0.06
Dorex2007: folds 
Kama1204: folds 
Deruzhenko: calls $0.05
bazchaki: calls $0.04
*** FLOP *** [7s Jh Kc]
Deruzhenko: checks 
bazchaki: checks 
mrgreen959: checks 
Scooffield: bets $0.15
Stormy_88888: folds 
Deruzhenko: folds 
bazchaki: folds 
mrgreen959: folds 
Uncalled bet ($0.15) returned to Scooffield
Scooffield collected $0.29 from pot
Scooffield: doesn't show hand 
*** SUMMARY ***
Total pot $0.30 | Rake $0.01 
Board [7s Jh Kc]
Seat 1: Scooffield collected ($0.29)
Seat 2: Stormy_88888 folded on the Flop
Seat 3: Dorex2007 folded before Flop (didn't bet)
Seat 4: Kama1204 (button) folded before Flop (didn't bet)
Seat 5: Deruzhenko (small blind) folded on the Flop
Seat 6: bazchaki (big blind) folded on the Flop
Seat 7: calidad1986 folded before Flop (didn't bet)
Seat 8: koka754 folded before Flop (didn't bet)
Seat 9: mrgreen959 folded on the Flop



PokerStars Hand #232503721189:  Hold'em No Limit ($0.01/$0.02 USD) - 2021/12/25 4:01:02 PT [2021/12/25 7:01:02 ET]
Table 'Icarus III' 9-max Seat #5 is the button
Seat 1: Scooffield ($1.87 in chips) 
Seat 2: Stormy_88888 ($2.15 in chips) 
Seat 3: Dorex2007 ($2.48 in chips) 
Seat 4: Kama1204 ($1.94 in chips) 
Seat 5: Deruzhenko ($1.45 in chips) 
Seat 6: bazchaki ($2.12 in chips) 
Seat 7: calidad1986 ($2.55 in chips) 
Seat 8: koka754 ($2.19 in chips) 
Seat 9: mrgreen959 ($2.85 in chips) 
bazchaki: posts small blind $0.01
calidad1986: posts big blind $0.02
*** HOLE CARDS ***
Dealt to Dorex2007 [Qs 4s]
koka754: folds 
mrgreen959: folds 
Scooffield: folds 
Stormy_88888: folds 
Dorex2007: folds 
Kama1204: folds 
Deruzhenko: folds 
bazchaki: folds 
Uncalled bet ($0.01) returned to calidad1986
calidad1986 collected $0.02 from pot
calidad1986: doesn't show hand 
*** SUMMARY ***
Total pot $0.02 | Rake $0 
Seat 1: Scooffield folded before Flop (didn't bet)
Seat 2: Stormy_88888 folded before Flop (didn't bet)
Seat 3: Dorex2007 folded before Flop (didn't bet)
Seat 4: Kama1204 folded before Flop (didn't bet)
Seat 5: Deruzhenko (button) folded before Flop (didn't bet)
Seat 6: bazchaki (small blind) folded before Flop
Seat 7: calidad1986 (big blind) collected ($0.02)
Seat 8: koka754 folded before Flop (didn't bet)
Seat 9: mrgreen959 folded before Flop (didn't bet)



PokerStars Hand #232503723476:  Hold'em No Limit ($0.01/$0.02 USD) - 2021/12/25 4:01:11 PT [2021/12/25 7:01:11 ET]
Table 'Icarus III' 9-max Seat #6 is the button
Seat 1: Scooffield ($1.87 in chips) 
Seat 2: Stormy_88888 ($2.15 in chips) 
Seat 3: Dorex2007 ($2.48 in chips) 
Seat 4: Kama1204 ($1.94 in chips) 
Seat 5: Deruzhenko ($1.45 in chips) 
Seat 6: bazchaki ($2.11 in chips) 
Seat 7: calidad1986 ($2.56 in chips) 
Seat 8: koka754 ($2.19 in chips) 
Seat 9: mrgreen959 ($2.85 in chips) 
calidad1986: posts small blind $0.01
koka754: posts big blind $0.02
*** HOLE CARDS ***
Dealt to Dorex2007 [Th Ts]
mrgreen959: folds 
Scooffield: folds 
Stormy_88888: folds 
Dorex2007: raises $0.02 to $0.04
Kama1204: calls $0.04
Deruzhenko: folds 
bazchaki: raises $0.15 to $0.19
calidad1986: folds 
koka754: folds 
Dorex2007: folds 
Kama1204: folds 
Uncalled bet ($0.15) returned to bazchaki
bazchaki collected $0.15 from pot
bazchaki: doesn't show hand 
*** SUMMARY ***
Total pot $0.15 | Rake $0 
Seat 1: Scooffield folded before Flop (didn't bet)
Seat 2: Stormy_88888 folded before Flop (didn't bet)
Seat 3: Dorex2007 folded before Flop
Seat 4: Kama1204 folded before Flop
Seat 5: Deruzhenko folded before Flop (didn't bet)
Seat 6: bazchaki (button) collected ($0.15)
Seat 7: calidad1986 (small blind) folded before Flop
Seat 8: koka754 (big blind) folded before Flop
Seat 9: mrgreen959 folded before Flop (didn't bet)



PokerStars Hand #232503731669:  Hold'em No Limit ($0.01/$0.02 USD) - 2021/12/25 4:01:46 PT [2021/12/25 7:01:46 ET]
Table 'Icarus III' 9-max Seat #7 is the button
Seat 1: Scooffield ($1.87 in chips) 
Seat 2: Stormy_88888 ($2.15 in chips) 
Seat 3: Dorex2007 ($2.44 in chips) 
Seat 4: Kama1204 ($1.90 in chips) 
Seat 5: Deruzhenko ($1.45 in chips) 
Seat 6: bazchaki ($2.22 in chips) 
Seat 7: calidad1986 ($2.55 in chips) 
Seat 8: koka754 ($2.17 in chips) 
Seat 9: mrgreen959 ($2.85 in chips) 
koka754: posts small blind $0.01
mrgreen959: posts big blind $0.02
*** HOLE CARDS ***
Dealt to Dorex2007 [Ac 2s]
Scooffield: folds 
Stormy_88888: folds 
Dorex2007: folds 
Kama1204: folds 
Deruzhenko: folds 
bazchaki: folds 
calidad1986: folds 
koka754: folds 
Uncalled bet ($0.01) returned to mrgreen959
mrgreen959 collected $0.02 from pot
mrgreen959: doesn't show hand 
*** SUMMARY ***
Total pot $0.02 | Rake $0 
Seat 1: Scooffield folded before Flop (didn't bet)
Seat 2: Stormy_88888 folded before Flop (didn't bet)
Seat 3: Dorex2007 folded before Flop (didn't bet)
Seat 4: Kama1204 folded before Flop (didn't bet)
Seat 5: Deruzhenko folded before Flop (didn't bet)
Seat 6: bazchaki folded before Flop (didn't bet)
Seat 7: calidad1986 (button) folded before Flop (didn't bet)
Seat 8: koka754 (small blind) folded before Flop
Seat 9: mrgreen959 (big blind) collected ($0.02)



PokerStars Hand #232503735207:  Hold'em No Limit ($0.01/$0.02 USD) - 2021/12/25 4:02:01 PT [2021/12/25 7:02:01 ET]
Table 'Icarus III' 9-max Seat #8 is the button
Seat 1: Scooffield ($1.87 in chips) 
Seat 2: Stormy_88888 ($2.15 in chips) 
Seat 3: Dorex2007 ($2.44 in chips) 
Seat 4: Kama1204 ($1.90 in chips) 
Seat 5: Deruzhenko ($1.45 in chips) 
Seat 6: bazchaki ($2.22 in chips) 
Seat 7: calidad1986 ($2.55 in chips) 
Seat 8: koka754 ($2.16 in chips) 
Seat 9: mrgreen959 ($2.86 in chips) 
mrgreen959: posts small blind $0.01
Scooffield: posts big blind $0.02
*** HOLE CARDS ***
Dealt to Dorex2007 [2c 6s]
Stormy_88888: folds 
Dorex2007: folds 
Kama1204: folds 
Deruzhenko: raises $0.02 to $0.04
bazchaki: calls $0.04
calidad1986: folds 
koka754: folds 
mrgreen959: folds 
Scooffield: calls $0.02
*** FLOP *** [Th Js Qc]
Scooffield: checks 
Deruzhenko: bets $0.02
bazchaki: folds 
Scooffield: folds 
Uncalled bet ($0.02) returned to Deruzhenko
Deruzhenko collected $0.13 from pot
Deruzhenko: doesn't show hand 
*** SUMMARY ***
Total pot $0.13 | Rake $0 
Board [Th Js Qc]
Seat 1: Scooffield (big blind) folded on the Flop
Seat 2: Stormy_88888 folded before Flop (didn't bet)
Seat 3: Dorex2007 folded before Flop (didn't bet)
Seat 4: Kama1204 folded before Flop (didn't bet)
Seat 5: Deruzhenko collected ($0.13)
Seat 6: bazchaki folded on the Flop
Seat 7: calidad1986 folded before Flop (didn't bet)
Seat 8: koka754 (button) folded before Flop (didn't bet)
Seat 9: mrgreen959 (small blind) folded before Flop



PokerStars Hand #232503742753:  Hold'em No Limit ($0.01/$0.02 USD) - 2021/12/25 4:02:32 PT [2021/12/25 7:02:32 ET]
Table 'Icarus III' 9-max Seat #9 is the button
Seat 1: Scooffield ($1.83 in chips) 
Seat 2: Stormy_88888 ($2.15 in chips) 
Seat 3: Dorex2007 ($2.44 in chips) 
Seat 4: Kama1204 ($1.90 in chips) 
Seat 5: Deruzhenko ($1.54 in chips) 
Seat 6: bazchaki ($2.18 in chips) 
Seat 7: calidad1986 ($2.55 in chips) 
Seat 8: koka754 ($2.16 in chips) 
Seat 9: mrgreen959 ($2.85 in chips) 
Scooffield: posts small blind $0.01
Stormy_88888: posts big blind $0.02
*** HOLE CARDS ***
Dealt to Dorex2007 [6s Ah]
Dorex2007: folds 
Kama1204: folds 
Deruzhenko: folds 
bazchaki: folds 
calidad1986: folds 
koka754: folds 
mrgreen959: folds 
Scooffield: folds 
Uncalled bet ($0.01) returned to Stormy_88888
Stormy_88888 collected $0.02 from pot
Stormy_88888: doesn't show hand 
*** SUMMARY ***
Total pot $0.02 | Rake $0 
Seat 1: Scooffield (small blind) folded before Flop
Seat 2: Stormy_88888 (big blind) collected ($0.02)
Seat 3: Dorex2007 folded before Flop (didn't bet)
Seat 4: Kama1204 folded before Flop (didn't bet)
Seat 5: Deruzhenko folded before Flop (didn't bet)
Seat 6: bazchaki folded before Flop (didn't bet)
Seat 7: calidad1986 folded before Flop (didn't bet)
Seat 8: koka754 folded before Flop (didn't bet)
Seat 9: mrgreen959 (button) folded before Flop (didn't bet)



PokerStars Hand #232503745811:  Hold'em No Limit ($0.01/$0.02 USD) - 2021/12/25 4:02:44 PT [2021/12/25 7:02:44 ET]
Table 'Icarus III' 9-max Seat #1 is the button
Seat 1: Scooffield ($1.82 in chips) 
Seat 2: Stormy_88888 ($2.16 in chips) 
Seat 3: Dorex2007 ($2.44 in chips) 
Seat 4: Kama1204 ($1.90 in chips) 
Seat 5: Deruzhenko ($1.54 in chips) 
Seat 6: bazchaki ($2.18 in chips) 
Seat 7: calidad1986 ($2.55 in chips) 
Seat 8: koka754 ($2.16 in chips) 
Seat 9: mrgreen959 ($2.85 in chips) 
Stormy_88888: posts small blind $0.01
Dorex2007: posts big blind $0.02
*** HOLE CARDS ***
Dealt to Dorex2007 [Qd 5s]
Kama1204: folds 
Deruzhenko: folds 
bazchaki: folds 
calidad1986: folds 
koka754: folds 
mrgreen959: raises $0.04 to $0.06
Scooffield: calls $0.06
Stormy_88888: folds 
Dorex2007: folds 
*** FLOP *** [4h 3c 9d]
mrgreen959: checks 
Scooffield: bets $0.06
mrgreen959: folds 
Uncalled bet ($0.06) returned to Scooffield
Scooffield collected $0.14 from pot
Scooffield: doesn't show hand 
*** SUMMARY ***
Total pot $0.15 | Rake $0.01 
Board [4h 3c 9d]
Seat 1: Scooffield (button) collected ($0.14)
Seat 2: Stormy_88888 (small blind) folded before Flop
Seat 3: Dorex2007 (big blind) folded before Flop
Seat 4: Kama1204 folded before Flop (didn't bet)
Seat 5: Deruzhenko folded before Flop (didn't bet)
Seat 6: bazchaki folded before Flop (didn't bet)
Seat 7: calidad1986 folded before Flop (didn't bet)
Seat 8: koka754 folded before Flop (didn't bet)
Seat 9: mrgreen959 folded on the Flop



PokerStars Hand #232503752678:  Hold'em No Limit ($0.01/$0.02 USD) - 2021/12/25 4:03:12 PT [2021/12/25 7:03:12 ET]
Table 'Icarus III' 9-max Seat #2 is the button
Seat 1: Scooffield ($1.90 in chips) 
Seat 2: Stormy_88888 ($2.15 in chips) 
Seat 3: Dorex2007 ($2.42 in chips) 
Seat 4: Kama1204 ($1.90 in chips) 
Seat 5: Deruzhenko ($1.54 in chips) 
Seat 6: bazchaki ($2.18 in chips) 
Seat 7: calidad1986 ($2.55 in chips) 
Seat 8: koka754 ($2.16 in chips) 
Seat 9: mrgreen959 ($2.79 in chips) 
Dorex2007: posts small blind $0.01
Kama1204: posts big blind $0.02
*** HOLE CARDS ***
Dealt to Dorex2007 [9h 5s]
Deruzhenko: raises $0.02 to $0.04
bazchaki: calls $0.04
calidad1986: calls $0.04
koka754: folds 
mrgreen959: folds 
Scooffield: calls $0.04
Stormy_88888: folds 
Dorex2007: folds 
Kama1204: raises $0.10 to $0.14
Deruzhenko: calls $0.10
bazchaki: folds 
calidad1986: calls $0.10
Scooffield: folds 
*** FLOP *** [Qd 6h Ts]
Kama1204: checks 
Deruzhenko: bets $0.02
calidad1986: calls $0.02
Kama1204: calls $0.02
*** TURN *** [Qd 6h Ts] [4s]
Kama1204: checks 
Deruzhenko: bets $0.02
calidad1986: calls $0.02
Kama1204: calls $0.02
*** RIVER *** [Qd 6h Ts 4s] [4c]
Kama1204: checks 
Deruzhenko: bets $0.02
calidad1986: folds 
Kama1204: folds 
Uncalled bet ($0.02) returned to Deruzhenko
Deruzhenko collected $0.61 from pot
Deruzhenko: doesn't show hand 
*** SUMMARY ***
Total pot $0.63 | Rake $0.02 
Board [Qd 6h Ts 4s 4c]
Seat 1: Scooffield folded before Flop
Seat 2: Stormy_88888 (button) folded before Flop (didn't bet)
Seat 3: Dorex2007 (small blind) folded before Flop
Seat 4: Kama1204 (big blind) folded on the River
Seat 5: Deruzhenko collected ($0.61)
Seat 6: bazchaki folded before Flop
Seat 7: calidad1986 folded on the River
Seat 8: koka754 folded before Flop (didn't bet)
Seat 9: mrgreen959 folded before Flop (didn't bet)



PokerStars Hand #232503768935:  Hold'em No Limit ($0.01/$0.02 USD) - 2021/12/25 4:04:17 PT [2021/12/25 7:04:17 ET]
Table 'Icarus III' 9-max Seat #3 is the button
Seat 1: Scooffield ($1.86 in chips) 
Seat 2: Stormy_88888 ($2.15 in chips) 
Seat 3: Dorex2007 ($2.41 in chips) 
Seat 4: Kama1204 ($1.72 in chips) 
Seat 5: Deruzhenko ($1.97 in chips) 
Seat 6: bazchaki ($2.14 in chips) 
Seat 7: calidad1986 ($2.37 in chips) 
Seat 8: koka754 ($2.16 in chips) 
Seat 9: mrgreen959 ($2.79 in chips) 
Kama1204: posts small blind $0.01
Deruzhenko: posts big blind $0.02
*** HOLE CARDS ***
Dealt to Dorex2007 [6s 3s]
bazchaki: folds 
calidad1986: folds 
koka754: folds 
mrgreen959: folds 
Scooffield: calls $0.02
Stormy_88888: folds 
Dorex2007: folds 
Kama1204: calls $0.01
Deruzhenko: checks 
*** FLOP *** [Ks As Qd]
Kama1204: checks 
Deruzhenko: checks 
Scooffield: checks 
*** TURN *** [Ks As Qd] [3d]
Kama1204: checks 
Deruzhenko: checks 
Scooffield: bets $0.02
Kama1204: calls $0.02
Deruzhenko: folds 
*** RIVER *** [Ks As Qd 3d] [Jd]
Kama1204: checks 
Scooffield: bets $0.06
Kama1204: folds 
Uncalled bet ($0.06) returned to Scooffield
Scooffield collected $0.10 from pot
Scooffield: doesn't show hand 
*** SUMMARY ***
Total pot $0.10 | Rake $0 
Board [Ks As Qd 3d Jd]
Seat 1: Scooffield collected ($0.10)
Seat 2: Stormy_88888 folded before Flop (didn't bet)
Seat 3: Dorex2007 (button) folded before Flop (didn't bet)
Seat 4: Kama1204 (small blind) folded on the River
Seat 5: Deruzhenko (big blind) folded on the Turn
Seat 6: bazchaki folded before Flop (didn't bet)
Seat 7: calidad1986 folded before Flop (didn't bet)
Seat 8: koka754 folded before Flop (didn't bet)
Seat 9: mrgreen959 folded before Flop (didn't bet)



PokerStars Hand #232503777948:  Hold'em No Limit ($0.01/$0.02 USD) - 2021/12/25 4:04:54 PT [2021/12/25 7:04:54 ET]
Table 'Icarus III' 9-max Seat #4 is the button
Seat 1: Scooffield ($1.92 in chips) 
Seat 2: Stormy_88888 ($2.15 in chips) 
Seat 3: Dorex2007 ($2.41 in chips) 
Seat 4: Kama1204 ($1.68 in chips) 
Seat 5: Deruzhenko ($1.95 in chips) 
Seat 6: bazchaki ($2.14 in chips) 
Seat 7: calidad1986 ($2.37 in chips) 
Seat 8: koka754 ($2.16 in chips) 
Seat 9: mrgreen959 ($2.79 in chips) 
Deruzhenko: posts small blind $0.01
bazchaki: posts big blind $0.02
*** HOLE CARDS ***
Dealt to Dorex2007 [4d 4h]
calidad1986: folds 
koka754: folds 
mrgreen959: folds 
Scooffield: folds 
Stormy_88888: folds 
Dorex2007: raises $0.04 to $0.06
Kama1204: folds 
Deruzhenko: calls $0.05
bazchaki: calls $0.04
*** FLOP *** [Kh Jd Kd]
Deruzhenko: bets $0.02
bazchaki: folds 
Dorex2007: calls $0.02
*** TURN *** [Kh Jd Kd] [7s]
Deruzhenko: bets $0.02
Dorex2007: calls $0.02
*** RIVER *** [Kh Jd Kd 7s] [5d]
Deruzhenko: bets $0.04
Dorex2007: calls $0.04
*** SHOW DOWN ***
Deruzhenko: shows [4c Jh] (two pair, Kings and Jacks)
Dorex2007: mucks hand 
Deruzhenko collected $0.33 from pot
*** SUMMARY ***
Total pot $0.34 | Rake $0.01 
Board [Kh Jd Kd 7s 5d]
Seat 1: Scooffield folded before Flop (didn't bet)
Seat 2: Stormy_88888 folded before Flop (didn't bet)
Seat 3: Dorex2007 mucked [4d 4h]
Seat 4: Kama1204 (button) folded before Flop (didn't bet)
Seat 5: Deruzhenko (small blind) showed [4c Jh] and won ($0.33) with two pair, Kings and Jacks
Seat 6: bazchaki (big blind) folded on the Flop
Seat 7: calidad1986 folded before Flop (didn't bet)
Seat 8: koka754 folded before Flop (didn't bet)
Seat 9: mrgreen959 folded before Flop (didn't bet)



PokerStars Hand #232503789022:  Hold'em No Limit ($0.01/$0.02 USD) - 2021/12/25 4:05:38 PT [2021/12/25 7:05:38 ET]
Table 'Icarus III' 9-max Seat #5 is the button
Seat 1: Scooffield ($1.92 in chips) 
Seat 2: Stormy_88888 ($2.15 in chips) 
Seat 3: Dorex2007 ($2.27 in chips) 
Seat 4: Kama1204 ($1.68 in chips) 
Seat 5: Deruzhenko ($2.14 in chips) 
Seat 6: bazchaki ($2.08 in chips) 
Seat 7: calidad1986 ($2.37 in chips) 
Seat 8: koka754 ($2.16 in chips) 
Seat 9: mrgreen959 ($2.79 in chips) 
bazchaki: posts small blind $0.01
calidad1986: posts big blind $0.02
*** HOLE CARDS ***
Dealt to Dorex2007 [4d Ah]
koka754: folds 
mrgreen959: folds 
Scooffield: folds 
Stormy_88888: folds 
Dorex2007: folds 
Kama1204: folds 
Deruzhenko: raises $0.02 to $0.04
bazchaki: folds 
calidad1986: calls $0.02
*** FLOP *** [5h Jd Td]
calidad1986: checks 
Deruzhenko: bets $0.02
calidad1986: calls $0.02
*** TURN *** [5h Jd Td] [7h]
calidad1986: checks 
Deruzhenko: bets $0.02
calidad1986: calls $0.02
*** RIVER *** [5h Jd Td 7h] [Kc]
calidad1986: checks 
Deruzhenko: bets $0.02
calidad1986: calls $0.02
*** SHOW DOWN ***
Deruzhenko: shows [9h 4c] (high card King)
calidad1986: shows [7c 8c] (a pair of Sevens)
calidad1986 collected $0.20 from pot
*** SUMMARY ***
Total pot $0.21 | Rake $0.01 
Board [5h Jd Td 7h Kc]
Seat 1: Scooffield folded before Flop (didn't bet)
Seat 2: Stormy_88888 folded before Flop (didn't bet)
Seat 3: Dorex2007 folded before Flop (didn't bet)
Seat 4: Kama1204 folded before Flop (didn't bet)
Seat 5: Deruzhenko (button) showed [9h 4c] and lost with high card King
Seat 6: bazchaki (small blind) folded before Flop
Seat 7: calidad1986 (big blind) showed [7c 8c] and won ($0.20) with a pair of Sevens
Seat 8: koka754 folded before Flop (didn't bet)
Seat 9: mrgreen959 folded before Flop (didn't bet)



PokerStars Hand #232503798725:  Hold'em No Limit ($0.01/$0.02 USD) - 2021/12/25 4:06:17 PT [2021/12/25 7:06:17 ET]
Table 'Icarus III' 9-max Seat #6 is the button
Seat 1: Scooffield ($1.92 in chips) 
Seat 2: Stormy_88888 ($2.15 in chips) 
Seat 3: Dorex2007 ($2.27 in chips) 
Seat 4: Kama1204 ($1.68 in chips) 
Seat 5: Deruzhenko ($2.04 in chips) 
Seat 6: bazchaki ($2.07 in chips) 
Seat 7: calidad1986 ($2.47 in chips) 
Seat 8: koka754 ($2.16 in chips) 
Seat 9: mrgreen959 ($2.79 in chips) 
calidad1986: posts small blind $0.01
koka754: posts big blind $0.02
*** HOLE CARDS ***
Dealt to Dorex2007 [Js 3s]
mrgreen959: folds 
Scooffield: calls $0.02
Stormy_88888: folds 
Dorex2007: folds 
Kama1204: folds 
Deruzhenko: calls $0.02
bazchaki: folds 
calidad1986: folds 
koka754: checks 
*** FLOP *** [3c Qs Jc]
koka754: checks 
Scooffield: bets $0.04
Deruzhenko: calls $0.04
koka754: folds 
*** TURN *** [3c Qs Jc] [6d]
Scooffield: bets $0.10
Deruzhenko: folds 
Uncalled bet ($0.10) returned to Scooffield
Scooffield collected $0.14 from pot
Scooffield: doesn't show hand 
*** SUMMARY ***
Total pot $0.15 | Rake $0.01 
Board [3c Qs Jc 6d]
Seat 1: Scooffield collected ($0.14)
Seat 2: Stormy_88888 folded before Flop (didn't bet)
Seat 3: Dorex2007 folded before Flop (didn't bet)
Seat 4: Kama1204 folded before Flop (didn't bet)
Seat 5: Deruzhenko folded on the Turn
Seat 6: bazchaki (button) folded before Flop (didn't bet)
Seat 7: calidad1986 (small blind) folded before Flop
Seat 8: koka754 (big blind) folded on the Flop
Seat 9: mrgreen959 folded before Flop (didn't bet)



PokerStars Hand #232503806948:  Hold'em No Limit ($0.01/$0.02 USD) - 2021/12/25 4:06:50 PT [2021/12/25 7:06:50 ET]
Table 'Icarus III' 9-max Seat #7 is the button
Seat 1: Scooffield ($2 in chips) 
Seat 2: Stormy_88888 ($2.15 in chips) 
Seat 3: Dorex2007 ($2.27 in chips) 
Seat 4: Kama1204 ($1.68 in chips) 
Seat 5: Deruzhenko ($1.98 in chips) 
Seat 6: bazchaki ($2.07 in chips) 
Seat 7: calidad1986 ($2.46 in chips) 
Seat 8: koka754 ($2.14 in chips) 
Seat 9: mrgreen959 ($2.79 in chips) 
koka754: posts small blind $0.01
mrgreen959: posts big blind $0.02
*** HOLE CARDS ***
Dealt to Dorex2007 [7c Qd]
Scooffield: folds 
Stormy_88888: folds 
Dorex2007: folds 
Kama1204: raises $0.04 to $0.06
Deruzhenko: calls $0.06
bazchaki: folds 
calidad1986: raises $0.24 to $0.30
koka754: folds 
mrgreen959: folds 
Kama1204: folds 
Deruzhenko: folds 
Uncalled bet ($0.24) returned to calidad1986
calidad1986 collected $0.21 from pot
calidad1986: doesn't show hand 
*** SUMMARY ***
Total pot $0.21 | Rake $0 
Seat 1: Scooffield folded before Flop (didn't bet)
Seat 2: Stormy_88888 folded before Flop (didn't bet)
Seat 3: Dorex2007 folded before Flop (didn't bet)
Seat 4: Kama1204 folded before Flop
Seat 5: Deruzhenko folded before Flop
Seat 6: bazchaki folded before Flop (didn't bet)
Seat 7: calidad1986 (button) collected ($0.21)
Seat 8: koka754 (small blind) folded before Flop
Seat 9: mrgreen959 (big blind) folded before Flop



PokerStars Hand #232503815651:  Hold'em No Limit ($0.01/$0.02 USD) - 2021/12/25 4:07:24 PT [2021/12/25 7:07:24 ET]
Table 'Icarus III' 9-max Seat #8 is the button
Seat 1: Scooffield ($2 in chips) 
Seat 2: Stormy_88888 ($2.15 in chips) 
Seat 3: Dorex2007 ($2.27 in chips) 
Seat 4: Kama1204 ($1.62 in chips) 
Seat 5: Deruzhenko ($1.92 in chips) 
Seat 6: bazchaki ($2.07 in chips) 
Seat 7: calidad1986 ($2.61 in chips) 
Seat 8: koka754 ($2.13 in chips) 
Seat 9: mrgreen959 ($2.77 in chips) 
mrgreen959: posts small blind $0.01
Scooffield: posts big blind $0.02
*** HOLE CARDS ***
Dealt to Dorex2007 [6d 6s]
Stormy_88888: folds 
Dorex2007: raises $0.02 to $0.04
Kama1204: folds 
Deruzhenko: folds 
bazchaki: folds 
calidad1986: folds 
koka754: folds 
mrgreen959: raises $0.08 to $0.12
Scooffield: folds 
Dorex2007: folds 
Uncalled bet ($0.08) returned to mrgreen959
mrgreen959 collected $0.10 from pot
mrgreen959: doesn't show hand 
*** SUMMARY ***
Total pot $0.10 | Rake $0 
Seat 1: Scooffield (big blind) folded before Flop
Seat 2: Stormy_88888 folded before Flop (didn't bet)
Seat 3: Dorex2007 folded before Flop
Seat 4: Kama1204 folded before Flop (didn't bet)
Seat 5: Deruzhenko folded before Flop (didn't bet)
Seat 6: bazchaki folded before Flop (didn't bet)
Seat 7: calidad1986 folded before Flop (didn't bet)
Seat 8: koka754 (button) folded before Flop (didn't bet)
Seat 9: mrgreen959 (small blind) collected ($0.10)



PokerStars Hand #232503819588:  Hold'em No Limit ($0.01/$0.02 USD) - 2021/12/25 4:07:40 PT [2021/12/25 7:07:40 ET]
Table 'Icarus III' 9-max Seat #9 is the button
Seat 1: Scooffield ($1.98 in chips) 
Seat 2: Stormy_88888 ($2.15 in chips) 
Seat 3: Dorex2007 ($2.23 in chips) 
Seat 4: Kama1204 ($1.62 in chips) 
Seat 5: Deruzhenko ($1.92 in chips) 
Seat 6: bazchaki ($2.07 in chips) 
Seat 7: calidad1986 ($2.61 in chips) 
Seat 8: koka754 ($2.13 in chips) 
Seat 9: mrgreen959 ($2.83 in chips) 
Scooffield: posts small blind $0.01
Stormy_88888: posts big blind $0.02
*** HOLE CARDS ***
Dealt to Dorex2007 [8s 7h]
Dorex2007: folds 
Kama1204: calls $0.02
Deruzhenko: calls $0.02
bazchaki: raises $0.09 to $0.11
calidad1986: folds 
koka754: calls $0.11
mrgreen959: folds 
Scooffield: folds 
Stormy_88888: folds 
Kama1204: raises $0.48 to $0.59
Deruzhenko: folds 
bazchaki: folds 
koka754: folds 
Uncalled bet ($0.48) returned to Kama1204
Kama1204 collected $0.38 from pot
Kama1204: doesn't show hand 
*** SUMMARY ***
Total pot $0.38 | Rake $0 
Seat 1: Scooffield (small blind) folded before Flop
Seat 2: Stormy_88888 (big blind) folded before Flop
Seat 3: Dorex2007 folded before Flop (didn't bet)
Seat 4: Kama1204 collected ($0.38)
Seat 5: Deruzhenko folded before Flop
Seat 6: bazchaki folded before Flop
Seat 7: calidad1986 folded before Flop (didn't bet)
Seat 8: koka754 folded before Flop
Seat 9: mrgreen959 (button) folded before Flop (didn't bet)



PokerStars Hand #232503826471:  Hold'em No Limit ($0.01/$0.02 USD) - 2021/12/25 4:08:07 PT [2021/12/25 7:08:07 ET]
Table 'Icarus III' 9-max Seat #1 is the button
Seat 1: Scooffield ($1.97 in chips) 
Seat 2: Stormy_88888 ($2.13 in chips) 
Seat 3: Dorex2007 ($2.23 in chips) 
Seat 4: Kama1204 ($1.89 in chips) 
Seat 5: Deruzhenko ($1.90 in chips) 
Seat 6: bazchaki ($1.96 in chips) 
Seat 7: calidad1986 ($2.61 in chips) 
Seat 8: koka754 ($2.02 in chips) 
Seat 9: mrgreen959 ($2.83 in chips) 
Stormy_88888: posts small blind $0.01
Dorex2007: posts big blind $0.02
*** HOLE CARDS ***
Dealt to Dorex2007 [3s Ks]
Kama1204: folds 
Deruzhenko: raises $0.04 to $0.06
bazchaki: folds 
calidad1986: folds 
koka754: folds 
mrgreen959: calls $0.06
Scooffield: calls $0.06
Stormy_88888: folds 
Dorex2007: folds 
*** FLOP *** [Ts Jc 2c]
Deruzhenko: checks 
mrgreen959: checks 
Scooffield: bets $0.10
Deruzhenko: folds 
mrgreen959: folds 
Uncalled bet ($0.10) returned to Scooffield
Scooffield collected $0.20 from pot
Scooffield: doesn't show hand 
*** SUMMARY ***
Total pot $0.21 | Rake $0.01 
Board [Ts Jc 2c]
Seat 1: Scooffield (button) collected ($0.20)
Seat 2: Stormy_88888 (small blind) folded before Flop
Seat 3: Dorex2007 (big blind) folded before Flop
Seat 4: Kama1204 folded before Flop (didn't bet)
Seat 5: Deruzhenko folded on the Flop
Seat 6: bazchaki folded before Flop (didn't bet)
Seat 7: calidad1986 folded before Flop (didn't bet)
Seat 8: koka754 folded before Flop (didn't bet)
Seat 9: mrgreen959 folded on the Flop



PokerStars Hand #232503835063:  Hold'em No Limit ($0.01/$0.02 USD) - 2021/12/25 4:08:41 PT [2021/12/25 7:08:41 ET]
Table 'Icarus III' 9-max Seat #2 is the button
Seat 2: Stormy_88888 ($2.12 in chips) 
Seat 3: Dorex2007 ($2.21 in chips) 
Seat 4: Kama1204 ($1.89 in chips) 
Seat 5: Deruzhenko ($1.84 in chips) 
Seat 6: bazchaki ($1.96 in chips) 
Seat 7: calidad1986 ($2.61 in chips) 
Seat 8: koka754 ($2.02 in chips) 
Seat 9: mrgreen959 ($2.77 in chips) 
Dorex2007: posts small blind $0.01
Kama1204: posts big blind $0.02
*** HOLE CARDS ***
Dealt to Dorex2007 [3s 6d]
Deruzhenko: calls $0.02
bazchaki: folds 
calidad1986: folds 
koka754: folds 
mrgreen959: folds 
Stormy_88888: folds 
Dorex2007: folds 
Kama1204: checks 
*** FLOP *** [As 3c Jh]
Kama1204: bets $0.02
Deruzhenko: calls $0.02
*** TURN *** [As 3c Jh] [Ts]
Kama1204: bets $0.04
Deruzhenko: folds 
Uncalled bet ($0.04) returned to Kama1204
Kama1204 collected $0.09 from pot
Kama1204: doesn't show hand 
*** SUMMARY ***
Total pot $0.09 | Rake $0 
Board [As 3c Jh Ts]
Seat 2: Stormy_88888 (button) folded before Flop (didn't bet)
Seat 3: Dorex2007 (small blind) folded before Flop
Seat 4: Kama1204 (big blind) collected ($0.09)
Seat 5: Deruzhenko folded on the Turn
Seat 6: bazchaki folded before Flop (didn't bet)
Seat 7: calidad1986 folded before Flop (didn't bet)
Seat 8: koka754 folded before Flop (didn't bet)
Seat 9: mrgreen959 folded before Flop (didn't bet)



PokerStars Hand #232503843449:  Hold'em No Limit ($0.01/$0.02 USD) - 2021/12/25 4:09:14 PT [2021/12/25 7:09:14 ET]
Table 'Icarus III' 9-max Seat #3 is the button
Seat 2: Stormy_88888 ($2.12 in chips) 
Seat 3: Dorex2007 ($2.20 in chips) 
Seat 4: Kama1204 ($1.94 in chips) 
Seat 5: Deruzhenko ($1.80 in chips) 
Seat 6: bazchaki ($1.96 in chips) 
Seat 7: calidad1986 ($2.61 in chips) 
Seat 8: koka754 ($2.02 in chips) 
Seat 9: mrgreen959 ($2.77 in chips) 
Kama1204: posts small blind $0.01
Deruzhenko: posts big blind $0.02
*** HOLE CARDS ***
Dealt to Dorex2007 [5s Th]
bazchaki: folds 
calidad1986: calls $0.02
koka754: folds 
mrgreen959: folds 
Stormy_88888: folds 
Dorex2007: folds 
Kama1204: folds 
Deruzhenko: raises $0.02 to $0.04
calidad1986: calls $0.02
*** FLOP *** [9d Tc 7s]
Deruzhenko: bets $0.02
calidad1986: raises $0.07 to $0.09
Deruzhenko: calls $0.07
*** TURN *** [9d Tc 7s] [3s]
Deruzhenko: bets $0.02
calidad1986: raises $0.17 to $0.19
Deruzhenko: calls $0.17
*** RIVER *** [9d Tc 7s 3s] [Qs]
Deruzhenko: bets $0.31
calidad1986: folds 
Uncalled bet ($0.31) returned to Deruzhenko
Deruzhenko collected $0.63 from pot
Deruzhenko: doesn't show hand 
*** SUMMARY ***
Total pot $0.65 | Rake $0.02 
Board [9d Tc 7s 3s Qs]
Seat 2: Stormy_88888 folded before Flop (didn't bet)
Seat 3: Dorex2007 (button) folded before Flop (didn't bet)
Seat 4: Kama1204 (small blind) folded before Flop
Seat 5: Deruzhenko (big blind) collected ($0.63)
Seat 6: bazchaki folded before Flop (didn't bet)
Seat 7: calidad1986 folded on the River
Seat 8: koka754 folded before Flop (didn't bet)
Seat 9: mrgreen959 folded before Flop (didn't bet)



PokerStars Hand #232503855672:  Hold'em No Limit ($0.01/$0.02 USD) - 2021/12/25 4:10:03 PT [2021/12/25 7:10:03 ET]
Table 'Icarus III' 9-max Seat #4 is the button
Seat 2: Stormy_88888 ($2.12 in chips) 
Seat 3: Dorex2007 ($2.20 in chips) 
Seat 4: Kama1204 ($1.93 in chips) 
Seat 5: Deruzhenko ($2.11 in chips) 
Seat 6: bazchaki ($1.96 in chips) 
Seat 7: calidad1986 ($2.29 in chips) 
Seat 8: koka754 ($2.02 in chips) 
Seat 9: mrgreen959 ($2.77 in chips) 
Deruzhenko: posts small blind $0.01
bazchaki: posts big blind $0.02
*** HOLE CARDS ***
Dealt to Dorex2007 [6s 9h]
calidad1986: folds 
koka754: folds 
mrgreen959: folds 
Stormy_88888: folds 
Dorex2007: folds 
Kama1204: folds 
Deruzhenko: calls $0.01
bazchaki: checks 
*** FLOP *** [Qh 8c Jc]
Deruzhenko: checks 
bazchaki: checks 
*** TURN *** [Qh 8c Jc] [2c]
Deruzhenko: checks 
bazchaki: bets $0.04
Deruzhenko: folds 
Uncalled bet ($0.04) returned to bazchaki
bazchaki collected $0.04 from pot
bazchaki: doesn't show hand 
*** SUMMARY ***
Total pot $0.04 | Rake $0 
Board [Qh 8c Jc 2c]
Seat 2: Stormy_88888 folded before Flop (didn't bet)
Seat 3: Dorex2007 folded before Flop (didn't bet)
Seat 4: Kama1204 (button) folded before Flop (didn't bet)
Seat 5: Deruzhenko (small blind) folded on the Turn
Seat 6: bazchaki (big blind) collected ($0.04)
Seat 7: calidad1986 folded before Flop (didn't bet)
Seat 8: koka754 folded before Flop (didn't bet)
Seat 9: mrgreen959 folded before Flop (didn't bet)



PokerStars Hand #232503862661:  Hold'em No Limit ($0.01/$0.02 USD) - 2021/12/25 4:10:32 PT [2021/12/25 7:10:32 ET]
Table 'Icarus III' 9-max Seat #5 is the button
Seat 2: Stormy_88888 ($2.12 in chips) 
Seat 3: Dorex2007 ($2.20 in chips) 
Seat 4: Kama1204 ($1.93 in chips) 
Seat 5: Deruzhenko ($2.09 in chips) 
Seat 6: bazchaki ($1.98 in chips) 
Seat 7: calidad1986 ($2.29 in chips) 
Seat 8: koka754 ($2.02 in chips) 
Seat 9: mrgreen959 ($2.77 in chips) 
bazchaki: posts small blind $0.01
calidad1986: posts big blind $0.02
*** HOLE CARDS ***
Dealt to Dorex2007 [2h 6h]
koka754: raises $0.06 to $0.08
mrgreen959: folds 
Stormy_88888: folds 
Dorex2007: folds 
Kama1204: folds 
Deruzhenko: folds 
bazchaki: folds 
calidad1986: calls $0.06
*** FLOP *** [Ks 9s 8d]
calidad1986: checks 
koka754: bets $0.12
calidad1986: calls $0.12
*** TURN *** [Ks 9s 8d] [5c]
calidad1986: checks 
koka754: bets $0.30
calidad1986: folds 
Uncalled bet ($0.30) returned to koka754
koka754 collected $0.40 from pot
koka754: doesn't show hand 
*** SUMMARY ***
Total pot $0.41 | Rake $0.01 
Board [Ks 9s 8d 5c]
Seat 2: Stormy_88888 folded before Flop (didn't bet)
Seat 3: Dorex2007 folded before Flop (didn't bet)
Seat 4: Kama1204 folded before Flop (didn't bet)
Seat 5: Deruzhenko (button) folded before Flop (didn't bet)
Seat 6: bazchaki (small blind) folded before Flop
Seat 7: calidad1986 (big blind) folded on the Turn
Seat 8: koka754 collected ($0.40)
Seat 9: mrgreen959 folded before Flop (didn't bet)



PokerStars Hand #232503882297:  Hold'em No Limit ($0.01/$0.02 USD) - 2021/12/25 4:11:13 PT [2021/12/25 7:11:13 ET]
Table 'Icarus III' 9-max Seat #6 is the button
Seat 1: Scooffield ($2.11 in chips) 
Seat 2: Stormy_88888 ($2.12 in chips) 
Seat 3: Dorex2007 ($2.20 in chips) 
Seat 4: Kama1204 ($1.93 in chips) 
Seat 5: Deruzhenko ($2.09 in chips) 
Seat 6: bazchaki ($1.97 in chips) 
Seat 7: calidad1986 ($2.09 in chips) 
Seat 8: koka754 ($2.22 in chips) 
Seat 9: mrgreen959 ($2.77 in chips) 
calidad1986: posts small blind $0.01
koka754: posts big blind $0.02
*** HOLE CARDS ***
Dealt to Dorex2007 [6d Qs]
mrgreen959: folds 
Scooffield: folds 
Stormy_88888: folds 
Dorex2007: folds 
Kama1204: folds 
Deruzhenko: calls $0.02
bazchaki: folds 
calidad1986: folds 
koka754: checks 
*** FLOP *** [Qc Qh 2h]
koka754: checks 
Deruzhenko: bets $0.02
koka754: folds 
Uncalled bet ($0.02) returned to Deruzhenko
Deruzhenko collected $0.05 from pot
Deruzhenko: doesn't show hand 
*** SUMMARY ***
Total pot $0.05 | Rake $0 
Board [Qc Qh 2h]
Seat 1: Scooffield folded before Flop (didn't bet)
Seat 2: Stormy_88888 folded before Flop (didn't bet)
Seat 3: Dorex2007 folded before Flop (didn't bet)
Seat 4: Kama1204 folded before Flop (didn't bet)
Seat 5: Deruzhenko collected ($0.05)
Seat 6: bazchaki (button) folded before Flop (didn't bet)
Seat 7: calidad1986 (small blind) folded before Flop
Seat 8: koka754 (big blind) folded on the Flop
Seat 9: mrgreen959 folded before Flop (didn't bet)



PokerStars Hand #232503889079:  Hold'em No Limit ($0.01/$0.02 USD) - 2021/12/25 4:11:41 PT [2021/12/25 7:11:41 ET]
Table 'Icarus III' 9-max Seat #7 is the button
Seat 1: Scooffield ($2.11 in chips) 
Seat 2: Stormy_88888 ($2.12 in chips) 
Seat 3: Dorex2007 ($2.20 in chips) 
Seat 4: Kama1204 ($1.93 in chips) 
Seat 5: Deruzhenko ($2.12 in chips) 
Seat 6: bazchaki ($1.97 in chips) 
Seat 7: calidad1986 ($2.08 in chips) 
Seat 8: koka754 ($2.20 in chips) 
Seat 9: mrgreen959 ($2.77 in chips) 
koka754: posts small blind $0.01
mrgreen959: posts big blind $0.02
*** HOLE CARDS ***
Dealt to Dorex2007 [2s Ks]
Scooffield: folds 
Stormy_88888: folds 
Dorex2007: raises $0.04 to $0.06
Kama1204: folds 
Deruzhenko: calls $0.06
bazchaki: folds 
calidad1986: folds 
koka754: folds 
mrgreen959: folds 
*** FLOP *** [Qs Td Ac]
Dorex2007: bets $0.09
Deruzhenko: folds 
Uncalled bet ($0.09) returned to Dorex2007
Dorex2007 collected $0.14 from pot
Dorex2007: doesn't show hand 
*** SUMMARY ***
Total pot $0.15 | Rake $0.01 
Board [Qs Td Ac]
Seat 1: Scooffield folded before Flop (didn't bet)
Seat 2: Stormy_88888 folded before Flop (didn't bet)
Seat 3: Dorex2007 collected ($0.14)
Seat 4: Kama1204 folded before Flop (didn't bet)
Seat 5: Deruzhenko folded on the Flop
Seat 6: bazchaki folded before Flop (didn't bet)
Seat 7: calidad1986 (button) folded before Flop (didn't bet)
Seat 8: koka754 (small blind) folded before Flop
Seat 9: mrgreen959 (big blind) folded before Flop



PokerStars Hand #232503896471:  Hold'em No Limit ($0.01/$0.02 USD) - 2021/12/25 4:12:11 PT [2021/12/25 7:12:11 ET]
Table 'Icarus III' 9-max Seat #8 is the button
Seat 1: Scooffield ($2.11 in chips) 
Seat 2: Stormy_88888 ($2.12 in chips) 
Seat 3: Dorex2007 ($2.28 in chips) 
Seat 4: Kama1204 ($1.93 in chips) 
Seat 5: Deruzhenko ($2.06 in chips) 
Seat 6: bazchaki ($1.97 in chips) 
Seat 7: calidad1986 ($2.08 in chips) 
Seat 8: koka754 ($2.19 in chips) 
Seat 9: mrgreen959 ($2.75 in chips) 
mrgreen959: posts small blind $0.01
Scooffield: posts big blind $0.02
*** HOLE CARDS ***
Dealt to Dorex2007 [5s 4s]
Stormy_88888: folds 
Dorex2007: folds 
Kama1204: calls $0.02
Deruzhenko: folds 
bazchaki: folds 
calidad1986: folds 
koka754: folds 
mrgreen959: folds 
Scooffield: checks 
*** FLOP *** [3s 8c 5d]
Scooffield: checks 
Kama1204: checks 
*** TURN *** [3s 8c 5d] [Th]
Scooffield: bets $0.02
Kama1204: raises $0.02 to $0.04
Scooffield: calls $0.02
*** RIVER *** [3s 8c 5d Th] [Qc]
Scooffield: bets $0.06
Kama1204: raises $0.06 to $0.12
Scooffield: folds 
Uncalled bet ($0.06) returned to Kama1204
Kama1204 collected $0.24 from pot
Kama1204: doesn't show hand 
*** SUMMARY ***
Total pot $0.25 | Rake $0.01 
Board [3s 8c 5d Th Qc]
Seat 1: Scooffield (big blind) folded on the River
Seat 2: Stormy_88888 folded before Flop (didn't bet)
Seat 3: Dorex2007 folded before Flop (didn't bet)
Seat 4: Kama1204 collected ($0.24)
Seat 5: Deruzhenko folded before Flop (didn't bet)
Seat 6: bazchaki folded before Flop (didn't bet)
Seat 7: calidad1986 folded before Flop (didn't bet)
Seat 8: koka754 (button) folded before Flop (didn't bet)
Seat 9: mrgreen959 (small blind) folded before Flop



PokerStars Hand #232503918919:  Hold'em No Limit ($0.01/$0.02 USD) - 2021/12/25 4:13:41 PT [2021/12/25 7:13:41 ET]
Table 'Icarus III' 9-max Seat #9 is the button
Seat 1: Scooffield ($1.99 in chips) 
Seat 2: Stormy_88888 ($2.12 in chips) 
Seat 3: Dorex2007 ($2.28 in chips) 
Seat 4: Kama1204 ($2.05 in chips) 
Seat 5: Deruzhenko ($2.06 in chips) 
Seat 6: bazchaki ($1.97 in chips) 
Seat 7: calidad1986 ($2.08 in chips) 
Seat 8: koka754 ($2.19 in chips) 
Seat 9: mrgreen959 ($2.74 in chips) 
Scooffield: posts small blind $0.01
Stormy_88888: posts big blind $0.02
*** HOLE CARDS ***
Dealt to Dorex2007 [As Jh]
Dorex2007: raises $0.02 to $0.04
Kama1204: folds 
Deruzhenko: calls $0.04
bazchaki: folds 
calidad1986: calls $0.04
koka754: folds 
mrgreen959: folds 
Scooffield: folds 
Kama1204 leaves the table
Stormy_88888: folds 
*** FLOP *** [3s 4h Qd]
Dorex2007: checks 
dronf333 joins the table at seat #4 
Deruzhenko: checks 
calidad1986: checks 
*** TURN *** [3s 4h Qd] [Kc]
Dorex2007: checks 
Deruzhenko: checks 
calidad1986: checks 
*** RIVER *** [3s 4h Qd Kc] [8c]
Dorex2007: checks 
Deruzhenko: bets $0.02
calidad1986: folds 
koka754 leaves the table
Dorex2007: folds 
Uncalled bet ($0.02) returned to Deruzhenko
Deruzhenko collected $0.14 from pot
Deruzhenko: doesn't show hand 
*** SUMMARY ***
Total pot $0.15 | Rake $0.01 
Board [3s 4h Qd Kc 8c]
Seat 1: Scooffield (small blind) folded before Flop
Seat 2: Stormy_88888 (big blind) folded before Flop
Seat 3: Dorex2007 folded on the River
Seat 4: Kama1204 folded before Flop (didn't bet)
Seat 5: Deruzhenko collected ($0.14)
Seat 6: bazchaki folded before Flop (didn't bet)
Seat 7: calidad1986 folded on the River
Seat 8: koka754 folded before Flop (didn't bet)
Seat 9: mrgreen959 (button) folded before Flop (didn't bet)



PokerStars Hand #232503928996:  Hold'em No Limit ($0.01/$0.02 USD) - 2021/12/25 4:14:22 PT [2021/12/25 7:14:22 ET]
Table 'Icarus III' 9-max Seat #1 is the button
Seat 1: Scooffield ($1.98 in chips) 
Seat 2: Stormy_88888 ($2.10 in chips) 
Seat 3: Dorex2007 ($2.24 in chips) 
Seat 4: dronf333 ($2 in chips) 
Seat 5: Deruzhenko ($2.16 in chips) 
Seat 6: bazchaki ($1.97 in chips) 
Seat 7: calidad1986 ($2.04 in chips) 
Seat 9: mrgreen959 ($2.74 in chips) 
Stormy_88888: posts small blind $0.01
Dorex2007: posts big blind $0.02
dronf333: posts big blind $0.02
*** HOLE CARDS ***
Dealt to Dorex2007 [6c 7d]
dronf333: checks 
Deruzhenko: folds 
bazchaki: folds 
calidad1986: raises $0.09 to $0.11
mrgreen959: folds 
Scooffield: folds 
Stormy_88888: folds 
Dorex2007: folds 
dronf333: folds 
Uncalled bet ($0.09) returned to calidad1986
calidad1986 collected $0.07 from pot
calidad1986: doesn't show hand 
*** SUMMARY ***
Total pot $0.07 | Rake $0 
Seat 1: Scooffield (button) folded before Flop (didn't bet)
Seat 2: Stormy_88888 (small blind) folded before Flop
Seat 3: Dorex2007 (big blind) folded before Flop
Seat 4: dronf333 folded before Flop (didn't bet)
Seat 5: Deruzhenko folded before Flop (didn't bet)
Seat 6: bazchaki folded before Flop (didn't bet)
Seat 7: calidad1986 collected ($0.07)
Seat 9: mrgreen959 folded before Flop (didn't bet)



PokerStars Hand #232503935597:  Hold'em No Limit ($0.01/$0.02 USD) - 2021/12/25 4:14:49 PT [2021/12/25 7:14:49 ET]
Table 'Icarus III' 9-max Seat #2 is the button
Seat 1: Scooffield ($1.98 in chips) 
Seat 2: Stormy_88888 ($2.09 in chips) 
Seat 3: Dorex2007 ($2.22 in chips) 
Seat 4: dronf333 ($1.98 in chips) 
Seat 5: Deruzhenko ($2.16 in chips) 
Seat 6: bazchaki ($1.97 in chips) 
Seat 7: calidad1986 ($2.09 in chips) 
Seat 9: mrgreen959 ($2.74 in chips) 
Dorex2007: posts small blind $0.01
dronf333: posts big blind $0.02
*** HOLE CARDS ***
Dealt to Dorex2007 [9h 6c]
Deruzhenko: folds 
bazchaki: folds 
calidad1986: folds 
mrgreen959: raises $0.04 to $0.06
Scooffield: folds 
Stormy_88888: folds 
Dorex2007: folds 
dronf333: folds 
Uncalled bet ($0.04) returned to mrgreen959
mrgreen959 collected $0.05 from pot
mrgreen959: doesn't show hand 
*** SUMMARY ***
Total pot $0.05 | Rake $0 
Seat 1: Scooffield folded before Flop (didn't bet)
Seat 2: Stormy_88888 (button) folded before Flop (didn't bet)
Seat 3: Dorex2007 (small blind) folded before Flop
Seat 4: dronf333 (big blind) folded before Flop
Seat 5: Deruzhenko folded before Flop (didn't bet)
Seat 6: bazchaki folded before Flop (didn't bet)
Seat 7: calidad1986 folded before Flop (didn't bet)
Seat 9: mrgreen959 collected ($0.05)



PokerStars Hand #232503941289:  Hold'em No Limit ($0.01/$0.02 USD) - 2021/12/25 4:15:11 PT [2021/12/25 7:15:11 ET]
Table 'Icarus III' 9-max Seat #3 is the button
Seat 1: Scooffield ($1.98 in chips) 
Seat 2: Stormy_88888 ($2.09 in chips) 
Seat 3: Dorex2007 ($2.21 in chips) 
Seat 4: dronf333 ($1.96 in chips) 
Seat 5: Deruzhenko ($2.16 in chips) 
Seat 6: bazchaki ($1.97 in chips) 
Seat 7: calidad1986 ($2.09 in chips) 
Seat 9: mrgreen959 ($2.77 in chips) 
dronf333: posts small blind $0.01
Deruzhenko: posts big blind $0.02
*** HOLE CARDS ***
Dealt to Dorex2007 [6d 4s]
bazchaki: calls $0.02
calidad1986: calls $0.02
mrgreen959: folds 
Scooffield: folds 
Stormy_88888: folds 
Dorex2007: folds 
dronf333: folds 
Deruzhenko: checks 
*** FLOP *** [3c Qd Kh]
Poxerist3107 joins the table at seat #8 
Deruzhenko: checks 
bazchaki: checks 
calidad1986: checks 
*** TURN *** [3c Qd Kh] [Ac]
Deruzhenko: checks 
bazchaki: checks 
calidad1986: checks 
*** RIVER *** [3c Qd Kh Ac] [Qs]
Deruzhenko: bets $0.02
bazchaki: calls $0.02
calidad1986: folds 
*** SHOW DOWN ***
Deruzhenko: shows [5s 8c] (a pair of Queens)
bazchaki: shows [Ad 4d] (two pair, Aces and Queens)
bazchaki collected $0.11 from pot
*** SUMMARY ***
Total pot $0.11 | Rake $0 
Board [3c Qd Kh Ac Qs]
Seat 1: Scooffield folded before Flop (didn't bet)
Seat 2: Stormy_88888 folded before Flop (didn't bet)
Seat 3: Dorex2007 (button) folded before Flop (didn't bet)
Seat 4: dronf333 (small blind) folded before Flop
Seat 5: Deruzhenko (big blind) showed [5s 8c] and lost with a pair of Queens
Seat 6: bazchaki showed [Ad 4d] and won ($0.11) with two pair, Aces and Queens
Seat 7: calidad1986 folded on the River
Seat 9: mrgreen959 folded before Flop (didn't bet)



PokerStars Hand #232503950111:  Hold'em No Limit ($0.01/$0.02 USD) - 2021/12/25 4:15:47 PT [2021/12/25 7:15:47 ET]
Table 'Icarus III' 9-max Seat #4 is the button
Seat 1: Scooffield ($1.98 in chips) 
Seat 2: Stormy_88888 ($2.09 in chips) 
Seat 3: Dorex2007 ($2.21 in chips) 
Seat 4: dronf333 ($1.95 in chips) 
Seat 5: Deruzhenko ($2.12 in chips) 
Seat 6: bazchaki ($2.04 in chips) 
Seat 7: calidad1986 ($2.07 in chips) 
Seat 8: Poxerist3107 ($1 in chips) 
Seat 9: mrgreen959 ($2.77 in chips) 
Deruzhenko: posts small blind $0.01
bazchaki: posts big blind $0.02
Poxerist3107: posts big blind $0.02
*** HOLE CARDS ***
Dealt to Dorex2007 [6s Tc]
calidad1986: folds 
Poxerist3107: checks 
mrgreen959: raises $0.06 to $0.08
Scooffield: folds 
Stormy_88888: folds 
Dorex2007: folds 
dronf333: folds 
Deruzhenko: folds 
bazchaki: folds 
Poxerist3107: folds 
Uncalled bet ($0.06) returned to mrgreen959
mrgreen959 collected $0.07 from pot
mrgreen959: doesn't show hand 
*** SUMMARY ***
Total pot $0.07 | Rake $0 
Seat 1: Scooffield folded before Flop (didn't bet)
Seat 2: Stormy_88888 folded before Flop (didn't bet)
Seat 3: Dorex2007 folded before Flop (didn't bet)
Seat 4: dronf333 (button) folded before Flop (didn't bet)
Seat 5: Deruzhenko (small blind) folded before Flop
Seat 6: bazchaki (big blind) folded before Flop
Seat 7: calidad1986 folded before Flop (didn't bet)
Seat 8: Poxerist3107 folded before Flop (didn't bet)
Seat 9: mrgreen959 collected ($0.07)



PokerStars Hand #232503956888:  Hold'em No Limit ($0.01/$0.02 USD) - 2021/12/25 4:16:15 PT [2021/12/25 7:16:15 ET]
Table 'Icarus III' 9-max Seat #5 is the button
Seat 1: Scooffield ($1.98 in chips) 
Seat 2: Stormy_88888 ($2.09 in chips) 
Seat 3: Dorex2007 ($2.21 in chips) 
Seat 4: dronf333 ($1.95 in chips) 
Seat 5: Deruzhenko ($2.11 in chips) 
Seat 6: bazchaki ($2.02 in chips) 
Seat 7: calidad1986 ($2.07 in chips) 
Seat 8: Poxerist3107 ($0.98 in chips) 
Seat 9: mrgreen959 ($2.82 in chips) 
bazchaki: posts small blind $0.01
calidad1986: posts big blind $0.02
*** HOLE CARDS ***
Dealt to Dorex2007 [Qc 4c]
Poxerist3107: folds 
mrgreen959: raises $0.04 to $0.06
Scooffield: folds 
Stormy_88888: folds 
Dorex2007: folds 
dronf333: folds 
Deruzhenko: calls $0.06
bazchaki: folds 
calidad1986: calls $0.04
*** FLOP *** [Td Kh 2h]
calidad1986: checks 
mrgreen959: bets $0.04
Deruzhenko: calls $0.04
calidad1986: calls $0.04
*** TURN *** [Td Kh 2h] [Jc]
calidad1986: checks 
mrgreen959: checks 
Deruzhenko: checks 
*** RIVER *** [Td Kh 2h Jc] [8h]
calidad1986: bets $0.17
mrgreen959: folds 
Deruzhenko: folds 
Uncalled bet ($0.17) returned to calidad1986
calidad1986 collected $0.30 from pot
calidad1986: doesn't show hand 
*** SUMMARY ***
Total pot $0.31 | Rake $0.01 
Board [Td Kh 2h Jc 8h]
Seat 1: Scooffield folded before Flop (didn't bet)
Seat 2: Stormy_88888 folded before Flop (didn't bet)
Seat 3: Dorex2007 folded before Flop (didn't bet)
Seat 4: dronf333 folded before Flop (didn't bet)
Seat 5: Deruzhenko (button) folded on the River
Seat 6: bazchaki (small blind) folded before Flop
Seat 7: calidad1986 (big blind) collected ($0.30)
Seat 8: Poxerist3107 folded before Flop (didn't bet)
Seat 9: mrgreen959 folded on the River



PokerStars Hand #232503972141:  Hold'em No Limit ($0.01/$0.02 USD) - 2021/12/25 4:17:16 PT [2021/12/25 7:17:16 ET]
Table 'Icarus III' 9-max Seat #6 is the button
Seat 1: Scooffield ($1.98 in chips) 
Seat 2: Stormy_88888 ($2.09 in chips) 
Seat 3: Dorex2007 ($2.21 in chips) 
Seat 4: dronf333 ($1.95 in chips) 
Seat 5: Deruzhenko ($2.01 in chips) 
Seat 6: bazchaki ($2.01 in chips) 
Seat 7: calidad1986 ($2.27 in chips) 
Seat 8: Poxerist3107 ($0.98 in chips) 
Seat 9: mrgreen959 ($2.72 in chips) 
calidad1986: posts small blind $0.01
Poxerist3107: posts big blind $0.02
*** HOLE CARDS ***
Dealt to Dorex2007 [6c Th]
mrgreen959: folds 
Scooffield: folds 
Stormy_88888: folds 
Dorex2007: folds 
dronf333: folds 
Deruzhenko: calls $0.02
bazchaki: folds 
calidad1986: folds 
Poxerist3107: checks 
*** FLOP *** [6h 7d As]
Poxerist3107: checks 
Deruzhenko: bets $0.02
Poxerist3107: calls $0.02
*** TURN *** [6h 7d As] [3c]
Poxerist3107: checks 
Deruzhenko: checks 
*** RIVER *** [6h 7d As 3c] [7s]
Poxerist3107: bets $0.05
Deruzhenko: calls $0.05
*** SHOW DOWN ***
Poxerist3107: shows [Kc 5d] (a pair of Sevens)
Deruzhenko: shows [5s Ac] (two pair, Aces and Sevens)
Deruzhenko collected $0.18 from pot
*** SUMMARY ***
Total pot $0.19 | Rake $0.01 
Board [6h 7d As 3c 7s]
Seat 1: Scooffield folded before Flop (didn't bet)
Seat 2: Stormy_88888 folded before Flop (didn't bet)
Seat 3: Dorex2007 folded before Flop (didn't bet)
Seat 4: dronf333 folded before Flop (didn't bet)
Seat 5: Deruzhenko showed [5s Ac] and won ($0.18) with two pair, Aces and Sevens
Seat 6: bazchaki (button) folded before Flop (didn't bet)
Seat 7: calidad1986 (small blind) folded before Flop
Seat 8: Poxerist3107 (big blind) showed [Kc 5d] and lost with a pair of Sevens
Seat 9: mrgreen959 folded before Flop (didn't bet)



PokerStars Hand #232503984283:  Hold'em No Limit ($0.01/$0.02 USD) - 2021/12/25 4:18:04 PT [2021/12/25 7:18:04 ET]
Table 'Icarus III' 9-max Seat #7 is the button
Seat 1: Scooffield ($1.98 in chips) 
Seat 2: Stormy_88888 ($2.09 in chips) 
Seat 3: Dorex2007 ($2.21 in chips) 
Seat 4: dronf333 ($1.95 in chips) 
Seat 5: Deruzhenko ($2.10 in chips) 
Seat 6: bazchaki ($2.01 in chips) 
Seat 7: calidad1986 ($2.26 in chips) 
Seat 8: Poxerist3107 ($0.89 in chips) 
Seat 9: mrgreen959 ($2.72 in chips) 
Poxerist3107: posts small blind $0.01
mrgreen959: posts big blind $0.02
*** HOLE CARDS ***
Dealt to Dorex2007 [6s As]
Scooffield: folds 
Stormy_88888: folds 
Dorex2007: folds 
dronf333: folds 
Deruzhenko: calls $0.02
bazchaki: folds 
calidad1986: calls $0.02
Poxerist3107: calls $0.01
mrgreen959: checks 
*** FLOP *** [Td Ks 9s]
Poxerist3107: checks 
mrgreen959: checks 
Deruzhenko: checks 
calidad1986: bets $0.04
Poxerist3107: calls $0.04
mrgreen959: calls $0.04
Deruzhenko: folds 
*** TURN *** [Td Ks 9s] [9h]
Poxerist3107: checks 
mrgreen959: checks 
calidad1986: bets $0.10
Poxerist3107: folds 
mrgreen959: calls $0.10
*** RIVER *** [Td Ks 9s 9h] [5s]
mrgreen959: checks 
calidad1986: checks 
*** SHOW DOWN ***
mrgreen959: shows [Kh 3c] (two pair, Kings and Nines)
calidad1986: shows [Jc Qh] (a straight, Nine to King)
calidad1986 collected $0.39 from pot
*** SUMMARY ***
Total pot $0.40 | Rake $0.01 
Board [Td Ks 9s 9h 5s]
Seat 1: Scooffield folded before Flop (didn't bet)
Seat 2: Stormy_88888 folded before Flop (didn't bet)
Seat 3: Dorex2007 folded before Flop (didn't bet)
Seat 4: dronf333 folded before Flop (didn't bet)
Seat 5: Deruzhenko folded on the Flop
Seat 6: bazchaki folded before Flop (didn't bet)
Seat 7: calidad1986 (button) showed [Jc Qh] and won ($0.39) with a straight, Nine to King
Seat 8: Poxerist3107 (small blind) folded on the Turn
Seat 9: mrgreen959 (big blind) showed [Kh 3c] and lost with two pair, Kings and Nines



PokerStars Hand #232504001342:  Hold'em No Limit ($0.01/$0.02 USD) - 2021/12/25 4:19:12 PT [2021/12/25 7:19:12 ET]
Table 'Icarus III' 9-max Seat #8 is the button
Seat 1: Scooffield ($1.98 in chips) 
Seat 2: Stormy_88888 ($2.09 in chips) 
Seat 3: Dorex2007 ($2.21 in chips) 
Seat 4: dronf333 ($1.95 in chips) 
Seat 5: Deruzhenko ($2.08 in chips) 
Seat 6: bazchaki ($2.01 in chips) 
Seat 7: calidad1986 ($2.49 in chips) 
Seat 8: Poxerist3107 ($0.83 in chips) 
Seat 9: mrgreen959 ($2.56 in chips) 
mrgreen959: posts small blind $0.01
Scooffield: posts big blind $0.02
*** HOLE CARDS ***
Dealt to Dorex2007 [Th 2d]
Stormy_88888: folds 
Dorex2007: folds 
dronf333: folds 
Deruzhenko: folds 
bazchaki: folds 
calidad1986: raises $0.04 to $0.06
bazchaki leaves the table
Poxerist3107: calls $0.06
mrgreen959: folds 
Scooffield: folds 
*** FLOP *** [3d 4c 6c]
calidad1986: checks 
Poxerist3107: checks 
*** TURN *** [3d 4c 6c] [9c]
calidad1986: bets $0.05
Poxerist3107: calls $0.05
*** RIVER *** [3d 4c 6c 9c] [Ts]
calidad1986: checks 
Poxerist3107: bets $0.12
calidad1986: calls $0.12
*** SHOW DOWN ***
Poxerist3107: shows [4d 4s] (three of a kind, Fours)
calidad1986: mucks hand 
Poxerist3107 collected $0.47 from pot
*** SUMMARY ***
Total pot $0.49 | Rake $0.02 
Board [3d 4c 6c 9c Ts]
Seat 1: Scooffield (big blind) folded before Flop
Seat 2: Stormy_88888 folded before Flop (didn't bet)
Seat 3: Dorex2007 folded before Flop (didn't bet)
Seat 4: dronf333 folded before Flop (didn't bet)
Seat 5: Deruzhenko folded before Flop (didn't bet)
Seat 6: bazchaki folded before Flop (didn't bet)
Seat 7: calidad1986 mucked [9h Kh]
Seat 8: Poxerist3107 (button) showed [4d 4s] and won ($0.47) with three of a kind, Fours
Seat 9: mrgreen959 (small blind) folded before Flop



PokerStars Hand #232504015054:  Hold'em No Limit ($0.01/$0.02 USD) - 2021/12/25 4:20:07 PT [2021/12/25 7:20:07 ET]
Table 'Icarus III' 9-max Seat #9 is the button
Seat 1: Scooffield ($1.96 in chips) 
Seat 2: Stormy_88888 ($2.09 in chips) 
Seat 3: Dorex2007 ($2.21 in chips) 
Seat 4: dronf333 ($1.95 in chips) 
Seat 5: Deruzhenko ($2.08 in chips) 
Seat 7: calidad1986 ($2.26 in chips) 
Seat 8: Poxerist3107 ($1.07 in chips) 
Seat 9: mrgreen959 ($2.55 in chips) 
Scooffield: posts small blind $0.01
Stormy_88888: posts big blind $0.02
*** HOLE CARDS ***
Dealt to Dorex2007 [Ks Qh]
Dorex2007: raises $0.02 to $0.04
dronf333: folds 
Deruzhenko: folds 
calidad1986: raises $0.16 to $0.20
Poxerist3107: folds 
mrgreen959: folds 
Scooffield: folds 
Stormy_88888: folds 
Dorex2007: folds 
Uncalled bet ($0.16) returned to calidad1986
calidad1986 collected $0.11 from pot
calidad1986: doesn't show hand 
*** SUMMARY ***
Total pot $0.11 | Rake $0 
Seat 1: Scooffield (small blind) folded before Flop
Seat 2: Stormy_88888 (big blind) folded before Flop
Seat 3: Dorex2007 folded before Flop
Seat 4: dronf333 folded before Flop (didn't bet)
Seat 5: Deruzhenko folded before Flop (didn't bet)
Seat 7: calidad1986 collected ($0.11)
Seat 8: Poxerist3107 folded before Flop (didn't bet)
Seat 9: mrgreen959 (button) folded before Flop (didn't bet)



PokerStars Hand #232504021035:  Hold'em No Limit ($0.01/$0.02 USD) - 2021/12/25 4:20:30 PT [2021/12/25 7:20:30 ET]
Table 'Icarus III' 9-max Seat #1 is the button
Seat 1: Scooffield ($1.95 in chips) 
Seat 2: Stormy_88888 ($2.07 in chips) 
Seat 3: Dorex2007 ($2.17 in chips) 
Seat 4: dronf333 ($1.95 in chips) 
Seat 5: Deruzhenko ($2.08 in chips) 
Seat 7: calidad1986 ($2.33 in chips) 
Seat 8: Poxerist3107 ($1.07 in chips) 
Seat 9: mrgreen959 ($2.55 in chips) 
Stormy_88888: posts small blind $0.01
Kattstryparen joins the table at seat #6 
Dorex2007: posts big blind $0.02
*** HOLE CARDS ***
Dealt to Dorex2007 [Td Jd]
dronf333: folds 
Deruzhenko: calls $0.02
calidad1986: folds 
Poxerist3107: folds 
mrgreen959: folds 
Scooffield: raises $0.02 to $0.04
Stormy_88888: calls $0.03
Dorex2007: calls $0.02
Deruzhenko: calls $0.02
*** FLOP *** [Tc 2h 3c]
Stormy_88888: checks 
Dorex2007: checks 
Deruzhenko: checks 
Scooffield: bets $0.04
Stormy_88888: folds 
Dorex2007: raises $0.08 to $0.12
Deruzhenko: folds 
Scooffield: folds 
Uncalled bet ($0.08) returned to Dorex2007
Dorex2007 collected $0.23 from pot
Dorex2007: doesn't show hand 
*** SUMMARY ***
Total pot $0.24 | Rake $0.01 
Board [Tc 2h 3c]
Seat 1: Scooffield (button) folded on the Flop
Seat 2: Stormy_88888 (small blind) folded on the Flop
Seat 3: Dorex2007 (big blind) collected ($0.23)
Seat 4: dronf333 folded before Flop (didn't bet)
Seat 5: Deruzhenko folded on the Flop
Seat 7: calidad1986 folded before Flop (didn't bet)
Seat 8: Poxerist3107 folded before Flop (didn't bet)
Seat 9: mrgreen959 folded before Flop (didn't bet)



PokerStars Hand #232504034702:  Hold'em No Limit ($0.01/$0.02 USD) - 2021/12/25 4:21:25 PT [2021/12/25 7:21:25 ET]
Table 'Icarus III' 9-max Seat #2 is the button
Seat 1: Scooffield ($1.87 in chips) 
Seat 2: Stormy_88888 ($2.03 in chips) 
Seat 3: Dorex2007 ($2.32 in chips) 
Seat 5: Deruzhenko ($2.04 in chips) 
Seat 6: Kattstryparen ($1.60 in chips) 
Seat 7: calidad1986 ($2.33 in chips) 
Seat 8: Poxerist3107 ($1.07 in chips) 
Seat 9: mrgreen959 ($2.55 in chips) 
Dorex2007: posts small blind $0.01
dronf333: is sitting out 
dronf333 leaves the table
Deruzhenko: posts big blind $0.02
Kattstryparen: posts big blind $0.02
*** HOLE CARDS ***
Dealt to Dorex2007 [Ac Ah]
Kattstryparen: checks 
calidad1986: folds 
Poxerist3107: raises $0.06 to $0.08
mrgreen959: folds 
Scooffield: calls $0.08
Stormy_88888: folds 
Dorex2007: raises $0.08 to $0.16
Deruzhenko: raises $0.08 to $0.24
Kattstryparen: calls $0.22
Poxerist3107: raises $0.83 to $1.07 and is all-in
Scooffield: folds 
Dorex2007: raises $1.25 to $2.32 and is all-in
Deruzhenko: calls $1.80 and is all-in
bibgemma joins the table at seat #4 
Kattstryparen: folds 
Uncalled bet ($0.28) returned to Dorex2007
Deruzhenko has timed out
*** FLOP *** [Ts Tc 4h]
*** TURN *** [Ts Tc 4h] [6c]
*** RIVER *** [Ts Tc 4h 6c] [9c]
*** SHOW DOWN ***
Dorex2007: shows [Ac Ah] (two pair, Aces and Tens)
Deruzhenko: shows [Ks Kd] (two pair, Kings and Tens)
Poxerist3107: shows [Jd Jc] (two pair, Jacks and Tens)
Dorex2007 cashed out the hand for $3.75 | Cash Out Fee $0.04
*** SUMMARY ***
Total pot $5.47 Main pot $3.41. Side pot $1.87. | Rake $0.19 
Board [Ts Tc 4h 6c 9c]
Seat 1: Scooffield folded before Flop
Seat 2: Stormy_88888 (button) folded before Flop (didn't bet)
Seat 3: Dorex2007 (small blind) showed [Ac Ah] and won ($5.28) with two pair, Aces and Tens (pot not awarded as player cashed out)
Seat 5: Deruzhenko (big blind) showed [Ks Kd] and lost with two pair, Kings and Tens
Seat 6: Kattstryparen folded before Flop
Seat 7: calidad1986 folded before Flop (didn't bet)
Seat 8: Poxerist3107 showed [Jd Jc] and lost with two pair, Jacks and Tens
Seat 9: mrgreen959 folded before Flop (didn't bet)



PokerStars Hand #232504051008:  Hold'em No Limit ($0.01/$0.02 USD) - 2021/12/25 4:22:30 PT [2021/12/25 7:22:30 ET]
Table 'Icarus III' 9-max Seat #3 is the button
Seat 1: Scooffield ($1.79 in chips) 
Seat 2: Stormy_88888 ($2.03 in chips) 
Seat 3: Dorex2007 ($4.03 in chips) 
Seat 6: Kattstryparen ($1.36 in chips) 
Seat 7: calidad1986 ($2.33 in chips) 
Seat 9: mrgreen959 ($2.55 in chips) 
Kattstryparen: posts small blind $0.01
calidad1986: posts big blind $0.02
*** HOLE CARDS ***
Dealt to Dorex2007 [7h Ks]
mrgreen959: folds 
Scooffield: calls $0.02
Stormy_88888: folds 
Dorex2007: folds 
Kattstryparen: calls $0.01
calidad1986: checks 
*** FLOP *** [Qd 2c 3d]
Poxerist3107 leaves the table
Kattstryparen: checks 
calidad1986: checks 
Scooffield: bets $0.02
Kattstryparen: calls $0.02
calidad1986: folds 
*** TURN *** [Qd 2c 3d] [5d]
Kattstryparen: checks 
Scooffield: checks 
*** RIVER *** [Qd 2c 3d 5d] [Qh]
Kattstryparen: bets $0.10
Scooffield: folds 
Uncalled bet ($0.10) returned to Kattstryparen
Kattstryparen collected $0.10 from pot
Kattstryparen: doesn't show hand 
*** SUMMARY ***
Total pot $0.10 | Rake $0 
Board [Qd 2c 3d 5d Qh]
Seat 1: Scooffield folded on the River
Seat 2: Stormy_88888 folded before Flop (didn't bet)
Seat 3: Dorex2007 (button) folded before Flop (didn't bet)
Seat 6: Kattstryparen (small blind) collected ($0.10)
Seat 7: calidad1986 (big blind) folded on the Flop
Seat 9: mrgreen959 folded before Flop (didn't bet)



PokerStars Hand #232504063179:  Hold'em No Limit ($0.01/$0.02 USD) - 2021/12/25 4:23:18 PT [2021/12/25 7:23:18 ET]
Table 'Icarus III' 9-max Seat #6 is the button
Seat 1: Scooffield ($1.75 in chips) 
Seat 2: Stormy_88888 ($2.03 in chips) 
Seat 3: Dorex2007 ($4.03 in chips) 
Seat 5: Deruzhenko ($0.80 in chips) 
Seat 6: Kattstryparen ($1.42 in chips) 
Seat 7: calidad1986 ($2.31 in chips) 
calidad1986: posts small blind $0.01
mrgreen959: is sitting out 
Scooffield: posts big blind $0.02
Deruzhenko: posts small blind $0.01
*** HOLE CARDS ***
Dealt to Dorex2007 [7h Qs]
mrgreen959 leaves the table
Stormy_88888: raises $0.06 to $0.08
Dorex2007: folds 
Deruzhenko: calls $0.08
Kattstryparen: calls $0.08
calidad1986: folds 
Scooffield: folds 
*** FLOP *** [3d 7d 2s]
Stormy_88888: checks 
Deruzhenko: checks 
Kattstryparen: checks 
*** TURN *** [3d 7d 2s] [Ks]
Stormy_88888: checks 
Deruzhenko: bets $0.02
Kattstryparen: calls $0.02
Stormy_88888: calls $0.02
*** RIVER *** [3d 7d 2s Ks] [Qc]
Stormy_88888: checks 
Deruzhenko: bets $0.16
Kattstryparen: folds 
Stormy_88888: folds 
Uncalled bet ($0.16) returned to Deruzhenko
Deruzhenko collected $0.33 from pot
Deruzhenko: doesn't show hand 
*** SUMMARY ***
Total pot $0.34 | Rake $0.01 
Board [3d 7d 2s Ks Qc]
Seat 1: Scooffield (big blind) folded before Flop
Seat 2: Stormy_88888 folded on the River
Seat 3: Dorex2007 folded before Flop (didn't bet)
Seat 5: Deruzhenko collected ($0.33)
Seat 6: Kattstryparen (button) folded on the River
Seat 7: calidad1986 (small blind) folded before Flop



PokerStars Hand #232504075676:  Hold'em No Limit ($0.01/$0.02 USD) - 2021/12/25 4:24:07 PT [2021/12/25 7:24:07 ET]
Table 'Icarus III' 9-max Seat #7 is the button
Seat 1: Scooffield ($1.73 in chips) 
Seat 2: Stormy_88888 ($1.93 in chips) 
Seat 3: Dorex2007 ($4.03 in chips) 
Seat 5: Deruzhenko ($1.02 in chips) 
Seat 6: Kattstryparen ($1.32 in chips) 
Seat 7: calidad1986 ($2.30 in chips) 
Scooffield: posts small blind $0.01
Stormy_88888: posts big blind $0.02
*** HOLE CARDS ***
Dealt to Dorex2007 [Js 6s]
Dorex2007: folds 
Deruzhenko: calls $0.02
Kattstryparen: calls $0.02
calidad1986: folds 
Scooffield: raises $0.02 to $0.04
Stormy_88888: folds 
Deruzhenko: calls $0.02
Kattstryparen: calls $0.02
*** FLOP *** [9h Kc 3d]
Scooffield: bets $0.06
Deruzhenko: folds 
Kattstryparen: calls $0.06
*** TURN *** [9h Kc 3d] [5s]
Scooffield: checks 
Kattstryparen: checks 
*** RIVER *** [9h Kc 3d 5s] [As]
Scooffield: bets $0.13
Kattstryparen: folds 
Uncalled bet ($0.13) returned to Scooffield
Scooffield collected $0.25 from pot
Scooffield: doesn't show hand 
*** SUMMARY ***
Total pot $0.26 | Rake $0.01 
Board [9h Kc 3d 5s As]
Seat 1: Scooffield (small blind) collected ($0.25)
Seat 2: Stormy_88888 (big blind) folded before Flop
Seat 3: Dorex2007 folded before Flop (didn't bet)
Seat 5: Deruzhenko folded on the Flop
Seat 6: Kattstryparen folded on the River
Seat 7: calidad1986 (button) folded before Flop (didn't bet)



PokerStars Hand #232504088537:  Hold'em No Limit ($0.01/$0.02 USD) - 2021/12/25 4:24:58 PT [2021/12/25 7:24:58 ET]
Table 'Icarus III' 9-max Seat #1 is the button
Seat 1: Scooffield ($1.88 in chips) 
Seat 2: Stormy_88888 ($1.91 in chips) 
Seat 3: Dorex2007 ($4.03 in chips) 
Seat 5: Deruzhenko ($0.98 in chips) 
Seat 6: Kattstryparen ($1.22 in chips) 
Seat 7: calidad1986 ($2.30 in chips) 
Stormy_88888: posts small blind $0.01
Dorex2007: posts big blind $0.02
bibgemma: sits out 
*** HOLE CARDS ***
Dealt to Dorex2007 [4h Tc]
Deruzhenko: folds 
Kattstryparen: folds 
calidad1986: folds 
Scooffield: folds 
Stormy_88888: folds 
Uncalled bet ($0.01) returned to Dorex2007
Dorex2007 collected $0.02 from pot
Dorex2007: doesn't show hand 
*** SUMMARY ***
Total pot $0.02 | Rake $0 
Seat 1: Scooffield (button) folded before Flop (didn't bet)
Seat 2: Stormy_88888 (small blind) folded before Flop
Seat 3: Dorex2007 (big blind) collected ($0.02)
Seat 5: Deruzhenko folded before Flop (didn't bet)
Seat 6: Kattstryparen folded before Flop (didn't bet)
Seat 7: calidad1986 folded before Flop (didn't bet)



PokerStars Hand #232504092318:  Hold'em No Limit ($0.01/$0.02 USD) - 2021/12/25 4:25:13 PT [2021/12/25 7:25:13 ET]
Table 'Icarus III' 9-max Seat #2 is the button
Seat 1: Scooffield ($1.88 in chips) 
Seat 2: Stormy_88888 ($1.90 in chips) 
Seat 3: Dorex2007 ($4.04 in chips) 
Seat 4: bibgemma ($0.90 in chips) 
Seat 5: Deruzhenko ($0.98 in chips) 
Seat 6: Kattstryparen ($1.22 in chips) 
Seat 7: calidad1986 ($2.30 in chips) 
Dorex2007: posts small blind $0.01
bibgemma: posts big blind $0.02
*** HOLE CARDS ***
Dealt to Dorex2007 [Qc 8d]
KosmoS_23201 joins the table at seat #8 
Deruzhenko: folds 
Kattstryparen: calls $0.02
calidad1986: folds 
Scooffield: calls $0.02
Stormy_88888: folds 
Dorex2007: folds 
bibgemma: checks 
*** FLOP *** [7c 7h 7s]
bibgemma: checks 
Kattstryparen: checks 
Scooffield: checks 
*** TURN *** [7c 7h 7s] [9h]
bibgemma: checks 
LazyCrazyPsycho joins the table at seat #9 
Kattstryparen: checks 
Scooffield: bets $0.02
bibgemma: folds 
Kattstryparen: calls $0.02
*** RIVER *** [7c 7h 7s 9h] [4d]
Kattstryparen: checks 
Scooffield: checks 
*** SHOW DOWN ***
Kattstryparen: shows [Td 6d] (three of a kind, Sevens)
Scooffield: mucks hand 
Kattstryparen collected $0.11 from pot
*** SUMMARY ***
Total pot $0.11 | Rake $0 
Board [7c 7h 7s 9h 4d]
Seat 1: Scooffield mucked [5s 6c]
Seat 2: Stormy_88888 (button) folded before Flop (didn't bet)
Seat 3: Dorex2007 (small blind) folded before Flop
Seat 4: bibgemma (big blind) folded on the Turn
Seat 5: Deruzhenko folded before Flop (didn't bet)
Seat 6: Kattstryparen showed [Td 6d] and won ($0.11) with three of a kind, Sevens
Seat 7: calidad1986 folded before Flop (didn't bet)



