PokerStars Hand #233013580312:  Hold'em No Limit ($0.01/$0.02 USD) - 2022/01/10 12:53:20 PT [2022/01/10 15:53:20 ET]
Table 'Zulu V' 9-max Seat #9 is the button
Seat 1: KerleiBR ($1.08 in chips) 
Seat 3: ysazevedo ($1.96 in chips) 
Seat 4: EdogPlays ($1.33 in chips) 
Seat 5: nicaDAWG69 ($1.59 in chips) 
Seat 6: Laugis79 ($2.06 in chips) 
Seat 7: azick18 ($2 in chips) 
Seat 8: Dorex2007 ($2 in chips) 
Seat 9: Inc4ognito ($2 in chips) 
KerleiBR: posts small blind $0.01
azazaZz: is sitting out 
ysazevedo: posts big blind $0.02
Dorex2007: posts big blind $0.02
*** HOLE CARDS ***
Dealt to Dorex2007 [8s Qs]
azazaZz leaves the table
EdogPlays: calls $0.02
nicaDAWG69: calls $0.02
Laugis79: folds 
azick18: folds 
Dorex2007: checks 
Inc4ognito: folds 
Rumb1eFish joins the table at seat #2 
KerleiBR: raises $0.04 to $0.06
ysazevedo: folds 
EdogPlays: calls $0.04
nicaDAWG69: calls $0.04
Dorex2007: folds 
*** FLOP *** [Qd As Qc]
KerleiBR: bets $0.11
EdogPlays: calls $0.11
nicaDAWG69: folds 
*** TURN *** [Qd As Qc] [3c]
KerleiBR: checks 
EdogPlays: bets $0.14
KerleiBR: calls $0.14
*** RIVER *** [Qd As Qc 3c] [Ah]
KerleiBR: checks 
EdogPlays: bets $1.02 and is all-in
KerleiBR: folds 
Uncalled bet ($1.02) returned to EdogPlays
EdogPlays collected $0.69 from pot
EdogPlays: doesn't show hand 
*** SUMMARY ***
Total pot $0.72 | Rake $0.03 
Board [Qd As Qc 3c Ah]
Seat 1: KerleiBR (small blind) folded on the River
Seat 3: ysazevedo (big blind) folded before Flop
Seat 4: EdogPlays collected ($0.69)
Seat 5: nicaDAWG69 folded on the Flop
Seat 6: Laugis79 folded before Flop (didn't bet)
Seat 7: azick18 folded before Flop (didn't bet)
Seat 8: Dorex2007 folded before Flop (didn't bet)
Seat 9: Inc4ognito (button) folded before Flop (didn't bet)



PokerStars Hand #233013629223:  Hold'em No Limit ($0.01/$0.02 USD) - 2022/01/10 12:54:34 PT [2022/01/10 15:54:34 ET]
Table 'Zulu V' 9-max Seat #1 is the button
Seat 1: KerleiBR ($0.77 in chips) 
Seat 3: ysazevedo ($1.94 in chips) 
Seat 4: EdogPlays ($1.71 in chips) 
Seat 5: nicaDAWG69 ($1.53 in chips) 
Seat 6: Laugis79 ($2.06 in chips) 
Seat 7: azick18 ($2 in chips) 
Seat 8: Dorex2007 ($2 in chips) 
Seat 9: Inc4ognito ($2 in chips) 
ysazevedo: posts small blind $0.01
EdogPlays: posts big blind $0.02
*** HOLE CARDS ***
Dealt to Dorex2007 [Qh 6d]
nicaDAWG69: calls $0.02
Laugis79: folds 
azick18: folds 
Dorex2007: folds 
Inc4ognito: raises $0.03 to $0.05
KerleiBR: folds 
ysazevedo: folds 
EdogPlays: calls $0.03
nicaDAWG69: calls $0.03
*** FLOP *** [7c 7s 7d]
EdogPlays: checks 
nicaDAWG69: checks 
Inc4ognito: bets $0.06
EdogPlays: calls $0.06
nicaDAWG69: folds 
*** TURN *** [7c 7s 7d] [2c]
EdogPlays: checks 
Inc4ognito: checks 
*** RIVER *** [7c 7s 7d 2c] [5d]
EdogPlays: bets $0.12
Inc4ognito: folds 
Uncalled bet ($0.12) returned to EdogPlays
EdogPlays collected $0.27 from pot
EdogPlays: doesn't show hand 
*** SUMMARY ***
Total pot $0.28 | Rake $0.01 
Board [7c 7s 7d 2c 5d]
Seat 1: KerleiBR (button) folded before Flop (didn't bet)
Seat 3: ysazevedo (small blind) folded before Flop
Seat 4: EdogPlays (big blind) collected ($0.27)
Seat 5: nicaDAWG69 folded on the Flop
Seat 6: Laugis79 folded before Flop (didn't bet)
Seat 7: azick18 folded before Flop (didn't bet)
Seat 8: Dorex2007 folded before Flop (didn't bet)
Seat 9: Inc4ognito folded on the River



PokerStars Hand #233013678446:  Hold'em No Limit ($0.01/$0.02 USD) - 2022/01/10 12:56:07 PT [2022/01/10 15:56:07 ET]
Table 'Zulu V' 9-max Seat #3 is the button
Seat 1: KerleiBR ($0.77 in chips) 
Seat 2: Rumb1eFish ($2 in chips) 
Seat 3: ysazevedo ($1.93 in chips) 
Seat 4: EdogPlays ($1.87 in chips) 
Seat 5: nicaDAWG69 ($1.48 in chips) 
Seat 6: Laugis79 ($2.06 in chips) 
Seat 7: azick18 ($2 in chips) 
Seat 8: Dorex2007 ($2 in chips) 
Seat 9: Inc4ognito ($2 in chips) 
EdogPlays: posts small blind $0.01
nicaDAWG69: posts big blind $0.02
Rumb1eFish: posts big blind $0.02
*** HOLE CARDS ***
Dealt to Dorex2007 [Qc 9s]
Laugis79: folds 
azick18: raises $0.06 to $0.08
Dorex2007: folds 
Inc4ognito: folds 
KerleiBR: folds 
Rumb1eFish: folds 
ysazevedo is disconnected 
ysazevedo is connected 
ysazevedo: calls $0.08
EdogPlays: folds 
nicaDAWG69: raises $0.06 to $0.14
azick18: calls $0.06
ysazevedo: calls $0.06
*** FLOP *** [Qh 8c 3c]
nicaDAWG69: bets $0.21
azick18: folds 
ysazevedo: folds 
Uncalled bet ($0.21) returned to nicaDAWG69
nicaDAWG69 collected $0.43 from pot
nicaDAWG69: doesn't show hand 
*** SUMMARY ***
Total pot $0.45 | Rake $0.02 
Board [Qh 8c 3c]
Seat 1: KerleiBR folded before Flop (didn't bet)
Seat 2: Rumb1eFish folded before Flop (didn't bet)
Seat 3: ysazevedo (button) folded on the Flop
Seat 4: EdogPlays (small blind) folded before Flop
Seat 5: nicaDAWG69 (big blind) collected ($0.43)
Seat 6: Laugis79 folded before Flop (didn't bet)
Seat 7: azick18 folded on the Flop
Seat 8: Dorex2007 folded before Flop (didn't bet)
Seat 9: Inc4ognito folded before Flop (didn't bet)



PokerStars Hand #233013707331:  Hold'em No Limit ($0.01/$0.02 USD) - 2022/01/10 12:57:01 PT [2022/01/10 15:57:01 ET]
Table 'Zulu V' 9-max Seat #4 is the button
Seat 1: KerleiBR ($0.77 in chips) 
Seat 2: Rumb1eFish ($1.98 in chips) 
Seat 3: ysazevedo ($1.79 in chips) 
Seat 4: EdogPlays ($1.86 in chips) 
Seat 5: nicaDAWG69 ($1.77 in chips) 
Seat 6: Laugis79 ($2.06 in chips) 
Seat 7: azick18 ($2 in chips) 
Seat 8: Dorex2007 ($2 in chips) 
Seat 9: Inc4ognito ($2 in chips) 
nicaDAWG69: posts small blind $0.01
Laugis79: posts big blind $0.02
*** HOLE CARDS ***
Dealt to Dorex2007 [Ad 5c]
azick18: folds 
Dorex2007: folds 
Inc4ognito: folds 
KerleiBR: folds 
Rumb1eFish: folds 
ysazevedo: folds 
EdogPlays: calls $0.02
nicaDAWG69: folds 
Laugis79: raises $0.02 to $0.04
EdogPlays: calls $0.02
*** FLOP *** [4c 4d Jh]
Laugis79: bets $0.05
EdogPlays: raises $0.05 to $0.10
ysazevedo is disconnected 
Laugis79: calls $0.05
*** TURN *** [4c 4d Jh] [2d]
Laugis79: checks 
EdogPlays: bets $0.20
Laugis79: raises $0.20 to $0.40
EdogPlays: raises $1.32 to $1.72 and is all-in
Laugis79: calls $1.32
*** RIVER *** [4c 4d Jh 2d] [3d]
*** SHOW DOWN ***
Laugis79: shows [Qh 4s] (three of a kind, Fours)
EdogPlays: shows [5h 4h] (three of a kind, Fours - lower kicker)
Laugis79 collected $3.60 from pot
*** SUMMARY ***
Total pot $3.73 | Rake $0.13 
Board [4c 4d Jh 2d 3d]
Seat 1: KerleiBR folded before Flop (didn't bet)
Seat 2: Rumb1eFish folded before Flop (didn't bet)
Seat 3: ysazevedo folded before Flop (didn't bet)
Seat 4: EdogPlays (button) showed [5h 4h] and lost with three of a kind, Fours
Seat 5: nicaDAWG69 (small blind) folded before Flop
Seat 6: Laugis79 (big blind) showed [Qh 4s] and won ($3.60) with three of a kind, Fours
Seat 7: azick18 folded before Flop (didn't bet)
Seat 8: Dorex2007 folded before Flop (didn't bet)
Seat 9: Inc4ognito folded before Flop (didn't bet)



PokerStars Hand #233013739407:  Hold'em No Limit ($0.01/$0.02 USD) - 2022/01/10 12:58:10 PT [2022/01/10 15:58:10 ET]
Table 'Zulu V' 9-max Seat #5 is the button
Seat 1: KerleiBR ($0.77 in chips) 
Seat 2: Rumb1eFish ($1.98 in chips) 
Seat 3: ysazevedo ($1.79 in chips) 
Seat 5: nicaDAWG69 ($1.76 in chips) 
Seat 6: Laugis79 ($3.80 in chips) 
Seat 7: azick18 ($2 in chips) 
Seat 8: Dorex2007 ($2 in chips) 
Seat 9: Inc4ognito ($2 in chips) 
Laugis79: posts small blind $0.01
azick18: posts big blind $0.02
*** HOLE CARDS ***
Dealt to Dorex2007 [7d Qh]
Dorex2007: folds 
EdogPlays leaves the table
Inc4ognito: raises $0.03 to $0.05
Rumb1eFish is disconnected 
KerleiBR: folds 
szekrena joins the table at seat #4 
Rumb1eFish is connected 
Rumb1eFish: calls $0.05
ysazevedo is connected 
ysazevedo: folds 
nicaDAWG69: calls $0.05
Laugis79: folds 
azick18: folds 
*** FLOP *** [2d 9h Qd]
Inc4ognito: bets $0.14
Rumb1eFish: folds 
nicaDAWG69: folds 
Uncalled bet ($0.14) returned to Inc4ognito
Inc4ognito collected $0.17 from pot
Inc4ognito: doesn't show hand 
*** SUMMARY ***
Total pot $0.18 | Rake $0.01 
Board [2d 9h Qd]
Seat 1: KerleiBR folded before Flop (didn't bet)
Seat 2: Rumb1eFish folded on the Flop
Seat 3: ysazevedo folded before Flop (didn't bet)
Seat 5: nicaDAWG69 (button) folded on the Flop
Seat 6: Laugis79 (small blind) folded before Flop
Seat 7: azick18 (big blind) folded before Flop
Seat 8: Dorex2007 folded before Flop (didn't bet)
Seat 9: Inc4ognito collected ($0.17)



PokerStars Hand #233013762449:  Hold'em No Limit ($0.01/$0.02 USD) - 2022/01/10 12:59:01 PT [2022/01/10 15:59:01 ET]
Table 'Zulu V' 9-max Seat #6 is the button
Seat 1: KerleiBR ($0.77 in chips) 
Seat 2: Rumb1eFish ($1.93 in chips) 
Seat 3: ysazevedo ($1.79 in chips) 
Seat 4: szekrena ($0.80 in chips) 
Seat 5: nicaDAWG69 ($1.71 in chips) 
Seat 6: Laugis79 ($3.79 in chips) 
Seat 7: azick18 ($2 in chips) 
Seat 8: Dorex2007 ($2 in chips) 
Seat 9: Inc4ognito ($2.12 in chips) 
azick18: posts small blind $0.01
Dorex2007: posts big blind $0.02
szekrena: posts big blind $0.02
*** HOLE CARDS ***
Dealt to Dorex2007 [3h 8c]
Inc4ognito: folds 
KerleiBR: folds 
Rumb1eFish: folds 
ysazevedo: raises $0.04 to $0.06
szekrena: folds 
nicaDAWG69: folds 
Laugis79: calls $0.06
azick18: folds 
Dorex2007: folds 
*** FLOP *** [Ks 7h 4h]
ysazevedo: bets $0.12
Laugis79: calls $0.12
*** TURN *** [Ks 7h 4h] [2c]
ysazevedo: bets $0.28
Laugis79: folds 
Uncalled bet ($0.28) returned to ysazevedo
ysazevedo collected $0.40 from pot
ysazevedo: doesn't show hand 
*** SUMMARY ***
Total pot $0.41 | Rake $0.01 
Board [Ks 7h 4h 2c]
Seat 1: KerleiBR folded before Flop (didn't bet)
Seat 2: Rumb1eFish folded before Flop (didn't bet)
Seat 3: ysazevedo collected ($0.40)
Seat 4: szekrena folded before Flop (didn't bet)
Seat 5: nicaDAWG69 folded before Flop (didn't bet)
Seat 6: Laugis79 (button) folded on the Turn
Seat 7: azick18 (small blind) folded before Flop
Seat 8: Dorex2007 (big blind) folded before Flop
Seat 9: Inc4ognito folded before Flop (didn't bet)



PokerStars Hand #233013782655:  Hold'em No Limit ($0.01/$0.02 USD) - 2022/01/10 12:59:46 PT [2022/01/10 15:59:46 ET]
Table 'Zulu V' 9-max Seat #7 is the button
Seat 1: KerleiBR ($0.77 in chips) 
Seat 2: Rumb1eFish ($1.93 in chips) 
Seat 3: ysazevedo ($2.01 in chips) 
Seat 4: szekrena ($0.78 in chips) 
Seat 5: nicaDAWG69 ($1.71 in chips) 
Seat 6: Laugis79 ($3.61 in chips) 
Seat 7: azick18 ($2 in chips) 
Seat 8: Dorex2007 ($2 in chips) 
Seat 9: Inc4ognito ($2.12 in chips) 
Dorex2007: posts small blind $0.01
Inc4ognito: posts big blind $0.02
*** HOLE CARDS ***
Dealt to Dorex2007 [Qh 2s]
KerleiBR: calls $0.02
Rumb1eFish: folds 
ysazevedo has timed out
ysazevedo: folds 
szekrena: folds 
nicaDAWG69: calls $0.02
Laugis79: calls $0.02
azick18: folds 
Dorex2007: calls $0.01
Inc4ognito: checks 
*** FLOP *** [5c Ac 8h]
Dorex2007: checks 
Inc4ognito: checks 
KerleiBR: bets $0.05
nicaDAWG69: calls $0.05
Laugis79: calls $0.05
Dorex2007: folds 
Inc4ognito: folds 
*** TURN *** [5c Ac 8h] [9h]
KerleiBR: bets $0.24
nicaDAWG69 is disconnected 
nicaDAWG69 has timed out while disconnected
nicaDAWG69: folds 
Laugis79: calls $0.24
*** RIVER *** [5c Ac 8h 9h] [Kd]
KerleiBR: bets $0.46 and is all-in
Laugis79: folds 
Uncalled bet ($0.46) returned to KerleiBR
KerleiBR collected $0.70 from pot
KerleiBR: doesn't show hand 
*** SUMMARY ***
Total pot $0.73 | Rake $0.03 
Board [5c Ac 8h 9h Kd]
Seat 1: KerleiBR collected ($0.70)
Seat 2: Rumb1eFish folded before Flop (didn't bet)
Seat 3: ysazevedo folded before Flop (didn't bet)
Seat 4: szekrena folded before Flop (didn't bet)
Seat 5: nicaDAWG69 folded on the Turn
Seat 6: Laugis79 folded on the River
Seat 7: azick18 (button) folded before Flop (didn't bet)
Seat 8: Dorex2007 (small blind) folded on the Flop
Seat 9: Inc4ognito (big blind) folded on the Flop



PokerStars Hand #233013898834:  Hold'em No Limit ($0.01/$0.02 USD) - 2022/01/10 13:03:01 PT [2022/01/10 16:03:01 ET]
Table 'Zulu V' 9-max Seat #8 is the button
Seat 1: KerleiBR ($1.16 in chips) 
Seat 2: Rumb1eFish ($1.93 in chips) 
Seat 3: ysazevedo ($2.01 in chips) 
Seat 4: szekrena ($0.78 in chips) 
Seat 6: Laugis79 ($3.30 in chips) 
Seat 7: azick18 ($2 in chips) 
Seat 8: Dorex2007 ($2 in chips) 
Seat 9: Inc4ognito ($2.10 in chips) 
Inc4ognito: posts small blind $0.01
KerleiBR: posts big blind $0.02
*** HOLE CARDS ***
Dealt to Dorex2007 [6h Ts]
Rumb1eFish: raises $0.04 to $0.06
ysazevedo: folds 
szekrena: folds 
Laugis79: folds 
azick18: folds 
Dorex2007: folds 
Inc4ognito: folds 
KerleiBR: calls $0.04
*** FLOP *** [6c 5c 5d]
KerleiBR: checks 
Rumb1eFish: bets $0.07
KerleiBR: calls $0.07
*** TURN *** [6c 5c 5d] [7s]
KerleiBR: checks 
Rumb1eFish: bets $0.13
KerleiBR: calls $0.13
*** RIVER *** [6c 5c 5d 7s] [Ks]
KerleiBR: checks 
Rumb1eFish: checks 
*** SHOW DOWN ***
KerleiBR: shows [Jc As] (a pair of Fives)
Rumb1eFish: shows [Th Td] (two pair, Tens and Fives)
Rumb1eFish collected $0.51 from pot
*** SUMMARY ***
Total pot $0.53 | Rake $0.02 
Board [6c 5c 5d 7s Ks]
Seat 1: KerleiBR (big blind) showed [Jc As] and lost with a pair of Fives
Seat 2: Rumb1eFish showed [Th Td] and won ($0.51) with two pair, Tens and Fives
Seat 3: ysazevedo folded before Flop (didn't bet)
Seat 4: szekrena folded before Flop (didn't bet)
Seat 6: Laugis79 folded before Flop (didn't bet)
Seat 7: azick18 folded before Flop (didn't bet)
Seat 8: Dorex2007 (button) folded before Flop (didn't bet)
Seat 9: Inc4ognito (small blind) folded before Flop



PokerStars Hand #233013931099:  Hold'em No Limit ($0.01/$0.02 USD) - 2022/01/10 13:03:51 PT [2022/01/10 16:03:51 ET]
Table 'Zulu V' 9-max Seat #9 is the button
Seat 1: KerleiBR ($0.90 in chips) 
Seat 2: Rumb1eFish ($2.18 in chips) 
Seat 3: ysazevedo ($2.01 in chips) 
Seat 4: szekrena ($0.78 in chips) 
Seat 5: nicaDAWG69 ($1.64 in chips) 
Seat 6: Laugis79 ($3.30 in chips) 
Seat 7: azick18 ($2 in chips) 
Seat 8: Dorex2007 ($2 in chips) 
Seat 9: Inc4ognito ($2.09 in chips) 
KerleiBR: posts small blind $0.01
Rumb1eFish: posts big blind $0.02
*** HOLE CARDS ***
Dealt to Dorex2007 [2d 5c]
ysazevedo is disconnected 
ysazevedo has timed out while disconnected
ysazevedo: folds 
szekrena: folds 
nicaDAWG69: calls $0.02
Laugis79: calls $0.02
azick18: folds 
Dorex2007: folds 
Inc4ognito: folds 
KerleiBR: raises $0.04 to $0.06
Rumb1eFish: folds 
nicaDAWG69: calls $0.04
Laugis79: calls $0.04
*** FLOP *** [2s 5s 2c]
KerleiBR: checks 
nicaDAWG69: checks 
Laugis79: checks 
*** TURN *** [2s 5s 2c] [Ac]
KerleiBR: bets $0.08
nicaDAWG69: folds 
Laugis79: calls $0.08
*** RIVER *** [2s 5s 2c Ac] [3c]
KerleiBR: bets $0.28
Laugis79: folds 
Uncalled bet ($0.28) returned to KerleiBR
KerleiBR collected $0.35 from pot
KerleiBR: doesn't show hand 
*** SUMMARY ***
Total pot $0.36 | Rake $0.01 
Board [2s 5s 2c Ac 3c]
Seat 1: KerleiBR (small blind) collected ($0.35)
Seat 2: Rumb1eFish (big blind) folded before Flop
Seat 3: ysazevedo folded before Flop (didn't bet)
Seat 4: szekrena folded before Flop (didn't bet)
Seat 5: nicaDAWG69 folded on the Turn
Seat 6: Laugis79 folded on the River
Seat 7: azick18 folded before Flop (didn't bet)
Seat 8: Dorex2007 folded before Flop (didn't bet)
Seat 9: Inc4ognito (button) folded before Flop (didn't bet)



PokerStars Hand #233014008557:  Hold'em No Limit ($0.01/$0.02 USD) - 2022/01/10 13:05:48 PT [2022/01/10 16:05:48 ET]
Table 'Zulu V' 9-max Seat #1 is the button
Seat 1: KerleiBR ($1.11 in chips) 
Seat 2: Rumb1eFish ($2.16 in chips) 
Seat 4: szekrena ($0.78 in chips) 
Seat 5: nicaDAWG69 ($1.58 in chips) 
Seat 6: Laugis79 ($3.16 in chips) 
Seat 7: azick18 ($2 in chips) 
Seat 8: Dorex2007 ($2 in chips) 
Seat 9: Inc4ognito ($2.09 in chips) 
Rumb1eFish: posts small blind $0.01
szekrena: posts big blind $0.02
*** HOLE CARDS ***
Dealt to Dorex2007 [Qh 5c]
nicaDAWG69 has timed out
nicaDAWG69: folds 
Laugis79: folds 
azick18: folds 
Dorex2007: folds 
Inc4ognito: folds 
KerleiBR: raises $0.05 to $0.07
Rumb1eFish: folds 
szekrena: folds 
Uncalled bet ($0.05) returned to KerleiBR
KerleiBR collected $0.05 from pot
KerleiBR: doesn't show hand 
*** SUMMARY ***
Total pot $0.05 | Rake $0 
Seat 1: KerleiBR (button) collected ($0.05)
Seat 2: Rumb1eFish (small blind) folded before Flop
Seat 4: szekrena (big blind) folded before Flop
Seat 5: nicaDAWG69 folded before Flop (didn't bet)
Seat 6: Laugis79 folded before Flop (didn't bet)
Seat 7: azick18 folded before Flop (didn't bet)
Seat 8: Dorex2007 folded before Flop (didn't bet)
Seat 9: Inc4ognito folded before Flop (didn't bet)



PokerStars Hand #233014024481:  Hold'em No Limit ($0.01/$0.02 USD) - 2022/01/10 13:06:13 PT [2022/01/10 16:06:13 ET]
Table 'Zulu V' 9-max Seat #2 is the button
Seat 1: KerleiBR ($1.14 in chips) 
Seat 2: Rumb1eFish ($2.15 in chips) 
Seat 4: szekrena ($0.76 in chips) 
Seat 5: nicaDAWG69 ($1.58 in chips) 
Seat 6: Laugis79 ($3.16 in chips) 
Seat 7: azick18 ($2 in chips) 
Seat 8: Dorex2007 ($2 in chips) 
Seat 9: Inc4ognito ($2.09 in chips) 
szekrena: posts small blind $0.01
nicaDAWG69: posts big blind $0.02
*** HOLE CARDS ***
Dealt to Dorex2007 [3d 8h]
Laugis79: calls $0.02
azick18: folds 
Dorex2007: folds 
Inc4ognito: folds 
KerleiBR: folds 
Rumb1eFish: raises $0.04 to $0.06
szekrena: folds 
nicaDAWG69: calls $0.04
Laugis79: calls $0.04
*** FLOP *** [2d Tc 3s]
nicaDAWG69: bets $0.09
Laugis79: folds 
Rumb1eFish: calls $0.09
*** TURN *** [2d Tc 3s] [Td]
nicaDAWG69: bets $0.10
Rumb1eFish: calls $0.10
*** RIVER *** [2d Tc 3s Td] [Jh]
nicaDAWG69: checks 
Rumb1eFish: bets $0.18
nicaDAWG69: calls $0.18
*** SHOW DOWN ***
Rumb1eFish: shows [Kd Qd] (a pair of Tens)
nicaDAWG69: shows [8d 8s] (two pair, Tens and Eights)
nicaDAWG69 collected $0.90 from pot
*** SUMMARY ***
Total pot $0.93 | Rake $0.03 
Board [2d Tc 3s Td Jh]
Seat 1: KerleiBR folded before Flop (didn't bet)
Seat 2: Rumb1eFish (button) showed [Kd Qd] and lost with a pair of Tens
Seat 4: szekrena (small blind) folded before Flop
Seat 5: nicaDAWG69 (big blind) showed [8d 8s] and won ($0.90) with two pair, Tens and Eights
Seat 6: Laugis79 folded on the Flop
Seat 7: azick18 folded before Flop (didn't bet)
Seat 8: Dorex2007 folded before Flop (didn't bet)
Seat 9: Inc4ognito folded before Flop (didn't bet)



PokerStars Hand #233014069314:  Hold'em No Limit ($0.01/$0.02 USD) - 2022/01/10 13:07:21 PT [2022/01/10 16:07:21 ET]
Table 'Zulu V' 9-max Seat #4 is the button
Seat 1: KerleiBR ($1.14 in chips) 
Seat 2: Rumb1eFish ($2 in chips) 
Seat 4: szekrena ($0.75 in chips) 
Seat 5: nicaDAWG69 ($2.05 in chips) 
Seat 7: azick18 ($2 in chips) 
Seat 8: Dorex2007 ($2 in chips) 
Seat 9: Inc4ognito ($2.09 in chips) 
nicaDAWG69: posts small blind $0.01
Laugis79: is sitting out 
azick18: posts big blind $0.02
*** HOLE CARDS ***
Dealt to Dorex2007 [Jd Ah]
Dorex2007: raises $0.04 to $0.06
Inc4ognito: folds 
KerleiBR: calls $0.06
Laugis79 leaves the table
Rumb1eFish: folds 
cr@sh test joins the table at seat #6 
szekrena: calls $0.06
nicaDAWG69: folds 
azick18: folds 
*** FLOP *** [Js Qs 9c]
Dorex2007: checks 
KerleiBR: bets $0.10
szekrena: folds 
Dorex2007: calls $0.10
*** TURN *** [Js Qs 9c] [8c]
Dorex2007: checks 
KerleiBR: bets $0.22
Dorex2007: folds 
Uncalled bet ($0.22) returned to KerleiBR
KerleiBR collected $0.40 from pot
KerleiBR: doesn't show hand 
*** SUMMARY ***
Total pot $0.41 | Rake $0.01 
Board [Js Qs 9c 8c]
Seat 1: KerleiBR collected ($0.40)
Seat 2: Rumb1eFish folded before Flop (didn't bet)
Seat 4: szekrena (button) folded on the Flop
Seat 5: nicaDAWG69 (small blind) folded before Flop
Seat 7: azick18 (big blind) folded before Flop
Seat 8: Dorex2007 folded on the Turn
Seat 9: Inc4ognito folded before Flop (didn't bet)



PokerStars Hand #233014102777:  Hold'em No Limit ($0.01/$0.02 USD) - 2022/01/10 13:08:12 PT [2022/01/10 16:08:12 ET]
Table 'Zulu V' 9-max Seat #5 is the button
Seat 1: KerleiBR ($1.38 in chips) 
Seat 2: Rumb1eFish ($2 in chips) 
Seat 4: szekrena ($0.69 in chips) 
Seat 5: nicaDAWG69 ($2.04 in chips) 
Seat 7: azick18 ($2 in chips) 
Seat 8: Dorex2007 ($2 in chips) 
Seat 9: Inc4ognito ($2.09 in chips) 
azick18: posts small blind $0.01
Dorex2007: posts big blind $0.02
*** HOLE CARDS ***
Dealt to Dorex2007 [3s 4s]
Inc4ognito: folds 
KerleiBR: folds 
Rumb1eFish: folds 
szekrena: folds 
nicaDAWG69: calls $0.02
azick18: folds 
Inc4ognito leaves the table
Dorex2007: checks 
*** FLOP *** [5h 6s Th]
Dorex2007: bets $0.03
nicaDAWG69: raises $0.07 to $0.10
Dorex2007: calls $0.07
*** TURN *** [5h 6s Th] [Kc]
Dorex2007: checks 
nicaDAWG69: checks 
*** RIVER *** [5h 6s Th Kc] [6d]
Dorex2007: bets $0.24
nicaDAWG69: calls $0.24
*** SHOW DOWN ***
Dorex2007: shows [3s 4s] (a pair of Sixes)
nicaDAWG69: shows [6h 8c] (three of a kind, Sixes)
nicaDAWG69 collected $0.70 from pot
*** SUMMARY ***
Total pot $0.73 | Rake $0.03 
Board [5h 6s Th Kc 6d]
Seat 1: KerleiBR folded before Flop (didn't bet)
Seat 2: Rumb1eFish folded before Flop (didn't bet)
Seat 4: szekrena folded before Flop (didn't bet)
Seat 5: nicaDAWG69 (button) showed [6h 8c] and won ($0.70) with three of a kind, Sixes
Seat 7: azick18 (small blind) folded before Flop
Seat 8: Dorex2007 (big blind) showed [3s 4s] and lost with a pair of Sixes
Seat 9: Inc4ognito folded before Flop (didn't bet)



PokerStars Hand #233014134804:  Hold'em No Limit ($0.01/$0.02 USD) - 2022/01/10 13:09:01 PT [2022/01/10 16:09:01 ET]
Table 'Zulu V' 9-max Seat #7 is the button
Seat 1: KerleiBR ($1.38 in chips) 
Seat 2: Rumb1eFish ($2 in chips) 
Seat 4: szekrena ($0.69 in chips) 
Seat 5: nicaDAWG69 ($2.38 in chips) 
Seat 7: azick18 ($2 in chips) 
Seat 8: Dorex2007 ($2 in chips) 
Dorex2007: posts small blind $0.01
KerleiBR: posts big blind $0.02
cr@sh test: sits out 
*** HOLE CARDS ***
Dealt to Dorex2007 [7h Js]
Rumb1eFish: folds 
szekrena: folds 
nicaDAWG69: calls $0.02
azick18: folds 
Dorex2007: folds 
KerleiBR: raises $0.04 to $0.06
nicaDAWG69: calls $0.04
*** FLOP *** [As Qs 2c]
KerleiBR: bets $0.06
nicaDAWG69: calls $0.06
*** TURN *** [As Qs 2c] [6h]
KerleiBR: checks 
nicaDAWG69: checks 
*** RIVER *** [As Qs 2c 6h] [4s]
KerleiBR: bets $0.16
nicaDAWG69: calls $0.16
*** SHOW DOWN ***
KerleiBR: shows [3d 3c] (a pair of Threes)
nicaDAWG69: shows [Td Th] (a pair of Tens)
nicaDAWG69 collected $0.55 from pot
*** SUMMARY ***
Total pot $0.57 | Rake $0.02 
Board [As Qs 2c 6h 4s]
Seat 1: KerleiBR (big blind) showed [3d 3c] and lost with a pair of Threes
Seat 2: Rumb1eFish folded before Flop (didn't bet)
Seat 4: szekrena folded before Flop (didn't bet)
Seat 5: nicaDAWG69 showed [Td Th] and won ($0.55) with a pair of Tens
Seat 7: azick18 (button) folded before Flop (didn't bet)
Seat 8: Dorex2007 (small blind) folded before Flop



PokerStars Hand #233014163864:  Hold'em No Limit ($0.01/$0.02 USD) - 2022/01/10 13:09:46 PT [2022/01/10 16:09:46 ET]
Table 'Zulu V' 9-max Seat #8 is the button
Seat 1: KerleiBR ($1.10 in chips) 
Seat 2: Rumb1eFish ($2 in chips) 
Seat 4: szekrena ($0.69 in chips) 
Seat 5: nicaDAWG69 ($2.65 in chips) 
Seat 7: azick18 ($2 in chips) 
Seat 8: Dorex2007 ($2 in chips) 
KerleiBR: posts small blind $0.01
Rumb1eFish: posts big blind $0.02
cr@sh test: sits out 
*** HOLE CARDS ***
Dealt to Dorex2007 [Th Jh]
szekrena: folds 
nicaDAWG69: folds 
azick18: folds 
Dorex2007: raises $0.02 to $0.04
KerleiBR: raises $0.02 to $0.06
Rumb1eFish: folds 
Dorex2007: calls $0.02
*** FLOP *** [Jc 3c Ad]
KerleiBR: checks 
Dorex2007: checks 
*** TURN *** [Jc 3c Ad] [Jd]
KerleiBR: bets $0.07
Dorex2007: calls $0.07
*** RIVER *** [Jc 3c Ad Jd] [Qh]
KerleiBR: checks 
Dorex2007: bets $0.27
KerleiBR: calls $0.27
*** SHOW DOWN ***
Dorex2007: shows [Th Jh] (three of a kind, Jacks)
KerleiBR: mucks hand 
Dorex2007 collected $0.79 from pot
*** SUMMARY ***
Total pot $0.82 | Rake $0.03 
Board [Jc 3c Ad Jd Qh]
Seat 1: KerleiBR (small blind) mucked [Ac 5c]
Seat 2: Rumb1eFish (big blind) folded before Flop
Seat 4: szekrena folded before Flop (didn't bet)
Seat 5: nicaDAWG69 folded before Flop (didn't bet)
Seat 7: azick18 folded before Flop (didn't bet)
Seat 8: Dorex2007 (button) showed [Th Jh] and won ($0.79) with three of a kind, Jacks



PokerStars Hand #233014194421:  Hold'em No Limit ($0.01/$0.02 USD) - 2022/01/10 13:10:33 PT [2022/01/10 16:10:33 ET]
Table 'Zulu V' 9-max Seat #1 is the button
Seat 1: KerleiBR ($0.70 in chips) 
Seat 2: Rumb1eFish ($1.98 in chips) 
Seat 4: szekrena ($0.69 in chips) 
Seat 5: nicaDAWG69 ($2.65 in chips) 
Seat 7: azick18 ($2 in chips) 
Seat 8: Dorex2007 ($2.39 in chips) 
Rumb1eFish: posts small blind $0.01
szekrena: posts big blind $0.02
cr@sh test: sits out 
*** HOLE CARDS ***
Dealt to Dorex2007 [Qc Jc]
nicaDAWG69: calls $0.02
azick18: raises $0.04 to $0.06
Dorex2007: folds 
KerleiBR: calls $0.06
Rumb1eFish: folds 
szekrena: folds 
nicaDAWG69: calls $0.04
*** FLOP *** [9c Tc 2s]
nicaDAWG69: bets $0.10
azick18: folds 
KerleiBR: raises $0.54 to $0.64 and is all-in
IvkaMike joins the table at seat #9 
nicaDAWG69: calls $0.54
*** TURN *** [9c Tc 2s] [Qs]
IvkaMike leaves the table
*** RIVER *** [9c Tc 2s Qs] [6c]
*** SHOW DOWN ***
nicaDAWG69: shows [5h Ah] (high card Ace)
KerleiBR: shows [Th 7h] (a pair of Tens)
KerleiBR collected $1.44 from pot
*** SUMMARY ***
Total pot $1.49 | Rake $0.05 
Board [9c Tc 2s Qs 6c]
Seat 1: KerleiBR (button) showed [Th 7h] and won ($1.44) with a pair of Tens
Seat 2: Rumb1eFish (small blind) folded before Flop
Seat 4: szekrena (big blind) folded before Flop
Seat 5: nicaDAWG69 showed [5h Ah] and lost with high card Ace
Seat 7: azick18 folded on the Flop
Seat 8: Dorex2007 folded before Flop (didn't bet)



PokerStars Hand #233014225634:  Hold'em No Limit ($0.01/$0.02 USD) - 2022/01/10 13:11:21 PT [2022/01/10 16:11:21 ET]
Table 'Zulu V' 9-max Seat #2 is the button
Seat 1: KerleiBR ($1.44 in chips) 
Seat 2: Rumb1eFish ($1.97 in chips) 
Seat 4: szekrena ($0.67 in chips) 
Seat 5: nicaDAWG69 ($1.95 in chips) 
Seat 7: azick18 ($2 in chips) 
Seat 8: Dorex2007 ($2.39 in chips) 
szekrena: posts small blind $0.01
nicaDAWG69: posts big blind $0.02
cr@sh test: sits out 
*** HOLE CARDS ***
Dealt to Dorex2007 [3h 9h]
azick18 has timed out
azick18: folds 
Dorex2007: folds 
ghostlider joins the table at seat #9 
KerleiBR: raises $0.04 to $0.06
Rumb1eFish: folds 
szekrena: folds 
nicaDAWG69: calls $0.04
*** FLOP *** [Th Kd 5d]
nicaDAWG69: bets $1.89 and is all-in
KerleiBR: folds [Ks]
Uncalled bet ($1.89) returned to nicaDAWG69
nicaDAWG69 collected $0.13 from pot
nicaDAWG69: doesn't show hand 
*** SUMMARY ***
Total pot $0.13 | Rake $0 
Board [Th Kd 5d]
Seat 1: KerleiBR folded on the Flop
Seat 2: Rumb1eFish (button) folded before Flop (didn't bet)
Seat 4: szekrena (small blind) folded before Flop
Seat 5: nicaDAWG69 (big blind) collected ($0.13)
Seat 7: azick18 folded before Flop (didn't bet)
Seat 8: Dorex2007 folded before Flop (didn't bet)



PokerStars Hand #233014248703:  Hold'em No Limit ($0.01/$0.02 USD) - 2022/01/10 13:11:56 PT [2022/01/10 16:11:56 ET]
Table 'Zulu V' 9-max Seat #4 is the button
Seat 1: KerleiBR ($1.38 in chips) 
Seat 2: Rumb1eFish ($1.97 in chips) 
Seat 4: szekrena ($0.66 in chips) 
Seat 5: nicaDAWG69 ($2.02 in chips) 
Seat 6: cr@sh test ($2 in chips) 
Seat 7: azick18 ($2 in chips) 
Seat 8: Dorex2007 ($2.39 in chips) 
Seat 9: ghostlider ($0.80 in chips) 
nicaDAWG69: posts small blind $0.01
cr@sh test: posts big blind $0.02
ghostlider: posts big blind $0.02
*** HOLE CARDS ***
Dealt to Dorex2007 [2s 6s]
azick18: folds 
Dorex2007: folds 
ghostlider: checks 
KerleiBR: raises $0.04 to $0.06
Rumb1eFish: folds 
szekrena: folds 
nicaDAWG69: calls $0.05
cr@sh test: folds 
ghostlider: calls $0.04
*** FLOP *** [Js Ad 8d]
nicaDAWG69: bets $0.36
ghostlider: calls $0.36
KerleiBR: calls $0.36
*** TURN *** [Js Ad 8d] [5s]
nicaDAWG69: bets $0.54
ghostlider: calls $0.38 and is all-in
KerleiBR: folds 
Uncalled bet ($0.16) returned to nicaDAWG69
*** RIVER *** [Js Ad 8d 5s] [8h]
*** SHOW DOWN ***
nicaDAWG69: shows [Qc Ac] (two pair, Aces and Eights)
ghostlider: shows [Ts As] (two pair, Aces and Eights - lower kicker)
nicaDAWG69 collected $1.97 from pot
*** SUMMARY ***
Total pot $2.04 | Rake $0.07 
Board [Js Ad 8d 5s 8h]
Seat 1: KerleiBR folded on the Turn
Seat 2: Rumb1eFish folded before Flop (didn't bet)
Seat 4: szekrena (button) folded before Flop (didn't bet)
Seat 5: nicaDAWG69 (small blind) showed [Qc Ac] and won ($1.97) with two pair, Aces and Eights
Seat 6: cr@sh test (big blind) folded before Flop
Seat 7: azick18 folded before Flop (didn't bet)
Seat 8: Dorex2007 folded before Flop (didn't bet)
Seat 9: ghostlider showed [Ts As] and lost with two pair, Aces and Eights



PokerStars Hand #233014277795:  Hold'em No Limit ($0.01/$0.02 USD) - 2022/01/10 13:12:41 PT [2022/01/10 16:12:41 ET]
Table 'Zulu V' 9-max Seat #5 is the button
Seat 1: KerleiBR ($0.96 in chips) 
Seat 2: Rumb1eFish ($1.97 in chips) 
Seat 4: szekrena ($0.66 in chips) 
Seat 5: nicaDAWG69 ($3.19 in chips) 
Seat 6: cr@sh test ($2 in chips) 
Seat 7: azick18 ($2 in chips) 
Seat 8: Dorex2007 ($2.39 in chips) 
cr@sh test: posts small blind $0.01
azick18: posts big blind $0.02
*** HOLE CARDS ***
Dealt to Dorex2007 [Jd Td]
Dorex2007: raises $0.02 to $0.04
KerleiBR: folds 
Rumb1eFish: folds 
szekrena: folds 
nicaDAWG69: folds 
cr@sh test: folds 
azick18: calls $0.02
*** FLOP *** [Ac Kh 3d]
azick18: checks 
Dorex2007: bets $0.05
azick18: calls $0.05
*** TURN *** [Ac Kh 3d] [Qs]
azick18: checks 
Dorex2007: bets $0.09
azick18: calls $0.09
*** RIVER *** [Ac Kh 3d Qs] [4h]
azick18: checks 
Dorex2007: bets $0.24
azick18: calls $0.24
*** SHOW DOWN ***
Dorex2007: shows [Jd Td] (a straight, Ten to Ace)
azick18: mucks hand 
Dorex2007 collected $0.82 from pot
*** SUMMARY ***
Total pot $0.85 | Rake $0.03 
Board [Ac Kh 3d Qs 4h]
Seat 1: KerleiBR folded before Flop (didn't bet)
Seat 2: Rumb1eFish folded before Flop (didn't bet)
Seat 4: szekrena folded before Flop (didn't bet)
Seat 5: nicaDAWG69 (button) folded before Flop (didn't bet)
Seat 6: cr@sh test (small blind) folded before Flop
Seat 7: azick18 (big blind) mucked [Ks 9d]
Seat 8: Dorex2007 showed [Jd Td] and won ($0.82) with a straight, Ten to Ace



PokerStars Hand #233014317807:  Hold'em No Limit ($0.01/$0.02 USD) - 2022/01/10 13:13:44 PT [2022/01/10 16:13:44 ET]
Table 'Zulu V' 9-max Seat #6 is the button
Seat 1: KerleiBR ($0.96 in chips) 
Seat 2: Rumb1eFish ($1.97 in chips) 
Seat 4: szekrena ($0.66 in chips) 
Seat 6: cr@sh test ($2 in chips) 
Seat 7: azick18 ($2 in chips) 
Seat 8: Dorex2007 ($2.79 in chips) 
Seat 9: ghostlider ($0.80 in chips) 
azick18: posts small blind $0.01
Dorex2007: posts big blind $0.02
*** HOLE CARDS ***
Dealt to Dorex2007 [3s 4d]
ghostlider: folds 
KerleiBR: folds 
Rumb1eFish: folds 
szekrena: raises $0.05 to $0.07
cr@sh test: folds 
azick18: folds 
Dorex2007: folds 
Uncalled bet ($0.05) returned to szekrena
szekrena collected $0.05 from pot
szekrena: doesn't show hand 
ysazevedo leaves the table
*** SUMMARY ***
Total pot $0.05 | Rake $0 
Seat 1: KerleiBR folded before Flop (didn't bet)
Seat 2: Rumb1eFish folded before Flop (didn't bet)
Seat 4: szekrena collected ($0.05)
Seat 6: cr@sh test (button) folded before Flop (didn't bet)
Seat 7: azick18 (small blind) folded before Flop
Seat 8: Dorex2007 (big blind) folded before Flop
Seat 9: ghostlider folded before Flop (didn't bet)



PokerStars Hand #233014329768:  Hold'em No Limit ($0.01/$0.02 USD) - 2022/01/10 13:14:03 PT [2022/01/10 16:14:03 ET]
Table 'Zulu V' 9-max Seat #7 is the button
Seat 1: KerleiBR ($0.96 in chips) 
Seat 2: Rumb1eFish ($1.97 in chips) 
Seat 4: szekrena ($0.69 in chips) 
Seat 6: cr@sh test ($2 in chips) 
Seat 7: azick18 ($2 in chips) 
Seat 8: Dorex2007 ($2.77 in chips) 
Seat 9: ghostlider ($0.80 in chips) 
Dorex2007: posts small blind $0.01
ghostlider: posts big blind $0.02
*** HOLE CARDS ***
Dealt to Dorex2007 [Js 7d]
nicaDAWG69 is disconnected 
KerleiBR has timed out
KerleiBR: folds 
Rumb1eFish: folds 
szekrena: folds 
cr@sh test: folds 
azick18: folds 
Dorex2007: folds 
Uncalled bet ($0.01) returned to ghostlider
ghostlider collected $0.02 from pot
ghostlider: doesn't show hand 
*** SUMMARY ***
Total pot $0.02 | Rake $0 
Seat 1: KerleiBR folded before Flop (didn't bet)
Seat 2: Rumb1eFish folded before Flop (didn't bet)
Seat 4: szekrena folded before Flop (didn't bet)
Seat 6: cr@sh test folded before Flop (didn't bet)
Seat 7: azick18 (button) folded before Flop (didn't bet)
Seat 8: Dorex2007 (small blind) folded before Flop
Seat 9: ghostlider (big blind) collected ($0.02)



PokerStars Hand #233014351656:  Hold'em No Limit ($0.01/$0.02 USD) - 2022/01/10 13:14:25 PT [2022/01/10 16:14:25 ET]
Table 'Zulu V' 9-max Seat #8 is the button
Seat 1: KerleiBR ($0.96 in chips) 
Seat 2: Rumb1eFish ($1.97 in chips) 
Seat 4: szekrena ($0.69 in chips) 
Seat 6: cr@sh test ($2 in chips) 
Seat 7: azick18 ($2 in chips) 
Seat 8: Dorex2007 ($2.76 in chips) 
Seat 9: ghostlider ($0.81 in chips) 
ghostlider: posts small blind $0.01
KerleiBR: posts big blind $0.02
*** HOLE CARDS ***
Dealt to Dorex2007 [6d Tc]
Rumb1eFish: folds 
szekrena: calls $0.02
cr@sh test: folds 
azick18: folds 
Dorex2007: folds 
ghostlider: folds 
AGrumbler joins the table at seat #3 
KerleiBR: raises $0.04 to $0.06
szekrena: calls $0.04
*** FLOP *** [2d 3d 9c]
KerleiBR: checks 
szekrena: checks 
*** TURN *** [2d 3d 9c] [6h]
KerleiBR: checks 
szekrena: checks 
*** RIVER *** [2d 3d 9c 6h] [7d]
KerleiBR: checks 
szekrena: bets $0.04
KerleiBR: calls $0.04
*** SHOW DOWN ***
szekrena: shows [Ah 7h] (a pair of Sevens)
KerleiBR: mucks hand 
szekrena collected $0.20 from pot
*** SUMMARY ***
Total pot $0.21 | Rake $0.01 
Board [2d 3d 9c 6h 7d]
Seat 1: KerleiBR (big blind) mucked [Jh Ts]
Seat 2: Rumb1eFish folded before Flop (didn't bet)
Seat 4: szekrena showed [Ah 7h] and won ($0.20) with a pair of Sevens
Seat 6: cr@sh test folded before Flop (didn't bet)
Seat 7: azick18 folded before Flop (didn't bet)
Seat 8: Dorex2007 (button) folded before Flop (didn't bet)
Seat 9: ghostlider (small blind) folded before Flop



PokerStars Hand #233014400118:  Hold'em No Limit ($0.01/$0.02 USD) - 2022/01/10 13:15:39 PT [2022/01/10 16:15:39 ET]
Table 'Zulu V' 9-max Seat #9 is the button
Seat 1: KerleiBR ($0.86 in chips) 
Seat 2: Rumb1eFish ($1.97 in chips) 
Seat 4: szekrena ($0.79 in chips) 
Seat 6: cr@sh test ($2 in chips) 
Seat 7: azick18 ($2 in chips) 
Seat 8: Dorex2007 ($2.76 in chips) 
Seat 9: ghostlider ($0.80 in chips) 
KerleiBR: posts small blind $0.01
Rumb1eFish: posts big blind $0.02
AGrumbler: sits out 
*** HOLE CARDS ***
Dealt to Dorex2007 [As Tc]
szekrena: calls $0.02
cr@sh test: folds 
azick18: folds 
Dorex2007: calls $0.02
ghostlider has timed out
ghostlider: folds 
KerleiBR: calls $0.01
Rumb1eFish: checks 
*** FLOP *** [4c Ts Qh]
KerleiBR: checks 
Rumb1eFish: checks 
szekrena: bets $0.04
Dorex2007: calls $0.04
KerleiBR: calls $0.04
Rumb1eFish: folds 
*** TURN *** [4c Ts Qh] [2c]
KerleiBR: bets $0.19
szekrena: folds 
Dorex2007: folds 
Uncalled bet ($0.19) returned to KerleiBR
KerleiBR collected $0.19 from pot
KerleiBR: doesn't show hand 
*** SUMMARY ***
Total pot $0.20 | Rake $0.01 
Board [4c Ts Qh 2c]
Seat 1: KerleiBR (small blind) collected ($0.19)
Seat 2: Rumb1eFish (big blind) folded on the Flop
Seat 4: szekrena folded on the Turn
Seat 6: cr@sh test folded before Flop (didn't bet)
Seat 7: azick18 folded before Flop (didn't bet)
Seat 8: Dorex2007 folded on the Turn
Seat 9: ghostlider (button) folded before Flop (didn't bet)



PokerStars Hand #233014448193:  Hold'em No Limit ($0.01/$0.02 USD) - 2022/01/10 13:16:51 PT [2022/01/10 16:16:51 ET]
Table 'Zulu V' 9-max Seat #1 is the button
Seat 1: KerleiBR ($0.99 in chips) 
Seat 2: Rumb1eFish ($1.95 in chips) 
Seat 3: AGrumbler ($2 in chips) 
Seat 4: szekrena ($0.73 in chips) 
Seat 6: cr@sh test ($2 in chips) 
Seat 7: azick18 ($2 in chips) 
Seat 8: Dorex2007 ($2.70 in chips) 
Seat 9: ghostlider ($0.80 in chips) 
Rumb1eFish: posts small blind $0.01
AGrumbler: posts big blind $0.02
*** HOLE CARDS ***
Dealt to Dorex2007 [As 2c]
szekrena: folds 
cr@sh test: folds 
azick18: folds 
Dorex2007: folds 
ghostlider: calls $0.02
KerleiBR: raises $0.04 to $0.06
Rumb1eFish: folds 
AGrumbler: folds 
ghostlider: calls $0.04
*** FLOP *** [Qd Kd 5s]
ghostlider: checks 
KerleiBR: bets $0.07
ghostlider: calls $0.07
*** TURN *** [Qd Kd 5s] [Ad]
ghostlider: checks 
KerleiBR: checks 
*** RIVER *** [Qd Kd 5s Ad] [4d]
ghostlider: checks 
KerleiBR: checks 
*** SHOW DOWN ***
ghostlider: shows [7h Kh] (a pair of Kings)
KerleiBR: mucks hand 
ghostlider collected $0.28 from pot
*** SUMMARY ***
Total pot $0.29 | Rake $0.01 
Board [Qd Kd 5s Ad 4d]
Seat 1: KerleiBR (button) mucked [Qs Th]
Seat 2: Rumb1eFish (small blind) folded before Flop
Seat 3: AGrumbler (big blind) folded before Flop
Seat 4: szekrena folded before Flop (didn't bet)
Seat 6: cr@sh test folded before Flop (didn't bet)
Seat 7: azick18 folded before Flop (didn't bet)
Seat 8: Dorex2007 folded before Flop (didn't bet)
Seat 9: ghostlider showed [7h Kh] and won ($0.28) with a pair of Kings



PokerStars Hand #233014476291:  Hold'em No Limit ($0.01/$0.02 USD) - 2022/01/10 13:17:34 PT [2022/01/10 16:17:34 ET]
Table 'Zulu V' 9-max Seat #2 is the button
Seat 1: KerleiBR ($0.86 in chips) 
Seat 2: Rumb1eFish ($1.94 in chips) 
Seat 3: AGrumbler ($2 in chips) 
Seat 6: cr@sh test ($2 in chips) 
Seat 7: azick18 ($2 in chips) 
Seat 8: Dorex2007 ($2.70 in chips) 
Seat 9: ghostlider ($0.95 in chips) 
AGrumbler: posts small blind $0.01
szekrena: is sitting out 
cr@sh test: posts big blind $0.02
*** HOLE CARDS ***
Dealt to Dorex2007 [Jc 9d]
azick18: folds 
Dorex2007: folds 
ghostlider: folds 
KerleiBR: calls $0.02
Rumb1eFish: folds 
AGrumbler: folds 
cr@sh test: checks 
*** FLOP *** [3d 8h 7c]
cr@sh test: bets $0.04
KerleiBR: calls $0.04
*** TURN *** [3d 8h 7c] [Kd]
cr@sh test: bets $0.08
KerleiBR: folds 
Uncalled bet ($0.08) returned to cr@sh test
cr@sh test collected $0.13 from pot
cr@sh test: doesn't show hand 
*** SUMMARY ***
Total pot $0.13 | Rake $0 
Board [3d 8h 7c Kd]
Seat 1: KerleiBR folded on the Turn
Seat 2: Rumb1eFish (button) folded before Flop (didn't bet)
Seat 3: AGrumbler (small blind) folded before Flop
Seat 6: cr@sh test (big blind) collected ($0.13)
Seat 7: azick18 folded before Flop (didn't bet)
Seat 8: Dorex2007 folded before Flop (didn't bet)
Seat 9: ghostlider folded before Flop (didn't bet)



PokerStars Hand #233014499776:  Hold'em No Limit ($0.01/$0.02 USD) - 2022/01/10 13:18:09 PT [2022/01/10 16:18:09 ET]
Table 'Zulu V' 9-max Seat #3 is the button
Seat 1: KerleiBR ($0.80 in chips) 
Seat 2: Rumb1eFish ($1.94 in chips) 
Seat 3: AGrumbler ($2 in chips) 
Seat 6: cr@sh test ($2.07 in chips) 
Seat 7: azick18 ($2 in chips) 
Seat 8: Dorex2007 ($2.70 in chips) 
Seat 9: ghostlider ($0.95 in chips) 
cr@sh test: posts small blind $0.01
azick18: posts big blind $0.02
*** HOLE CARDS ***
Dealt to Dorex2007 [4s 5h]
Dorex2007: folds 
ghostlider: folds 
KerleiBR: calls $0.02
Rumb1eFish: folds 
AGrumbler: raises $0.03 to $0.05
cr@sh test: folds 
azick18: calls $0.03
KerleiBR: calls $0.03
*** FLOP *** [8s Kd 7h]
azick18: checks 
KerleiBR: checks 
AGrumbler: checks 
*** TURN *** [8s Kd 7h] [Ad]
azick18: checks 
KerleiBR: checks 
AGrumbler: bets $0.11
azick18: folds 
KerleiBR: folds 
Uncalled bet ($0.11) returned to AGrumbler
AGrumbler collected $0.15 from pot
AGrumbler: doesn't show hand 
*** SUMMARY ***
Total pot $0.16 | Rake $0.01 
Board [8s Kd 7h Ad]
Seat 1: KerleiBR folded on the Turn
Seat 2: Rumb1eFish folded before Flop (didn't bet)
Seat 3: AGrumbler (button) collected ($0.15)
Seat 6: cr@sh test (small blind) folded before Flop
Seat 7: azick18 (big blind) folded on the Turn
Seat 8: Dorex2007 folded before Flop (didn't bet)
Seat 9: ghostlider folded before Flop (didn't bet)



PokerStars Hand #233014532559:  Hold'em No Limit ($0.01/$0.02 USD) - 2022/01/10 13:18:58 PT [2022/01/10 16:18:58 ET]
Table 'Zulu V' 9-max Seat #6 is the button
Seat 1: KerleiBR ($0.75 in chips) 
Seat 2: Rumb1eFish ($1.94 in chips) 
Seat 3: AGrumbler ($2.10 in chips) 
Seat 6: cr@sh test ($2.06 in chips) 
Seat 7: azick18 ($2 in chips) 
Seat 8: Dorex2007 ($2.70 in chips) 
Seat 9: ghostlider ($0.95 in chips) 
azick18: posts small blind $0.01
Dorex2007: posts big blind $0.02
*** HOLE CARDS ***
Dealt to Dorex2007 [Ah 5d]
ghostlider has timed out
ghostlider: folds 
KerleiBR: calls $0.02
Rumb1eFish: folds 
AGrumbler: folds 
cr@sh test: folds 
azick18: folds 
Dorex2007: checks 
*** FLOP *** [4s Td 6d]
Dorex2007: checks 
KerleiBR: checks 
*** TURN *** [4s Td 6d] [7s]
Dorex2007: checks 
KerleiBR: checks 
*** RIVER *** [4s Td 6d 7s] [Kd]
Dorex2007: checks 
KerleiBR: bets $0.03
Dorex2007: folds 
Uncalled bet ($0.03) returned to KerleiBR
KerleiBR collected $0.05 from pot
KerleiBR: doesn't show hand 
*** SUMMARY ***
Total pot $0.05 | Rake $0 
Board [4s Td 6d 7s Kd]
Seat 1: KerleiBR collected ($0.05)
Seat 2: Rumb1eFish folded before Flop (didn't bet)
Seat 3: AGrumbler folded before Flop (didn't bet)
Seat 6: cr@sh test (button) folded before Flop (didn't bet)
Seat 7: azick18 (small blind) folded before Flop
Seat 8: Dorex2007 (big blind) folded on the River
Seat 9: ghostlider folded before Flop (didn't bet)



PokerStars Hand #233014573247:  Hold'em No Limit ($0.01/$0.02 USD) - 2022/01/10 13:19:59 PT [2022/01/10 16:19:59 ET]
Table 'Zulu V' 9-max Seat #7 is the button
Seat 1: KerleiBR ($0.78 in chips) 
Seat 2: Rumb1eFish ($1.94 in chips) 
Seat 3: AGrumbler ($2.10 in chips) 
Seat 6: cr@sh test ($2.06 in chips) 
Seat 7: azick18 ($2 in chips) 
Seat 8: Dorex2007 ($2.68 in chips) 
Seat 9: ghostlider ($0.95 in chips) 
Dorex2007: posts small blind $0.01
ghostlider: posts big blind $0.02
*** HOLE CARDS ***
Dealt to Dorex2007 [Ah 6d]
KerleiBR: folds 
Rumb1eFish: folds 
AGrumbler: folds 
cr@sh test: folds 
azick18: folds 
Dorex2007: raises $0.02 to $0.04
ghostlider: folds 
Uncalled bet ($0.02) returned to Dorex2007
Dorex2007 collected $0.04 from pot
Dorex2007: doesn't show hand 
*** SUMMARY ***
Total pot $0.04 | Rake $0 
Seat 1: KerleiBR folded before Flop (didn't bet)
Seat 2: Rumb1eFish folded before Flop (didn't bet)
Seat 3: AGrumbler folded before Flop (didn't bet)
Seat 6: cr@sh test folded before Flop (didn't bet)
Seat 7: azick18 (button) folded before Flop (didn't bet)
Seat 8: Dorex2007 (small blind) collected ($0.04)
Seat 9: ghostlider (big blind) folded before Flop



PokerStars Hand #233014595922:  Hold'em No Limit ($0.01/$0.02 USD) - 2022/01/10 13:20:24 PT [2022/01/10 16:20:24 ET]
Table 'Zulu V' 9-max Seat #8 is the button
Seat 1: KerleiBR ($0.78 in chips) 
Seat 2: Rumb1eFish ($1.94 in chips) 
Seat 3: AGrumbler ($2.10 in chips) 
Seat 6: cr@sh test ($2.06 in chips) 
Seat 7: azick18 ($2 in chips) 
Seat 8: Dorex2007 ($2.70 in chips) 
Seat 9: ghostlider ($0.93 in chips) 
ghostlider: posts small blind $0.01
KerleiBR: posts big blind $0.02
*** HOLE CARDS ***
Dealt to Dorex2007 [Qd Jc]
Rumb1eFish: folds 
AGrumbler: folds 
cr@sh test: folds 
azick18: calls $0.02
Dorex2007: calls $0.02
ghostlider: folds 
KerleiBR: checks 
*** FLOP *** [6h 2h 9h]
KerleiBR: checks 
azick18: checks 
Dorex2007: checks 
*** TURN *** [6h 2h 9h] [8d]
KerleiBR: bets $0.02
azick18: calls $0.02
Dorex2007: folds 
*** RIVER *** [6h 2h 9h 8d] [Kd]
KerleiBR: bets $0.02
azick18: folds 
Uncalled bet ($0.02) returned to KerleiBR
KerleiBR collected $0.11 from pot
*** SUMMARY ***
Total pot $0.11 | Rake $0 
Board [6h 2h 9h 8d Kd]
Seat 1: KerleiBR (big blind) collected ($0.11)
Seat 2: Rumb1eFish folded before Flop (didn't bet)
Seat 3: AGrumbler folded before Flop (didn't bet)
Seat 6: cr@sh test folded before Flop (didn't bet)
Seat 7: azick18 folded on the River
Seat 8: Dorex2007 (button) folded on the Turn
Seat 9: ghostlider (small blind) folded before Flop



PokerStars Hand #233014634074:  Hold'em No Limit ($0.01/$0.02 USD) - 2022/01/10 13:21:22 PT [2022/01/10 16:21:22 ET]
Table 'Zulu V' 9-max Seat #9 is the button
Seat 1: KerleiBR ($0.85 in chips) 
Seat 2: Rumb1eFish ($1.94 in chips) 
Seat 3: AGrumbler ($2.10 in chips) 
Seat 6: cr@sh test ($2.06 in chips) 
Seat 7: azick18 ($2 in chips) 
Seat 8: Dorex2007 ($2.68 in chips) 
Seat 9: ghostlider ($0.92 in chips) 
KerleiBR: posts small blind $0.01
Rumb1eFish: posts big blind $0.02
*** HOLE CARDS ***
Dealt to Dorex2007 [3h 7c]
AGrumbler: folds 
cr@sh test: folds 
azick18: raises $0.04 to $0.06
Dorex2007: folds 
ghostlider has timed out
ghostlider: folds 
KerleiBR: calls $0.05
Rumb1eFish: folds 
*** FLOP *** [4s 8c Qd]
KerleiBR: checks 
azick18: bets $0.07
KerleiBR: calls $0.07
*** TURN *** [4s 8c Qd] [2h]
KerleiBR: checks 
azick18: bets $0.20
KerleiBR: folds 
Uncalled bet ($0.20) returned to azick18
azick18 collected $0.27 from pot
*** SUMMARY ***
Total pot $0.28 | Rake $0.01 
Board [4s 8c Qd 2h]
Seat 1: KerleiBR (small blind) folded on the Turn
Seat 2: Rumb1eFish (big blind) folded before Flop
Seat 3: AGrumbler folded before Flop (didn't bet)
Seat 6: cr@sh test folded before Flop (didn't bet)
Seat 7: azick18 collected ($0.27)
Seat 8: Dorex2007 folded before Flop (didn't bet)
Seat 9: ghostlider (button) folded before Flop (didn't bet)



PokerStars Hand #233014671264:  Hold'em No Limit ($0.01/$0.02 USD) - 2022/01/10 13:22:18 PT [2022/01/10 16:22:18 ET]
Table 'Zulu V' 9-max Seat #1 is the button
Seat 1: KerleiBR ($0.72 in chips) 
Seat 2: Rumb1eFish ($1.92 in chips) 
Seat 6: cr@sh test ($2.06 in chips) 
Seat 7: azick18 ($2.14 in chips) 
Seat 8: Dorex2007 ($2.68 in chips) 
Rumb1eFish: posts small blind $0.01
AGrumbler: is sitting out 
cr@sh test: posts big blind $0.02
*** HOLE CARDS ***
Dealt to Dorex2007 [8h 8c]
azick18: folds 
Dorex2007: calls $0.02
KerleiBR: folds 
Rumb1eFish: raises $0.04 to $0.06
cr@sh test: folds 
AGrumbler leaves the table
Dorex2007: calls $0.04
*** FLOP *** [8d 6s 9s]
Rumb1eFish: bets $0.07
cr@sh test leaves the table
Dorex2007: raises $0.07 to $0.14
Rumb1eFish: folds 
Uncalled bet ($0.07) returned to Dorex2007
Dorex2007 collected $0.27 from pot
Dorex2007: doesn't show hand 
*** SUMMARY ***
Total pot $0.28 | Rake $0.01 
Board [8d 6s 9s]
Seat 1: KerleiBR (button) folded before Flop (didn't bet)
Seat 2: Rumb1eFish (small blind) folded on the Flop
Seat 6: cr@sh test (big blind) folded before Flop
Seat 7: azick18 folded before Flop (didn't bet)
Seat 8: Dorex2007 collected ($0.27)



PokerStars Hand #233014691536:  Hold'em No Limit ($0.01/$0.02 USD) - 2022/01/10 13:22:48 PT [2022/01/10 16:22:48 ET]
Table 'Zulu V' 9-max Seat #2 is the button
Seat 1: KerleiBR ($0.72 in chips) 
Seat 2: Rumb1eFish ($2 in chips) 
Seat 7: azick18 ($2.14 in chips) 
Seat 8: Dorex2007 ($2.82 in chips) 
azick18: posts small blind $0.01
Dorex2007: posts big blind $0.02
*** HOLE CARDS ***
Dealt to Dorex2007 [Qc Qd]
KerleiBR: folds 
Rumb1eFish: folds 
azick18: folds 
Uncalled bet ($0.01) returned to Dorex2007
Dorex2007 collected $0.02 from pot
Dorex2007: doesn't show hand 
Rumb1eFish leaves the table
*** SUMMARY ***
Total pot $0.02 | Rake $0 
Seat 1: KerleiBR folded before Flop (didn't bet)
Seat 2: Rumb1eFish (button) folded before Flop (didn't bet)
Seat 7: azick18 (small blind) folded before Flop
Seat 8: Dorex2007 (big blind) collected ($0.02)



PokerStars Hand #233014696988:  Hold'em No Limit ($0.01/$0.02 USD) - 2022/01/10 13:22:57 PT [2022/01/10 16:22:57 ET]
Table 'Zulu V' 9-max Seat #7 is the button
Seat 1: KerleiBR ($0.72 in chips) 
Seat 7: azick18 ($2.13 in chips) 
Seat 8: Dorex2007 ($2.83 in chips) 
Dorex2007: posts small blind $0.01
KerleiBR: posts big blind $0.02
*** HOLE CARDS ***
Dealt to Dorex2007 [5c Qs]
azick18: raises $0.04 to $0.06
Dorex2007: folds 
KerleiBR: calls $0.04
*** FLOP *** [3c Qc 7d]
KerleiBR: bets $0.13
azick18: folds 
Uncalled bet ($0.13) returned to KerleiBR
KerleiBR collected $0.13 from pot
KerleiBR: doesn't show hand 
*** SUMMARY ***
Total pot $0.13 | Rake $0 
Board [3c Qc 7d]
Seat 1: KerleiBR (big blind) collected ($0.13)
Seat 7: azick18 (button) folded on the Flop
Seat 8: Dorex2007 (small blind) folded before Flop



PokerStars Hand #233014711326:  Hold'em No Limit ($0.01/$0.02 USD) - 2022/01/10 13:23:18 PT [2022/01/10 16:23:18 ET]
Table 'Zulu V' 9-max Seat #1 is the button
Seat 1: KerleiBR ($0.79 in chips) 
Seat 8: Dorex2007 ($2.82 in chips) 
KerleiBR: posts small blind $0.01
azick18: is sitting out 
Dorex2007: posts big blind $0.02
*** HOLE CARDS ***
Dealt to Dorex2007 [4s 9c]
KerleiBR: calls $0.01
azick18 leaves the table
Dorex2007: checks 
*** FLOP *** [9h Js Ks]
Dorex2007: checks 
KerleiBR: bets $0.04
Dorex2007: folds 
Uncalled bet ($0.04) returned to KerleiBR
KerleiBR collected $0.04 from pot
KerleiBR: doesn't show hand 
*** SUMMARY ***
Total pot $0.04 | Rake $0 
Board [9h Js Ks]
Seat 1: KerleiBR (button) (small blind) collected ($0.04)
Seat 8: Dorex2007 (big blind) folded on the Flop



