PokerStars Hand #237649417972:  Hold'em No Limit ($0.02/$0.05 USD) - 2022/07/28 16:01:14 PT [2022/07/28 19:01:14 ET]
Table 'Aspasia II' 9-max Seat #2 is the button
Seat 1: Dorex2007 ($5 in chips) 
Seat 2: lieb_psih ($6.08 in chips) 
Seat 3: Ihor363 ($2.78 in chips) 
Seat 4: Hanzo XXL ($5.17 in chips) 
Seat 5: enixblr ($12.44 in chips) 
Seat 8: onlyfoolsguy ($11.41 in chips) 
Seat 9: EaBoblucifer ($7.62 in chips) 
Ihor363: posts small blind $0.02
Hanzo XXL: posts big blind $0.05
hyuga309: sits out 
Dorex2007: posts big blind $0.05
*** HOLE CARDS ***
Dealt to Dorex2007 [Ks 4s]
enixblr: folds 
onlyfoolsguy: folds 
EaBoblucifer: calls $0.05
Dorex2007: checks 
lieb_psih: folds 
Ihor363: raises $2.73 to $2.78 and is all-in
Hanzo XXL: folds 
EaBoblucifer: folds 
Dorex2007: folds 
Uncalled bet ($2.73) returned to Ihor363
Ihor363 collected $0.20 from pot
Ihor363: doesn't show hand 
*** SUMMARY ***
Total pot $0.20 | Rake $0 
Seat 1: Dorex2007 folded before Flop (didn't bet)
Seat 2: lieb_psih (button) folded before Flop (didn't bet)
Seat 3: Ihor363 (small blind) collected ($0.20)
Seat 4: Hanzo XXL (big blind) folded before Flop
Seat 5: enixblr folded before Flop (didn't bet)
Seat 8: onlyfoolsguy folded before Flop (didn't bet)
Seat 9: EaBoblucifer folded before Flop



PokerStars Hand #237649432677:  Hold'em No Limit ($0.02/$0.05 USD) - 2022/07/28 16:02:04 PT [2022/07/28 19:02:04 ET]
Table 'Aspasia II' 9-max Seat #3 is the button
Seat 1: Dorex2007 ($5 in chips) 
Seat 2: lieb_psih ($6.08 in chips) 
Seat 3: Ihor363 ($2.93 in chips) 
Seat 4: Hanzo XXL ($5.12 in chips) 
Seat 5: enixblr ($12.44 in chips) 
Seat 8: onlyfoolsguy ($11.41 in chips) 
Seat 9: EaBoblucifer ($7.57 in chips) 
Hanzo XXL: posts small blind $0.02
enixblr: posts big blind $0.05
hyuga309: sits out 
*** HOLE CARDS ***
Dealt to Dorex2007 [9d 5d]
onlyfoolsguy: folds 
EaBoblucifer: calls $0.05
Dorex2007: folds 
lieb_psih: folds 
Ihor363: folds 
Hanzo XXL: calls $0.03
enixblr: checks 
*** FLOP *** [3d 2c 4h]
Hanzo XXL: checks 
enixblr: checks 
EaBoblucifer: bets $0.05
Hanzo XXL: calls $0.05
enixblr: folds 
*** TURN *** [3d 2c 4h] [2h]
Hanzo XXL: bets $0.29
EaBoblucifer: calls $0.29
*** RIVER *** [3d 2c 4h 2h] [Jc]
Hanzo XXL: bets $0.60
EaBoblucifer: calls $0.60
*** SHOW DOWN ***
Hanzo XXL: shows [2d Ah] (three of a kind, Deuces)
EaBoblucifer: mucks hand 
Hanzo XXL collected $1.95 from pot
*** SUMMARY ***
Total pot $2.03 | Rake $0.08 
Board [3d 2c 4h 2h Jc]
Seat 1: Dorex2007 folded before Flop (didn't bet)
Seat 2: lieb_psih folded before Flop (didn't bet)
Seat 3: Ihor363 (button) folded before Flop (didn't bet)
Seat 4: Hanzo XXL (small blind) showed [2d Ah] and won ($1.95) with three of a kind, Deuces
Seat 5: enixblr (big blind) folded on the Flop
Seat 8: onlyfoolsguy folded before Flop (didn't bet)
Seat 9: EaBoblucifer mucked [Ks 2s]



PokerStars Hand #237649450768:  Hold'em No Limit ($0.02/$0.05 USD) - 2022/07/28 16:03:05 PT [2022/07/28 19:03:05 ET]
Table 'Aspasia II' 9-max Seat #4 is the button
Seat 1: Dorex2007 ($5 in chips) 
Seat 2: lieb_psih ($6.08 in chips) 
Seat 3: Ihor363 ($2.93 in chips) 
Seat 4: Hanzo XXL ($6.08 in chips) 
Seat 5: enixblr ($12.39 in chips) 
Seat 7: hyuga309 ($2 in chips) 
Seat 8: onlyfoolsguy ($11.41 in chips) 
Seat 9: EaBoblucifer ($6.58 in chips) 
enixblr: posts small blind $0.02
hyuga309: posts big blind $0.05
*** HOLE CARDS ***
Dealt to Dorex2007 [Tc 9d]
onlyfoolsguy: folds 
EaBoblucifer: calls $0.05
Dorex2007: folds 
lieb_psih: folds 
Ihor363: folds 
Hanzo XXL: raises $0.15 to $0.20
enixblr: folds 
hyuga309: folds 
EaBoblucifer: folds 
Uncalled bet ($0.15) returned to Hanzo XXL
Hanzo XXL collected $0.17 from pot
Hanzo XXL: doesn't show hand 
*** SUMMARY ***
Total pot $0.17 | Rake $0 
Seat 1: Dorex2007 folded before Flop (didn't bet)
Seat 2: lieb_psih folded before Flop (didn't bet)
Seat 3: Ihor363 folded before Flop (didn't bet)
Seat 4: Hanzo XXL (button) collected ($0.17)
Seat 5: enixblr (small blind) folded before Flop
Seat 7: hyuga309 (big blind) folded before Flop
Seat 8: onlyfoolsguy folded before Flop (didn't bet)
Seat 9: EaBoblucifer folded before Flop



PokerStars Hand #237649462912:  Hold'em No Limit ($0.02/$0.05 USD) - 2022/07/28 16:03:47 PT [2022/07/28 19:03:47 ET]
Table 'Aspasia II' 9-max Seat #5 is the button
Seat 1: Dorex2007 ($5 in chips) 
Seat 2: lieb_psih ($6.08 in chips) 
Seat 3: Ihor363 ($2.93 in chips) 
Seat 4: Hanzo XXL ($6.20 in chips) 
Seat 5: enixblr ($12.37 in chips) 
Seat 7: hyuga309 ($1.95 in chips) 
Seat 8: onlyfoolsguy ($11.41 in chips) 
Seat 9: EaBoblucifer ($6.53 in chips) 
hyuga309: posts small blind $0.02
onlyfoolsguy: posts big blind $0.05
*** HOLE CARDS ***
Dealt to Dorex2007 [7s Js]
EaBoblucifer: folds 
Dorex2007: folds 
lieb_psih: folds 
Ihor363: raises $0.12 to $0.17
Hanzo XXL: calls $0.17
enixblr: folds 
hyuga309: folds 
onlyfoolsguy: folds 
*** FLOP *** [Td 2c 2s]
Ihor363: checks 
Hanzo XXL: checks 
*** TURN *** [Td 2c 2s] [Kc]
Ihor363: bets $0.39
Hanzo XXL: calls $0.39
*** RIVER *** [Td 2c 2s Kc] [5s]
Ihor363: bets $1.14
Hanzo XXL: folds 
Uncalled bet ($1.14) returned to Ihor363
Ihor363 collected $1.14 from pot
Ihor363: doesn't show hand 
*** SUMMARY ***
Total pot $1.19 | Rake $0.05 
Board [Td 2c 2s Kc 5s]
Seat 1: Dorex2007 folded before Flop (didn't bet)
Seat 2: lieb_psih folded before Flop (didn't bet)
Seat 3: Ihor363 collected ($1.14)
Seat 4: Hanzo XXL folded on the River
Seat 5: enixblr (button) folded before Flop (didn't bet)
Seat 7: hyuga309 (small blind) folded before Flop
Seat 8: onlyfoolsguy (big blind) folded before Flop
Seat 9: EaBoblucifer folded before Flop (didn't bet)



PokerStars Hand #237649479667:  Hold'em No Limit ($0.02/$0.05 USD) - 2022/07/28 16:04:43 PT [2022/07/28 19:04:43 ET]
Table 'Aspasia II' 9-max Seat #7 is the button
Seat 1: Dorex2007 ($5 in chips) 
Seat 2: lieb_psih ($6.08 in chips) 
Seat 3: Ihor363 ($3.51 in chips) 
Seat 4: Hanzo XXL ($5.64 in chips) 
Seat 5: enixblr ($12.37 in chips) 
Seat 7: hyuga309 ($1.93 in chips) 
Seat 8: onlyfoolsguy ($11.36 in chips) 
Seat 9: EaBoblucifer ($6.53 in chips) 
onlyfoolsguy: posts small blind $0.02
EaBoblucifer: posts big blind $0.05
*** HOLE CARDS ***
Dealt to Dorex2007 [Jc 8d]
Dorex2007: folds 
lieb_psih: folds 
Ihor363: folds 
Hanzo XXL: folds 
enixblr: raises $0.07 to $0.12
hyuga309: folds 
onlyfoolsguy: raises $0.40 to $0.52
EaBoblucifer: folds 
enixblr: raises $0.98 to $1.50
onlyfoolsguy: calls $0.98
*** FLOP *** [9d Qd Ks]
onlyfoolsguy: checks 
enixblr: checks 
*** TURN *** [9d Qd Ks] [7h]
onlyfoolsguy: checks 
enixblr: bets $2.19
onlyfoolsguy: folds 
Uncalled bet ($2.19) returned to enixblr
enixblr collected $2.92 from pot
enixblr: doesn't show hand 
*** SUMMARY ***
Total pot $3.05 | Rake $0.13 
Board [9d Qd Ks 7h]
Seat 1: Dorex2007 folded before Flop (didn't bet)
Seat 2: lieb_psih folded before Flop (didn't bet)
Seat 3: Ihor363 folded before Flop (didn't bet)
Seat 4: Hanzo XXL folded before Flop (didn't bet)
Seat 5: enixblr collected ($2.92)
Seat 7: hyuga309 (button) folded before Flop (didn't bet)
Seat 8: onlyfoolsguy (small blind) folded on the Turn
Seat 9: EaBoblucifer (big blind) folded before Flop



PokerStars Hand #237649500880:  Hold'em No Limit ($0.02/$0.05 USD) - 2022/07/28 16:05:56 PT [2022/07/28 19:05:56 ET]
Table 'Aspasia II' 9-max Seat #8 is the button
Seat 1: Dorex2007 ($5 in chips) 
Seat 2: lieb_psih ($6.08 in chips) 
Seat 3: Ihor363 ($3.51 in chips) 
Seat 4: Hanzo XXL ($5.64 in chips) 
Seat 5: enixblr ($13.79 in chips) 
Seat 7: hyuga309 ($1.93 in chips) 
Seat 8: onlyfoolsguy ($9.86 in chips) 
Seat 9: EaBoblucifer ($6.48 in chips) 
EaBoblucifer: posts small blind $0.02
Dorex2007: posts big blind $0.05
VilpPS: sits out 
*** HOLE CARDS ***
Dealt to Dorex2007 [6s Qs]
lieb_psih: folds 
Ihor363: raises $0.05 to $0.10
Hanzo XXL: calls $0.10
enixblr: folds 
hyuga309: folds 
onlyfoolsguy: folds 
EaBoblucifer: calls $0.08
Dorex2007: folds 
*** FLOP *** [5h 2d 9s]
EaBoblucifer: checks 
Ihor363: bets $0.34
Hanzo XXL: calls $0.34
EaBoblucifer: folds 
*** TURN *** [5h 2d 9s] [7s]
Ihor363: bets $0.99
Hanzo XXL: calls $0.99
*** RIVER *** [5h 2d 9s 7s] [3c]
Ihor363: bets $2.08 and is all-in
Hanzo XXL: folds 
Uncalled bet ($2.08) returned to Ihor363
Ihor363 collected $2.89 from pot
Ihor363: doesn't show hand 
*** SUMMARY ***
Total pot $3.01 | Rake $0.12 
Board [5h 2d 9s 7s 3c]
Seat 1: Dorex2007 (big blind) folded before Flop
Seat 2: lieb_psih folded before Flop (didn't bet)
Seat 3: Ihor363 collected ($2.89)
Seat 4: Hanzo XXL folded on the River
Seat 5: enixblr folded before Flop (didn't bet)
Seat 7: hyuga309 folded before Flop (didn't bet)
Seat 8: onlyfoolsguy (button) folded before Flop (didn't bet)
Seat 9: EaBoblucifer (small blind) folded on the Flop



PokerStars Hand #237649521617:  Hold'em No Limit ($0.02/$0.05 USD) - 2022/07/28 16:06:48 PT [2022/07/28 19:06:48 ET]
Table 'Aspasia II' 9-max Seat #9 is the button
Seat 1: Dorex2007 ($5 in chips) 
Seat 2: lieb_psih ($6.08 in chips) 
Seat 3: Ihor363 ($4.97 in chips) 
Seat 4: Hanzo XXL ($4.21 in chips) 
Seat 5: enixblr ($13.79 in chips) 
Seat 7: hyuga309 ($1.93 in chips) 
Seat 9: EaBoblucifer ($6.38 in chips) 
Dorex2007: posts small blind $0.02
lieb_psih: posts big blind $0.05
VilpPS: sits out 
*** HOLE CARDS ***
Dealt to Dorex2007 [Ks 5c]
Ihor363: folds 
Hanzo XXL: folds 
enixblr: folds 
hyuga309: folds 
EaBoblucifer: calls $0.05
Dorex2007: calls $0.03
lieb_psih: raises $0.15 to $0.20
EaBoblucifer: calls $0.15
Dorex2007: folds 
*** FLOP *** [Ts Ac 7c]
lieb_psih: bets $0.14
EaBoblucifer: folds 
Uncalled bet ($0.14) returned to lieb_psih
lieb_psih collected $0.43 from pot
lieb_psih: doesn't show hand 
*** SUMMARY ***
Total pot $0.45 | Rake $0.02 
Board [Ts Ac 7c]
Seat 1: Dorex2007 (small blind) folded before Flop
Seat 2: lieb_psih (big blind) collected ($0.43)
Seat 3: Ihor363 folded before Flop (didn't bet)
Seat 4: Hanzo XXL folded before Flop (didn't bet)
Seat 5: enixblr folded before Flop (didn't bet)
Seat 7: hyuga309 folded before Flop (didn't bet)
Seat 9: EaBoblucifer (button) folded on the Flop



PokerStars Hand #237649532463:  Hold'em No Limit ($0.02/$0.05 USD) - 2022/07/28 16:07:24 PT [2022/07/28 19:07:24 ET]
Table 'Aspasia II' 9-max Seat #1 is the button
Seat 1: Dorex2007 ($5 in chips) 
Seat 2: lieb_psih ($6.31 in chips) 
Seat 3: Ihor363 ($4.97 in chips) 
Seat 4: Hanzo XXL ($4.21 in chips) 
Seat 5: enixblr ($13.79 in chips) 
Seat 7: hyuga309 ($1.93 in chips) 
Seat 9: EaBoblucifer ($6.18 in chips) 
lieb_psih: posts small blind $0.02
Ihor363: posts big blind $0.05
VilpPS: sits out 
*** HOLE CARDS ***
Dealt to Dorex2007 [Jh Ts]
Hanzo XXL: folds 
enixblr: folds 
hyuga309: folds 
EaBoblucifer: folds 
Dorex2007: raises $0.10 to $0.15
lieb_psih: folds 
Ihor363: folds 
Uncalled bet ($0.10) returned to Dorex2007
Dorex2007 collected $0.12 from pot
Dorex2007: doesn't show hand 
*** SUMMARY ***
Total pot $0.12 | Rake $0 
Seat 1: Dorex2007 (button) collected ($0.12)
Seat 2: lieb_psih (small blind) folded before Flop
Seat 3: Ihor363 (big blind) folded before Flop
Seat 4: Hanzo XXL folded before Flop (didn't bet)
Seat 5: enixblr folded before Flop (didn't bet)
Seat 7: hyuga309 folded before Flop (didn't bet)
Seat 9: EaBoblucifer folded before Flop (didn't bet)



PokerStars Hand #237649538069:  Hold'em No Limit ($0.02/$0.05 USD) - 2022/07/28 16:07:44 PT [2022/07/28 19:07:44 ET]
Table 'Aspasia II' 9-max Seat #2 is the button
Seat 1: Dorex2007 ($5.07 in chips) 
Seat 2: lieb_psih ($6.29 in chips) 
Seat 3: Ihor363 ($4.92 in chips) 
Seat 4: Hanzo XXL ($4.21 in chips) 
Seat 5: enixblr ($13.79 in chips) 
Seat 7: hyuga309 ($1.93 in chips) 
Seat 9: EaBoblucifer ($6.18 in chips) 
Ihor363: posts small blind $0.02
Hanzo XXL: posts big blind $0.05
VilpPS: sits out 
*** HOLE CARDS ***
Dealt to Dorex2007 [Td 2c]
enixblr: folds 
hyuga309: folds 
EaBoblucifer: calls $0.05
Dorex2007: folds 
lieb_psih: folds 
Ihor363: calls $0.03
Hanzo XXL: folds 
*** FLOP *** [As Js 4c]
Hanzo XXL leaves the table
Ihor363: checks 
EaBoblucifer: checks 
*** TURN *** [As Js 4c] [9c]
Ihor363: checks 
EaBoblucifer: checks 
*** RIVER *** [As Js 4c 9c] [7h]
riverpeugeot joins the table at seat #4 
Ihor363: checks 
EaBoblucifer: checks 
*** SHOW DOWN ***
Ihor363: shows [6d Qd] (high card Ace)
EaBoblucifer: shows [7d 8h] (a pair of Sevens)
EaBoblucifer collected $0.14 from pot
*** SUMMARY ***
Total pot $0.15 | Rake $0.01 
Board [As Js 4c 9c 7h]
Seat 1: Dorex2007 folded before Flop (didn't bet)
Seat 2: lieb_psih (button) folded before Flop (didn't bet)
Seat 3: Ihor363 (small blind) showed [6d Qd] and lost with high card Ace
Seat 4: Hanzo XXL (big blind) folded before Flop
Seat 5: enixblr folded before Flop (didn't bet)
Seat 7: hyuga309 folded before Flop (didn't bet)
Seat 9: EaBoblucifer showed [7d 8h] and won ($0.14) with a pair of Sevens



PokerStars Hand #237649548067:  Hold'em No Limit ($0.02/$0.05 USD) - 2022/07/28 16:08:18 PT [2022/07/28 19:08:18 ET]
Table 'Aspasia II' 9-max Seat #3 is the button
Seat 1: Dorex2007 ($5.07 in chips) 
Seat 2: lieb_psih ($6.29 in chips) 
Seat 3: Ihor363 ($4.87 in chips) 
Seat 5: enixblr ($13.79 in chips) 
Seat 6: VilpPS ($12.53 in chips) 
Seat 7: hyuga309 ($1.93 in chips) 
Seat 9: EaBoblucifer ($6.27 in chips) 
enixblr: posts small blind $0.02
VilpPS: posts big blind $0.05
*** HOLE CARDS ***
Dealt to Dorex2007 [Qs 7s]
hyuga309: folds 
EaBoblucifer: calls $0.05
Dorex2007: folds 
lieb_psih: raises $0.10 to $0.15
Ihor363: calls $0.15
enixblr: folds 
VilpPS: folds 
EaBoblucifer: calls $0.10
*** FLOP *** [9h Qh 5c]
EaBoblucifer: checks 
lieb_psih: bets $0.25
Ihor363: calls $0.25
EaBoblucifer: folds 
*** TURN *** [9h Qh 5c] [3c]
lieb_psih: bets $0.49
Ihor363: calls $0.49
*** RIVER *** [9h Qh 5c 3c] [Ad]
lieb_psih: checks 
Ihor363: bets $3.98 and is all-in
lieb_psih: calls $3.98
*** SHOW DOWN ***
Ihor363: shows [Ah Ks] (a pair of Aces)
lieb_psih: shows [Ac As] (three of a kind, Aces)
lieb_psih collected $9.55 from pot
*** SUMMARY ***
Total pot $9.96 | Rake $0.41 
Board [9h Qh 5c 3c Ad]
Seat 1: Dorex2007 folded before Flop (didn't bet)
Seat 2: lieb_psih showed [Ac As] and won ($9.55) with three of a kind, Aces
Seat 3: Ihor363 (button) showed [Ah Ks] and lost with a pair of Aces
Seat 5: enixblr (small blind) folded before Flop
Seat 6: VilpPS (big blind) folded before Flop
Seat 7: hyuga309 folded before Flop (didn't bet)
Seat 9: EaBoblucifer folded on the Flop



PokerStars Hand #237649576945:  Hold'em No Limit ($0.02/$0.05 USD) - 2022/07/28 16:09:36 PT [2022/07/28 19:09:36 ET]
Table 'Aspasia II' 9-max Seat #5 is the button
Seat 1: Dorex2007 ($5.07 in chips) 
Seat 2: lieb_psih ($10.97 in chips) 
Seat 4: riverpeugeot ($2 in chips) 
Seat 5: enixblr ($13.77 in chips) 
Seat 6: VilpPS ($12.48 in chips) 
Seat 7: hyuga309 ($1.93 in chips) 
Seat 9: EaBoblucifer ($6.12 in chips) 
VilpPS: posts small blind $0.02
hyuga309: posts big blind $0.05
riverpeugeot: posts big blind $0.05
*** HOLE CARDS ***
Dealt to Dorex2007 [8h As]
Ihor363 leaves the table
EaBoblucifer: calls $0.05
Dorex2007: folds 
lieb_psih: folds 
riverpeugeot: checks 
enixblr: folds 
VilpPS: folds 
hyuga309: checks 
*** FLOP *** [Tc 2h 8c]
reddevils888 joins the table at seat #3 
hyuga309: checks 
EaBoblucifer: checks 
riverpeugeot: bets $0.10
hyuga309: folds 
EaBoblucifer: folds 
Uncalled bet ($0.10) returned to riverpeugeot
riverpeugeot collected $0.16 from pot
riverpeugeot: doesn't show hand 
*** SUMMARY ***
Total pot $0.17 | Rake $0.01 
Board [Tc 2h 8c]
Seat 1: Dorex2007 folded before Flop (didn't bet)
Seat 2: lieb_psih folded before Flop (didn't bet)
Seat 4: riverpeugeot collected ($0.16)
Seat 5: enixblr (button) folded before Flop (didn't bet)
Seat 6: VilpPS (small blind) folded before Flop
Seat 7: hyuga309 (big blind) folded on the Flop
Seat 9: EaBoblucifer folded on the Flop



PokerStars Hand #237649593780:  Hold'em No Limit ($0.02/$0.05 USD) - 2022/07/28 16:10:34 PT [2022/07/28 19:10:34 ET]
Table 'Aspasia II' 9-max Seat #6 is the button
Seat 1: Dorex2007 ($5.07 in chips) 
Seat 2: lieb_psih ($10.97 in chips) 
Seat 4: riverpeugeot ($2.11 in chips) 
Seat 5: enixblr ($13.77 in chips) 
Seat 6: VilpPS ($12.46 in chips) 
Seat 7: hyuga309 ($1.88 in chips) 
Seat 8: onlyfoolsguy ($9.86 in chips) 
Seat 9: EaBoblucifer ($6.07 in chips) 
hyuga309: posts small blind $0.02
onlyfoolsguy: posts big blind $0.05
reddevils888: sits out 
*** HOLE CARDS ***
Dealt to Dorex2007 [3d 4s]
EaBoblucifer has timed out
EaBoblucifer: folds 
Dorex2007: folds 
lieb_psih: folds 
riverpeugeot: folds 
enixblr: folds 
VilpPS: folds 
hyuga309: folds 
Uncalled bet ($0.03) returned to onlyfoolsguy
onlyfoolsguy collected $0.04 from pot
onlyfoolsguy: doesn't show hand 
*** SUMMARY ***
Total pot $0.04 | Rake $0 
Seat 1: Dorex2007 folded before Flop (didn't bet)
Seat 2: lieb_psih folded before Flop (didn't bet)
Seat 4: riverpeugeot folded before Flop (didn't bet)
Seat 5: enixblr folded before Flop (didn't bet)
Seat 6: VilpPS (button) folded before Flop (didn't bet)
Seat 7: hyuga309 (small blind) folded before Flop
Seat 8: onlyfoolsguy (big blind) collected ($0.04)
Seat 9: EaBoblucifer folded before Flop (didn't bet)



PokerStars Hand #237649600731:  Hold'em No Limit ($0.02/$0.05 USD) - 2022/07/28 16:10:58 PT [2022/07/28 19:10:58 ET]
Table 'Aspasia II' 9-max Seat #7 is the button
Seat 1: Dorex2007 ($5.07 in chips) 
Seat 2: lieb_psih ($10.97 in chips) 
Seat 4: riverpeugeot ($2.11 in chips) 
Seat 5: enixblr ($13.77 in chips) 
Seat 6: VilpPS ($12.46 in chips) 
Seat 7: hyuga309 ($1.86 in chips) 
Seat 8: onlyfoolsguy ($9.88 in chips) 
onlyfoolsguy: posts small blind $0.02
Dorex2007: posts big blind $0.05
reddevils888: sits out 
*** HOLE CARDS ***
Dealt to Dorex2007 [Jh Js]
lieb_psih: folds 
riverpeugeot: folds 
enixblr: raises $0.07 to $0.12
VilpPS: folds 
hyuga309: folds 
onlyfoolsguy: folds 
Dorex2007: raises $0.33 to $0.45
enixblr: calls $0.33
*** FLOP *** [2s 8c 4h]
Dorex2007: bets $0.88
enixblr: folds 
Uncalled bet ($0.88) returned to Dorex2007
Dorex2007 collected $0.88 from pot
Dorex2007: doesn't show hand 
*** SUMMARY ***
Total pot $0.92 | Rake $0.04 
Board [2s 8c 4h]
Seat 1: Dorex2007 (big blind) collected ($0.88)
Seat 2: lieb_psih folded before Flop (didn't bet)
Seat 4: riverpeugeot folded before Flop (didn't bet)
Seat 5: enixblr folded on the Flop
Seat 6: VilpPS folded before Flop (didn't bet)
Seat 7: hyuga309 (button) folded before Flop (didn't bet)
Seat 8: onlyfoolsguy (small blind) folded before Flop



PokerStars Hand #237649618907:  Hold'em No Limit ($0.02/$0.05 USD) - 2022/07/28 16:12:01 PT [2022/07/28 19:12:01 ET]
Table 'Aspasia II' 9-max Seat #8 is the button
Seat 1: Dorex2007 ($5.50 in chips) 
Seat 2: lieb_psih ($10.97 in chips) 
Seat 4: riverpeugeot ($2.11 in chips) 
Seat 5: enixblr ($13.32 in chips) 
Seat 6: VilpPS ($12.46 in chips) 
Seat 7: hyuga309 ($1.86 in chips) 
Seat 8: onlyfoolsguy ($9.86 in chips) 
Dorex2007: posts small blind $0.02
lieb_psih: posts big blind $0.05
reddevils888: sits out 
*** HOLE CARDS ***
Dealt to Dorex2007 [Ac 9d]
riverpeugeot: calls $0.05
enixblr: folds 
VilpPS: raises $0.40 to $0.45
hyuga309: folds 
onlyfoolsguy: folds 
Dorex2007: folds 
lieb_psih: folds 
riverpeugeot: folds 
Uncalled bet ($0.40) returned to VilpPS
VilpPS collected $0.17 from pot
VilpPS: doesn't show hand 
*** SUMMARY ***
Total pot $0.17 | Rake $0 
Seat 1: Dorex2007 (small blind) folded before Flop
Seat 2: lieb_psih (big blind) folded before Flop
Seat 4: riverpeugeot folded before Flop
Seat 5: enixblr folded before Flop (didn't bet)
Seat 6: VilpPS collected ($0.17)
Seat 7: hyuga309 folded before Flop (didn't bet)
Seat 8: onlyfoolsguy (button) folded before Flop (didn't bet)



PokerStars Hand #237649625083:  Hold'em No Limit ($0.02/$0.05 USD) - 2022/07/28 16:12:23 PT [2022/07/28 19:12:23 ET]
Table 'Aspasia II' 9-max Seat #1 is the button
Seat 1: Dorex2007 ($5.48 in chips) 
Seat 2: lieb_psih ($10.92 in chips) 
Seat 3: reddevils888 ($4 in chips) 
Seat 4: riverpeugeot ($2.06 in chips) 
Seat 5: enixblr ($13.32 in chips) 
Seat 6: VilpPS ($12.58 in chips) 
Seat 7: hyuga309 ($1.86 in chips) 
Seat 8: onlyfoolsguy ($9.86 in chips) 
Seat 9: EaBoblucifer ($6.07 in chips) 
lieb_psih: posts small blind $0.02
reddevils888: posts big blind $0.05
EaBoblucifer: posts small & big blinds $0.07
*** HOLE CARDS ***
Dealt to Dorex2007 [Jc Ad]
riverpeugeot: folds 
enixblr: folds 
VilpPS: folds 
hyuga309: folds 
onlyfoolsguy: raises $0.11 to $0.16
EaBoblucifer: folds 
Dorex2007: folds 
lieb_psih: folds 
reddevils888: folds 
Uncalled bet ($0.11) returned to onlyfoolsguy
onlyfoolsguy collected $0.19 from pot
onlyfoolsguy: doesn't show hand 
*** SUMMARY ***
Total pot $0.19 | Rake $0 
Seat 1: Dorex2007 (button) folded before Flop (didn't bet)
Seat 2: lieb_psih (small blind) folded before Flop
Seat 3: reddevils888 (big blind) folded before Flop
Seat 4: riverpeugeot folded before Flop (didn't bet)
Seat 5: enixblr folded before Flop (didn't bet)
Seat 6: VilpPS folded before Flop (didn't bet)
Seat 7: hyuga309 folded before Flop (didn't bet)
Seat 8: onlyfoolsguy collected ($0.19)
Seat 9: EaBoblucifer folded before Flop (didn't bet)



PokerStars Hand #237649640450:  Hold'em No Limit ($0.02/$0.05 USD) - 2022/07/28 16:13:16 PT [2022/07/28 19:13:16 ET]
Table 'Aspasia II' 9-max Seat #2 is the button
Seat 1: Dorex2007 ($5.48 in chips) 
Seat 2: lieb_psih ($10.90 in chips) 
Seat 3: reddevils888 ($3.95 in chips) 
Seat 4: riverpeugeot ($2.06 in chips) 
Seat 5: enixblr ($13.32 in chips) 
Seat 6: VilpPS ($12.58 in chips) 
Seat 7: hyuga309 ($1.86 in chips) 
Seat 8: onlyfoolsguy ($10 in chips) 
Seat 9: EaBoblucifer ($6 in chips) 
reddevils888: posts small blind $0.02
riverpeugeot: posts big blind $0.05
*** HOLE CARDS ***
Dealt to Dorex2007 [Qh 9s]
enixblr: folds 
VilpPS: folds 
hyuga309: folds 
onlyfoolsguy: folds 
EaBoblucifer: calls $0.05
Dorex2007: folds 
lieb_psih: folds 
reddevils888: folds 
riverpeugeot: checks 
*** FLOP *** [As Qs Jh]
riverpeugeot: bets $0.06
EaBoblucifer: calls $0.06
*** TURN *** [As Qs Jh] [8h]
riverpeugeot: checks 
EaBoblucifer: checks 
*** RIVER *** [As Qs Jh 8h] [8c]
riverpeugeot: bets $0.23
EaBoblucifer: folds 
Uncalled bet ($0.23) returned to riverpeugeot
riverpeugeot collected $0.23 from pot
riverpeugeot: doesn't show hand 
*** SUMMARY ***
Total pot $0.24 | Rake $0.01 
Board [As Qs Jh 8h 8c]
Seat 1: Dorex2007 folded before Flop (didn't bet)
Seat 2: lieb_psih (button) folded before Flop (didn't bet)
Seat 3: reddevils888 (small blind) folded before Flop
Seat 4: riverpeugeot (big blind) collected ($0.23)
Seat 5: enixblr folded before Flop (didn't bet)
Seat 6: VilpPS folded before Flop (didn't bet)
Seat 7: hyuga309 folded before Flop (didn't bet)
Seat 8: onlyfoolsguy folded before Flop (didn't bet)
Seat 9: EaBoblucifer folded on the River



PokerStars Hand #237649663358:  Hold'em No Limit ($0.02/$0.05 USD) - 2022/07/28 16:14:13 PT [2022/07/28 19:14:13 ET]
Table 'Aspasia II' 9-max Seat #3 is the button
Seat 1: Dorex2007 ($5.48 in chips) 
Seat 2: lieb_psih ($10.90 in chips) 
Seat 3: reddevils888 ($3.93 in chips) 
Seat 4: riverpeugeot ($2.18 in chips) 
Seat 5: enixblr ($13.32 in chips) 
Seat 6: VilpPS ($12.58 in chips) 
Seat 7: hyuga309 ($1.86 in chips) 
Seat 8: onlyfoolsguy ($10 in chips) 
Seat 9: EaBoblucifer ($5.89 in chips) 
riverpeugeot: posts small blind $0.02
enixblr: posts big blind $0.05
*** HOLE CARDS ***
Dealt to Dorex2007 [Ac Ah]
VilpPS: folds 
hyuga309: folds 
onlyfoolsguy: folds 
EaBoblucifer: calls $0.05
Dorex2007: raises $0.25 to $0.30
lieb_psih: folds 
reddevils888: folds 
riverpeugeot: folds 
enixblr: folds 
EaBoblucifer: folds 
Uncalled bet ($0.25) returned to Dorex2007
Dorex2007 collected $0.17 from pot
Dorex2007: doesn't show hand 
*** SUMMARY ***
Total pot $0.17 | Rake $0 
Seat 1: Dorex2007 collected ($0.17)
Seat 2: lieb_psih folded before Flop (didn't bet)
Seat 3: reddevils888 (button) folded before Flop (didn't bet)
Seat 4: riverpeugeot (small blind) folded before Flop
Seat 5: enixblr (big blind) folded before Flop
Seat 6: VilpPS folded before Flop (didn't bet)
Seat 7: hyuga309 folded before Flop (didn't bet)
Seat 8: onlyfoolsguy folded before Flop (didn't bet)
Seat 9: EaBoblucifer folded before Flop



PokerStars Hand #237649671826:  Hold'em No Limit ($0.02/$0.05 USD) - 2022/07/28 16:14:43 PT [2022/07/28 19:14:43 ET]
Table 'Aspasia II' 9-max Seat #4 is the button
Seat 1: Dorex2007 ($5.60 in chips) 
Seat 2: lieb_psih ($10.90 in chips) 
Seat 3: reddevils888 ($3.93 in chips) 
Seat 4: riverpeugeot ($2.16 in chips) 
Seat 5: enixblr ($13.27 in chips) 
Seat 6: VilpPS ($12.58 in chips) 
Seat 7: hyuga309 ($1.86 in chips) 
Seat 8: onlyfoolsguy ($10 in chips) 
Seat 9: EaBoblucifer ($5.84 in chips) 
enixblr: posts small blind $0.02
VilpPS: posts big blind $0.05
*** HOLE CARDS ***
Dealt to Dorex2007 [Ac 9d]
hyuga309 has timed out
hyuga309: folds 
onlyfoolsguy: folds 
EaBoblucifer: calls $0.05
Dorex2007: folds 
lieb_psih: folds 
reddevils888: calls $0.05
riverpeugeot: calls $0.05
enixblr: calls $0.03
VilpPS: checks 
*** FLOP *** [Qs 7c 9s]
enixblr: checks 
VilpPS: checks 
EaBoblucifer: checks 
reddevils888: checks 
riverpeugeot: bets $0.24
enixblr: folds 
VilpPS: calls $0.24
EaBoblucifer: folds 
reddevils888: calls $0.24
*** TURN *** [Qs 7c 9s] [4h]
VilpPS: checks 
reddevils888: checks 
riverpeugeot: bets $0.93
VilpPS: folds 
reddevils888: folds 
Uncalled bet ($0.93) returned to riverpeugeot
riverpeugeot collected $0.93 from pot
riverpeugeot: doesn't show hand 
*** SUMMARY ***
Total pot $0.97 | Rake $0.04 
Board [Qs 7c 9s 4h]
Seat 1: Dorex2007 folded before Flop (didn't bet)
Seat 2: lieb_psih folded before Flop (didn't bet)
Seat 3: reddevils888 folded on the Turn
Seat 4: riverpeugeot (button) collected ($0.93)
Seat 5: enixblr (small blind) folded on the Flop
Seat 6: VilpPS (big blind) folded on the Turn
Seat 7: hyuga309 folded before Flop (didn't bet)
Seat 8: onlyfoolsguy folded before Flop (didn't bet)
Seat 9: EaBoblucifer folded on the Flop



PokerStars Hand #237649705980:  Hold'em No Limit ($0.02/$0.05 USD) - 2022/07/28 16:16:44 PT [2022/07/28 19:16:44 ET]
Table 'Aspasia II' 9-max Seat #5 is the button
Seat 1: Dorex2007 ($5.60 in chips) 
Seat 2: lieb_psih ($10.90 in chips) 
Seat 3: reddevils888 ($3.64 in chips) 
Seat 4: riverpeugeot ($2.80 in chips) 
Seat 5: enixblr ($13.22 in chips) 
Seat 6: VilpPS ($12.29 in chips) 
Seat 7: hyuga309 ($1.86 in chips) 
Seat 8: onlyfoolsguy ($10 in chips) 
Seat 9: EaBoblucifer ($5.79 in chips) 
VilpPS: posts small blind $0.02
hyuga309: posts big blind $0.05
*** HOLE CARDS ***
Dealt to Dorex2007 [9d 3s]
onlyfoolsguy: folds 
EaBoblucifer: folds 
Dorex2007: folds 
lieb_psih: folds 
reddevils888: folds 
riverpeugeot: folds 
enixblr: folds 
VilpPS: folds 
Uncalled bet ($0.03) returned to hyuga309
hyuga309 collected $0.04 from pot
hyuga309: doesn't show hand 
*** SUMMARY ***
Total pot $0.04 | Rake $0 
Seat 1: Dorex2007 folded before Flop (didn't bet)
Seat 2: lieb_psih folded before Flop (didn't bet)
Seat 3: reddevils888 folded before Flop (didn't bet)
Seat 4: riverpeugeot folded before Flop (didn't bet)
Seat 5: enixblr (button) folded before Flop (didn't bet)
Seat 6: VilpPS (small blind) folded before Flop
Seat 7: hyuga309 (big blind) collected ($0.04)
Seat 8: onlyfoolsguy folded before Flop (didn't bet)
Seat 9: EaBoblucifer folded before Flop (didn't bet)



PokerStars Hand #237649709324:  Hold'em No Limit ($0.02/$0.05 USD) - 2022/07/28 16:16:56 PT [2022/07/28 19:16:56 ET]
Table 'Aspasia II' 9-max Seat #6 is the button
Seat 1: Dorex2007 ($5.60 in chips) 
Seat 2: lieb_psih ($10.90 in chips) 
Seat 3: reddevils888 ($3.64 in chips) 
Seat 4: riverpeugeot ($2.80 in chips) 
Seat 5: enixblr ($13.22 in chips) 
Seat 6: VilpPS ($12.27 in chips) 
Seat 7: hyuga309 ($1.88 in chips) 
Seat 8: onlyfoolsguy ($10 in chips) 
Seat 9: EaBoblucifer ($5.79 in chips) 
hyuga309: posts small blind $0.02
onlyfoolsguy: posts big blind $0.05
*** HOLE CARDS ***
Dealt to Dorex2007 [2s Js]
EaBoblucifer: calls $0.05
Dorex2007: folds 
lieb_psih: folds 
reddevils888: folds 
riverpeugeot: folds 
enixblr: folds 
VilpPS: folds 
hyuga309: folds 
onlyfoolsguy: checks 
*** FLOP *** [2d 9h Ad]
onlyfoolsguy: checks 
EaBoblucifer: bets $0.05
onlyfoolsguy: folds 
Uncalled bet ($0.05) returned to EaBoblucifer
EaBoblucifer collected $0.12 from pot
EaBoblucifer: doesn't show hand 
*** SUMMARY ***
Total pot $0.12 | Rake $0 
Board [2d 9h Ad]
Seat 1: Dorex2007 folded before Flop (didn't bet)
Seat 2: lieb_psih folded before Flop (didn't bet)
Seat 3: reddevils888 folded before Flop (didn't bet)
Seat 4: riverpeugeot folded before Flop (didn't bet)
Seat 5: enixblr folded before Flop (didn't bet)
Seat 6: VilpPS (button) folded before Flop (didn't bet)
Seat 7: hyuga309 (small blind) folded before Flop
Seat 8: onlyfoolsguy (big blind) folded on the Flop
Seat 9: EaBoblucifer collected ($0.12)



PokerStars Hand #237649719800:  Hold'em No Limit ($0.02/$0.05 USD) - 2022/07/28 16:17:33 PT [2022/07/28 19:17:33 ET]
Table 'Aspasia II' 9-max Seat #7 is the button
Seat 1: Dorex2007 ($5.60 in chips) 
Seat 2: lieb_psih ($10.90 in chips) 
Seat 3: reddevils888 ($3.64 in chips) 
Seat 4: riverpeugeot ($2.80 in chips) 
Seat 5: enixblr ($13.22 in chips) 
Seat 6: VilpPS ($12.27 in chips) 
Seat 7: hyuga309 ($1.86 in chips) 
Seat 8: onlyfoolsguy ($9.95 in chips) 
Seat 9: EaBoblucifer ($5.86 in chips) 
onlyfoolsguy: posts small blind $0.02
EaBoblucifer: posts big blind $0.05
*** HOLE CARDS ***
Dealt to Dorex2007 [Kh Ad]
Dorex2007: raises $0.15 to $0.20
lieb_psih: folds 
reddevils888: calls $0.20
riverpeugeot: folds 
enixblr: calls $0.20
VilpPS: folds 
hyuga309: folds 
onlyfoolsguy: folds 
EaBoblucifer: folds 
*** FLOP *** [7d 7c Ah]
Dorex2007: checks 
reddevils888: checks 
enixblr: checks 
*** TURN *** [7d 7c Ah] [As]
Dorex2007: checks 
reddevils888: checks 
enixblr: checks 
*** RIVER *** [7d 7c Ah As] [Ac]
Dorex2007: bets $0.32
reddevils888: folds 
enixblr: folds 
Uncalled bet ($0.32) returned to Dorex2007
Dorex2007 collected $0.64 from pot
Dorex2007: doesn't show hand 
*** SUMMARY ***
Total pot $0.67 | Rake $0.03 
Board [7d 7c Ah As Ac]
Seat 1: Dorex2007 collected ($0.64)
Seat 2: lieb_psih folded before Flop (didn't bet)
Seat 3: reddevils888 folded on the River
Seat 4: riverpeugeot folded before Flop (didn't bet)
Seat 5: enixblr folded on the River
Seat 6: VilpPS folded before Flop (didn't bet)
Seat 7: hyuga309 (button) folded before Flop (didn't bet)
Seat 8: onlyfoolsguy (small blind) folded before Flop
Seat 9: EaBoblucifer (big blind) folded before Flop



PokerStars Hand #237649740083:  Hold'em No Limit ($0.02/$0.05 USD) - 2022/07/28 16:18:46 PT [2022/07/28 19:18:46 ET]
Table 'Aspasia II' 9-max Seat #8 is the button
Seat 1: Dorex2007 ($6.04 in chips) 
Seat 2: lieb_psih ($10.90 in chips) 
Seat 4: riverpeugeot ($2.80 in chips) 
Seat 5: enixblr ($13.02 in chips) 
Seat 6: VilpPS ($12.27 in chips) 
Seat 7: hyuga309 ($1.86 in chips) 
Seat 8: onlyfoolsguy ($9.93 in chips) 
Seat 9: EaBoblucifer ($5.81 in chips) 
EaBoblucifer: posts small blind $0.02
Dorex2007: posts big blind $0.05
*** HOLE CARDS ***
Dealt to Dorex2007 [Js 7c]
lieb_psih: raises $0.10 to $0.15
riverpeugeot: calls $0.15
enixblr: folds 
VilpPS: calls $0.15
hyuga309: folds 
onlyfoolsguy: calls $0.15
EaBoblucifer: folds 
Dorex2007: folds 
*** FLOP *** [Qc 2h 4d]
lieb_psih: bets $0.32
riverpeugeot: folds 
VilpPS: folds 
onlyfoolsguy: folds 
Uncalled bet ($0.32) returned to lieb_psih
lieb_psih collected $0.64 from pot
lieb_psih: doesn't show hand 
*** SUMMARY ***
Total pot $0.67 | Rake $0.03 
Board [Qc 2h 4d]
Seat 1: Dorex2007 (big blind) folded before Flop
Seat 2: lieb_psih collected ($0.64)
Seat 4: riverpeugeot folded on the Flop
Seat 5: enixblr folded before Flop (didn't bet)
Seat 6: VilpPS folded on the Flop
Seat 7: hyuga309 folded before Flop (didn't bet)
Seat 8: onlyfoolsguy (button) folded on the Flop
Seat 9: EaBoblucifer (small blind) folded before Flop



PokerStars Hand #237649757426:  Hold'em No Limit ($0.02/$0.05 USD) - 2022/07/28 16:19:49 PT [2022/07/28 19:19:49 ET]
Table 'Aspasia II' 9-max Seat #9 is the button
Seat 1: Dorex2007 ($5.99 in chips) 
Seat 2: lieb_psih ($11.39 in chips) 
Seat 4: riverpeugeot ($2.65 in chips) 
Seat 5: enixblr ($13.02 in chips) 
Seat 6: VilpPS ($12.12 in chips) 
Seat 7: hyuga309 ($1.86 in chips) 
Seat 8: onlyfoolsguy ($9.78 in chips) 
Seat 9: EaBoblucifer ($5.79 in chips) 
Dorex2007: posts small blind $0.02
lieb_psih: posts big blind $0.05
*** HOLE CARDS ***
Dealt to Dorex2007 [9d 9s]
riverpeugeot: folds 
enixblr: raises $0.07 to $0.12
VilpPS: folds 
hyuga309: folds 
onlyfoolsguy: raises $0.40 to $0.52
EaBoblucifer: folds 
Dorex2007: folds 
lieb_psih: calls $0.47
enixblr: raises $0.93 to $1.45
onlyfoolsguy: calls $0.93
lieb_psih: folds 
*** FLOP *** [8s 5c Tc]
enixblr: checks 
onlyfoolsguy: checks 
*** TURN *** [8s 5c Tc] [Qd]
enixblr: bets $2.48
riverpeugeot is disconnected 
onlyfoolsguy: folds 
Uncalled bet ($2.48) returned to enixblr
enixblr collected $3.30 from pot
enixblr: doesn't show hand 
*** SUMMARY ***
Total pot $3.44 | Rake $0.14 
Board [8s 5c Tc Qd]
Seat 1: Dorex2007 (small blind) folded before Flop
Seat 2: lieb_psih (big blind) folded before Flop
Seat 4: riverpeugeot folded before Flop (didn't bet)
Seat 5: enixblr collected ($3.30)
Seat 6: VilpPS folded before Flop (didn't bet)
Seat 7: hyuga309 folded before Flop (didn't bet)
Seat 8: onlyfoolsguy folded on the Turn
Seat 9: EaBoblucifer (button) folded before Flop (didn't bet)



PokerStars Hand #237649772476:  Hold'em No Limit ($0.02/$0.05 USD) - 2022/07/28 16:20:43 PT [2022/07/28 19:20:43 ET]
Table 'Aspasia II' 9-max Seat #1 is the button
Seat 1: Dorex2007 ($5.97 in chips) 
Seat 2: lieb_psih ($10.87 in chips) 
Seat 3: reddevils888 ($3.44 in chips) 
Seat 4: riverpeugeot ($2.65 in chips) 
Seat 5: enixblr ($14.87 in chips) 
Seat 6: VilpPS ($12.12 in chips) 
Seat 7: hyuga309 ($1.86 in chips) 
Seat 8: onlyfoolsguy ($8.33 in chips) 
Seat 9: EaBoblucifer ($5.79 in chips) 
lieb_psih: posts small blind $0.02
reddevils888: posts big blind $0.05
*** HOLE CARDS ***
Dealt to Dorex2007 [3h Th]
riverpeugeot has timed out while disconnected
riverpeugeot: folds 
enixblr: folds 
VilpPS: raises $0.08 to $0.13
hyuga309: folds 
onlyfoolsguy: folds 
EaBoblucifer: folds 
Dorex2007: folds 
lieb_psih: calls $0.11
reddevils888: calls $0.08
*** FLOP *** [8d 7d Kh]
lieb_psih: checks 
reddevils888: checks 
VilpPS: checks 
*** TURN *** [8d 7d Kh] [3c]
lieb_psih: checks 
reddevils888: checks 
VilpPS: checks 
*** RIVER *** [8d 7d Kh 3c] [Ts]
lieb_psih: checks 
reddevils888: checks 
VilpPS: bets $0.35
lieb_psih: folds 
reddevils888: folds 
Uncalled bet ($0.35) returned to VilpPS
VilpPS collected $0.37 from pot
VilpPS: doesn't show hand 
*** SUMMARY ***
Total pot $0.39 | Rake $0.02 
Board [8d 7d Kh 3c Ts]
Seat 1: Dorex2007 (button) folded before Flop (didn't bet)
Seat 2: lieb_psih (small blind) folded on the River
Seat 3: reddevils888 (big blind) folded on the River
Seat 4: riverpeugeot folded before Flop (didn't bet)
Seat 5: enixblr folded before Flop (didn't bet)
Seat 6: VilpPS collected ($0.37)
Seat 7: hyuga309 folded before Flop (didn't bet)
Seat 8: onlyfoolsguy folded before Flop (didn't bet)
Seat 9: EaBoblucifer folded before Flop (didn't bet)



PokerStars Hand #237649796661:  Hold'em No Limit ($0.02/$0.05 USD) - 2022/07/28 16:22:00 PT [2022/07/28 19:22:00 ET]
Table 'Aspasia II' 9-max Seat #2 is the button
Seat 1: Dorex2007 ($5.97 in chips) 
Seat 2: lieb_psih ($10.74 in chips) 
Seat 3: reddevils888 ($3.31 in chips) 
Seat 5: enixblr ($14.87 in chips) 
Seat 6: VilpPS ($12.36 in chips) 
Seat 7: hyuga309 ($1.86 in chips) 
Seat 8: onlyfoolsguy ($8.33 in chips) 
Seat 9: EaBoblucifer ($5.79 in chips) 
reddevils888: posts small blind $0.02
enixblr: posts big blind $0.05
*** HOLE CARDS ***
Dealt to Dorex2007 [Kh Td]
VilpPS: folds 
hyuga309: folds 
onlyfoolsguy: raises $0.05 to $0.10
EaBoblucifer: raises $0.05 to $0.15
Dorex2007: folds 
lieb_psih: folds 
reddevils888: folds 
enixblr: folds 
onlyfoolsguy: calls $0.05
*** FLOP *** [Ac Tc 5h]
onlyfoolsguy: checks 
EaBoblucifer: bets $0.05
onlyfoolsguy: calls $0.05
*** TURN *** [Ac Tc 5h] [7d]
onlyfoolsguy: checks 
EaBoblucifer: bets $0.05
onlyfoolsguy: calls $0.05
*** RIVER *** [Ac Tc 5h 7d] [Ks]
onlyfoolsguy: checks 
EaBoblucifer: bets $0.05
onlyfoolsguy: calls $0.05
*** SHOW DOWN ***
EaBoblucifer: shows [Jd Js] (a pair of Jacks)
onlyfoolsguy: mucks hand 
EaBoblucifer collected $0.64 from pot
*** SUMMARY ***
Total pot $0.67 | Rake $0.03 
Board [Ac Tc 5h 7d Ks]
Seat 1: Dorex2007 folded before Flop (didn't bet)
Seat 2: lieb_psih (button) folded before Flop (didn't bet)
Seat 3: reddevils888 (small blind) folded before Flop
Seat 5: enixblr (big blind) folded before Flop
Seat 6: VilpPS folded before Flop (didn't bet)
Seat 7: hyuga309 folded before Flop (didn't bet)
Seat 8: onlyfoolsguy mucked [9s Ts]
Seat 9: EaBoblucifer showed [Jd Js] and won ($0.64) with a pair of Jacks



PokerStars Hand #237649819217:  Hold'em No Limit ($0.02/$0.05 USD) - 2022/07/28 16:23:23 PT [2022/07/28 19:23:23 ET]
Table 'Aspasia II' 9-max Seat #3 is the button
Seat 1: Dorex2007 ($5.97 in chips) 
Seat 2: lieb_psih ($10.74 in chips) 
Seat 3: reddevils888 ($3.29 in chips) 
Seat 5: enixblr ($14.82 in chips) 
Seat 6: VilpPS ($12.36 in chips) 
Seat 7: hyuga309 ($1.86 in chips) 
Seat 8: onlyfoolsguy ($8.03 in chips) 
Seat 9: EaBoblucifer ($6.13 in chips) 
enixblr: posts small blind $0.02
VilpPS: posts big blind $0.05
*** HOLE CARDS ***
Dealt to Dorex2007 [Jh 7c]
hyuga309: folds 
onlyfoolsguy: raises $0.10 to $0.15
EaBoblucifer: folds 
Dorex2007: folds 
lieb_psih: folds 
reddevils888: folds 
enixblr: folds 
VilpPS: calls $0.10
*** FLOP *** [3h 9s Th]
VilpPS: checks 
onlyfoolsguy: bets $0.17
VilpPS: folds 
Uncalled bet ($0.17) returned to onlyfoolsguy
onlyfoolsguy collected $0.31 from pot
onlyfoolsguy: doesn't show hand 
*** SUMMARY ***
Total pot $0.32 | Rake $0.01 
Board [3h 9s Th]
Seat 1: Dorex2007 folded before Flop (didn't bet)
Seat 2: lieb_psih folded before Flop (didn't bet)
Seat 3: reddevils888 (button) folded before Flop (didn't bet)
Seat 5: enixblr (small blind) folded before Flop
Seat 6: VilpPS (big blind) folded on the Flop
Seat 7: hyuga309 folded before Flop (didn't bet)
Seat 8: onlyfoolsguy collected ($0.31)
Seat 9: EaBoblucifer folded before Flop (didn't bet)



PokerStars Hand #237649829505:  Hold'em No Limit ($0.02/$0.05 USD) - 2022/07/28 16:24:00 PT [2022/07/28 19:24:00 ET]
Table 'Aspasia II' 9-max Seat #5 is the button
Seat 1: Dorex2007 ($5.97 in chips) 
Seat 2: lieb_psih ($10.74 in chips) 
Seat 3: reddevils888 ($3.29 in chips) 
Seat 5: enixblr ($14.80 in chips) 
Seat 6: VilpPS ($12.21 in chips) 
Seat 7: hyuga309 ($1.86 in chips) 
Seat 8: onlyfoolsguy ($8.19 in chips) 
Seat 9: EaBoblucifer ($6.13 in chips) 
VilpPS: posts small blind $0.02
hyuga309: posts big blind $0.05
*** HOLE CARDS ***
Dealt to Dorex2007 [5d Qs]
onlyfoolsguy: folds 
EaBoblucifer: calls $0.05
Dorex2007: folds 
lieb_psih: folds 
reddevils888: folds 
enixblr: raises $0.15 to $0.20
VilpPS: folds 
hyuga309: folds 
EaBoblucifer: calls $0.15
*** FLOP *** [4s Js Qh]
EaBoblucifer: checks 
enixblr: bets $0.30
EaBoblucifer: calls $0.30
*** TURN *** [4s Js Qh] [6d]
EaBoblucifer: checks 
enixblr: checks 
*** RIVER *** [4s Js Qh 6d] [4d]
EaBoblucifer: checks 
enixblr: checks 
*** SHOW DOWN ***
EaBoblucifer: shows [Ac Jd] (two pair, Jacks and Fours)
enixblr: mucks hand 
EaBoblucifer collected $1.03 from pot
*** SUMMARY ***
Total pot $1.07 | Rake $0.04 
Board [4s Js Qh 6d 4d]
Seat 1: Dorex2007 folded before Flop (didn't bet)
Seat 2: lieb_psih folded before Flop (didn't bet)
Seat 3: reddevils888 folded before Flop (didn't bet)
Seat 5: enixblr (button) mucked [2s As]
Seat 6: VilpPS (small blind) folded before Flop
Seat 7: hyuga309 (big blind) folded before Flop
Seat 8: onlyfoolsguy folded before Flop (didn't bet)
Seat 9: EaBoblucifer showed [Ac Jd] and won ($1.03) with two pair, Jacks and Fours



PokerStars Hand #237649843990:  Hold'em No Limit ($0.02/$0.05 USD) - 2022/07/28 16:24:53 PT [2022/07/28 19:24:53 ET]
Table 'Aspasia II' 9-max Seat #6 is the button
Seat 1: Dorex2007 ($5.97 in chips) 
Seat 2: lieb_psih ($10.74 in chips) 
Seat 3: reddevils888 ($3.29 in chips) 
Seat 5: enixblr ($14.30 in chips) 
Seat 6: VilpPS ($12.19 in chips) 
Seat 7: hyuga309 ($1.81 in chips) 
Seat 8: onlyfoolsguy ($8.19 in chips) 
Seat 9: EaBoblucifer ($6.66 in chips) 
hyuga309: posts small blind $0.02
onlyfoolsguy: posts big blind $0.05
*** HOLE CARDS ***
Dealt to Dorex2007 [3c 4d]
EaBoblucifer: calls $0.05
Dorex2007: folds 
lieb_psih: folds 
reddevils888: folds 
enixblr: folds 
VilpPS: folds 
hyuga309: folds 
onlyfoolsguy: checks 
*** FLOP *** [5d 3h Jh]
onlyfoolsguy: checks 
EaBoblucifer: bets $0.05
onlyfoolsguy: calls $0.05
*** TURN *** [5d 3h Jh] [Ks]
onlyfoolsguy: checks 
EaBoblucifer: bets $0.05
onlyfoolsguy: folds 
Uncalled bet ($0.05) returned to EaBoblucifer
EaBoblucifer collected $0.21 from pot
EaBoblucifer: doesn't show hand 
*** SUMMARY ***
Total pot $0.22 | Rake $0.01 
Board [5d 3h Jh Ks]
Seat 1: Dorex2007 folded before Flop (didn't bet)
Seat 2: lieb_psih folded before Flop (didn't bet)
Seat 3: reddevils888 folded before Flop (didn't bet)
Seat 5: enixblr folded before Flop (didn't bet)
Seat 6: VilpPS (button) folded before Flop (didn't bet)
Seat 7: hyuga309 (small blind) folded before Flop
Seat 8: onlyfoolsguy (big blind) folded on the Turn
Seat 9: EaBoblucifer collected ($0.21)



PokerStars Hand #237649858205:  Hold'em No Limit ($0.02/$0.05 USD) - 2022/07/28 16:25:46 PT [2022/07/28 19:25:46 ET]
Table 'Aspasia II' 9-max Seat #7 is the button
Seat 1: Dorex2007 ($5.97 in chips) 
Seat 2: lieb_psih ($10.74 in chips) 
Seat 3: reddevils888 ($3.29 in chips) 
Seat 5: enixblr ($14.30 in chips) 
Seat 6: VilpPS ($12.19 in chips) 
Seat 7: hyuga309 ($1.79 in chips) 
Seat 8: onlyfoolsguy ($8.09 in chips) 
Seat 9: EaBoblucifer ($6.77 in chips) 
onlyfoolsguy: posts small blind $0.02
EaBoblucifer: posts big blind $0.05
*** HOLE CARDS ***
Dealt to Dorex2007 [Qh 5h]
Dorex2007: folds 
lieb_psih: folds 
reddevils888: raises $0.10 to $0.15
enixblr: folds 
VilpPS: folds 
hyuga309: folds 
onlyfoolsguy: folds 
EaBoblucifer: folds 
Uncalled bet ($0.10) returned to reddevils888
reddevils888 collected $0.12 from pot
*** SUMMARY ***
Total pot $0.12 | Rake $0 
Seat 1: Dorex2007 folded before Flop (didn't bet)
Seat 2: lieb_psih folded before Flop (didn't bet)
Seat 3: reddevils888 collected ($0.12)
Seat 5: enixblr folded before Flop (didn't bet)
Seat 6: VilpPS folded before Flop (didn't bet)
Seat 7: hyuga309 (button) folded before Flop (didn't bet)
Seat 8: onlyfoolsguy (small blind) folded before Flop
Seat 9: EaBoblucifer (big blind) folded before Flop



PokerStars Hand #237649868744:  Hold'em No Limit ($0.02/$0.05 USD) - 2022/07/28 16:26:26 PT [2022/07/28 19:26:26 ET]
Table 'Aspasia II' 9-max Seat #8 is the button
Seat 1: Dorex2007 ($5.97 in chips) 
Seat 2: lieb_psih ($10.74 in chips) 
Seat 3: reddevils888 ($3.36 in chips) 
Seat 5: enixblr ($14.30 in chips) 
Seat 6: VilpPS ($12.19 in chips) 
Seat 7: hyuga309 ($1.79 in chips) 
Seat 8: onlyfoolsguy ($8.07 in chips) 
Seat 9: EaBoblucifer ($6.72 in chips) 
EaBoblucifer: posts small blind $0.02
Dorex2007: posts big blind $0.05
*** HOLE CARDS ***
Dealt to Dorex2007 [2h 2d]
lieb_psih: folds 
reddevils888: folds 
enixblr: folds 
VilpPS: folds 
hyuga309 has timed out
hyuga309: folds 
onlyfoolsguy: raises $0.10 to $0.15
EaBoblucifer: calls $0.13
Dorex2007: calls $0.10
*** FLOP *** [Tc 4d Kh]
EaBoblucifer: checks 
Dorex2007: checks 
onlyfoolsguy: checks 
*** TURN *** [Tc 4d Kh] [Qc]
EaBoblucifer: checks 
Dorex2007: checks 
onlyfoolsguy: checks 
*** RIVER *** [Tc 4d Kh Qc] [Qh]
EaBoblucifer: checks 
Dorex2007: bets $0.21
onlyfoolsguy: folds 
EaBoblucifer: folds 
Uncalled bet ($0.21) returned to Dorex2007
Dorex2007 collected $0.43 from pot
Dorex2007: doesn't show hand 
*** SUMMARY ***
Total pot $0.45 | Rake $0.02 
Board [Tc 4d Kh Qc Qh]
Seat 1: Dorex2007 (big blind) collected ($0.43)
Seat 2: lieb_psih folded before Flop (didn't bet)
Seat 3: reddevils888 folded before Flop (didn't bet)
Seat 5: enixblr folded before Flop (didn't bet)
Seat 6: VilpPS folded before Flop (didn't bet)
Seat 7: hyuga309 folded before Flop (didn't bet)
Seat 8: onlyfoolsguy (button) folded on the River
Seat 9: EaBoblucifer (small blind) folded on the River



PokerStars Hand #237649888219:  Hold'em No Limit ($0.02/$0.05 USD) - 2022/07/28 16:27:38 PT [2022/07/28 19:27:38 ET]
Table 'Aspasia II' 9-max Seat #9 is the button
Seat 1: Dorex2007 ($6.25 in chips) 
Seat 2: lieb_psih ($10.74 in chips) 
Seat 3: reddevils888 ($3.36 in chips) 
Seat 5: enixblr ($14.30 in chips) 
Seat 6: VilpPS ($12.19 in chips) 
Seat 7: hyuga309 ($1.79 in chips) 
Seat 8: onlyfoolsguy ($7.92 in chips) 
Seat 9: EaBoblucifer ($6.57 in chips) 
Dorex2007: posts small blind $0.02
lieb_psih: posts big blind $0.05
*** HOLE CARDS ***
Dealt to Dorex2007 [6h 5h]
reddevils888: folds 
enixblr: folds 
VilpPS: raises $0.08 to $0.13
hyuga309: folds 
onlyfoolsguy: raises $0.43 to $0.56
EaBoblucifer: folds 
Dorex2007: folds 
lieb_psih: folds 
VilpPS: calls $0.43
*** FLOP *** [Js 4c 3h]
VilpPS: checks 
onlyfoolsguy: bets $0.40
VilpPS: folds 
Uncalled bet ($0.40) returned to onlyfoolsguy
onlyfoolsguy collected $1.14 from pot
onlyfoolsguy: doesn't show hand 
*** SUMMARY ***
Total pot $1.19 | Rake $0.05 
Board [Js 4c 3h]
Seat 1: Dorex2007 (small blind) folded before Flop
Seat 2: lieb_psih (big blind) folded before Flop
Seat 3: reddevils888 folded before Flop (didn't bet)
Seat 5: enixblr folded before Flop (didn't bet)
Seat 6: VilpPS folded on the Flop
Seat 7: hyuga309 folded before Flop (didn't bet)
Seat 8: onlyfoolsguy collected ($1.14)
Seat 9: EaBoblucifer (button) folded before Flop (didn't bet)



PokerStars Hand #237649899290:  Hold'em No Limit ($0.02/$0.05 USD) - 2022/07/28 16:28:19 PT [2022/07/28 19:28:19 ET]
Table 'Aspasia II' 9-max Seat #1 is the button
Seat 1: Dorex2007 ($6.23 in chips) 
Seat 2: lieb_psih ($10.69 in chips) 
Seat 3: reddevils888 ($3.36 in chips) 
Seat 5: enixblr ($14.30 in chips) 
Seat 6: VilpPS ($11.63 in chips) 
Seat 7: hyuga309 ($1.79 in chips) 
Seat 8: onlyfoolsguy ($8.50 in chips) 
Seat 9: EaBoblucifer ($6.57 in chips) 
lieb_psih: posts small blind $0.02
reddevils888: posts big blind $0.05
*** HOLE CARDS ***
Dealt to Dorex2007 [9c 5h]
enixblr: folds 
VilpPS: folds 
hyuga309: folds 
onlyfoolsguy: raises $0.10 to $0.15
EaBoblucifer: calls $0.15
Dorex2007: folds 
lieb_psih: folds 
reddevils888: folds 
*** FLOP *** [4d 9d Qc]
onlyfoolsguy: bets $0.19
EaBoblucifer: folds 
Uncalled bet ($0.19) returned to onlyfoolsguy
onlyfoolsguy collected $0.35 from pot
onlyfoolsguy: doesn't show hand 
*** SUMMARY ***
Total pot $0.37 | Rake $0.02 
Board [4d 9d Qc]
Seat 1: Dorex2007 (button) folded before Flop (didn't bet)
Seat 2: lieb_psih (small blind) folded before Flop
Seat 3: reddevils888 (big blind) folded before Flop
Seat 5: enixblr folded before Flop (didn't bet)
Seat 6: VilpPS folded before Flop (didn't bet)
Seat 7: hyuga309 folded before Flop (didn't bet)
Seat 8: onlyfoolsguy collected ($0.35)
Seat 9: EaBoblucifer folded on the Flop



PokerStars Hand #237649913701:  Hold'em No Limit ($0.02/$0.05 USD) - 2022/07/28 16:29:14 PT [2022/07/28 19:29:14 ET]
Table 'Aspasia II' 9-max Seat #2 is the button
Seat 1: Dorex2007 ($6.23 in chips) 
Seat 2: lieb_psih ($10.67 in chips) 
Seat 3: reddevils888 ($3.31 in chips) 
Seat 5: enixblr ($14.30 in chips) 
Seat 6: VilpPS ($11.63 in chips) 
Seat 7: hyuga309 ($1.79 in chips) 
Seat 8: onlyfoolsguy ($8.70 in chips) 
Seat 9: EaBoblucifer ($6.42 in chips) 
reddevils888: posts small blind $0.02
enixblr: posts big blind $0.05
*** HOLE CARDS ***
Dealt to Dorex2007 [Kh Tc]
VilpPS: folds 
hyuga309: folds 
onlyfoolsguy: raises $0.10 to $0.15
EaBoblucifer: folds 
Dorex2007: folds 
lieb_psih: folds 
reddevils888: folds 
enixblr: folds 
Uncalled bet ($0.10) returned to onlyfoolsguy
onlyfoolsguy collected $0.12 from pot
onlyfoolsguy: doesn't show hand 
*** SUMMARY ***
Total pot $0.12 | Rake $0 
Seat 1: Dorex2007 folded before Flop (didn't bet)
Seat 2: lieb_psih (button) folded before Flop (didn't bet)
Seat 3: reddevils888 (small blind) folded before Flop
Seat 5: enixblr (big blind) folded before Flop
Seat 6: VilpPS folded before Flop (didn't bet)
Seat 7: hyuga309 folded before Flop (didn't bet)
Seat 8: onlyfoolsguy collected ($0.12)
Seat 9: EaBoblucifer folded before Flop (didn't bet)



PokerStars Hand #237649925756:  Hold'em No Limit ($0.02/$0.05 USD) - 2022/07/28 16:29:53 PT [2022/07/28 19:29:53 ET]
Table 'Aspasia II' 9-max Seat #3 is the button
Seat 1: Dorex2007 ($6.23 in chips) 
Seat 2: lieb_psih ($10.67 in chips) 
Seat 3: reddevils888 ($3.29 in chips) 
Seat 5: enixblr ($14.25 in chips) 
Seat 6: VilpPS ($11.63 in chips) 
Seat 7: hyuga309 ($1.79 in chips) 
Seat 8: onlyfoolsguy ($8.77 in chips) 
Seat 9: EaBoblucifer ($6.42 in chips) 
enixblr: posts small blind $0.02
VilpPS: posts big blind $0.05
*** HOLE CARDS ***
Dealt to Dorex2007 [Th 4s]
hyuga309: calls $0.05
onlyfoolsguy: folds 
EaBoblucifer: calls $0.05
Dorex2007: folds 
lieb_psih: folds 
reddevils888: folds 
enixblr: calls $0.03
VilpPS: checks 
*** FLOP *** [2c 5c 9h]
enixblr: checks 
VilpPS: checks 
hyuga309: checks 
riverpeugeot leaves the table
EaBoblucifer: checks 
*** TURN *** [2c 5c 9h] [7d]
enixblr: checks 
VilpPS: checks 
Luigiams joins the table at seat #4 
hyuga309: bets $0.15
EaBoblucifer: folds 
enixblr: folds 
VilpPS: folds 
Uncalled bet ($0.15) returned to hyuga309
hyuga309 collected $0.19 from pot
hyuga309: doesn't show hand 
*** SUMMARY ***
Total pot $0.20 | Rake $0.01 
Board [2c 5c 9h 7d]
Seat 1: Dorex2007 folded before Flop (didn't bet)
Seat 2: lieb_psih folded before Flop (didn't bet)
Seat 3: reddevils888 (button) folded before Flop (didn't bet)
Seat 5: enixblr (small blind) folded on the Turn
Seat 6: VilpPS (big blind) folded on the Turn
Seat 7: hyuga309 collected ($0.19)
Seat 8: onlyfoolsguy folded before Flop (didn't bet)
Seat 9: EaBoblucifer folded on the Turn



PokerStars Hand #237649947022:  Hold'em No Limit ($0.02/$0.05 USD) - 2022/07/28 16:31:12 PT [2022/07/28 19:31:12 ET]
Table 'Aspasia II' 9-max Seat #6 is the button
Seat 1: Dorex2007 ($6.23 in chips) 
Seat 2: lieb_psih ($10.67 in chips) 
Seat 3: reddevils888 ($3.29 in chips) 
Seat 6: VilpPS ($11.58 in chips) 
Seat 7: hyuga309 ($1.93 in chips) 
Seat 8: onlyfoolsguy ($8.77 in chips) 
Seat 9: EaBoblucifer ($6.37 in chips) 
hyuga309: posts small blind $0.02
onlyfoolsguy: posts big blind $0.05
Luigiams: sits out 
*** HOLE CARDS ***
Dealt to Dorex2007 [Qd Kd]
EaBoblucifer: calls $0.05
Dorex2007: raises $0.10 to $0.15
lieb_psih: folds 
reddevils888: calls $0.15
VilpPS: folds 
hyuga309: folds 
onlyfoolsguy: calls $0.10
EaBoblucifer: calls $0.10
*** FLOP *** [8h Ac 7c]
onlyfoolsguy: checks 
EaBoblucifer: bets $0.05
Dorex2007: folds 
reddevils888: calls $0.05
onlyfoolsguy: folds 
*** TURN *** [8h Ac 7c] [5h]
EaBoblucifer: checks 
reddevils888: checks 
*** RIVER *** [8h Ac 7c 5h] [7s]
EaBoblucifer: checks 
reddevils888: checks 
*** SHOW DOWN ***
EaBoblucifer: shows [5c 3c] (two pair, Sevens and Fives)
reddevils888: mucks hand 
EaBoblucifer collected $0.69 from pot
*** SUMMARY ***
Total pot $0.72 | Rake $0.03 
Board [8h Ac 7c 5h 7s]
Seat 1: Dorex2007 folded on the Flop
Seat 2: lieb_psih folded before Flop (didn't bet)
Seat 3: reddevils888 mucked [Jc Qc]
Seat 6: VilpPS (button) folded before Flop (didn't bet)
Seat 7: hyuga309 (small blind) folded before Flop
Seat 8: onlyfoolsguy (big blind) folded on the Flop
Seat 9: EaBoblucifer showed [5c 3c] and won ($0.69) with two pair, Sevens and Fives



PokerStars Hand #237649963810:  Hold'em No Limit ($0.02/$0.05 USD) - 2022/07/28 16:32:15 PT [2022/07/28 19:32:15 ET]
Table 'Aspasia II' 9-max Seat #7 is the button
Seat 1: Dorex2007 ($6.08 in chips) 
Seat 2: lieb_psih ($10.67 in chips) 
Seat 3: reddevils888 ($3.09 in chips) 
Seat 5: enixblr ($14.20 in chips) 
Seat 6: VilpPS ($11.58 in chips) 
Seat 7: hyuga309 ($1.91 in chips) 
Seat 8: onlyfoolsguy ($8.62 in chips) 
Seat 9: EaBoblucifer ($6.86 in chips) 
onlyfoolsguy: posts small blind $0.02
EaBoblucifer: posts big blind $0.05
Luigiams: sits out 
*** HOLE CARDS ***
Dealt to Dorex2007 [2c 3c]
Dorex2007: folds 
lieb_psih: folds 
reddevils888: raises $0.05 to $0.10
enixblr: folds 
VilpPS: folds 
hyuga309: folds 
onlyfoolsguy: folds 
EaBoblucifer: calls $0.05
*** FLOP *** [7d 2d 9d]
EaBoblucifer: checks 
reddevils888: bets $0.16
EaBoblucifer: folds 
Uncalled bet ($0.16) returned to reddevils888
reddevils888 collected $0.21 from pot
*** SUMMARY ***
Total pot $0.22 | Rake $0.01 
Board [7d 2d 9d]
Seat 1: Dorex2007 folded before Flop (didn't bet)
Seat 2: lieb_psih folded before Flop (didn't bet)
Seat 3: reddevils888 collected ($0.21)
Seat 5: enixblr folded before Flop (didn't bet)
Seat 6: VilpPS folded before Flop (didn't bet)
Seat 7: hyuga309 (button) folded before Flop (didn't bet)
Seat 8: onlyfoolsguy (small blind) folded before Flop
Seat 9: EaBoblucifer (big blind) folded on the Flop



PokerStars Hand #237649978796:  Hold'em No Limit ($0.02/$0.05 USD) - 2022/07/28 16:33:11 PT [2022/07/28 19:33:11 ET]
Table 'Aspasia II' 9-max Seat #8 is the button
Seat 1: Dorex2007 ($6.08 in chips) 
Seat 2: lieb_psih ($10.67 in chips) 
Seat 3: reddevils888 ($3.20 in chips) 
Seat 5: enixblr ($14.20 in chips) 
Seat 6: VilpPS ($11.58 in chips) 
Seat 7: hyuga309 ($1.91 in chips) 
Seat 8: onlyfoolsguy ($8.60 in chips) 
Seat 9: EaBoblucifer ($6.76 in chips) 
EaBoblucifer: posts small blind $0.02
Dorex2007: posts big blind $0.05
Luigiams: sits out 
*** HOLE CARDS ***
Dealt to Dorex2007 [2d 9d]
lieb_psih: folds 
reddevils888: calls $0.05
enixblr: folds 
VilpPS: folds 
hyuga309: folds 
onlyfoolsguy: folds 
EaBoblucifer: calls $0.03
Dorex2007: checks 
*** FLOP *** [Ad As Qc]
EaBoblucifer: checks 
Dorex2007: checks 
reddevils888: bets $0.07
EaBoblucifer: folds 
Dorex2007: folds 
Uncalled bet ($0.07) returned to reddevils888
reddevils888 collected $0.14 from pot
*** SUMMARY ***
Total pot $0.15 | Rake $0.01 
Board [Ad As Qc]
Seat 1: Dorex2007 (big blind) folded on the Flop
Seat 2: lieb_psih folded before Flop (didn't bet)
Seat 3: reddevils888 collected ($0.14)
Seat 5: enixblr folded before Flop (didn't bet)
Seat 6: VilpPS folded before Flop (didn't bet)
Seat 7: hyuga309 folded before Flop (didn't bet)
Seat 8: onlyfoolsguy (button) folded before Flop (didn't bet)
Seat 9: EaBoblucifer (small blind) folded on the Flop



PokerStars Hand #237649991485:  Hold'em No Limit ($0.02/$0.05 USD) - 2022/07/28 16:33:56 PT [2022/07/28 19:33:56 ET]
Table 'Aspasia II' 9-max Seat #9 is the button
Seat 1: Dorex2007 ($6.03 in chips) 
Seat 2: lieb_psih ($10.67 in chips) 
Seat 3: reddevils888 ($3.29 in chips) 
Seat 5: enixblr ($14.20 in chips) 
Seat 6: VilpPS ($11.58 in chips) 
Seat 7: hyuga309 ($1.91 in chips) 
Seat 8: onlyfoolsguy ($8.60 in chips) 
Seat 9: EaBoblucifer ($6.71 in chips) 
Dorex2007: posts small blind $0.02
lieb_psih: posts big blind $0.05
Luigiams: sits out 
*** HOLE CARDS ***
Dealt to Dorex2007 [2s Jh]
reddevils888: calls $0.05
enixblr: folds 
VilpPS: folds 
hyuga309: folds 
onlyfoolsguy: folds 
EaBoblucifer: calls $0.05
Dorex2007: folds 
lieb_psih: checks 
*** FLOP *** [4d 3h 7s]
lieb_psih: bets $0.08
reddevils888: folds 
EaBoblucifer: folds 
Uncalled bet ($0.08) returned to lieb_psih
lieb_psih collected $0.16 from pot
lieb_psih: doesn't show hand 
*** SUMMARY ***
Total pot $0.17 | Rake $0.01 
Board [4d 3h 7s]
Seat 1: Dorex2007 (small blind) folded before Flop
Seat 2: lieb_psih (big blind) collected ($0.16)
Seat 3: reddevils888 folded on the Flop
Seat 5: enixblr folded before Flop (didn't bet)
Seat 6: VilpPS folded before Flop (didn't bet)
Seat 7: hyuga309 folded before Flop (didn't bet)
Seat 8: onlyfoolsguy folded before Flop (didn't bet)
Seat 9: EaBoblucifer (button) folded on the Flop



PokerStars Hand #237650004299:  Hold'em No Limit ($0.02/$0.05 USD) - 2022/07/28 16:34:44 PT [2022/07/28 19:34:44 ET]
Table 'Aspasia II' 9-max Seat #1 is the button
Seat 1: Dorex2007 ($6.01 in chips) 
Seat 2: lieb_psih ($10.78 in chips) 
Seat 3: reddevils888 ($3.24 in chips) 
Seat 5: enixblr ($14.20 in chips) 
Seat 6: VilpPS ($11.58 in chips) 
Seat 7: hyuga309 ($1.91 in chips) 
Seat 8: onlyfoolsguy ($8.60 in chips) 
Seat 9: EaBoblucifer ($6.66 in chips) 
lieb_psih: posts small blind $0.02
reddevils888: posts big blind $0.05
Luigiams: sits out 
*** HOLE CARDS ***
Dealt to Dorex2007 [7h 8c]
enixblr: folds 
VilpPS: raises $0.08 to $0.13
hyuga309: folds 
onlyfoolsguy: raises $0.39 to $0.52
EaBoblucifer: folds 
Dorex2007: folds 
lieb_psih: folds 
reddevils888: calls $0.47
VilpPS: folds 
*** FLOP *** [Td 6d 5c]
reddevils888: checks 
onlyfoolsguy: checks 
*** TURN *** [Td 6d 5c] [Ad]
reddevils888: checks 
onlyfoolsguy: bets $0.48
reddevils888: calls $0.48
*** RIVER *** [Td 6d 5c Ad] [8d]
reddevils888: checks 
onlyfoolsguy: bets $1.20
reddevils888: folds 
Uncalled bet ($1.20) returned to onlyfoolsguy
onlyfoolsguy collected $2.06 from pot
onlyfoolsguy: doesn't show hand 
*** SUMMARY ***
Total pot $2.15 | Rake $0.09 
Board [Td 6d 5c Ad 8d]
Seat 1: Dorex2007 (button) folded before Flop (didn't bet)
Seat 2: lieb_psih (small blind) folded before Flop
Seat 3: reddevils888 (big blind) folded on the River
Seat 5: enixblr folded before Flop (didn't bet)
Seat 6: VilpPS folded before Flop
Seat 7: hyuga309 folded before Flop (didn't bet)
Seat 8: onlyfoolsguy collected ($2.06)
Seat 9: EaBoblucifer folded before Flop (didn't bet)



PokerStars Hand #237650034072:  Hold'em No Limit ($0.02/$0.05 USD) - 2022/07/28 16:36:20 PT [2022/07/28 19:36:20 ET]
Table 'Aspasia II' 9-max Seat #2 is the button
Seat 1: Dorex2007 ($6.01 in chips) 
Seat 2: lieb_psih ($10.76 in chips) 
Seat 3: reddevils888 ($2.24 in chips) 
Seat 4: Luigiams ($5 in chips) 
Seat 5: enixblr ($14.20 in chips) 
Seat 6: VilpPS ($11.45 in chips) 
Seat 7: hyuga309 ($1.91 in chips) 
Seat 8: onlyfoolsguy ($9.66 in chips) 
Seat 9: EaBoblucifer ($6.66 in chips) 
reddevils888: posts small blind $0.02
Luigiams: posts big blind $0.05
*** HOLE CARDS ***
Dealt to Dorex2007 [6d As]
enixblr: folds 
VilpPS: folds 
hyuga309: folds 
onlyfoolsguy: folds 
EaBoblucifer: folds 
Dorex2007: folds 
lieb_psih: raises $0.07 to $0.12
reddevils888: folds 
Luigiams: calls $0.07
*** FLOP *** [Jc 7d 9h]
Luigiams: bets $0.20
lieb_psih: calls $0.20
*** TURN *** [Jc 7d 9h] [Kd]
Luigiams: bets $0.25
lieb_psih: calls $0.25
*** RIVER *** [Jc 7d 9h Kd] [5h]
Luigiams: checks 
lieb_psih: bets $0.83
Luigiams: calls $0.83
*** SHOW DOWN ***
lieb_psih: shows [Qs Td] (a straight, Nine to King)
Luigiams: mucks hand 
lieb_psih collected $2.70 from pot
*** SUMMARY ***
Total pot $2.82 | Rake $0.12 
Board [Jc 7d 9h Kd 5h]
Seat 1: Dorex2007 folded before Flop (didn't bet)
Seat 2: lieb_psih (button) showed [Qs Td] and won ($2.70) with a straight, Nine to King
Seat 3: reddevils888 (small blind) folded before Flop
Seat 4: Luigiams (big blind) mucked [Jh Qc]
Seat 5: enixblr folded before Flop (didn't bet)
Seat 6: VilpPS folded before Flop (didn't bet)
Seat 7: hyuga309 folded before Flop (didn't bet)
Seat 8: onlyfoolsguy folded before Flop (didn't bet)
Seat 9: EaBoblucifer folded before Flop (didn't bet)



PokerStars Hand #237650048351:  Hold'em No Limit ($0.02/$0.05 USD) - 2022/07/28 16:37:14 PT [2022/07/28 19:37:14 ET]
Table 'Aspasia II' 9-max Seat #3 is the button
Seat 1: Dorex2007 ($6.01 in chips) 
Seat 2: lieb_psih ($12.06 in chips) 
Seat 3: reddevils888 ($2.22 in chips) 
Seat 4: Luigiams ($5 in chips) 
Seat 5: enixblr ($14.20 in chips) 
Seat 6: VilpPS ($11.45 in chips) 
Seat 7: hyuga309 ($1.91 in chips) 
Seat 9: EaBoblucifer ($6.66 in chips) 
Luigiams: posts small blind $0.02
enixblr: posts big blind $0.05
*** HOLE CARDS ***
Dealt to Dorex2007 [Tc 8s]
VilpPS: folds 
hyuga309: folds 
EaBoblucifer: calls $0.05
Dorex2007: folds 
lieb_psih: folds 
reddevils888: calls $0.05
Luigiams: raises $0.20 to $0.25
enixblr: folds 
EaBoblucifer: folds 
reddevils888: calls $0.20
*** FLOP *** [4s 8h Ts]
Luigiams: bets $0.40
reddevils888: folds 
Uncalled bet ($0.40) returned to Luigiams
Luigiams collected $0.58 from pot
*** SUMMARY ***
Total pot $0.60 | Rake $0.02 
Board [4s 8h Ts]
Seat 1: Dorex2007 folded before Flop (didn't bet)
Seat 2: lieb_psih folded before Flop (didn't bet)
Seat 3: reddevils888 (button) folded on the Flop
Seat 4: Luigiams (small blind) collected ($0.58)
Seat 5: enixblr (big blind) folded before Flop
Seat 6: VilpPS folded before Flop (didn't bet)
Seat 7: hyuga309 folded before Flop (didn't bet)
Seat 9: EaBoblucifer folded before Flop



PokerStars Hand #237650058444:  Hold'em No Limit ($0.02/$0.05 USD) - 2022/07/28 16:37:52 PT [2022/07/28 19:37:52 ET]
Table 'Aspasia II' 9-max Seat #4 is the button
Seat 1: Dorex2007 ($6.01 in chips) 
Seat 2: lieb_psih ($12.06 in chips) 
Seat 3: reddevils888 ($1.97 in chips) 
Seat 4: Luigiams ($5.33 in chips) 
Seat 5: enixblr ($14.15 in chips) 
Seat 6: VilpPS ($11.45 in chips) 
Seat 7: hyuga309 ($1.91 in chips) 
Seat 9: EaBoblucifer ($6.61 in chips) 
enixblr: posts small blind $0.02
VilpPS: posts big blind $0.05
*** HOLE CARDS ***
Dealt to Dorex2007 [9d 8d]
hyuga309: folds 
EaBoblucifer: calls $0.05
Dorex2007: raises $0.05 to $0.10
lieb_psih: folds 
reddevils888: raises $0.32 to $0.42
Luigiams: folds 
enixblr: folds 
VilpPS: folds 
EaBoblucifer: folds 
Dorex2007: folds 
Uncalled bet ($0.32) returned to reddevils888
reddevils888 collected $0.32 from pot
*** SUMMARY ***
Total pot $0.32 | Rake $0 
Seat 1: Dorex2007 folded before Flop
Seat 2: lieb_psih folded before Flop (didn't bet)
Seat 3: reddevils888 collected ($0.32)
Seat 4: Luigiams (button) folded before Flop (didn't bet)
Seat 5: enixblr (small blind) folded before Flop
Seat 6: VilpPS (big blind) folded before Flop
Seat 7: hyuga309 folded before Flop (didn't bet)
Seat 9: EaBoblucifer folded before Flop



PokerStars Hand #237650067012:  Hold'em No Limit ($0.02/$0.05 USD) - 2022/07/28 16:38:25 PT [2022/07/28 19:38:25 ET]
Table 'Aspasia II' 9-max Seat #5 is the button
Seat 1: Dorex2007 ($5.91 in chips) 
Seat 2: lieb_psih ($12.06 in chips) 
Seat 3: reddevils888 ($2.19 in chips) 
Seat 4: Luigiams ($5.33 in chips) 
Seat 5: enixblr ($14.13 in chips) 
Seat 6: VilpPS ($11.40 in chips) 
Seat 7: hyuga309 ($1.91 in chips) 
Seat 9: EaBoblucifer ($6.56 in chips) 
VilpPS: posts small blind $0.02
hyuga309: posts big blind $0.05
*** HOLE CARDS ***
Dealt to Dorex2007 [8c 6c]
EaBoblucifer: calls $0.05
Dorex2007: folds 
lieb_psih: folds 
reddevils888: folds 
Luigiams: raises $0.05 to $0.10
enixblr: folds 
VilpPS: folds 
hyuga309: calls $0.05
EaBoblucifer: calls $0.05
*** FLOP *** [As Td Js]
hyuga309: checks 
EaBoblucifer: checks 
Luigiams: bets $0.15
hyuga309: folds 
EaBoblucifer: folds 
Uncalled bet ($0.15) returned to Luigiams
Luigiams collected $0.31 from pot
*** SUMMARY ***
Total pot $0.32 | Rake $0.01 
Board [As Td Js]
Seat 1: Dorex2007 folded before Flop (didn't bet)
Seat 2: lieb_psih folded before Flop (didn't bet)
Seat 3: reddevils888 folded before Flop (didn't bet)
Seat 4: Luigiams collected ($0.31)
Seat 5: enixblr (button) folded before Flop (didn't bet)
Seat 6: VilpPS (small blind) folded before Flop
Seat 7: hyuga309 (big blind) folded on the Flop
Seat 9: EaBoblucifer folded on the Flop



PokerStars Hand #237650083088:  Hold'em No Limit ($0.02/$0.05 USD) - 2022/07/28 16:39:27 PT [2022/07/28 19:39:27 ET]
Table 'Aspasia II' 9-max Seat #6 is the button
Seat 1: Dorex2007 ($5.91 in chips) 
Seat 2: lieb_psih ($12.06 in chips) 
Seat 3: reddevils888 ($2.19 in chips) 
Seat 4: Luigiams ($5.54 in chips) 
Seat 5: enixblr ($14.13 in chips) 
Seat 6: VilpPS ($11.38 in chips) 
Seat 7: hyuga309 ($1.81 in chips) 
Seat 9: EaBoblucifer ($6.46 in chips) 
hyuga309: posts small blind $0.02
EaBoblucifer: posts big blind $0.05
*** HOLE CARDS ***
Dealt to Dorex2007 [Kd 2d]
Dorex2007: folds 
lieb_psih: folds 
reddevils888: raises $0.05 to $0.10
Luigiams: folds 
enixblr: folds 
VilpPS: folds 
hyuga309: folds 
EaBoblucifer: folds 
Uncalled bet ($0.05) returned to reddevils888
reddevils888 collected $0.12 from pot
*** SUMMARY ***
Total pot $0.12 | Rake $0 
Seat 1: Dorex2007 folded before Flop (didn't bet)
Seat 2: lieb_psih folded before Flop (didn't bet)
Seat 3: reddevils888 collected ($0.12)
Seat 4: Luigiams folded before Flop (didn't bet)
Seat 5: enixblr folded before Flop (didn't bet)
Seat 6: VilpPS (button) folded before Flop (didn't bet)
Seat 7: hyuga309 (small blind) folded before Flop
Seat 9: EaBoblucifer (big blind) folded before Flop



PokerStars Hand #237650092949:  Hold'em No Limit ($0.02/$0.05 USD) - 2022/07/28 16:40:04 PT [2022/07/28 19:40:04 ET]
Table 'Aspasia II' 9-max Seat #7 is the button
Seat 1: Dorex2007 ($5.91 in chips) 
Seat 2: lieb_psih ($12.06 in chips) 
Seat 3: reddevils888 ($2.26 in chips) 
Seat 4: Luigiams ($5.54 in chips) 
Seat 5: enixblr ($14.13 in chips) 
Seat 6: VilpPS ($11.38 in chips) 
Seat 7: hyuga309 ($1.79 in chips) 
Seat 9: EaBoblucifer ($6.41 in chips) 
EaBoblucifer: posts small blind $0.02
Dorex2007: posts big blind $0.05
*** HOLE CARDS ***
Dealt to Dorex2007 [8s 4d]
lieb_psih: folds 
reddevils888: calls $0.05
Luigiams: folds 
enixblr: folds 
VilpPS: folds 
hyuga309: folds 
EaBoblucifer: calls $0.03
Dorex2007: checks 
*** FLOP *** [4h 8d Ad]
EaBoblucifer: checks 
Dorex2007: bets $0.14
reddevils888: folds 
EaBoblucifer: folds 
Uncalled bet ($0.14) returned to Dorex2007
Dorex2007 collected $0.14 from pot
Dorex2007: doesn't show hand 
*** SUMMARY ***
Total pot $0.15 | Rake $0.01 
Board [4h 8d Ad]
Seat 1: Dorex2007 (big blind) collected ($0.14)
Seat 2: lieb_psih folded before Flop (didn't bet)
Seat 3: reddevils888 folded on the Flop
Seat 4: Luigiams folded before Flop (didn't bet)
Seat 5: enixblr folded before Flop (didn't bet)
Seat 6: VilpPS folded before Flop (didn't bet)
Seat 7: hyuga309 (button) folded before Flop (didn't bet)
Seat 9: EaBoblucifer (small blind) folded on the Flop



PokerStars Hand #237650104958:  Hold'em No Limit ($0.02/$0.05 USD) - 2022/07/28 16:40:50 PT [2022/07/28 19:40:50 ET]
Table 'Aspasia II' 9-max Seat #9 is the button
Seat 1: Dorex2007 ($6 in chips) 
Seat 2: lieb_psih ($12.06 in chips) 
Seat 3: reddevils888 ($2.21 in chips) 
Seat 4: Luigiams ($5.54 in chips) 
Seat 5: enixblr ($14.13 in chips) 
Seat 6: VilpPS ($11.38 in chips) 
Seat 7: hyuga309 ($1.79 in chips) 
Seat 9: EaBoblucifer ($6.36 in chips) 
Dorex2007: posts small blind $0.02
lieb_psih: posts big blind $0.05
*** HOLE CARDS ***
Dealt to Dorex2007 [5c Js]
reddevils888: calls $0.05
Luigiams: folds 
enixblr: raises $0.07 to $0.12
VilpPS: folds 
hyuga309: folds 
EaBoblucifer: folds 
Dorex2007: folds 
lieb_psih: folds 
reddevils888: raises $0.31 to $0.43
enixblr: calls $0.31
*** FLOP *** [2d Ah 3h]
reddevils888: bets $1.78 and is all-in
enixblr: folds 
Uncalled bet ($1.78) returned to reddevils888
reddevils888 collected $0.89 from pot
*** SUMMARY ***
Total pot $0.93 | Rake $0.04 
Board [2d Ah 3h]
Seat 1: Dorex2007 (small blind) folded before Flop
Seat 2: lieb_psih (big blind) folded before Flop
Seat 3: reddevils888 collected ($0.89)
Seat 4: Luigiams folded before Flop (didn't bet)
Seat 5: enixblr folded on the Flop
Seat 6: VilpPS folded before Flop (didn't bet)
Seat 7: hyuga309 folded before Flop (didn't bet)
Seat 9: EaBoblucifer (button) folded before Flop (didn't bet)



PokerStars Hand #237650123130:  Hold'em No Limit ($0.02/$0.05 USD) - 2022/07/28 16:41:35 PT [2022/07/28 19:41:35 ET]
Table 'Aspasia II' 9-max Seat #1 is the button
Seat 1: Dorex2007 ($5.98 in chips) 
Seat 2: lieb_psih ($12.01 in chips) 
Seat 3: reddevils888 ($2.67 in chips) 
Seat 4: Luigiams ($5.54 in chips) 
Seat 5: enixblr ($13.70 in chips) 
Seat 6: VilpPS ($11.38 in chips) 
Seat 7: hyuga309 ($1.79 in chips) 
Seat 9: EaBoblucifer ($6.36 in chips) 
lieb_psih: posts small blind $0.02
reddevils888: posts big blind $0.05
*** HOLE CARDS ***
Dealt to Dorex2007 [6h Qh]
Luigiams: calls $0.05
enixblr: folds 
VilpPS: calls $0.05
enixblr leaves the table
hyuga309: folds 
1mdd2450 joins the table at seat #5 
EaBoblucifer: calls $0.05
Dorex2007: folds 
lieb_psih: folds 
reddevils888: checks 
*** FLOP *** [Ad 9d 7s]
reddevils888: checks 
Luigiams: bets $0.10
VilpPS: folds 
EaBoblucifer: folds 
reddevils888: folds 
Uncalled bet ($0.10) returned to Luigiams
Luigiams collected $0.21 from pot
*** SUMMARY ***
Total pot $0.22 | Rake $0.01 
Board [Ad 9d 7s]
Seat 1: Dorex2007 (button) folded before Flop (didn't bet)
Seat 2: lieb_psih (small blind) folded before Flop
Seat 3: reddevils888 (big blind) folded on the Flop
Seat 4: Luigiams collected ($0.21)
Seat 5: enixblr folded before Flop (didn't bet)
Seat 6: VilpPS folded on the Flop
Seat 7: hyuga309 folded before Flop (didn't bet)
Seat 9: EaBoblucifer folded on the Flop



PokerStars Hand #237650135901:  Hold'em No Limit ($0.02/$0.05 USD) - 2022/07/28 16:42:25 PT [2022/07/28 19:42:25 ET]
Table 'Aspasia II' 9-max Seat #2 is the button
Seat 1: Dorex2007 ($5.98 in chips) 
Seat 2: lieb_psih ($11.99 in chips) 
Seat 3: reddevils888 ($2.62 in chips) 
Seat 4: Luigiams ($5.70 in chips) 
Seat 6: VilpPS ($11.33 in chips) 
Seat 7: hyuga309 ($1.79 in chips) 
Seat 9: EaBoblucifer ($6.31 in chips) 
reddevils888: posts small blind $0.02
Luigiams: posts big blind $0.05
1mdd2450: sits out 
*** HOLE CARDS ***
Dealt to Dorex2007 [7s 9d]
VilpPS: folds 
hyuga309: folds 
EaBoblucifer: calls $0.05
Dorex2007: folds 
lieb_psih: raises $0.07 to $0.12
reddevils888: folds 
Luigiams: calls $0.07
EaBoblucifer: calls $0.07
*** FLOP *** [Kc 8c As]
Luigiams: checks 
EaBoblucifer: checks 
lieb_psih: bets $0.18
Luigiams: calls $0.18
EaBoblucifer: calls $0.18
*** TURN *** [Kc 8c As] [5h]
Luigiams: checks 
EaBoblucifer: bets $0.10
lieb_psih: raises $0.22 to $0.32
Luigiams: calls $0.32
EaBoblucifer: calls $0.22
*** RIVER *** [Kc 8c As 5h] [2h]
Luigiams: checks 
EaBoblucifer: checks 
lieb_psih: checks 
*** SHOW DOWN ***
Luigiams: shows [9c 5c] (a pair of Fives)
EaBoblucifer: shows [Th Ac] (a pair of Aces)
lieb_psih: mucks hand 
EaBoblucifer collected $1.80 from pot
*** SUMMARY ***
Total pot $1.88 | Rake $0.08 
Board [Kc 8c As 5h 2h]
Seat 1: Dorex2007 folded before Flop (didn't bet)
Seat 2: lieb_psih (button) mucked [6h Ah]
Seat 3: reddevils888 (small blind) folded before Flop
Seat 4: Luigiams (big blind) showed [9c 5c] and lost with a pair of Fives
Seat 6: VilpPS folded before Flop (didn't bet)
Seat 7: hyuga309 folded before Flop (didn't bet)
Seat 9: EaBoblucifer showed [Th Ac] and won ($1.80) with a pair of Aces



PokerStars Hand #237650163490:  Hold'em No Limit ($0.02/$0.05 USD) - 2022/07/28 16:44:11 PT [2022/07/28 19:44:11 ET]
Table 'Aspasia II' 9-max Seat #3 is the button
Seat 1: Dorex2007 ($5.98 in chips) 
Seat 2: lieb_psih ($11.37 in chips) 
Seat 3: reddevils888 ($2.60 in chips) 
Seat 4: Luigiams ($5.08 in chips) 
Seat 5: 1mdd2450 ($5 in chips) 
Seat 6: VilpPS ($11.33 in chips) 
Seat 7: hyuga309 ($1.79 in chips) 
Seat 9: EaBoblucifer ($7.49 in chips) 
Luigiams: posts small blind $0.02
1mdd2450: posts big blind $0.05
*** HOLE CARDS ***
Dealt to Dorex2007 [8h 2d]
VilpPS: folds 
hyuga309: folds 
EaBoblucifer: folds 
Dorex2007: folds 
lieb_psih: folds 
reddevils888: raises $0.05 to $0.10
EaBoblucifer leaves the table
Luigiams: calls $0.08
1mdd2450: raises $0.40 to $0.50
reddevils888: calls $0.40
Luigiams: folds 
*** FLOP *** [5d Qc 2c]
1mdd2450: bets $0.40
reddevils888: raises $0.93 to $1.33
1mdd2450: calls $0.93
*** TURN *** [5d Qc 2c] [4c]
1mdd2450: bets $0.76
reddevils888: raises $0.01 to $0.77 and is all-in
1mdd2450: calls $0.01
*** RIVER *** [5d Qc 2c 4c] [7d]
*** SHOW DOWN ***
1mdd2450: shows [Jc Js] (a pair of Jacks)
reddevils888: shows [Qd Ac] (a pair of Queens)
reddevils888 cashed out the hand for $4.79 | Cash Out Fee $0.05
*** SUMMARY ***
Total pot $5.30 | Rake $0.22 
Board [5d Qc 2c 4c 7d]
Seat 1: Dorex2007 folded before Flop (didn't bet)
Seat 2: lieb_psih folded before Flop (didn't bet)
Seat 3: reddevils888 (button) showed [Qd Ac] and won ($5.08) with a pair of Queens (pot not awarded as player cashed out)
Seat 4: Luigiams (small blind) folded before Flop
Seat 5: 1mdd2450 (big blind) showed [Jc Js] and lost with a pair of Jacks
Seat 6: VilpPS folded before Flop (didn't bet)
Seat 7: hyuga309 folded before Flop (didn't bet)
Seat 9: EaBoblucifer folded before Flop (didn't bet)



PokerStars Hand #237650188483:  Hold'em No Limit ($0.02/$0.05 USD) - 2022/07/28 16:45:25 PT [2022/07/28 19:45:25 ET]
Table 'Aspasia II' 9-max Seat #4 is the button
Seat 1: Dorex2007 ($5.98 in chips) 
Seat 2: lieb_psih ($11.37 in chips) 
Seat 3: reddevils888 ($4.79 in chips) 
Seat 4: Luigiams ($4.98 in chips) 
Seat 5: 1mdd2450 ($2.40 in chips) 
Seat 6: VilpPS ($11.33 in chips) 
Seat 7: hyuga309 ($1.79 in chips) 
1mdd2450: posts small blind $0.02
VilpPS: posts big blind $0.05
*** HOLE CARDS ***
Dealt to Dorex2007 [7h Kd]
mullski326 joins the table at seat #9 
hyuga309: folds 
Dorex2007: folds 
lieb_psih: folds 
reddevils888: folds 
Luigiams: raises $0.05 to $0.10
1mdd2450: folds 
VilpPS: folds 
Uncalled bet ($0.05) returned to Luigiams
Luigiams collected $0.12 from pot
*** SUMMARY ***
Total pot $0.12 | Rake $0 
Seat 1: Dorex2007 folded before Flop (didn't bet)
Seat 2: lieb_psih folded before Flop (didn't bet)
Seat 3: reddevils888 folded before Flop (didn't bet)
Seat 4: Luigiams (button) collected ($0.12)
Seat 5: 1mdd2450 (small blind) folded before Flop
Seat 6: VilpPS (big blind) folded before Flop
Seat 7: hyuga309 folded before Flop (didn't bet)



PokerStars Hand #237650192302:  Hold'em No Limit ($0.02/$0.05 USD) - 2022/07/28 16:45:40 PT [2022/07/28 19:45:40 ET]
Table 'Aspasia II' 9-max Seat #5 is the button
Seat 1: Dorex2007 ($5.98 in chips) 
Seat 2: lieb_psih ($11.37 in chips) 
Seat 3: reddevils888 ($4.79 in chips) 
Seat 4: Luigiams ($5.05 in chips) 
Seat 5: 1mdd2450 ($4.38 in chips) 
Seat 6: VilpPS ($11.28 in chips) 
Seat 7: hyuga309 ($1.79 in chips) 
VilpPS: posts small blind $0.02
hyuga309: posts big blind $0.05
mullski326: sits out 
*** HOLE CARDS ***
Dealt to Dorex2007 [9d Jd]
Dorex2007: folds 
lieb_psih: folds 
reddevils888: folds 
Luigiams: calls $0.05
1mdd2450: folds 
VilpPS: folds 
hyuga309: checks 
*** FLOP *** [Kc 3c Ts]
hyuga309: checks 
Luigiams: bets $0.10
hyuga309: folds 
Uncalled bet ($0.10) returned to Luigiams
Luigiams collected $0.12 from pot
*** SUMMARY ***
Total pot $0.12 | Rake $0 
Board [Kc 3c Ts]
Seat 1: Dorex2007 folded before Flop (didn't bet)
Seat 2: lieb_psih folded before Flop (didn't bet)
Seat 3: reddevils888 folded before Flop (didn't bet)
Seat 4: Luigiams collected ($0.12)
Seat 5: 1mdd2450 (button) folded before Flop (didn't bet)
Seat 6: VilpPS (small blind) folded before Flop
Seat 7: hyuga309 (big blind) folded on the Flop



PokerStars Hand #237650203051:  Hold'em No Limit ($0.02/$0.05 USD) - 2022/07/28 16:46:22 PT [2022/07/28 19:46:22 ET]
Table 'Aspasia II' 9-max Seat #6 is the button
Seat 1: Dorex2007 ($5.98 in chips) 
Seat 2: lieb_psih ($11.37 in chips) 
Seat 3: reddevils888 ($4.79 in chips) 
Seat 4: Luigiams ($5.12 in chips) 
Seat 5: 1mdd2450 ($5 in chips) 
Seat 6: VilpPS ($11.26 in chips) 
Seat 7: hyuga309 ($1.74 in chips) 
Seat 8: onlyfoolsguy ($9.66 in chips) 
hyuga309: posts small blind $0.02
onlyfoolsguy: posts big blind $0.05
mullski326: sits out 
*** HOLE CARDS ***
Dealt to Dorex2007 [5h Jd]
Dorex2007: folds 
lieb_psih: raises $0.10 to $0.15
reddevils888: calls $0.15
Luigiams: folds 
1mdd2450: folds 
1mdd2450 leaves the table
VilpPS: folds 
hyuga309: folds 
onlyfoolsguy: folds 
*** FLOP *** [3h 6c Qh]
lieb_psih: bets $0.17
reddevils888: calls $0.17
*** TURN *** [3h 6c Qh] [2h]
lieb_psih: bets $0.51
reddevils888: raises $0.51 to $1.02
lieb_psih: calls $0.51
*** RIVER *** [3h 6c Qh 2h] [9d]
lieb_psih: checks 
reddevils888: bets $3.45 and is all-in
lieb_psih: calls $3.45
*** SHOW DOWN ***
reddevils888: shows [Js Qc] (a pair of Queens)
lieb_psih: shows [Ad Qd] (a pair of Queens - Ace kicker)
lieb_psih collected $9.25 from pot
*** SUMMARY ***
Total pot $9.65 | Rake $0.40 
Board [3h 6c Qh 2h 9d]
Seat 1: Dorex2007 folded before Flop (didn't bet)
Seat 2: lieb_psih showed [Ad Qd] and won ($9.25) with a pair of Queens
Seat 3: reddevils888 showed [Js Qc] and lost with a pair of Queens
Seat 4: Luigiams folded before Flop (didn't bet)
Seat 5: 1mdd2450 folded before Flop (didn't bet)
Seat 6: VilpPS (button) folded before Flop (didn't bet)
Seat 7: hyuga309 (small blind) folded before Flop
Seat 8: onlyfoolsguy (big blind) folded before Flop



PokerStars Hand #237650223720:  Hold'em No Limit ($0.02/$0.05 USD) - 2022/07/28 16:47:42 PT [2022/07/28 19:47:42 ET]
Table 'Aspasia II' 9-max Seat #7 is the button
Seat 1: Dorex2007 ($5.98 in chips) 
Seat 2: lieb_psih ($15.83 in chips) 
Seat 4: Luigiams ($5.12 in chips) 
Seat 6: VilpPS ($11.26 in chips) 
Seat 7: hyuga309 ($1.72 in chips) 
Seat 8: onlyfoolsguy ($9.61 in chips) 
Seat 9: mullski326 ($5 in chips) 
onlyfoolsguy: posts small blind $0.02
mullski326: posts big blind $0.05
*** HOLE CARDS ***
Dealt to Dorex2007 [9s 8c]
reddevils888 leaves the table
Dorex2007: folds 
lieb_psih: folds 
Luigiams: folds 
VilpPS: folds 
hyuga309: folds 
onlyfoolsguy: folds 
Uncalled bet ($0.03) returned to mullski326
mullski326 collected $0.04 from pot
mullski326: doesn't show hand 
*** SUMMARY ***
Total pot $0.04 | Rake $0 
Seat 1: Dorex2007 folded before Flop (didn't bet)
Seat 2: lieb_psih folded before Flop (didn't bet)
Seat 4: Luigiams folded before Flop (didn't bet)
Seat 6: VilpPS folded before Flop (didn't bet)
Seat 7: hyuga309 (button) folded before Flop (didn't bet)
Seat 8: onlyfoolsguy (small blind) folded before Flop
Seat 9: mullski326 (big blind) collected ($0.04)



PokerStars Hand #237650226919:  Hold'em No Limit ($0.02/$0.05 USD) - 2022/07/28 16:47:54 PT [2022/07/28 19:47:54 ET]
Table 'Aspasia II' 9-max Seat #8 is the button
Seat 1: Dorex2007 ($5.98 in chips) 
Seat 2: lieb_psih ($15.83 in chips) 
Seat 4: Luigiams ($5.12 in chips) 
Seat 6: VilpPS ($11.26 in chips) 
Seat 7: hyuga309 ($1.72 in chips) 
Seat 8: onlyfoolsguy ($9.59 in chips) 
Seat 9: mullski326 ($5.02 in chips) 
mullski326: posts small blind $0.02
Dorex2007: posts big blind $0.05
*** HOLE CARDS ***
Dealt to Dorex2007 [Qs Td]
lieb_psih: folds 
Luigiams: raises $0.10 to $0.15
VilpPS: folds 
hyuga309: folds 
onlyfoolsguy: folds 
mullski326: folds 
lieb_psih leaves the table
Dorex2007: folds 
Uncalled bet ($0.10) returned to Luigiams
Luigiams collected $0.12 from pot
*** SUMMARY ***
Total pot $0.12 | Rake $0 
Seat 1: Dorex2007 (big blind) folded before Flop
Seat 2: lieb_psih folded before Flop (didn't bet)
Seat 4: Luigiams collected ($0.12)
Seat 6: VilpPS folded before Flop (didn't bet)
Seat 7: hyuga309 folded before Flop (didn't bet)
Seat 8: onlyfoolsguy (button) folded before Flop (didn't bet)
Seat 9: mullski326 (small blind) folded before Flop



PokerStars Hand #237650234972:  Hold'em No Limit ($0.02/$0.05 USD) - 2022/07/28 16:48:26 PT [2022/07/28 19:48:26 ET]
Table 'Aspasia II' 9-max Seat #9 is the button
Seat 1: Dorex2007 ($5.93 in chips) 
Seat 4: Luigiams ($5.19 in chips) 
Seat 6: VilpPS ($11.26 in chips) 
Seat 7: hyuga309 ($1.72 in chips) 
Seat 8: onlyfoolsguy ($9.59 in chips) 
Seat 9: mullski326 ($5 in chips) 
Dorex2007: posts small blind $0.02
Luigiams: posts big blind $0.05
*** HOLE CARDS ***
Dealt to Dorex2007 [5s Kc]
VilpPS: folds 
hyuga309: folds 
onlyfoolsguy: folds 
mullski326: folds 
Dorex2007: folds 
Uncalled bet ($0.03) returned to Luigiams
Luigiams collected $0.04 from pot
*** SUMMARY ***
Total pot $0.04 | Rake $0 
Seat 1: Dorex2007 (small blind) folded before Flop
Seat 4: Luigiams (big blind) collected ($0.04)
Seat 6: VilpPS folded before Flop (didn't bet)
Seat 7: hyuga309 folded before Flop (didn't bet)
Seat 8: onlyfoolsguy folded before Flop (didn't bet)
Seat 9: mullski326 (button) folded before Flop (didn't bet)



PokerStars Hand #237650239199:  Hold'em No Limit ($0.02/$0.05 USD) - 2022/07/28 16:48:42 PT [2022/07/28 19:48:42 ET]
Table 'Aspasia II' 9-max Seat #1 is the button
Seat 1: Dorex2007 ($5.91 in chips) 
Seat 4: Luigiams ($5.21 in chips) 
Seat 6: VilpPS ($11.26 in chips) 
Seat 7: hyuga309 ($1.72 in chips) 
Seat 8: onlyfoolsguy ($9.59 in chips) 
Seat 9: mullski326 ($5 in chips) 
Luigiams: posts small blind $0.02
VilpPS: posts big blind $0.05
*** HOLE CARDS ***
Dealt to Dorex2007 [Kd 4c]
hyuga309: folds 
onlyfoolsguy: raises $0.10 to $0.15
mullski326: folds 
Dorex2007: folds 
Luigiams: folds 
VilpPS: calls $0.10
*** FLOP *** [5c As 2c]
VilpPS: checks 
onlyfoolsguy: bets $0.11
VilpPS: folds 
Uncalled bet ($0.11) returned to onlyfoolsguy
onlyfoolsguy collected $0.31 from pot
onlyfoolsguy: doesn't show hand 
*** SUMMARY ***
Total pot $0.32 | Rake $0.01 
Board [5c As 2c]
Seat 1: Dorex2007 (button) folded before Flop (didn't bet)
Seat 4: Luigiams (small blind) folded before Flop
Seat 6: VilpPS (big blind) folded on the Flop
Seat 7: hyuga309 folded before Flop (didn't bet)
Seat 8: onlyfoolsguy collected ($0.31)
Seat 9: mullski326 folded before Flop (didn't bet)



PokerStars Hand #237650247154:  Hold'em No Limit ($0.02/$0.05 USD) - 2022/07/28 16:49:13 PT [2022/07/28 19:49:13 ET]
Table 'Aspasia II' 9-max Seat #4 is the button
Seat 1: Dorex2007 ($5.91 in chips) 
Seat 4: Luigiams ($5.19 in chips) 
Seat 6: VilpPS ($11.11 in chips) 
Seat 7: hyuga309 ($1.72 in chips) 
Seat 8: onlyfoolsguy ($9.75 in chips) 
Seat 9: mullski326 ($5 in chips) 
VilpPS: posts small blind $0.02
hyuga309: posts big blind $0.05
*** HOLE CARDS ***
Dealt to Dorex2007 [Td 5d]
onlyfoolsguy: folds 
mullski326: folds 
Dorex2007: folds 
Luigiams: raises $0.10 to $0.15
VilpPS: folds 
hyuga309: folds 
Uncalled bet ($0.10) returned to Luigiams
Luigiams collected $0.12 from pot
*** SUMMARY ***
Total pot $0.12 | Rake $0 
Seat 1: Dorex2007 folded before Flop (didn't bet)
Seat 4: Luigiams (button) collected ($0.12)
Seat 6: VilpPS (small blind) folded before Flop
Seat 7: hyuga309 (big blind) folded before Flop
Seat 8: onlyfoolsguy folded before Flop (didn't bet)
Seat 9: mullski326 folded before Flop (didn't bet)



