PokerStars Hand #233175446253:  Hold'em No Limit ($0.01/$0.02 USD) - 2022/01/15 17:26:40 PT [2022/01/15 20:26:40 ET]
Table 'Bandusia II' 9-max Seat #3 is the button
Seat 1: Mehanicar ($2.12 in chips) 
Seat 2: Vidko007 ($0.89 in chips) 
Seat 3: bazr1 ($2.01 in chips) 
Seat 4: Litgame ($3.47 in chips) 
Seat 5: FAACOPI ($1.60 in chips) 
Seat 6: famedi ($2.35 in chips) 
Seat 7: geyza15 ($3.82 in chips) 
Seat 8: Dorex2007 ($2 in chips) 
Seat 9: K.Tyrrell ($4.41 in chips) 
Litgame: posts small blind $0.01
FAACOPI: posts big blind $0.02
Dorex2007: posts big blind $0.02
*** HOLE CARDS ***
Dealt to Dorex2007 [9d 3c]
famedi: folds 
geyza15: folds 
Dorex2007: checks 
K.Tyrrell: folds 
Mehanicar: calls $0.02
Vidko007: calls $0.02
bazr1: folds 
Litgame: calls $0.01
FAACOPI: checks 
*** FLOP *** [4h Qh 9s]
Litgame: checks 
FAACOPI: checks 
Dorex2007: checks 
Mehanicar: checks 
Vidko007: checks 
*** TURN *** [4h Qh 9s] [2s]
Litgame: checks 
FAACOPI: bets $0.05
Dorex2007: folds 
Mehanicar: calls $0.05
Vidko007: calls $0.05
Litgame: folds 
*** RIVER *** [4h Qh 9s 2s] [Kd]
FAACOPI: bets $0.12
Mehanicar: folds 
Vidko007: folds 
Uncalled bet ($0.12) returned to FAACOPI
FAACOPI collected $0.24 from pot
*** SUMMARY ***
Total pot $0.25 | Rake $0.01 
Board [4h Qh 9s 2s Kd]
Seat 1: Mehanicar folded on the River
Seat 2: Vidko007 folded on the River
Seat 3: bazr1 (button) folded before Flop (didn't bet)
Seat 4: Litgame (small blind) folded on the Turn
Seat 5: FAACOPI (big blind) collected ($0.24)
Seat 6: famedi folded before Flop (didn't bet)
Seat 7: geyza15 folded before Flop (didn't bet)
Seat 8: Dorex2007 folded on the Turn (didn't bet)
Seat 9: K.Tyrrell folded before Flop (didn't bet)



PokerStars Hand #233175473978:  Hold'em No Limit ($0.01/$0.02 USD) - 2022/01/15 17:28:03 PT [2022/01/15 20:28:03 ET]
Table 'Bandusia II' 9-max Seat #4 is the button
Seat 1: Mehanicar ($2.05 in chips) 
Seat 2: Vidko007 ($0.82 in chips) 
Seat 3: bazr1 ($2.01 in chips) 
Seat 4: Litgame ($3.45 in chips) 
Seat 6: famedi ($2.35 in chips) 
Seat 7: geyza15 ($3.82 in chips) 
Seat 8: Dorex2007 ($2 in chips) 
Seat 9: K.Tyrrell ($4.41 in chips) 
FAACOPI has timed out
FAACOPI: is sitting out 
famedi: posts small blind $0.01
geyza15: posts big blind $0.02
*** HOLE CARDS ***
Dealt to Dorex2007 [Kh Qc]
Dorex2007: folds 
K.Tyrrell has timed out
K.Tyrrell: folds 
Mehanicar: folds 
Mehanicar leaves the table
Vidko007: calls $0.02
bazr1: folds 
Litgame: folds 
famedi: folds 
geyza15: checks 
*** FLOP *** [5d 9c Ah]
geyza15: checks 
Vidko007: bets $0.02
geyza15: calls $0.02
*** TURN *** [5d 9c Ah] [6h]
geyza15: checks 
Vidko007: bets $0.04
geyza15: calls $0.04
*** RIVER *** [5d 9c Ah 6h] [Jh]
geyza15: bets $0.08
Vidko007: calls $0.08
*** SHOW DOWN ***
geyza15: shows [Js 9h] (two pair, Jacks and Nines)
Vidko007: mucks hand 
geyza15 collected $0.32 from pot
*** SUMMARY ***
Total pot $0.33 | Rake $0.01 
Board [5d 9c Ah 6h Jh]
Seat 1: Mehanicar folded before Flop (didn't bet)
Seat 2: Vidko007 mucked [7s 9d]
Seat 3: bazr1 folded before Flop (didn't bet)
Seat 4: Litgame (button) folded before Flop (didn't bet)
Seat 6: famedi (small blind) folded before Flop
Seat 7: geyza15 (big blind) showed [Js 9h] and won ($0.32) with two pair, Jacks and Nines
Seat 8: Dorex2007 folded before Flop (didn't bet)
Seat 9: K.Tyrrell folded before Flop (didn't bet)



PokerStars Hand #233175500308:  Hold'em No Limit ($0.01/$0.02 USD) - 2022/01/15 17:29:23 PT [2022/01/15 20:29:23 ET]
Table 'Bandusia II' 9-max Seat #6 is the button
Seat 2: Vidko007 ($0.66 in chips) 
Seat 3: bazr1 ($2.01 in chips) 
Seat 4: Litgame ($3.45 in chips) 
Seat 5: FAACOPI ($1.77 in chips) 
Seat 6: famedi ($2.34 in chips) 
Seat 7: geyza15 ($3.98 in chips) 
Seat 8: Dorex2007 ($2 in chips) 
Seat 9: K.Tyrrell ($4.41 in chips) 
geyza15: posts small blind $0.01
Dorex2007: posts big blind $0.02
FAACOPI: posts small blind $0.01
*** HOLE CARDS ***
Dealt to Dorex2007 [7s 5s]
K.Tyrrell: folds 
Vidko007: raises $0.02 to $0.04
bazr1: folds 
Litgame: folds 
FAACOPI: folds 
famedi: folds 
geyza15: folds 
harryml66 joins the table at seat #1 
Dorex2007: folds 
Uncalled bet ($0.02) returned to Vidko007
Vidko007 collected $0.06 from pot
Vidko007: doesn't show hand 
*** SUMMARY ***
Total pot $0.06 | Rake $0 
Seat 2: Vidko007 collected ($0.06)
Seat 3: bazr1 folded before Flop (didn't bet)
Seat 4: Litgame folded before Flop (didn't bet)
Seat 5: FAACOPI folded before Flop (didn't bet)
Seat 6: famedi (button) folded before Flop (didn't bet)
Seat 7: geyza15 (small blind) folded before Flop
Seat 8: Dorex2007 (big blind) folded before Flop
Seat 9: K.Tyrrell folded before Flop (didn't bet)



PokerStars Hand #233175510911:  Hold'em No Limit ($0.01/$0.02 USD) - 2022/01/15 17:29:55 PT [2022/01/15 20:29:55 ET]
Table 'Bandusia II' 9-max Seat #7 is the button
Seat 1: harryml66 ($1.50 in chips) 
Seat 2: Vidko007 ($0.70 in chips) 
Seat 3: bazr1 ($2.01 in chips) 
Seat 4: Litgame ($3.45 in chips) 
Seat 5: FAACOPI ($1.76 in chips) 
Seat 6: famedi ($2.34 in chips) 
Seat 7: geyza15 ($3.97 in chips) 
Seat 8: Dorex2007 ($2 in chips) 
Seat 9: K.Tyrrell ($4.41 in chips) 
Dorex2007: posts small blind $0.01
K.Tyrrell: posts big blind $0.02
harryml66: posts big blind $0.02
*** HOLE CARDS ***
Dealt to Dorex2007 [6h 7d]
harryml66: checks 
Vidko007: calls $0.02
bazr1: folds 
Litgame: folds 
FAACOPI: folds 
famedi: folds 
geyza15: calls $0.02
Dorex2007: folds 
K.Tyrrell: checks 
*** FLOP *** [Qh 8s 5s]
K.Tyrrell: checks 
harryml66: checks 
Vidko007: checks 
geyza15: checks 
*** TURN *** [Qh 8s 5s] [Ks]
K.Tyrrell: checks 
harryml66: checks 
Vidko007: checks 
geyza15: checks 
*** RIVER *** [Qh 8s 5s Ks] [4c]
K.Tyrrell: checks 
harryml66: bets $0.02
Vidko007: folds 
geyza15: folds 
K.Tyrrell: folds 
Uncalled bet ($0.02) returned to harryml66
harryml66 collected $0.09 from pot
harryml66: doesn't show hand 
*** SUMMARY ***
Total pot $0.09 | Rake $0 
Board [Qh 8s 5s Ks 4c]
Seat 1: harryml66 collected ($0.09)
Seat 2: Vidko007 folded on the River
Seat 3: bazr1 folded before Flop (didn't bet)
Seat 4: Litgame folded before Flop (didn't bet)
Seat 5: FAACOPI folded before Flop (didn't bet)
Seat 6: famedi folded before Flop (didn't bet)
Seat 7: geyza15 (button) folded on the River
Seat 8: Dorex2007 (small blind) folded before Flop
Seat 9: K.Tyrrell (big blind) folded on the River



PokerStars Hand #233175528693:  Hold'em No Limit ($0.01/$0.02 USD) - 2022/01/15 17:30:49 PT [2022/01/15 20:30:49 ET]
Table 'Bandusia II' 9-max Seat #8 is the button
Seat 1: harryml66 ($1.57 in chips) 
Seat 2: Vidko007 ($0.68 in chips) 
Seat 3: bazr1 ($2.01 in chips) 
Seat 4: Litgame ($3.45 in chips) 
Seat 5: FAACOPI ($1.76 in chips) 
Seat 6: famedi ($2.34 in chips) 
Seat 7: geyza15 ($3.95 in chips) 
Seat 8: Dorex2007 ($2 in chips) 
Seat 9: K.Tyrrell ($4.39 in chips) 
K.Tyrrell: posts small blind $0.01
harryml66: posts big blind $0.02
*** HOLE CARDS ***
Dealt to Dorex2007 [3s Qc]
Vidko007: calls $0.02
bazr1: folds 
Litgame: folds 
FAACOPI: folds 
famedi: folds 
geyza15: folds 
Dorex2007: folds 
K.Tyrrell: folds 
harryml66: checks 
*** FLOP *** [Ac Jh 6c]
harryml66: checks 
Vidko007: checks 
*** TURN *** [Ac Jh 6c] [3c]
harryml66: bets $0.02
Vidko007: calls $0.02
*** RIVER *** [Ac Jh 6c 3c] [4d]
harryml66: bets $0.02
Vidko007: folds 
Uncalled bet ($0.02) returned to harryml66
harryml66 collected $0.09 from pot
harryml66: doesn't show hand 
*** SUMMARY ***
Total pot $0.09 | Rake $0 
Board [Ac Jh 6c 3c 4d]
Seat 1: harryml66 (big blind) collected ($0.09)
Seat 2: Vidko007 folded on the River
Seat 3: bazr1 folded before Flop (didn't bet)
Seat 4: Litgame folded before Flop (didn't bet)
Seat 5: FAACOPI folded before Flop (didn't bet)
Seat 6: famedi folded before Flop (didn't bet)
Seat 7: geyza15 folded before Flop (didn't bet)
Seat 8: Dorex2007 (button) folded before Flop (didn't bet)
Seat 9: K.Tyrrell (small blind) folded before Flop



PokerStars Hand #233175539483:  Hold'em No Limit ($0.01/$0.02 USD) - 2022/01/15 17:31:22 PT [2022/01/15 20:31:22 ET]
Table 'Bandusia II' 9-max Seat #9 is the button
Seat 1: harryml66 ($1.62 in chips) 
Seat 2: Vidko007 ($0.64 in chips) 
Seat 3: bazr1 ($2.01 in chips) 
Seat 4: Litgame ($3.45 in chips) 
Seat 5: FAACOPI ($1.76 in chips) 
Seat 6: famedi ($2.34 in chips) 
Seat 7: geyza15 ($3.95 in chips) 
Seat 8: Dorex2007 ($2 in chips) 
Seat 9: K.Tyrrell ($4.38 in chips) 
harryml66: posts small blind $0.01
Vidko007: posts big blind $0.02
*** HOLE CARDS ***
Dealt to Dorex2007 [Tc 8s]
bazr1: raises $0.02 to $0.04
Litgame: folds 
FAACOPI: calls $0.04
famedi: folds 
geyza15: calls $0.04
Dorex2007: folds 
K.Tyrrell: folds 
harryml66: folds 
Vidko007: calls $0.02
*** FLOP *** [7h Jd 2s]
Vidko007: checks 
bazr1: bets $0.08
FAACOPI: calls $0.08
geyza15: folds 
Vidko007: calls $0.08
*** TURN *** [7h Jd 2s] [2h]
Vidko007: checks 
bazr1: bets $0.04
FAACOPI: calls $0.04
Vidko007: calls $0.04
*** RIVER *** [7h Jd 2s 2h] [6h]
Vidko007: checks 
bazr1: bets $0.04
FAACOPI: calls $0.04
Vidko007: folds 
*** SHOW DOWN ***
bazr1: shows [Ad As] (two pair, Aces and Deuces)
FAACOPI: mucks hand 
bazr1 collected $0.59 from pot
*** SUMMARY ***
Total pot $0.61 | Rake $0.02 
Board [7h Jd 2s 2h 6h]
Seat 1: harryml66 (small blind) folded before Flop
Seat 2: Vidko007 (big blind) folded on the River
Seat 3: bazr1 showed [Ad As] and won ($0.59) with two pair, Aces and Deuces
Seat 4: Litgame folded before Flop (didn't bet)
Seat 5: FAACOPI mucked [Ks Jc]
Seat 6: famedi folded before Flop (didn't bet)
Seat 7: geyza15 folded on the Flop
Seat 8: Dorex2007 folded before Flop (didn't bet)
Seat 9: K.Tyrrell (button) folded before Flop (didn't bet)



PokerStars Hand #233175567280:  Hold'em No Limit ($0.01/$0.02 USD) - 2022/01/15 17:32:47 PT [2022/01/15 20:32:47 ET]
Table 'Bandusia II' 9-max Seat #1 is the button
Seat 1: harryml66 ($1.61 in chips) 
Seat 2: Vidko007 ($0.48 in chips) 
Seat 3: bazr1 ($2.40 in chips) 
Seat 4: Litgame ($3.45 in chips) 
Seat 5: FAACOPI ($1.56 in chips) 
Seat 6: famedi ($2.34 in chips) 
Seat 7: geyza15 ($3.91 in chips) 
Seat 8: Dorex2007 ($2 in chips) 
Seat 9: K.Tyrrell ($4.38 in chips) 
Vidko007: posts small blind $0.01
bazr1: posts big blind $0.02
*** HOLE CARDS ***
Dealt to Dorex2007 [7s 5c]
Litgame: folds 
FAACOPI: folds 
famedi: folds 
geyza15: folds 
Dorex2007: folds 
K.Tyrrell: raises $0.04 to $0.06
harryml66: calls $0.06
Vidko007: calls $0.05
bazr1: folds 
*** FLOP *** [9d Jh 2s]
Vidko007: checks 
K.Tyrrell: checks 
harryml66: checks 
*** TURN *** [9d Jh 2s] [As]
Vidko007: checks 
K.Tyrrell: checks 
harryml66: checks 
*** RIVER *** [9d Jh 2s As] [9c]
Vidko007: checks 
K.Tyrrell: checks 
harryml66: bets $0.06
Vidko007: folds 
K.Tyrrell: folds 
Uncalled bet ($0.06) returned to harryml66
harryml66 collected $0.19 from pot
harryml66: doesn't show hand 
*** SUMMARY ***
Total pot $0.20 | Rake $0.01 
Board [9d Jh 2s As 9c]
Seat 1: harryml66 (button) collected ($0.19)
Seat 2: Vidko007 (small blind) folded on the River
Seat 3: bazr1 (big blind) folded before Flop
Seat 4: Litgame folded before Flop (didn't bet)
Seat 5: FAACOPI folded before Flop (didn't bet)
Seat 6: famedi folded before Flop (didn't bet)
Seat 7: geyza15 folded before Flop (didn't bet)
Seat 8: Dorex2007 folded before Flop (didn't bet)
Seat 9: K.Tyrrell folded on the River



PokerStars Hand #233175583312:  Hold'em No Limit ($0.01/$0.02 USD) - 2022/01/15 17:33:36 PT [2022/01/15 20:33:36 ET]
Table 'Bandusia II' 9-max Seat #2 is the button
Seat 1: harryml66 ($1.74 in chips) 
Seat 2: Vidko007 ($0.42 in chips) 
Seat 3: bazr1 ($2.38 in chips) 
Seat 4: Litgame ($3.45 in chips) 
Seat 5: FAACOPI ($1.56 in chips) 
Seat 6: famedi ($2.34 in chips) 
Seat 7: geyza15 ($3.91 in chips) 
Seat 8: Dorex2007 ($2 in chips) 
Seat 9: K.Tyrrell ($4.32 in chips) 
bazr1: posts small blind $0.01
Litgame: posts big blind $0.02
*** HOLE CARDS ***
Dealt to Dorex2007 [7h 3d]
FAACOPI: folds 
famedi: folds 
geyza15: folds 
Dorex2007: folds 
K.Tyrrell: raises $0.04 to $0.06
harryml66: folds 
Vidko007: calls $0.06
bazr1: folds 
Litgame: folds 
*** FLOP *** [Ks 7s 9d]
Litgame leaves the table
K.Tyrrell: bets $0.10
Vidko007: calls $0.10
*** TURN *** [Ks 7s 9d] [Th]
K.Tyrrell: bets $0.26
Vidko007: calls $0.26 and is all-in
*** RIVER *** [Ks 7s 9d Th] [4d]
*** SHOW DOWN ***
K.Tyrrell: shows [Ad As] (a pair of Aces)
Vidko007: shows [8s 9s] (a pair of Nines)
K.Tyrrell collected $0.84 from pot
Vidko007 cashed out the hand for $0.36
*** SUMMARY ***
Total pot $0.87 | Rake $0.03 
Board [Ks 7s 9d Th 4d]
Seat 1: harryml66 folded before Flop (didn't bet)
Seat 2: Vidko007 (button) showed [8s 9s] and lost with a pair of Nines (cashed out).
Seat 3: bazr1 (small blind) folded before Flop
Seat 4: Litgame (big blind) folded before Flop
Seat 5: FAACOPI folded before Flop (didn't bet)
Seat 6: famedi folded before Flop (didn't bet)
Seat 7: geyza15 folded before Flop (didn't bet)
Seat 8: Dorex2007 folded before Flop (didn't bet)
Seat 9: K.Tyrrell showed [Ad As] and won ($0.84) with a pair of Aces



PokerStars Hand #233175598060:  Hold'em No Limit ($0.01/$0.02 USD) - 2022/01/15 17:34:21 PT [2022/01/15 20:34:21 ET]
Table 'Bandusia II' 9-max Seat #3 is the button
Seat 1: harryml66 ($1.74 in chips) 
Seat 2: Vidko007 ($0.36 in chips) 
Seat 3: bazr1 ($2.37 in chips) 
Seat 5: FAACOPI ($1.56 in chips) 
Seat 6: famedi ($2.34 in chips) 
Seat 7: geyza15 ($3.91 in chips) 
Seat 8: Dorex2007 ($2 in chips) 
Seat 9: K.Tyrrell ($4.74 in chips) 
FAACOPI: posts small blind $0.01
famedi: posts big blind $0.02
*** HOLE CARDS ***
Dealt to Dorex2007 [2d Ad]
Haval808 joins the table at seat #4 
geyza15: calls $0.02
Dorex2007: folds 
K.Tyrrell: folds 
harryml66: folds 
Vidko007: calls $0.02
bazr1: folds 
FAACOPI: folds 
famedi: checks 
*** FLOP *** [Kh 8s 5d]
famedi: checks 
geyza15: checks 
Vidko007: checks 
*** TURN *** [Kh 8s 5d] [4c]
famedi: checks 
geyza15: bets $0.05
Vidko007: folds 
famedi: folds 
Uncalled bet ($0.05) returned to geyza15
geyza15 collected $0.07 from pot
geyza15: doesn't show hand 
*** SUMMARY ***
Total pot $0.07 | Rake $0 
Board [Kh 8s 5d 4c]
Seat 1: harryml66 folded before Flop (didn't bet)
Seat 2: Vidko007 folded on the Turn
Seat 3: bazr1 (button) folded before Flop (didn't bet)
Seat 5: FAACOPI (small blind) folded before Flop
Seat 6: famedi (big blind) folded on the Turn
Seat 7: geyza15 collected ($0.07)
Seat 8: Dorex2007 folded before Flop (didn't bet)
Seat 9: K.Tyrrell folded before Flop (didn't bet)



