PokerStars Hand #230720164746:  Hold'em No Limit ($0.01/$0.02 USD) - 2021/10/18 22:14:38 PT [2021/10/19 1:14:38 ET]
Table 'Thessalia IV' 9-max Seat #5 is the button
Seat 1: dmitriy sakh ($2.06 in chips) 
Seat 4: Dorex2007 ($2 in chips) 
Seat 5: williams9897819 ($1.35 in chips) 
Seat 6: urka_epu ($2.29 in chips) 
Seat 7: VFK1 ($1.64 in chips) 
Seat 8: TNV1984 ($2.91 in chips) 
Seat 9: <!>E H P ! P ($2.07 in chips) 
urka_epu: posts small blind $0.01
VFK1: posts big blind $0.02
Dorex2007: posts small & big blinds $0.03
*** HOLE CARDS ***
Dealt to Dorex2007 [7h Ac]
TNV1984: folds 
<!>E H P ! P: folds 
dmitriy sakh: folds 
Dorex2007: checks 
williams9897819: folds 
urka_epu: folds 
VFK1: checks 
*** FLOP *** [Kd 8c Qs]
VFK1: checks 
Dorex2007: checks 
*** TURN *** [Kd 8c Qs] [Jh]
VFK1: bets $0.06
Dorex2007: folds 
Uncalled bet ($0.06) returned to VFK1
VFK1 collected $0.06 from pot
VFK1: doesn't show hand 
*** SUMMARY ***
Total pot $0.06 | Rake $0 
Board [Kd 8c Qs Jh]
Seat 1: dmitriy sakh folded before Flop (didn't bet)
Seat 4: Dorex2007 folded on the Turn (didn't bet)
Seat 5: williams9897819 (button) folded before Flop (didn't bet)
Seat 6: urka_epu (small blind) folded before Flop
Seat 7: VFK1 (big blind) collected ($0.06)
Seat 8: TNV1984 folded before Flop (didn't bet)
Seat 9: <!>E H P ! P folded before Flop (didn't bet)



PokerStars Hand #230720169086:  Hold'em No Limit ($0.01/$0.02 USD) - 2021/10/18 22:15:12 PT [2021/10/19 1:15:12 ET]
Table 'Thessalia IV' 9-max Seat #6 is the button
Seat 1: dmitriy sakh ($2.06 in chips) 
Seat 4: Dorex2007 ($2 in chips) 
Seat 5: williams9897819 ($1.35 in chips) 
Seat 6: urka_epu ($2.28 in chips) 
Seat 7: VFK1 ($1.68 in chips) 
Seat 8: TNV1984 ($2.91 in chips) 
Seat 9: <!>E H P ! P ($2.07 in chips) 
VFK1: posts small blind $0.01
TNV1984: posts big blind $0.02
*** HOLE CARDS ***
Dealt to Dorex2007 [7c 9c]
<!>E H P ! P: folds 
dmitriy sakh: folds 
Dorex2007: folds 
williams9897819: folds 
urka_epu: raises $0.04 to $0.06
VFK1: folds 
TNV1984: folds 
Uncalled bet ($0.04) returned to urka_epu
TNV1984 leaves the table
urka_epu collected $0.05 from pot
urka_epu: doesn't show hand 
*** SUMMARY ***
Total pot $0.05 | Rake $0 
Seat 1: dmitriy sakh folded before Flop (didn't bet)
Seat 4: Dorex2007 folded before Flop (didn't bet)
Seat 5: williams9897819 folded before Flop (didn't bet)
Seat 6: urka_epu (button) collected ($0.05)
Seat 7: VFK1 (small blind) folded before Flop
Seat 8: TNV1984 (big blind) folded before Flop
Seat 9: <!>E H P ! P folded before Flop (didn't bet)



PokerStars Hand #230720171550:  Hold'em No Limit ($0.01/$0.02 USD) - 2021/10/18 22:15:32 PT [2021/10/19 1:15:32 ET]
Table 'Thessalia IV' 9-max Seat #7 is the button
Seat 1: dmitriy sakh ($2.06 in chips) 
Seat 4: Dorex2007 ($2 in chips) 
Seat 5: williams9897819 ($1.35 in chips) 
Seat 6: urka_epu ($2.31 in chips) 
Seat 7: VFK1 ($1.67 in chips) 
Seat 9: <!>E H P ! P ($2.07 in chips) 
<!>E H P ! P: posts small blind $0.01
dmitriy sakh: posts big blind $0.02
*** HOLE CARDS ***
Dealt to Dorex2007 [3d 8d]
Dorex2007: folds 
williams9897819: calls $0.02
urka_epu: folds 
VFK1: folds 
<!>E H P ! P: folds 
dmitriy sakh: checks 
*** FLOP *** [Qh Jc 6h]
dmitriy sakh: checks 
williams9897819: checks 
*** TURN *** [Qh Jc 6h] [7h]
dmitriy sakh: checks 
williams9897819: checks 
*** RIVER *** [Qh Jc 6h 7h] [6s]
dmitriy sakh: checks 
williams9897819: checks 
*** SHOW DOWN ***
dmitriy sakh: shows [Jh 4s] (two pair, Jacks and Sixes)
williams9897819: mucks hand 
dmitriy sakh collected $0.05 from pot
*** SUMMARY ***
Total pot $0.05 | Rake $0 
Board [Qh Jc 6h 7h 6s]
Seat 1: dmitriy sakh (big blind) showed [Jh 4s] and won ($0.05) with two pair, Jacks and Sixes
Seat 4: Dorex2007 folded before Flop (didn't bet)
Seat 5: williams9897819 mucked [7d 9c]
Seat 6: urka_epu folded before Flop (didn't bet)
Seat 7: VFK1 (button) folded before Flop (didn't bet)
Seat 9: <!>E H P ! P (small blind) folded before Flop



PokerStars Hand #230720174927:  Hold'em No Limit ($0.01/$0.02 USD) - 2021/10/18 22:15:58 PT [2021/10/19 1:15:58 ET]
Table 'Thessalia IV' 9-max Seat #9 is the button
Seat 1: dmitriy sakh ($2.09 in chips) 
Seat 4: Dorex2007 ($2 in chips) 
Seat 5: williams9897819 ($1.33 in chips) 
Seat 6: urka_epu ($2.31 in chips) 
Seat 7: VFK1 ($1.67 in chips) 
Seat 9: <!>E H P ! P ($2.06 in chips) 
dmitriy sakh: posts small blind $0.01
Dorex2007: posts big blind $0.02
*** HOLE CARDS ***
Dealt to Dorex2007 [Jc Th]
williams9897819: calls $0.02
urka_epu: folds 
VFK1: folds 
<!>E H P ! P: calls $0.02
dmitriy sakh: folds 
Dorex2007: checks 
*** FLOP *** [Jd 7d 5d]
Dorex2007: checks 
williams9897819: checks 
<!>E H P ! P: checks 
*** TURN *** [Jd 7d 5d] [3h]
Dorex2007: bets $0.04
williams9897819: calls $0.04
<!>E H P ! P: folds 
*** RIVER *** [Jd 7d 5d 3h] [Jh]
Dorex2007: checks 
williams9897819: checks 
*** SHOW DOWN ***
Dorex2007: shows [Jc Th] (three of a kind, Jacks)
williams9897819: mucks hand 
Dorex2007 collected $0.14 from pot
Artmis 33 leaves the table
KZabolotskii leaves the table
*** SUMMARY ***
Total pot $0.15 | Rake $0.01 
Board [Jd 7d 5d 3h Jh]
Seat 1: dmitriy sakh (small blind) folded before Flop
Seat 4: Dorex2007 (big blind) showed [Jc Th] and won ($0.14) with three of a kind, Jacks
Seat 5: williams9897819 mucked [9s 9h]
Seat 6: urka_epu folded before Flop (didn't bet)
Seat 7: VFK1 folded before Flop (didn't bet)
Seat 9: <!>E H P ! P (button) folded on the Turn



PokerStars Hand #230720179838:  Hold'em No Limit ($0.01/$0.02 USD) - 2021/10/18 22:16:37 PT [2021/10/19 1:16:37 ET]
Table 'Thessalia IV' 9-max Seat #1 is the button
Seat 1: dmitriy sakh ($2.08 in chips) 
Seat 4: Dorex2007 ($2.08 in chips) 
Seat 5: williams9897819 ($1.27 in chips) 
Seat 6: urka_epu ($2.31 in chips) 
Seat 7: VFK1 ($1.67 in chips) 
Seat 9: <!>E H P ! P ($2.04 in chips) 
Dorex2007: posts small blind $0.01
williams9897819: posts big blind $0.02
*** HOLE CARDS ***
Dealt to Dorex2007 [5h 7h]
urka_epu: folds 
VFK1: folds 
<!>E H P ! P: raises $0.04 to $0.06
dmitriy sakh: folds 
Dorex2007: folds 
williams9897819: calls $0.04
*** FLOP *** [2h 5c 4s]
williams9897819: checks 
<!>E H P ! P: checks 
*** TURN *** [2h 5c 4s] [Ts]
williams9897819: checks 
<!>E H P ! P: checks 
*** RIVER *** [2h 5c 4s Ts] [4c]
MSKVOSTOK joins the table at seat #2 
williams9897819: bets $0.02
Artmis 33 joins the table at seat #8 
<!>E H P ! P: folds 
Uncalled bet ($0.02) returned to williams9897819
williams9897819 collected $0.13 from pot
williams9897819: doesn't show hand 
*** SUMMARY ***
Total pot $0.13 | Rake $0 
Board [2h 5c 4s Ts 4c]
Seat 1: dmitriy sakh (button) folded before Flop (didn't bet)
Seat 4: Dorex2007 (small blind) folded before Flop
Seat 5: williams9897819 (big blind) collected ($0.13)
Seat 6: urka_epu folded before Flop (didn't bet)
Seat 7: VFK1 folded before Flop (didn't bet)
Seat 9: <!>E H P ! P folded on the River



PokerStars Hand #230720185308:  Hold'em No Limit ($0.01/$0.02 USD) - 2021/10/18 22:17:21 PT [2021/10/19 1:17:21 ET]
Table 'Thessalia IV' 9-max Seat #4 is the button
Seat 1: dmitriy sakh ($2.08 in chips) 
Seat 4: Dorex2007 ($2.07 in chips) 
Seat 5: williams9897819 ($1.34 in chips) 
Seat 6: urka_epu ($2.31 in chips) 
Seat 7: VFK1 ($1.67 in chips) 
Seat 9: <!>E H P ! P ($2 in chips) 
williams9897819: posts small blind $0.01
urka_epu: posts big blind $0.02
Artmis 33: sits out 
MSKVOSTOK: sits out 
*** HOLE CARDS ***
Dealt to Dorex2007 [As Kh]
VFK1: folds 
<!>E H P ! P: folds 
dmitriy sakh: raises $0.02 to $0.04
Dorex2007: raises $0.02 to $0.06
williams9897819: folds 
urka_epu: calls $0.04
dmitriy sakh: calls $0.02
*** FLOP *** [Kc 8s 2s]
urka_epu: checks 
dmitriy sakh: checks 
Dorex2007: bets $0.12
urka_epu: folds 
dmitriy sakh: folds 
Uncalled bet ($0.12) returned to Dorex2007
Dorex2007 collected $0.18 from pot
Dorex2007: doesn't show hand 
*** SUMMARY ***
Total pot $0.19 | Rake $0.01 
Board [Kc 8s 2s]
Seat 1: dmitriy sakh folded on the Flop
Seat 4: Dorex2007 (button) collected ($0.18)
Seat 5: williams9897819 (small blind) folded before Flop
Seat 6: urka_epu (big blind) folded on the Flop
Seat 7: VFK1 folded before Flop (didn't bet)
Seat 9: <!>E H P ! P folded before Flop (didn't bet)



PokerStars Hand #230720191928:  Hold'em No Limit ($0.01/$0.02 USD) - 2021/10/18 22:18:14 PT [2021/10/19 1:18:14 ET]
Table 'Thessalia IV' 9-max Seat #5 is the button
Seat 1: dmitriy sakh ($2.02 in chips) 
Seat 2: MSKVOSTOK ($0.80 in chips) 
Seat 4: Dorex2007 ($2.19 in chips) 
Seat 5: williams9897819 ($1.33 in chips) 
Seat 6: urka_epu ($2.25 in chips) 
Seat 7: VFK1 ($1.67 in chips) 
Seat 9: <!>E H P ! P ($2 in chips) 
urka_epu: posts small blind $0.01
VFK1: posts big blind $0.02
Artmis 33: sits out 
MSKVOSTOK: posts big blind $0.02
*** HOLE CARDS ***
Dealt to Dorex2007 [6c 8d]
<!>E H P ! P: folds 
dmitriy sakh: folds 
MSKVOSTOK: raises $0.02 to $0.04
Dorex2007: folds 
williams9897819: calls $0.04
urka_epu: folds 
VFK1: calls $0.02
*** FLOP *** [3c 3h 4d]
VFK1: bets $0.04
MSKVOSTOK: folds 
williams9897819: folds 
Uncalled bet ($0.04) returned to VFK1
VFK1 collected $0.13 from pot
VFK1: doesn't show hand 
*** SUMMARY ***
Total pot $0.13 | Rake $0 
Board [3c 3h 4d]
Seat 1: dmitriy sakh folded before Flop (didn't bet)
Seat 2: MSKVOSTOK folded on the Flop
Seat 4: Dorex2007 folded before Flop (didn't bet)
Seat 5: williams9897819 (button) folded on the Flop
Seat 6: urka_epu (small blind) folded before Flop
Seat 7: VFK1 (big blind) collected ($0.13)
Seat 9: <!>E H P ! P folded before Flop (didn't bet)



PokerStars Hand #230720194249:  Hold'em No Limit ($0.01/$0.02 USD) - 2021/10/18 22:18:33 PT [2021/10/19 1:18:33 ET]
Table 'Thessalia IV' 9-max Seat #6 is the button
Seat 1: dmitriy sakh ($2.02 in chips) 
Seat 2: MSKVOSTOK ($0.76 in chips) 
Seat 4: Dorex2007 ($2.19 in chips) 
Seat 5: williams9897819 ($1.29 in chips) 
Seat 6: urka_epu ($2.24 in chips) 
Seat 7: VFK1 ($1.76 in chips) 
Seat 8: Artmis 33 ($2 in chips) 
Seat 9: <!>E H P ! P ($2 in chips) 
VFK1: posts small blind $0.01
Artmis 33: posts big blind $0.02
*** HOLE CARDS ***
Dealt to Dorex2007 [2s Ts]
<!>E H P ! P: folds 
dmitriy sakh: folds 
MSKVOSTOK: folds 
Dorex2007: folds 
williams9897819: folds 
urka_epu: raises $0.04 to $0.06
VFK1: folds 
Artmis 33: calls $0.04
*** FLOP *** [Js 4d 5c]
Artmis 33: checks 
urka_epu: bets $0.06
Artmis 33: calls $0.06
*** TURN *** [Js 4d 5c] [7s]
Artmis 33: checks 
urka_epu: bets $0.12
Artmis 33: calls $0.12
*** RIVER *** [Js 4d 5c 7s] [3s]
Artmis 33: checks 
urka_epu: checks 
*** SHOW DOWN ***
Artmis 33: shows [Jc Td] (a pair of Jacks)
urka_epu: mucks hand 
Artmis 33 collected $0.47 from pot
*** SUMMARY ***
Total pot $0.49 | Rake $0.02 
Board [Js 4d 5c 7s 3s]
Seat 1: dmitriy sakh folded before Flop (didn't bet)
Seat 2: MSKVOSTOK folded before Flop (didn't bet)
Seat 4: Dorex2007 folded before Flop (didn't bet)
Seat 5: williams9897819 folded before Flop (didn't bet)
Seat 6: urka_epu (button) mucked [Ah Qh]
Seat 7: VFK1 (small blind) folded before Flop
Seat 8: Artmis 33 (big blind) showed [Jc Td] and won ($0.47) with a pair of Jacks
Seat 9: <!>E H P ! P folded before Flop (didn't bet)



PokerStars Hand #230720204901:  Hold'em No Limit ($0.01/$0.02 USD) - 2021/10/18 22:19:24 PT [2021/10/19 1:19:24 ET]
Table 'Thessalia IV' 9-max Seat #7 is the button
Seat 1: dmitriy sakh ($2.02 in chips) 
Seat 2: MSKVOSTOK ($0.76 in chips) 
Seat 4: Dorex2007 ($2.19 in chips) 
Seat 5: williams9897819 ($1.29 in chips) 
Seat 6: urka_epu ($2 in chips) 
Seat 7: VFK1 ($1.75 in chips) 
Seat 8: Artmis 33 ($2.23 in chips) 
Seat 9: <!>E H P ! P ($2 in chips) 
Artmis 33: posts small blind $0.01
<!>E H P ! P: posts big blind $0.02
*** HOLE CARDS ***
Dealt to Dorex2007 [7h 6s]
dmitriy sakh: folds 
MSKVOSTOK: raises $0.02 to $0.04
Dorex2007: folds 
williams9897819: folds 
urka_epu: calls $0.04
Brajinn joins the table at seat #3 
VFK1: calls $0.04
Artmis 33: calls $0.03
<!>E H P ! P: calls $0.02
*** FLOP *** [4s 5h Jh]
Artmis 33: checks 
<!>E H P ! P: checks 
MSKVOSTOK: checks 
urka_epu: checks 
VFK1: bets $0.06
Artmis 33: folds 
<!>E H P ! P: folds 
MSKVOSTOK: folds 
urka_epu: calls $0.06
*** TURN *** [4s 5h Jh] [Kc]
urka_epu: checks 
VFK1: bets $0.06
urka_epu: calls $0.06
*** RIVER *** [4s 5h Jh Kc] [3c]
urka_epu: checks 
VFK1: checks 
*** SHOW DOWN ***
urka_epu: shows [7s 5s] (a pair of Fives)
VFK1: mucks hand 
urka_epu collected $0.42 from pot
*** SUMMARY ***
Total pot $0.44 | Rake $0.02 
Board [4s 5h Jh Kc 3c]
Seat 1: dmitriy sakh folded before Flop (didn't bet)
Seat 2: MSKVOSTOK folded on the Flop
Seat 4: Dorex2007 folded before Flop (didn't bet)
Seat 5: williams9897819 folded before Flop (didn't bet)
Seat 6: urka_epu showed [7s 5s] and won ($0.42) with a pair of Fives
Seat 7: VFK1 (button) mucked [6c 4c]
Seat 8: Artmis 33 (small blind) folded on the Flop
Seat 9: <!>E H P ! P (big blind) folded on the Flop



PokerStars Hand #230720223304:  Hold'em No Limit ($0.01/$0.02 USD) - 2021/10/18 22:20:37 PT [2021/10/19 1:20:37 ET]
Table 'Thessalia IV' 9-max Seat #8 is the button
Seat 1: dmitriy sakh ($2.02 in chips) 
Seat 2: MSKVOSTOK ($0.72 in chips) 
Seat 4: Dorex2007 ($2.19 in chips) 
Seat 5: williams9897819 ($1.29 in chips) 
Seat 6: urka_epu ($2.26 in chips) 
Seat 7: VFK1 ($1.59 in chips) 
Seat 8: Artmis 33 ($2.19 in chips) 
Seat 9: <!>E H P ! P ($2 in chips) 
<!>E H P ! P: posts small blind $0.01
dmitriy sakh: posts big blind $0.02
Brajinn: sits out 
*** HOLE CARDS ***
Dealt to Dorex2007 [Qh 8h]
MSKVOSTOK: folds 
Dorex2007: folds 
williams9897819: folds 
urka_epu: folds 
VFK1: folds 
Artmis 33: folds 
<!>E H P ! P: folds 
Uncalled bet ($0.01) returned to dmitriy sakh
dmitriy sakh collected $0.02 from pot
dmitriy sakh: doesn't show hand 
*** SUMMARY ***
Total pot $0.02 | Rake $0 
Seat 1: dmitriy sakh (big blind) collected ($0.02)
Seat 2: MSKVOSTOK folded before Flop (didn't bet)
Seat 4: Dorex2007 folded before Flop (didn't bet)
Seat 5: williams9897819 folded before Flop (didn't bet)
Seat 6: urka_epu folded before Flop (didn't bet)
Seat 7: VFK1 folded before Flop (didn't bet)
Seat 8: Artmis 33 (button) folded before Flop (didn't bet)
Seat 9: <!>E H P ! P (small blind) folded before Flop



PokerStars Hand #230720225222:  Hold'em No Limit ($0.01/$0.02 USD) - 2021/10/18 22:20:53 PT [2021/10/19 1:20:53 ET]
Table 'Thessalia IV' 9-max Seat #9 is the button
Seat 1: dmitriy sakh ($2.03 in chips) 
Seat 2: MSKVOSTOK ($0.72 in chips) 
Seat 4: Dorex2007 ($2.19 in chips) 
Seat 5: williams9897819 ($1.29 in chips) 
Seat 6: urka_epu ($2.26 in chips) 
Seat 7: VFK1 ($1.59 in chips) 
Seat 8: Artmis 33 ($2.19 in chips) 
Seat 9: <!>E H P ! P ($2 in chips) 
dmitriy sakh: posts small blind $0.01
MSKVOSTOK: posts big blind $0.02
Brajinn: sits out 
*** HOLE CARDS ***
Dealt to Dorex2007 [8s Ac]
Dorex2007: folds 
williams9897819: folds 
urka_epu: raises $0.04 to $0.06
VFK1: folds 
Artmis 33: folds 
<!>E H P ! P: folds 
dmitriy sakh: folds 
MSKVOSTOK: folds 
Uncalled bet ($0.04) returned to urka_epu
urka_epu collected $0.05 from pot
urka_epu: doesn't show hand 
*** SUMMARY ***
Total pot $0.05 | Rake $0 
Seat 1: dmitriy sakh (small blind) folded before Flop
Seat 2: MSKVOSTOK (big blind) folded before Flop
Seat 4: Dorex2007 folded before Flop (didn't bet)
Seat 5: williams9897819 folded before Flop (didn't bet)
Seat 6: urka_epu collected ($0.05)
Seat 7: VFK1 folded before Flop (didn't bet)
Seat 8: Artmis 33 folded before Flop (didn't bet)
Seat 9: <!>E H P ! P (button) folded before Flop (didn't bet)



PokerStars Hand #230720227468:  Hold'em No Limit ($0.01/$0.02 USD) - 2021/10/18 22:21:11 PT [2021/10/19 1:21:11 ET]
Table 'Thessalia IV' 9-max Seat #1 is the button
Seat 1: dmitriy sakh ($2.02 in chips) 
Seat 2: MSKVOSTOK ($0.70 in chips) 
Seat 3: Brajinn ($0.80 in chips) 
Seat 4: Dorex2007 ($2.19 in chips) 
Seat 5: williams9897819 ($1.29 in chips) 
Seat 6: urka_epu ($2.29 in chips) 
Seat 7: VFK1 ($1.59 in chips) 
Seat 8: Artmis 33 ($2.19 in chips) 
Seat 9: <!>E H P ! P ($2 in chips) 
MSKVOSTOK: posts small blind $0.01
Brajinn: posts big blind $0.02
*** HOLE CARDS ***
Dealt to Dorex2007 [9s Qs]
Dorex2007: folds 
williams9897819: calls $0.02
urka_epu: folds 
VFK1: calls $0.02
Artmis 33: folds 
<!>E H P ! P: folds 
dmitriy sakh: folds 
MSKVOSTOK: raises $0.02 to $0.04
Brajinn: calls $0.02
williams9897819: calls $0.02
VFK1: calls $0.02
*** FLOP *** [Ac 4d Jd]
MSKVOSTOK: bets $0.04
Brajinn: calls $0.04
williams9897819: folds 
VFK1: folds 
*** TURN *** [Ac 4d Jd] [2c]
MSKVOSTOK: bets $0.06
Brajinn: raises $0.06 to $0.12
MSKVOSTOK: calls $0.06
*** RIVER *** [Ac 4d Jd 2c] [8d]
MSKVOSTOK: checks 
Brajinn: checks 
*** SHOW DOWN ***
MSKVOSTOK: shows [Qd Js] (a pair of Jacks)
Brajinn: shows [As Jh] (two pair, Aces and Jacks)
Brajinn collected $0.46 from pot
*** SUMMARY ***
Total pot $0.48 | Rake $0.02 
Board [Ac 4d Jd 2c 8d]
Seat 1: dmitriy sakh (button) folded before Flop (didn't bet)
Seat 2: MSKVOSTOK (small blind) showed [Qd Js] and lost with a pair of Jacks
Seat 3: Brajinn (big blind) showed [As Jh] and won ($0.46) with two pair, Aces and Jacks
Seat 4: Dorex2007 folded before Flop (didn't bet)
Seat 5: williams9897819 folded on the Flop
Seat 6: urka_epu folded before Flop (didn't bet)
Seat 7: VFK1 folded on the Flop
Seat 8: Artmis 33 folded before Flop (didn't bet)
Seat 9: <!>E H P ! P folded before Flop (didn't bet)



PokerStars Hand #230720240361:  Hold'em No Limit ($0.01/$0.02 USD) - 2021/10/18 22:21:53 PT [2021/10/19 1:21:53 ET]
Table 'Thessalia IV' 9-max Seat #2 is the button
Seat 1: dmitriy sakh ($2.02 in chips) 
Seat 2: MSKVOSTOK ($0.50 in chips) 
Seat 3: Brajinn ($1.06 in chips) 
Seat 4: Dorex2007 ($2.19 in chips) 
Seat 5: williams9897819 ($1.25 in chips) 
Seat 6: urka_epu ($2.29 in chips) 
Seat 7: VFK1 ($1.55 in chips) 
Seat 8: Artmis 33 ($2.19 in chips) 
Seat 9: <!>E H P ! P ($2 in chips) 
Brajinn: posts small blind $0.01
Dorex2007: posts big blind $0.02
*** HOLE CARDS ***
Dealt to Dorex2007 [2c 6h]
williams9897819: folds 
urka_epu: folds 
VFK1: folds 
Artmis 33: raises $0.02 to $0.04
<!>E H P ! P: raises $0.11 to $0.15
dmitriy sakh: folds 
MSKVOSTOK: folds 
Brajinn: folds 
Dorex2007: folds 
Artmis 33: folds 
Uncalled bet ($0.11) returned to <!>E H P ! P
<!>E H P ! P collected $0.11 from pot
<!>E H P ! P: doesn't show hand 
*** SUMMARY ***
Total pot $0.11 | Rake $0 
Seat 1: dmitriy sakh folded before Flop (didn't bet)
Seat 2: MSKVOSTOK (button) folded before Flop (didn't bet)
Seat 3: Brajinn (small blind) folded before Flop
Seat 4: Dorex2007 (big blind) folded before Flop
Seat 5: williams9897819 folded before Flop (didn't bet)
Seat 6: urka_epu folded before Flop (didn't bet)
Seat 7: VFK1 folded before Flop (didn't bet)
Seat 8: Artmis 33 folded before Flop
Seat 9: <!>E H P ! P collected ($0.11)



PokerStars Hand #230720244078:  Hold'em No Limit ($0.01/$0.02 USD) - 2021/10/18 22:22:23 PT [2021/10/19 1:22:23 ET]
Table 'Thessalia IV' 9-max Seat #3 is the button
Seat 1: dmitriy sakh ($2.02 in chips) 
Seat 2: MSKVOSTOK ($0.50 in chips) 
Seat 3: Brajinn ($1.05 in chips) 
Seat 4: Dorex2007 ($2.17 in chips) 
Seat 5: williams9897819 ($1.25 in chips) 
Seat 6: urka_epu ($2.29 in chips) 
Seat 7: VFK1 ($1.55 in chips) 
Seat 8: Artmis 33 ($2.15 in chips) 
Seat 9: <!>E H P ! P ($2.07 in chips) 
Dorex2007: posts small blind $0.01
williams9897819: posts big blind $0.02
*** HOLE CARDS ***
Dealt to Dorex2007 [3c Tc]
urka_epu: folds 
VFK1: folds 
Artmis 33: raises $0.02 to $0.04
<!>E H P ! P: folds 
dmitriy sakh: folds 
MSKVOSTOK: calls $0.04
Brajinn: folds 
Dorex2007: folds 
williams9897819: folds 
*** FLOP *** [Qd Jh Qs]
Artmis 33: checks 
MSKVOSTOK: checks 
*** TURN *** [Qd Jh Qs] [2c]
Artmis 33: bets $0.06
MSKVOSTOK: folds 
Uncalled bet ($0.06) returned to Artmis 33
Artmis 33 collected $0.11 from pot
Artmis 33: doesn't show hand 
*** SUMMARY ***
Total pot $0.11 | Rake $0 
Board [Qd Jh Qs 2c]
Seat 1: dmitriy sakh folded before Flop (didn't bet)
Seat 2: MSKVOSTOK folded on the Turn
Seat 3: Brajinn (button) folded before Flop (didn't bet)
Seat 4: Dorex2007 (small blind) folded before Flop
Seat 5: williams9897819 (big blind) folded before Flop
Seat 6: urka_epu folded before Flop (didn't bet)
Seat 7: VFK1 folded before Flop (didn't bet)
Seat 8: Artmis 33 collected ($0.11)
Seat 9: <!>E H P ! P folded before Flop (didn't bet)



PokerStars Hand #230720248118:  Hold'em No Limit ($0.01/$0.02 USD) - 2021/10/18 22:22:57 PT [2021/10/19 1:22:57 ET]
Table 'Thessalia IV' 9-max Seat #4 is the button
Seat 1: dmitriy sakh ($2.02 in chips) 
Seat 2: MSKVOSTOK ($0.46 in chips) 
Seat 3: Brajinn ($1.05 in chips) 
Seat 4: Dorex2007 ($2.16 in chips) 
Seat 5: williams9897819 ($1.23 in chips) 
Seat 6: urka_epu ($2.29 in chips) 
Seat 7: VFK1 ($1.55 in chips) 
Seat 8: Artmis 33 ($2.22 in chips) 
Seat 9: <!>E H P ! P ($2.07 in chips) 
williams9897819: posts small blind $0.01
urka_epu: posts big blind $0.02
*** HOLE CARDS ***
Dealt to Dorex2007 [8c Ah]
VFK1: raises $0.04 to $0.06
Artmis 33: folds 
<!>E H P ! P: folds 
dmitriy sakh: folds 
MSKVOSTOK: folds 
Brajinn: folds 
Dorex2007: folds 
williams9897819: folds 
urka_epu: folds 
Uncalled bet ($0.04) returned to VFK1
VFK1 collected $0.05 from pot
VFK1: doesn't show hand 
*** SUMMARY ***
Total pot $0.05 | Rake $0 
Seat 1: dmitriy sakh folded before Flop (didn't bet)
Seat 2: MSKVOSTOK folded before Flop (didn't bet)
Seat 3: Brajinn folded before Flop (didn't bet)
Seat 4: Dorex2007 (button) folded before Flop (didn't bet)
Seat 5: williams9897819 (small blind) folded before Flop
Seat 6: urka_epu (big blind) folded before Flop
Seat 7: VFK1 collected ($0.05)
Seat 8: Artmis 33 folded before Flop (didn't bet)
Seat 9: <!>E H P ! P folded before Flop (didn't bet)



PokerStars Hand #230720250586:  Hold'em No Limit ($0.01/$0.02 USD) - 2021/10/18 22:23:17 PT [2021/10/19 1:23:17 ET]
Table 'Thessalia IV' 9-max Seat #5 is the button
Seat 1: dmitriy sakh ($2.02 in chips) 
Seat 2: MSKVOSTOK ($0.46 in chips) 
Seat 3: Brajinn ($1.05 in chips) 
Seat 4: Dorex2007 ($2.16 in chips) 
Seat 5: williams9897819 ($1.22 in chips) 
Seat 6: urka_epu ($2.27 in chips) 
Seat 7: VFK1 ($1.58 in chips) 
Seat 8: Artmis 33 ($2.22 in chips) 
Seat 9: <!>E H P ! P ($2.07 in chips) 
urka_epu: posts small blind $0.01
VFK1: posts big blind $0.02
*** HOLE CARDS ***
Dealt to Dorex2007 [3s 7s]
Artmis 33: folds 
<!>E H P ! P: folds 
dmitriy sakh: folds 
MSKVOSTOK: folds 
Brajinn: folds 
Dorex2007: folds 
williams9897819: folds 
urka_epu: raises $0.04 to $0.06
VFK1: calls $0.04
*** FLOP *** [8d Ac 4c]
urka_epu: bets $0.06
VFK1: calls $0.06
*** TURN *** [8d Ac 4c] [9c]
urka_epu: checks 
VFK1: checks 
*** RIVER *** [8d Ac 4c 9c] [4d]
urka_epu: checks 
VFK1: bets $0.06
urka_epu: calls $0.06
*** SHOW DOWN ***
VFK1: shows [3d 3c] (two pair, Fours and Threes)
urka_epu: shows [8s Ts] (two pair, Eights and Fours)
urka_epu collected $0.35 from pot
*** SUMMARY ***
Total pot $0.36 | Rake $0.01 
Board [8d Ac 4c 9c 4d]
Seat 1: dmitriy sakh folded before Flop (didn't bet)
Seat 2: MSKVOSTOK folded before Flop (didn't bet)
Seat 3: Brajinn folded before Flop (didn't bet)
Seat 4: Dorex2007 folded before Flop (didn't bet)
Seat 5: williams9897819 (button) folded before Flop (didn't bet)
Seat 6: urka_epu (small blind) showed [8s Ts] and won ($0.35) with two pair, Eights and Fours
Seat 7: VFK1 (big blind) showed [3d 3c] and lost with two pair, Fours and Threes
Seat 8: Artmis 33 folded before Flop (didn't bet)
Seat 9: <!>E H P ! P folded before Flop (didn't bet)



PokerStars Hand #230720254759:  Hold'em No Limit ($0.01/$0.02 USD) - 2021/10/18 22:23:51 PT [2021/10/19 1:23:51 ET]
Table 'Thessalia IV' 9-max Seat #6 is the button
Seat 1: dmitriy sakh ($2.02 in chips) 
Seat 2: MSKVOSTOK ($0.46 in chips) 
Seat 3: Brajinn ($1.05 in chips) 
Seat 4: Dorex2007 ($2.16 in chips) 
Seat 5: williams9897819 ($1.22 in chips) 
Seat 6: urka_epu ($2.44 in chips) 
Seat 7: VFK1 ($1.40 in chips) 
Seat 8: Artmis 33 ($2.22 in chips) 
Seat 9: <!>E H P ! P ($2.07 in chips) 
VFK1: posts small blind $0.01
Artmis 33: posts big blind $0.02
*** HOLE CARDS ***
Dealt to Dorex2007 [Jd 7d]
<!>E H P ! P: folds 
dmitriy sakh: raises $0.04 to $0.06
MSKVOSTOK: folds 
Brajinn: folds 
Dorex2007: folds 
williams9897819: folds 
urka_epu: folds 
VFK1: folds 
Artmis 33: raises $0.13 to $0.19
dmitriy sakh: folds 
Uncalled bet ($0.13) returned to Artmis 33
Artmis 33 collected $0.13 from pot
Artmis 33: doesn't show hand 
*** SUMMARY ***
Total pot $0.13 | Rake $0 
Seat 1: dmitriy sakh folded before Flop
Seat 2: MSKVOSTOK folded before Flop (didn't bet)
Seat 3: Brajinn folded before Flop (didn't bet)
Seat 4: Dorex2007 folded before Flop (didn't bet)
Seat 5: williams9897819 folded before Flop (didn't bet)
Seat 6: urka_epu (button) folded before Flop (didn't bet)
Seat 7: VFK1 (small blind) folded before Flop
Seat 8: Artmis 33 (big blind) collected ($0.13)
Seat 9: <!>E H P ! P folded before Flop (didn't bet)



PokerStars Hand #230720258418:  Hold'em No Limit ($0.01/$0.02 USD) - 2021/10/18 22:24:20 PT [2021/10/19 1:24:20 ET]
Table 'Thessalia IV' 9-max Seat #7 is the button
Seat 1: dmitriy sakh ($2 in chips) 
Seat 2: MSKVOSTOK ($0.46 in chips) 
Seat 3: Brajinn ($1.05 in chips) 
Seat 4: Dorex2007 ($2.16 in chips) 
Seat 5: williams9897819 ($1.22 in chips) 
Seat 6: urka_epu ($2.44 in chips) 
Seat 7: VFK1 ($1.39 in chips) 
Seat 8: Artmis 33 ($2.29 in chips) 
Seat 9: <!>E H P ! P ($2.07 in chips) 
Artmis 33: posts small blind $0.01
<!>E H P ! P: posts big blind $0.02
*** HOLE CARDS ***
Dealt to Dorex2007 [3d Th]
dmitriy sakh: folds 
MSKVOSTOK: folds 
Brajinn: calls $0.02
Dorex2007: folds 
williams9897819: folds 
urka_epu: folds 
VFK1: calls $0.02
Artmis 33: calls $0.01
<!>E H P ! P: checks 
*** FLOP *** [4s 9d Jd]
Artmis 33: checks 
<!>E H P ! P: bets $0.04
Brajinn: calls $0.04
VFK1: calls $0.04
Artmis 33: folds 
*** TURN *** [4s 9d Jd] [3s]
<!>E H P ! P: bets $0.10
Brajinn: folds 
VFK1: folds 
Uncalled bet ($0.10) returned to <!>E H P ! P
<!>E H P ! P collected $0.19 from pot
<!>E H P ! P: doesn't show hand 
*** SUMMARY ***
Total pot $0.20 | Rake $0.01 
Board [4s 9d Jd 3s]
Seat 1: dmitriy sakh folded before Flop (didn't bet)
Seat 2: MSKVOSTOK folded before Flop (didn't bet)
Seat 3: Brajinn folded on the Turn
Seat 4: Dorex2007 folded before Flop (didn't bet)
Seat 5: williams9897819 folded before Flop (didn't bet)
Seat 6: urka_epu folded before Flop (didn't bet)
Seat 7: VFK1 (button) folded on the Turn
Seat 8: Artmis 33 (small blind) folded on the Flop
Seat 9: <!>E H P ! P (big blind) collected ($0.19)



PokerStars Hand #230720262968:  Hold'em No Limit ($0.01/$0.02 USD) - 2021/10/18 22:24:57 PT [2021/10/19 1:24:57 ET]
Table 'Thessalia IV' 9-max Seat #8 is the button
Seat 1: dmitriy sakh ($2 in chips) 
Seat 2: MSKVOSTOK ($0.46 in chips) 
Seat 3: Brajinn ($0.99 in chips) 
Seat 4: Dorex2007 ($2.16 in chips) 
Seat 5: williams9897819 ($1.22 in chips) 
Seat 6: urka_epu ($2.44 in chips) 
Seat 7: VFK1 ($1.33 in chips) 
Seat 8: Artmis 33 ($2.27 in chips) 
Seat 9: <!>E H P ! P ($2.20 in chips) 
<!>E H P ! P: posts small blind $0.01
dmitriy sakh: posts big blind $0.02
*** HOLE CARDS ***
Dealt to Dorex2007 [4d Ad]
MSKVOSTOK: folds 
Brajinn: folds 
Dorex2007: calls $0.02
williams9897819: folds 
urka_epu: folds 
VFK1: calls $0.02
Artmis 33: calls $0.02
<!>E H P ! P: calls $0.01
dmitriy sakh: checks 
*** FLOP *** [7s 7d 6s]
<!>E H P ! P: checks 
dmitriy sakh: checks 
Dorex2007: checks 
VFK1: bets $0.04
Artmis 33: folds 
<!>E H P ! P: folds 
dmitriy sakh: folds 
Dorex2007: folds 
Uncalled bet ($0.04) returned to VFK1
VFK1 collected $0.10 from pot
VFK1: doesn't show hand 
*** SUMMARY ***
Total pot $0.10 | Rake $0 
Board [7s 7d 6s]
Seat 1: dmitriy sakh (big blind) folded on the Flop
Seat 2: MSKVOSTOK folded before Flop (didn't bet)
Seat 3: Brajinn folded before Flop (didn't bet)
Seat 4: Dorex2007 folded on the Flop
Seat 5: williams9897819 folded before Flop (didn't bet)
Seat 6: urka_epu folded before Flop (didn't bet)
Seat 7: VFK1 collected ($0.10)
Seat 8: Artmis 33 (button) folded on the Flop
Seat 9: <!>E H P ! P (small blind) folded on the Flop



PokerStars Hand #230720267551:  Hold'em No Limit ($0.01/$0.02 USD) - 2021/10/18 22:25:34 PT [2021/10/19 1:25:34 ET]
Table 'Thessalia IV' 9-max Seat #9 is the button
Seat 1: dmitriy sakh ($2 in chips) 
Seat 2: MSKVOSTOK ($0.46 in chips) 
Seat 3: Brajinn ($0.99 in chips) 
Seat 4: Dorex2007 ($2.14 in chips) 
Seat 5: williams9897819 ($1.22 in chips) 
Seat 6: urka_epu ($2.44 in chips) 
Seat 7: VFK1 ($1.41 in chips) 
Seat 8: Artmis 33 ($2.25 in chips) 
Seat 9: <!>E H P ! P ($2.18 in chips) 
dmitriy sakh: posts small blind $0.01
MSKVOSTOK: posts big blind $0.02
*** HOLE CARDS ***
Dealt to Dorex2007 [Qc Qd]
Brajinn: folds 
Dorex2007: raises $0.04 to $0.06
williams9897819: folds 
urka_epu: folds 
VFK1: folds 
Artmis 33: calls $0.06
<!>E H P ! P: folds 
dmitriy sakh: folds 
MSKVOSTOK: folds 
*** FLOP *** [3c Td 7d]
Dorex2007: bets $0.14
Artmis 33: folds 
Uncalled bet ($0.14) returned to Dorex2007
Dorex2007 collected $0.14 from pot
Dorex2007: doesn't show hand 
*** SUMMARY ***
Total pot $0.15 | Rake $0.01 
Board [3c Td 7d]
Seat 1: dmitriy sakh (small blind) folded before Flop
Seat 2: MSKVOSTOK (big blind) folded before Flop
Seat 3: Brajinn folded before Flop (didn't bet)
Seat 4: Dorex2007 collected ($0.14)
Seat 5: williams9897819 folded before Flop (didn't bet)
Seat 6: urka_epu folded before Flop (didn't bet)
Seat 7: VFK1 folded before Flop (didn't bet)
Seat 8: Artmis 33 folded on the Flop
Seat 9: <!>E H P ! P (button) folded before Flop (didn't bet)



PokerStars Hand #230720271375:  Hold'em No Limit ($0.01/$0.02 USD) - 2021/10/18 22:26:05 PT [2021/10/19 1:26:05 ET]
Table 'Thessalia IV' 9-max Seat #1 is the button
Seat 1: dmitriy sakh ($2 in chips) 
Seat 2: MSKVOSTOK ($0.44 in chips) 
Seat 3: Brajinn ($0.99 in chips) 
Seat 4: Dorex2007 ($2.22 in chips) 
Seat 5: williams9897819 ($1.22 in chips) 
Seat 6: urka_epu ($2.44 in chips) 
Seat 7: VFK1 ($1.41 in chips) 
Seat 8: Artmis 33 ($2.19 in chips) 
Seat 9: <!>E H P ! P ($2.18 in chips) 
MSKVOSTOK: posts small blind $0.01
Brajinn: posts big blind $0.02
*** HOLE CARDS ***
Dealt to Dorex2007 [Jc 4d]
Dorex2007: folds 
williams9897819: folds 
urka_epu: folds 
VFK1: folds 
Artmis 33: folds 
<!>E H P ! P: folds 
dmitriy sakh: folds 
MSKVOSTOK: raises $0.02 to $0.04
Brajinn: calls $0.02
*** FLOP *** [Td 7c 9d]
MSKVOSTOK: checks 
Brajinn: checks 
*** TURN *** [Td 7c 9d] [6d]
MSKVOSTOK: checks 
Brajinn: checks 
*** RIVER *** [Td 7c 9d 6d] [Qd]
MSKVOSTOK: checks 
Brajinn: checks 
*** SHOW DOWN ***
MSKVOSTOK: shows [Ac 4s] (high card Ace)
Brajinn: shows [3h 3d] (a flush, Queen high)
Brajinn collected $0.08 from pot
*** SUMMARY ***
Total pot $0.08 | Rake $0 
Board [Td 7c 9d 6d Qd]
Seat 1: dmitriy sakh (button) folded before Flop (didn't bet)
Seat 2: MSKVOSTOK (small blind) showed [Ac 4s] and lost with high card Ace
Seat 3: Brajinn (big blind) showed [3h 3d] and won ($0.08) with a flush, Queen high
Seat 4: Dorex2007 folded before Flop (didn't bet)
Seat 5: williams9897819 folded before Flop (didn't bet)
Seat 6: urka_epu folded before Flop (didn't bet)
Seat 7: VFK1 folded before Flop (didn't bet)
Seat 8: Artmis 33 folded before Flop (didn't bet)
Seat 9: <!>E H P ! P folded before Flop (didn't bet)



PokerStars Hand #230720275116:  Hold'em No Limit ($0.01/$0.02 USD) - 2021/10/18 22:26:34 PT [2021/10/19 1:26:34 ET]
Table 'Thessalia IV' 9-max Seat #2 is the button
Seat 1: dmitriy sakh ($2 in chips) 
Seat 2: MSKVOSTOK ($0.40 in chips) 
Seat 3: Brajinn ($1.03 in chips) 
Seat 4: Dorex2007 ($2.22 in chips) 
Seat 5: williams9897819 ($1.22 in chips) 
Seat 6: urka_epu ($2.44 in chips) 
Seat 7: VFK1 ($1.41 in chips) 
Seat 8: Artmis 33 ($2.19 in chips) 
Seat 9: <!>E H P ! P ($2.18 in chips) 
Brajinn: posts small blind $0.01
Dorex2007: posts big blind $0.02
*** HOLE CARDS ***
Dealt to Dorex2007 [8d Ad]
williams9897819: folds 
urka_epu: folds 
VFK1: folds 
Artmis 33: folds 
<!>E H P ! P: raises $0.04 to $0.06
dmitriy sakh: folds 
MSKVOSTOK: folds 
Brajinn: folds 
Dorex2007: calls $0.04
*** FLOP *** [5s 6s 3h]
Dorex2007: checks 
<!>E H P ! P: bets $0.04
Dorex2007: calls $0.04
*** TURN *** [5s 6s 3h] [9s]
Dorex2007: bets $0.13
<!>E H P ! P: raises $0.15 to $0.28
Dorex2007: calls $0.15
*** RIVER *** [5s 6s 3h 9s] [4c]
Dorex2007: bets $0.49
<!>E H P ! P: calls $0.49
*** SHOW DOWN ***
Dorex2007: shows [8d Ad] (high card Ace)
<!>E H P ! P: shows [Ks Ts] (a flush, King high)
<!>E H P ! P collected $1.69 from pot
*** SUMMARY ***
Total pot $1.75 | Rake $0.06 
Board [5s 6s 3h 9s 4c]
Seat 1: dmitriy sakh folded before Flop (didn't bet)
Seat 2: MSKVOSTOK (button) folded before Flop (didn't bet)
Seat 3: Brajinn (small blind) folded before Flop
Seat 4: Dorex2007 (big blind) showed [8d Ad] and lost with high card Ace
Seat 5: williams9897819 folded before Flop (didn't bet)
Seat 6: urka_epu folded before Flop (didn't bet)
Seat 7: VFK1 folded before Flop (didn't bet)
Seat 8: Artmis 33 folded before Flop (didn't bet)
Seat 9: <!>E H P ! P showed [Ks Ts] and won ($1.69) with a flush, King high



PokerStars Hand #230720280579:  Hold'em No Limit ($0.01/$0.02 USD) - 2021/10/18 22:27:19 PT [2021/10/19 1:27:19 ET]
Table 'Thessalia IV' 9-max Seat #3 is the button
Seat 1: dmitriy sakh ($2 in chips) 
Seat 2: MSKVOSTOK ($0.40 in chips) 
Seat 3: Brajinn ($1.02 in chips) 
Seat 4: Dorex2007 ($2 in chips) 
Seat 5: williams9897819 ($1.22 in chips) 
Seat 6: urka_epu ($2.44 in chips) 
Seat 7: VFK1 ($1.41 in chips) 
Seat 8: Artmis 33 ($2.19 in chips) 
Seat 9: <!>E H P ! P ($3 in chips) 
Dorex2007: posts small blind $0.01
williams9897819: posts big blind $0.02
*** HOLE CARDS ***
Dealt to Dorex2007 [3s Kd]
urka_epu: folds 
VFK1: folds 
Artmis 33: folds 
<!>E H P ! P: folds 
dmitriy sakh: folds 
MSKVOSTOK: raises $0.02 to $0.04
Brajinn: folds 
Dorex2007: folds 
williams9897819: calls $0.02
*** FLOP *** [4c Qc 3c]
williams9897819: checks 
MSKVOSTOK: bets $0.06
williams9897819: calls $0.06
*** TURN *** [4c Qc 3c] [2c]
williams9897819: checks 
MSKVOSTOK: checks 
*** RIVER *** [4c Qc 3c 2c] [Kh]
williams9897819: bets $0.20
MSKVOSTOK: folds 
Uncalled bet ($0.20) returned to williams9897819
williams9897819 collected $0.20 from pot
williams9897819: doesn't show hand 
*** SUMMARY ***
Total pot $0.21 | Rake $0.01 
Board [4c Qc 3c 2c Kh]
Seat 1: dmitriy sakh folded before Flop (didn't bet)
Seat 2: MSKVOSTOK folded on the River
Seat 3: Brajinn (button) folded before Flop (didn't bet)
Seat 4: Dorex2007 (small blind) folded before Flop
Seat 5: williams9897819 (big blind) collected ($0.20)
Seat 6: urka_epu folded before Flop (didn't bet)
Seat 7: VFK1 folded before Flop (didn't bet)
Seat 8: Artmis 33 folded before Flop (didn't bet)
Seat 9: <!>E H P ! P folded before Flop (didn't bet)



PokerStars Hand #230720285380:  Hold'em No Limit ($0.01/$0.02 USD) - 2021/10/18 22:27:57 PT [2021/10/19 1:27:57 ET]
Table 'Thessalia IV' 9-max Seat #4 is the button
Seat 1: dmitriy sakh ($2 in chips) 
Seat 2: MSKVOSTOK ($0.30 in chips) 
Seat 3: Brajinn ($1.02 in chips) 
Seat 4: Dorex2007 ($2 in chips) 
Seat 5: williams9897819 ($1.32 in chips) 
Seat 6: urka_epu ($2.44 in chips) 
Seat 7: VFK1 ($1.41 in chips) 
Seat 8: Artmis 33 ($2.19 in chips) 
Seat 9: <!>E H P ! P ($3 in chips) 
williams9897819: posts small blind $0.01
urka_epu: posts big blind $0.02
*** HOLE CARDS ***
Dealt to Dorex2007 [2s Qh]
VFK1: folds 
Artmis 33: folds 
<!>E H P ! P: folds 
dmitriy sakh: folds 
MSKVOSTOK: folds 
Brajinn: folds 
Dorex2007: folds 
williams9897819: calls $0.01
urka_epu: checks 
*** FLOP *** [Kc Kh 7h]
williams9897819: checks 
urka_epu: checks 
*** TURN *** [Kc Kh 7h] [5d]
williams9897819: checks 
urka_epu: checks 
*** RIVER *** [Kc Kh 7h 5d] [9c]
williams9897819: checks 
urka_epu: checks 
*** SHOW DOWN ***
williams9897819: shows [Jc 7s] (two pair, Kings and Sevens)
urka_epu: mucks hand 
williams9897819 collected $0.04 from pot
*** SUMMARY ***
Total pot $0.04 | Rake $0 
Board [Kc Kh 7h 5d 9c]
Seat 1: dmitriy sakh folded before Flop (didn't bet)
Seat 2: MSKVOSTOK folded before Flop (didn't bet)
Seat 3: Brajinn folded before Flop (didn't bet)
Seat 4: Dorex2007 (button) folded before Flop (didn't bet)
Seat 5: williams9897819 (small blind) showed [Jc 7s] and won ($0.04) with two pair, Kings and Sevens
Seat 6: urka_epu (big blind) mucked [Th 2d]
Seat 7: VFK1 folded before Flop (didn't bet)
Seat 8: Artmis 33 folded before Flop (didn't bet)
Seat 9: <!>E H P ! P folded before Flop (didn't bet)



PokerStars Hand #230720289657:  Hold'em No Limit ($0.01/$0.02 USD) - 2021/10/18 22:28:31 PT [2021/10/19 1:28:31 ET]
Table 'Thessalia IV' 9-max Seat #5 is the button
Seat 1: dmitriy sakh ($2 in chips) 
Seat 2: MSKVOSTOK ($0.30 in chips) 
Seat 3: Brajinn ($1.02 in chips) 
Seat 4: Dorex2007 ($2 in chips) 
Seat 5: williams9897819 ($1.34 in chips) 
Seat 6: urka_epu ($2.42 in chips) 
Seat 7: VFK1 ($1.41 in chips) 
Seat 8: Artmis 33 ($2.19 in chips) 
Seat 9: <!>E H P ! P ($3 in chips) 
urka_epu: posts small blind $0.01
VFK1: posts big blind $0.02
*** HOLE CARDS ***
Dealt to Dorex2007 [5d 5h]
Artmis 33: folds 
<!>E H P ! P: raises $0.04 to $0.06
dmitriy sakh: folds 
MSKVOSTOK: folds 
Brajinn: folds 
Dorex2007: calls $0.06
williams9897819: folds 
urka_epu: calls $0.05
VFK1: calls $0.04
*** FLOP *** [Ac 6d Kh]
urka_epu: checks 
VFK1: bets $0.04
<!>E H P ! P: calls $0.04
Dorex2007: calls $0.04
urka_epu: folds 
*** TURN *** [Ac 6d Kh] [4d]
VFK1: bets $0.06
<!>E H P ! P: calls $0.06
Dorex2007: folds 
*** RIVER *** [Ac 6d Kh 4d] [8d]
VFK1: checks 
<!>E H P ! P: bets $0.15
VFK1: calls $0.15
*** SHOW DOWN ***
<!>E H P ! P: shows [Kd Jd] (a flush, King high)
VFK1: mucks hand 
<!>E H P ! P collected $0.75 from pot
*** SUMMARY ***
Total pot $0.78 | Rake $0.03 
Board [Ac 6d Kh 4d 8d]
Seat 1: dmitriy sakh folded before Flop (didn't bet)
Seat 2: MSKVOSTOK folded before Flop (didn't bet)
Seat 3: Brajinn folded before Flop (didn't bet)
Seat 4: Dorex2007 folded on the Turn
Seat 5: williams9897819 (button) folded before Flop (didn't bet)
Seat 6: urka_epu (small blind) folded on the Flop
Seat 7: VFK1 (big blind) mucked [9s 9d]
Seat 8: Artmis 33 folded before Flop (didn't bet)
Seat 9: <!>E H P ! P showed [Kd Jd] and won ($0.75) with a flush, King high



PokerStars Hand #230720297519:  Hold'em No Limit ($0.01/$0.02 USD) - 2021/10/18 22:29:36 PT [2021/10/19 1:29:36 ET]
Table 'Thessalia IV' 9-max Seat #6 is the button
Seat 1: dmitriy sakh ($2 in chips) 
Seat 2: MSKVOSTOK ($0.30 in chips) 
Seat 3: Brajinn ($1.02 in chips) 
Seat 4: Dorex2007 ($2 in chips) 
Seat 5: williams9897819 ($1.34 in chips) 
Seat 6: urka_epu ($2.36 in chips) 
Seat 7: VFK1 ($1.10 in chips) 
Seat 8: Artmis 33 ($2.19 in chips) 
Seat 9: <!>E H P ! P ($3.44 in chips) 
VFK1: posts small blind $0.01
Artmis 33: posts big blind $0.02
*** HOLE CARDS ***
Dealt to Dorex2007 [Qs 9c]
<!>E H P ! P: folds 
dmitriy sakh: folds 
MSKVOSTOK: raises $0.04 to $0.06
Brajinn: folds 
Dorex2007: folds 
williams9897819: folds 
urka_epu: folds 
VFK1: raises $0.06 to $0.12
Artmis 33: folds 
MSKVOSTOK: raises $0.18 to $0.30 and is all-in
VFK1: calls $0.18
*** FLOP *** [Tc 6h 8s]
*** TURN *** [Tc 6h 8s] [8d]
*** RIVER *** [Tc 6h 8s 8d] [Ts]
*** SHOW DOWN ***
VFK1: shows [Qd Qh] (two pair, Queens and Tens)
MSKVOSTOK: shows [Jd Js] (two pair, Jacks and Tens)
VFK1 collected $0.60 from pot
*** SUMMARY ***
Total pot $0.62 | Rake $0.02 
Board [Tc 6h 8s 8d Ts]
Seat 1: dmitriy sakh folded before Flop (didn't bet)
Seat 2: MSKVOSTOK showed [Jd Js] and lost with two pair, Jacks and Tens
Seat 3: Brajinn folded before Flop (didn't bet)
Seat 4: Dorex2007 folded before Flop (didn't bet)
Seat 5: williams9897819 folded before Flop (didn't bet)
Seat 6: urka_epu (button) folded before Flop (didn't bet)
Seat 7: VFK1 (small blind) showed [Qd Qh] and won ($0.60) with two pair, Queens and Tens
Seat 8: Artmis 33 (big blind) folded before Flop
Seat 9: <!>E H P ! P folded before Flop (didn't bet)



PokerStars Hand #230720302214:  Hold'em No Limit ($0.01/$0.02 USD) - 2021/10/18 22:30:15 PT [2021/10/19 1:30:15 ET]
Table 'Thessalia IV' 9-max Seat #7 is the button
Seat 1: dmitriy sakh ($2 in chips) 
Seat 3: Brajinn ($1.02 in chips) 
Seat 4: Dorex2007 ($2 in chips) 
Seat 5: williams9897819 ($1.34 in chips) 
Seat 6: urka_epu ($2.36 in chips) 
Seat 7: VFK1 ($1.40 in chips) 
Seat 8: Artmis 33 ($2.17 in chips) 
Seat 9: <!>E H P ! P ($3.44 in chips) 
Artmis 33: posts small blind $0.01
<!>E H P ! P: posts big blind $0.02
*** HOLE CARDS ***
Dealt to Dorex2007 [7h Jh]
dmitriy sakh: raises $0.02 to $0.04
Brajinn: calls $0.04
Dorex2007: folds 
williams9897819: folds 
MSKVOSTOK leaves the table
urka_epu: folds 
VFK1: calls $0.04
Artmis 33: raises $0.18 to $0.22
<!>E H P ! P: folds 
lolKimu joins the table at seat #2 
dmitriy sakh: raises $0.63 to $0.85
Brajinn: folds 
VFK1: folds 
Artmis 33: calls $0.63
*** FLOP *** [3d 5d 4s]
Artmis 33: checks 
dmitriy sakh: bets $1.09
Artmis 33: raises $0.23 to $1.32 and is all-in
dmitriy sakh: calls $0.06 and is all-in
Uncalled bet ($0.17) returned to Artmis 33
*** TURN *** [3d 5d 4s] [6c]
*** RIVER *** [3d 5d 4s 6c] [Ac]
*** SHOW DOWN ***
Artmis 33: shows [Jd Js] (a pair of Jacks)
dmitriy sakh: shows [Ad Ah] (three of a kind, Aces)
dmitriy sakh collected $3.96 from pot
*** SUMMARY ***
Total pot $4.10 | Rake $0.14 
Board [3d 5d 4s 6c Ac]
Seat 1: dmitriy sakh showed [Ad Ah] and won ($3.96) with three of a kind, Aces
Seat 3: Brajinn folded before Flop
Seat 4: Dorex2007 folded before Flop (didn't bet)
Seat 5: williams9897819 folded before Flop (didn't bet)
Seat 6: urka_epu folded before Flop (didn't bet)
Seat 7: VFK1 (button) folded before Flop
Seat 8: Artmis 33 (small blind) showed [Jd Js] and lost with a pair of Jacks
Seat 9: <!>E H P ! P (big blind) folded before Flop



PokerStars Hand #230720309484:  Hold'em No Limit ($0.01/$0.02 USD) - 2021/10/18 22:31:14 PT [2021/10/19 1:31:14 ET]
Table 'Thessalia IV' 9-max Seat #8 is the button
Seat 1: dmitriy sakh ($3.96 in chips) 
Seat 2: lolKimu ($0.80 in chips) 
Seat 3: Brajinn ($0.98 in chips) 
Seat 4: Dorex2007 ($2 in chips) 
Seat 5: williams9897819 ($1.34 in chips) 
Seat 6: urka_epu ($2.36 in chips) 
Seat 7: VFK1 ($1.36 in chips) 
Seat 8: Artmis 33 ($0.17 in chips) 
Seat 9: <!>E H P ! P ($3.42 in chips) 
<!>E H P ! P: posts small blind $0.01
dmitriy sakh: posts big blind $0.02
lolKimu: posts big blind $0.02
*** HOLE CARDS ***
Dealt to Dorex2007 [7s Kd]
lolKimu: checks 
Brajinn: folds 
Dorex2007: folds 
williams9897819: folds 
urka_epu: raises $0.06 to $0.08
VFK1: folds 
Artmis 33: raises $0.09 to $0.17 and is all-in
<!>E H P ! P: folds 
dmitriy sakh: folds 
lolKimu: folds 
urka_epu: calls $0.09
*** FLOP *** [4h 7h 3d]
*** TURN *** [4h 7h 3d] [3c]
*** RIVER *** [4h 7h 3d 3c] [Qd]
*** SHOW DOWN ***
urka_epu: shows [5d 5s] (two pair, Fives and Threes)
Artmis 33: shows [7d Td] (two pair, Sevens and Threes)
Artmis 33 collected $0.38 from pot
*** SUMMARY ***
Total pot $0.39 | Rake $0.01 
Board [4h 7h 3d 3c Qd]
Seat 1: dmitriy sakh (big blind) folded before Flop
Seat 2: lolKimu folded before Flop (didn't bet)
Seat 3: Brajinn folded before Flop (didn't bet)
Seat 4: Dorex2007 folded before Flop (didn't bet)
Seat 5: williams9897819 folded before Flop (didn't bet)
Seat 6: urka_epu showed [5d 5s] and lost with two pair, Fives and Threes
Seat 7: VFK1 folded before Flop (didn't bet)
Seat 8: Artmis 33 (button) showed [7d Td] and won ($0.38) with two pair, Sevens and Threes
Seat 9: <!>E H P ! P (small blind) folded before Flop



PokerStars Hand #230720314789:  Hold'em No Limit ($0.01/$0.02 USD) - 2021/10/18 22:31:57 PT [2021/10/19 1:31:57 ET]
Table 'Thessalia IV' 9-max Seat #9 is the button
Seat 1: dmitriy sakh ($3.94 in chips) 
Seat 2: lolKimu ($0.78 in chips) 
Seat 3: Brajinn ($0.98 in chips) 
Seat 4: Dorex2007 ($2 in chips) 
Seat 5: williams9897819 ($1.34 in chips) 
Seat 6: urka_epu ($2.19 in chips) 
Seat 7: VFK1 ($1.36 in chips) 
Seat 8: Artmis 33 ($0.38 in chips) 
Seat 9: <!>E H P ! P ($3.41 in chips) 
dmitriy sakh: posts small blind $0.01
lolKimu: posts big blind $0.02
*** HOLE CARDS ***
Dealt to Dorex2007 [2c Qh]
Brajinn: folds 
Dorex2007: folds 
williams9897819: folds 
urka_epu: folds 
VFK1: folds 
Artmis 33: raises $0.02 to $0.04
<!>E H P ! P: folds 
dmitriy sakh: folds 
lolKimu: calls $0.02
*** FLOP *** [3h Kh Ks]
lolKimu: checks 
Artmis 33: checks 
*** TURN *** [3h Kh Ks] [9c]
lolKimu: checks 
Artmis 33: bets $0.02
lolKimu: calls $0.02
*** RIVER *** [3h Kh Ks 9c] [5s]
lolKimu: checks 
Artmis 33: checks 
*** SHOW DOWN ***
lolKimu: shows [9d Qc] (two pair, Kings and Nines)
Artmis 33: mucks hand 
lolKimu collected $0.13 from pot
*** SUMMARY ***
Total pot $0.13 | Rake $0 
Board [3h Kh Ks 9c 5s]
Seat 1: dmitriy sakh (small blind) folded before Flop
Seat 2: lolKimu (big blind) showed [9d Qc] and won ($0.13) with two pair, Kings and Nines
Seat 3: Brajinn folded before Flop (didn't bet)
Seat 4: Dorex2007 folded before Flop (didn't bet)
Seat 5: williams9897819 folded before Flop (didn't bet)
Seat 6: urka_epu folded before Flop (didn't bet)
Seat 7: VFK1 folded before Flop (didn't bet)
Seat 8: Artmis 33 mucked [As 2s]
Seat 9: <!>E H P ! P (button) folded before Flop (didn't bet)



PokerStars Hand #230720320064:  Hold'em No Limit ($0.01/$0.02 USD) - 2021/10/18 22:32:40 PT [2021/10/19 1:32:40 ET]
Table 'Thessalia IV' 9-max Seat #1 is the button
Seat 1: dmitriy sakh ($3.93 in chips) 
Seat 2: lolKimu ($0.85 in chips) 
Seat 3: Brajinn ($0.98 in chips) 
Seat 4: Dorex2007 ($2 in chips) 
Seat 5: williams9897819 ($1.34 in chips) 
Seat 6: urka_epu ($2.19 in chips) 
Seat 7: VFK1 ($1.36 in chips) 
Seat 8: Artmis 33 ($0.32 in chips) 
Seat 9: <!>E H P ! P ($3.41 in chips) 
lolKimu: posts small blind $0.01
Brajinn: posts big blind $0.02
*** HOLE CARDS ***
Dealt to Dorex2007 [3s 4h]
Dorex2007: folds 
williams9897819: folds 
urka_epu: folds 
VFK1: folds 
Artmis 33: raises $0.02 to $0.04
<!>E H P ! P: folds 
dmitriy sakh: folds 
lolKimu: calls $0.03
Brajinn: calls $0.02
*** FLOP *** [Td 3d 6c]
lolKimu: checks 
Brajinn: checks 
Artmis 33: bets $0.06
lolKimu: folds 
Brajinn: folds 
Uncalled bet ($0.06) returned to Artmis 33
Artmis 33 collected $0.12 from pot
Artmis 33: doesn't show hand 
*** SUMMARY ***
Total pot $0.12 | Rake $0 
Board [Td 3d 6c]
Seat 1: dmitriy sakh (button) folded before Flop (didn't bet)
Seat 2: lolKimu (small blind) folded on the Flop
Seat 3: Brajinn (big blind) folded on the Flop
Seat 4: Dorex2007 folded before Flop (didn't bet)
Seat 5: williams9897819 folded before Flop (didn't bet)
Seat 6: urka_epu folded before Flop (didn't bet)
Seat 7: VFK1 folded before Flop (didn't bet)
Seat 8: Artmis 33 collected ($0.12)
Seat 9: <!>E H P ! P folded before Flop (didn't bet)



PokerStars Hand #230720326613:  Hold'em No Limit ($0.01/$0.02 USD) - 2021/10/18 22:33:33 PT [2021/10/19 1:33:33 ET]
Table 'Thessalia IV' 9-max Seat #2 is the button
Seat 1: dmitriy sakh ($3.93 in chips) 
Seat 2: lolKimu ($0.81 in chips) 
Seat 3: Brajinn ($0.94 in chips) 
Seat 4: Dorex2007 ($2 in chips) 
Seat 5: williams9897819 ($1.34 in chips) 
Seat 6: urka_epu ($2.19 in chips) 
Seat 7: VFK1 ($1.36 in chips) 
Seat 8: Artmis 33 ($0.40 in chips) 
Seat 9: <!>E H P ! P ($3.41 in chips) 
Brajinn: posts small blind $0.01
Dorex2007: posts big blind $0.02
*** HOLE CARDS ***
Dealt to Dorex2007 [Th 4s]
williams9897819: calls $0.02
urka_epu: folds 
VFK1: folds 
Artmis 33: folds 
<!>E H P ! P: folds 
dmitriy sakh: calls $0.02
lolKimu: folds 
Brajinn: folds 
Dorex2007: checks 
*** FLOP *** [Td Jh Jc]
Dorex2007: bets $0.07
williams9897819: folds 
dmitriy sakh: folds 
Uncalled bet ($0.07) returned to Dorex2007
Dorex2007 collected $0.07 from pot
Dorex2007: doesn't show hand 
*** SUMMARY ***
Total pot $0.07 | Rake $0 
Board [Td Jh Jc]
Seat 1: dmitriy sakh folded on the Flop
Seat 2: lolKimu (button) folded before Flop (didn't bet)
Seat 3: Brajinn (small blind) folded before Flop
Seat 4: Dorex2007 (big blind) collected ($0.07)
Seat 5: williams9897819 folded on the Flop
Seat 6: urka_epu folded before Flop (didn't bet)
Seat 7: VFK1 folded before Flop (didn't bet)
Seat 8: Artmis 33 folded before Flop (didn't bet)
Seat 9: <!>E H P ! P folded before Flop (didn't bet)



PokerStars Hand #230720332145:  Hold'em No Limit ($0.01/$0.02 USD) - 2021/10/18 22:34:17 PT [2021/10/19 1:34:17 ET]
Table 'Thessalia IV' 9-max Seat #3 is the button
Seat 1: dmitriy sakh ($3.91 in chips) 
Seat 2: lolKimu ($0.81 in chips) 
Seat 3: Brajinn ($0.93 in chips) 
Seat 4: Dorex2007 ($2.05 in chips) 
Seat 5: williams9897819 ($1.32 in chips) 
Seat 6: urka_epu ($2.19 in chips) 
Seat 7: VFK1 ($1.36 in chips) 
Seat 8: Artmis 33 ($0.40 in chips) 
Seat 9: <!>E H P ! P ($3.41 in chips) 
Dorex2007: posts small blind $0.01
williams9897819: posts big blind $0.02
*** HOLE CARDS ***
Dealt to Dorex2007 [5s 8s]
urka_epu: folds 
VFK1: folds 
Artmis 33: folds 
<!>E H P ! P: folds 
dmitriy sakh: raises $0.02 to $0.04
lolKimu: folds 
Brajinn: folds 
Dorex2007: folds 
williams9897819: folds 
Uncalled bet ($0.02) returned to dmitriy sakh
dmitriy sakh collected $0.05 from pot
dmitriy sakh: doesn't show hand 
*** SUMMARY ***
Total pot $0.05 | Rake $0 
Seat 1: dmitriy sakh collected ($0.05)
Seat 2: lolKimu folded before Flop (didn't bet)
Seat 3: Brajinn (button) folded before Flop (didn't bet)
Seat 4: Dorex2007 (small blind) folded before Flop
Seat 5: williams9897819 (big blind) folded before Flop
Seat 6: urka_epu folded before Flop (didn't bet)
Seat 7: VFK1 folded before Flop (didn't bet)
Seat 8: Artmis 33 folded before Flop (didn't bet)
Seat 9: <!>E H P ! P folded before Flop (didn't bet)



PokerStars Hand #230720335629:  Hold'em No Limit ($0.01/$0.02 USD) - 2021/10/18 22:34:44 PT [2021/10/19 1:34:44 ET]
Table 'Thessalia IV' 9-max Seat #4 is the button
Seat 1: dmitriy sakh ($3.94 in chips) 
Seat 2: lolKimu ($0.81 in chips) 
Seat 3: Brajinn ($0.93 in chips) 
Seat 4: Dorex2007 ($2.04 in chips) 
Seat 5: williams9897819 ($1.30 in chips) 
Seat 6: urka_epu ($2.19 in chips) 
Seat 7: VFK1 ($1.36 in chips) 
Seat 8: Artmis 33 ($0.40 in chips) 
Seat 9: <!>E H P ! P ($3.41 in chips) 
williams9897819: posts small blind $0.01
urka_epu: posts big blind $0.02
*** HOLE CARDS ***
Dealt to Dorex2007 [7d Ah]
VFK1: folds 
Artmis 33: folds 
<!>E H P ! P: folds 
dmitriy sakh: folds 
lolKimu: folds 
Brajinn: folds 
Dorex2007: folds 
williams9897819: calls $0.01
urka_epu: checks 
*** FLOP *** [5c Tc 3c]
williams9897819: checks 
urka_epu: checks 
*** TURN *** [5c Tc 3c] [8s]
williams9897819: checks 
urka_epu: checks 
*** RIVER *** [5c Tc 3c 8s] [Ad]
williams9897819: checks 
urka_epu: checks 
*** SHOW DOWN ***
williams9897819: shows [3h 4c] (a pair of Threes)
urka_epu: shows [Qh 3d] (a pair of Threes - Ace+Queen kicker)
urka_epu collected $0.04 from pot
*** SUMMARY ***
Total pot $0.04 | Rake $0 
Board [5c Tc 3c 8s Ad]
Seat 1: dmitriy sakh folded before Flop (didn't bet)
Seat 2: lolKimu folded before Flop (didn't bet)
Seat 3: Brajinn folded before Flop (didn't bet)
Seat 4: Dorex2007 (button) folded before Flop (didn't bet)
Seat 5: williams9897819 (small blind) showed [3h 4c] and lost with a pair of Threes
Seat 6: urka_epu (big blind) showed [Qh 3d] and won ($0.04) with a pair of Threes
Seat 7: VFK1 folded before Flop (didn't bet)
Seat 8: Artmis 33 folded before Flop (didn't bet)
Seat 9: <!>E H P ! P folded before Flop (didn't bet)



PokerStars Hand #230720338912:  Hold'em No Limit ($0.01/$0.02 USD) - 2021/10/18 22:35:10 PT [2021/10/19 1:35:10 ET]
Table 'Thessalia IV' 9-max Seat #5 is the button
Seat 1: dmitriy sakh ($3.94 in chips) 
Seat 2: lolKimu ($0.81 in chips) 
Seat 3: Brajinn ($0.93 in chips) 
Seat 4: Dorex2007 ($2.04 in chips) 
Seat 5: williams9897819 ($1.28 in chips) 
Seat 6: urka_epu ($2.21 in chips) 
Seat 7: VFK1 ($1.36 in chips) 
Seat 8: Artmis 33 ($0.40 in chips) 
Seat 9: <!>E H P ! P ($3.41 in chips) 
urka_epu: posts small blind $0.01
VFK1: posts big blind $0.02
*** HOLE CARDS ***
Dealt to Dorex2007 [8d Kh]
Artmis 33: folds 
<!>E H P ! P: folds 
dmitriy sakh: folds 
lolKimu: raises $0.02 to $0.04
Brajinn: folds 
Dorex2007: calls $0.04
williams9897819: folds 
urka_epu: folds 
VFK1: calls $0.02
*** FLOP *** [6c 3d Ac]
VFK1: checks 
lolKimu: checks 
Dorex2007: checks 
*** TURN *** [6c 3d Ac] [5s]
VFK1: bets $0.06
lolKimu: folds 
Dorex2007: folds 
Uncalled bet ($0.06) returned to VFK1
VFK1 collected $0.13 from pot
VFK1: doesn't show hand 
*** SUMMARY ***
Total pot $0.13 | Rake $0 
Board [6c 3d Ac 5s]
Seat 1: dmitriy sakh folded before Flop (didn't bet)
Seat 2: lolKimu folded on the Turn
Seat 3: Brajinn folded before Flop (didn't bet)
Seat 4: Dorex2007 folded on the Turn
Seat 5: williams9897819 (button) folded before Flop (didn't bet)
Seat 6: urka_epu (small blind) folded before Flop
Seat 7: VFK1 (big blind) collected ($0.13)
Seat 8: Artmis 33 folded before Flop (didn't bet)
Seat 9: <!>E H P ! P folded before Flop (didn't bet)



PokerStars Hand #230720343195:  Hold'em No Limit ($0.01/$0.02 USD) - 2021/10/18 22:35:45 PT [2021/10/19 1:35:45 ET]
Table 'Thessalia IV' 9-max Seat #6 is the button
Seat 1: dmitriy sakh ($3.94 in chips) 
Seat 2: lolKimu ($0.77 in chips) 
Seat 3: Brajinn ($0.93 in chips) 
Seat 4: Dorex2007 ($2 in chips) 
Seat 5: williams9897819 ($1.28 in chips) 
Seat 6: urka_epu ($2.20 in chips) 
Seat 7: VFK1 ($1.45 in chips) 
Seat 8: Artmis 33 ($0.40 in chips) 
Seat 9: <!>E H P ! P ($3.41 in chips) 
VFK1: posts small blind $0.01
Artmis 33: posts big blind $0.02
*** HOLE CARDS ***
Dealt to Dorex2007 [Ad 7d]
<!>E H P ! P: folds 
dmitriy sakh: folds 
lolKimu: raises $0.04 to $0.06
Brajinn: folds 
Dorex2007: calls $0.06
williams9897819: folds 
urka_epu: raises $0.16 to $0.22
VFK1: folds 
Artmis 33: folds 
lolKimu: folds 
Dorex2007: folds 
Uncalled bet ($0.16) returned to urka_epu
urka_epu collected $0.21 from pot
urka_epu: doesn't show hand 
*** SUMMARY ***
Total pot $0.21 | Rake $0 
Seat 1: dmitriy sakh folded before Flop (didn't bet)
Seat 2: lolKimu folded before Flop
Seat 3: Brajinn folded before Flop (didn't bet)
Seat 4: Dorex2007 folded before Flop
Seat 5: williams9897819 folded before Flop (didn't bet)
Seat 6: urka_epu (button) collected ($0.21)
Seat 7: VFK1 (small blind) folded before Flop
Seat 8: Artmis 33 (big blind) folded before Flop
Seat 9: <!>E H P ! P folded before Flop (didn't bet)



PokerStars Hand #230720346558:  Hold'em No Limit ($0.01/$0.02 USD) - 2021/10/18 22:36:12 PT [2021/10/19 1:36:12 ET]
Table 'Thessalia IV' 9-max Seat #7 is the button
Seat 1: dmitriy sakh ($3.94 in chips) 
Seat 2: lolKimu ($0.71 in chips) 
Seat 3: Brajinn ($0.93 in chips) 
Seat 4: Dorex2007 ($2 in chips) 
Seat 5: williams9897819 ($1.28 in chips) 
Seat 6: urka_epu ($2.35 in chips) 
Seat 7: VFK1 ($1.44 in chips) 
Seat 8: Artmis 33 ($0.38 in chips) 
Seat 9: <!>E H P ! P ($3.41 in chips) 
Artmis 33: posts small blind $0.01
<!>E H P ! P: posts big blind $0.02
*** HOLE CARDS ***
Dealt to Dorex2007 [Jd Td]
dmitriy sakh: folds 
lolKimu: folds 
Brajinn: folds 
Dorex2007: raises $0.04 to $0.06
williams9897819: folds 
urka_epu: calls $0.06
VFK1: folds 
Artmis 33: calls $0.05
<!>E H P ! P: calls $0.04
*** FLOP *** [Ks Th 3d]
Artmis 33: checks 
<!>E H P ! P: checks 
Dorex2007: bets $0.15
urka_epu: folds 
Artmis 33: folds 
<!>E H P ! P: folds 
Uncalled bet ($0.15) returned to Dorex2007
Dorex2007 collected $0.23 from pot
Dorex2007: doesn't show hand 
*** SUMMARY ***
Total pot $0.24 | Rake $0.01 
Board [Ks Th 3d]
Seat 1: dmitriy sakh folded before Flop (didn't bet)
Seat 2: lolKimu folded before Flop (didn't bet)
Seat 3: Brajinn folded before Flop (didn't bet)
Seat 4: Dorex2007 collected ($0.23)
Seat 5: williams9897819 folded before Flop (didn't bet)
Seat 6: urka_epu folded on the Flop
Seat 7: VFK1 (button) folded before Flop (didn't bet)
Seat 8: Artmis 33 (small blind) folded on the Flop
Seat 9: <!>E H P ! P (big blind) folded on the Flop



PokerStars Hand #230720351251:  Hold'em No Limit ($0.01/$0.02 USD) - 2021/10/18 22:36:50 PT [2021/10/19 1:36:50 ET]
Table 'Thessalia IV' 9-max Seat #8 is the button
Seat 1: dmitriy sakh ($3.94 in chips) 
Seat 2: lolKimu ($0.71 in chips) 
Seat 3: Brajinn ($0.93 in chips) 
Seat 4: Dorex2007 ($2.17 in chips) 
Seat 5: williams9897819 ($1.28 in chips) 
Seat 6: urka_epu ($2.29 in chips) 
Seat 7: VFK1 ($1.44 in chips) 
Seat 8: Artmis 33 ($0.32 in chips) 
Seat 9: <!>E H P ! P ($3.35 in chips) 
<!>E H P ! P: posts small blind $0.01
dmitriy sakh: posts big blind $0.02
*** HOLE CARDS ***
Dealt to Dorex2007 [Ad Tc]
lolKimu: folds 
Brajinn: folds 
Dorex2007: raises $0.02 to $0.04
williams9897819: folds 
urka_epu: calls $0.04
VFK1: folds 
Artmis 33: folds 
<!>E H P ! P: folds 
dmitriy sakh: folds 
*** FLOP *** [9c 7c 4s]
Dorex2007: bets $0.07
urka_epu: raises $0.07 to $0.14
Dorex2007: calls $0.07
*** TURN *** [9c 7c 4s] [7s]
Dorex2007: bets $0.19
urka_epu: raises $0.19 to $0.38
Dorex2007: folds 
Uncalled bet ($0.19) returned to urka_epu
urka_epu collected $0.74 from pot
urka_epu: doesn't show hand 
*** SUMMARY ***
Total pot $0.77 | Rake $0.03 
Board [9c 7c 4s 7s]
Seat 1: dmitriy sakh (big blind) folded before Flop
Seat 2: lolKimu folded before Flop (didn't bet)
Seat 3: Brajinn folded before Flop (didn't bet)
Seat 4: Dorex2007 folded on the Turn
Seat 5: williams9897819 folded before Flop (didn't bet)
Seat 6: urka_epu collected ($0.74)
Seat 7: VFK1 folded before Flop (didn't bet)
Seat 8: Artmis 33 (button) folded before Flop (didn't bet)
Seat 9: <!>E H P ! P (small blind) folded before Flop



PokerStars Hand #230720357103:  Hold'em No Limit ($0.01/$0.02 USD) - 2021/10/18 22:37:37 PT [2021/10/19 1:37:37 ET]
Table 'Thessalia IV' 9-max Seat #9 is the button
Seat 1: dmitriy sakh ($3.92 in chips) 
Seat 2: lolKimu ($0.71 in chips) 
Seat 3: Brajinn ($0.93 in chips) 
Seat 4: Dorex2007 ($2 in chips) 
Seat 5: williams9897819 ($1.28 in chips) 
Seat 6: urka_epu ($2.66 in chips) 
Seat 7: VFK1 ($1.44 in chips) 
Seat 8: Artmis 33 ($0.32 in chips) 
Seat 9: <!>E H P ! P ($3.34 in chips) 
dmitriy sakh: posts small blind $0.01
lolKimu: posts big blind $0.02
*** HOLE CARDS ***
Dealt to Dorex2007 [2d Jc]
Brajinn: folds 
Dorex2007: folds 
williams9897819: folds 
urka_epu: folds 
VFK1: calls $0.02
Artmis 33: calls $0.02
<!>E H P ! P: raises $0.06 to $0.08
dmitriy sakh: folds 
lolKimu: calls $0.06
VFK1: folds 
Artmis 33: calls $0.06
*** FLOP *** [Ts 9h 5c]
lolKimu: checks 
Artmis 33: bets $0.13
<!>E H P ! P: folds 
lolKimu: folds 
Uncalled bet ($0.13) returned to Artmis 33
Artmis 33 collected $0.26 from pot
Artmis 33: doesn't show hand 
*** SUMMARY ***
Total pot $0.27 | Rake $0.01 
Board [Ts 9h 5c]
Seat 1: dmitriy sakh (small blind) folded before Flop
Seat 2: lolKimu (big blind) folded on the Flop
Seat 3: Brajinn folded before Flop (didn't bet)
Seat 4: Dorex2007 folded before Flop (didn't bet)
Seat 5: williams9897819 folded before Flop (didn't bet)
Seat 6: urka_epu folded before Flop (didn't bet)
Seat 7: VFK1 folded before Flop
Seat 8: Artmis 33 collected ($0.26)
Seat 9: <!>E H P ! P (button) folded on the Flop



PokerStars Hand #230720363296:  Hold'em No Limit ($0.01/$0.02 USD) - 2021/10/18 22:38:26 PT [2021/10/19 1:38:26 ET]
Table 'Thessalia IV' 9-max Seat #1 is the button
Seat 1: dmitriy sakh ($3.91 in chips) 
Seat 2: lolKimu ($0.63 in chips) 
Seat 3: Brajinn ($0.93 in chips) 
Seat 4: Dorex2007 ($2 in chips) 
Seat 5: williams9897819 ($1.28 in chips) 
Seat 6: urka_epu ($2.66 in chips) 
Seat 7: VFK1 ($1.42 in chips) 
Seat 8: Artmis 33 ($0.50 in chips) 
Seat 9: <!>E H P ! P ($3.26 in chips) 
lolKimu: posts small blind $0.01
Brajinn: posts big blind $0.02
*** HOLE CARDS ***
Dealt to Dorex2007 [Tc 8c]
Dorex2007: folds 
williams9897819: calls $0.02
urka_epu: folds 
VFK1: folds 
Artmis 33: folds 
<!>E H P ! P: folds 
dmitriy sakh: folds 
lolKimu: raises $0.04 to $0.06
Brajinn: folds 
williams9897819: calls $0.04
*** FLOP *** [9c 9s Ah]
lolKimu: bets $0.04
williams9897819: folds 
Uncalled bet ($0.04) returned to lolKimu
lolKimu collected $0.14 from pot
lolKimu: doesn't show hand 
*** SUMMARY ***
Total pot $0.14 | Rake $0 
Board [9c 9s Ah]
Seat 1: dmitriy sakh (button) folded before Flop (didn't bet)
Seat 2: lolKimu (small blind) collected ($0.14)
Seat 3: Brajinn (big blind) folded before Flop
Seat 4: Dorex2007 folded before Flop (didn't bet)
Seat 5: williams9897819 folded on the Flop
Seat 6: urka_epu folded before Flop (didn't bet)
Seat 7: VFK1 folded before Flop (didn't bet)
Seat 8: Artmis 33 folded before Flop (didn't bet)
Seat 9: <!>E H P ! P folded before Flop (didn't bet)



PokerStars Hand #230720368042:  Hold'em No Limit ($0.01/$0.02 USD) - 2021/10/18 22:39:05 PT [2021/10/19 1:39:05 ET]
Table 'Thessalia IV' 9-max Seat #2 is the button
Seat 1: dmitriy sakh ($3.91 in chips) 
Seat 2: lolKimu ($0.71 in chips) 
Seat 3: Brajinn ($0.91 in chips) 
Seat 4: Dorex2007 ($2 in chips) 
Seat 5: williams9897819 ($1.22 in chips) 
Seat 6: urka_epu ($2.66 in chips) 
Seat 7: VFK1 ($1.42 in chips) 
Seat 8: Artmis 33 ($0.50 in chips) 
Seat 9: <!>E H P ! P ($3.26 in chips) 
Brajinn: posts small blind $0.01
Dorex2007: posts big blind $0.02
*** HOLE CARDS ***
Dealt to Dorex2007 [4c 9d]
williams9897819: folds 
urka_epu: folds 
VFK1: folds 
Artmis 33: folds 
<!>E H P ! P: raises $0.04 to $0.06
dmitriy sakh: folds 
lolKimu has timed out
lolKimu: folds 
Brajinn: folds 
Dorex2007: folds 
Uncalled bet ($0.04) returned to <!>E H P ! P
<!>E H P ! P collected $0.05 from pot
<!>E H P ! P: doesn't show hand 
*** SUMMARY ***
Total pot $0.05 | Rake $0 
Seat 1: dmitriy sakh folded before Flop (didn't bet)
Seat 2: lolKimu (button) folded before Flop (didn't bet)
Seat 3: Brajinn (small blind) folded before Flop
Seat 4: Dorex2007 (big blind) folded before Flop
Seat 5: williams9897819 folded before Flop (didn't bet)
Seat 6: urka_epu folded before Flop (didn't bet)
Seat 7: VFK1 folded before Flop (didn't bet)
Seat 8: Artmis 33 folded before Flop (didn't bet)
Seat 9: <!>E H P ! P collected ($0.05)



PokerStars Hand #230720372751:  Hold'em No Limit ($0.01/$0.02 USD) - 2021/10/18 22:39:42 PT [2021/10/19 1:39:42 ET]
Table 'Thessalia IV' 9-max Seat #3 is the button
Seat 1: dmitriy sakh ($3.91 in chips) 
Seat 2: lolKimu ($0.71 in chips) 
Seat 3: Brajinn ($0.90 in chips) 
Seat 4: Dorex2007 ($2 in chips) 
Seat 5: williams9897819 ($1.22 in chips) 
Seat 6: urka_epu ($2.66 in chips) 
Seat 7: VFK1 ($1.42 in chips) 
Seat 8: Artmis 33 ($0.50 in chips) 
Seat 9: <!>E H P ! P ($3.29 in chips) 
Dorex2007: posts small blind $0.01
williams9897819: posts big blind $0.02
*** HOLE CARDS ***
Dealt to Dorex2007 [7s 5s]
urka_epu: folds 
VFK1: raises $0.04 to $0.06
Artmis 33: folds 
<!>E H P ! P: folds 
dmitriy sakh: folds 
lolKimu: folds 
Brajinn: calls $0.06
Dorex2007: folds 
williams9897819: folds 
*** FLOP *** [7d 3d 4s]
VFK1: bets $0.06
Brajinn: calls $0.06
*** TURN *** [7d 3d 4s] [Ac]
VFK1: bets $0.06
Brajinn: calls $0.06
*** RIVER *** [7d 3d 4s Ac] [9s]
VFK1: bets $0.04
Brajinn: calls $0.04
*** SHOW DOWN ***
VFK1: shows [Jd Qd] (high card Ace)
Brajinn: shows [Ad Js] (a pair of Aces)
Brajinn collected $0.45 from pot
*** SUMMARY ***
Total pot $0.47 | Rake $0.02 
Board [7d 3d 4s Ac 9s]
Seat 1: dmitriy sakh folded before Flop (didn't bet)
Seat 2: lolKimu folded before Flop (didn't bet)
Seat 3: Brajinn (button) showed [Ad Js] and won ($0.45) with a pair of Aces
Seat 4: Dorex2007 (small blind) folded before Flop
Seat 5: williams9897819 (big blind) folded before Flop
Seat 6: urka_epu folded before Flop (didn't bet)
Seat 7: VFK1 showed [Jd Qd] and lost with high card Ace
Seat 8: Artmis 33 folded before Flop (didn't bet)
Seat 9: <!>E H P ! P folded before Flop (didn't bet)



PokerStars Hand #230720378162:  Hold'em No Limit ($0.01/$0.02 USD) - 2021/10/18 22:40:26 PT [2021/10/19 1:40:26 ET]
Table 'Thessalia IV' 9-max Seat #4 is the button
Seat 1: dmitriy sakh ($3.91 in chips) 
Seat 2: lolKimu ($0.71 in chips) 
Seat 3: Brajinn ($1.13 in chips) 
Seat 4: Dorex2007 ($2 in chips) 
Seat 5: williams9897819 ($1.20 in chips) 
Seat 6: urka_epu ($2.66 in chips) 
Seat 7: VFK1 ($1.20 in chips) 
Seat 8: Artmis 33 ($0.50 in chips) 
Seat 9: <!>E H P ! P ($3.29 in chips) 
williams9897819: posts small blind $0.01
urka_epu: posts big blind $0.02
*** HOLE CARDS ***
Dealt to Dorex2007 [3h Td]
VFK1: calls $0.02
Artmis 33: folds 
<!>E H P ! P: folds 
dmitriy sakh: folds 
lolKimu: raises $0.04 to $0.06
Brajinn: folds 
Dorex2007: folds 
williams9897819: folds 
urka_epu: folds 
VFK1: calls $0.04
*** FLOP *** [6h 2c 8d]
VFK1: checks 
lolKimu: bets $0.06
VFK1: calls $0.06
*** TURN *** [6h 2c 8d] [4c]
VFK1: checks 
lolKimu: checks 
*** RIVER *** [6h 2c 8d 4c] [3c]
VFK1: bets $0.06
Artmis 33 leaves the table
lolKimu: folds 
Uncalled bet ($0.06) returned to VFK1
VFK1 collected $0.26 from pot
VFK1: doesn't show hand 
*** SUMMARY ***
Total pot $0.27 | Rake $0.01 
Board [6h 2c 8d 4c 3c]
Seat 1: dmitriy sakh folded before Flop (didn't bet)
Seat 2: lolKimu folded on the River
Seat 3: Brajinn folded before Flop (didn't bet)
Seat 4: Dorex2007 (button) folded before Flop (didn't bet)
Seat 5: williams9897819 (small blind) folded before Flop
Seat 6: urka_epu (big blind) folded before Flop
Seat 7: VFK1 collected ($0.26)
Seat 8: Artmis 33 folded before Flop (didn't bet)
Seat 9: <!>E H P ! P folded before Flop (didn't bet)



PokerStars Hand #230720383924:  Hold'em No Limit ($0.01/$0.02 USD) - 2021/10/18 22:41:12 PT [2021/10/19 1:41:12 ET]
Table 'Thessalia IV' 9-max Seat #5 is the button
Seat 1: dmitriy sakh ($3.91 in chips) 
Seat 2: lolKimu ($0.59 in chips) 
Seat 3: Brajinn ($1.13 in chips) 
Seat 4: Dorex2007 ($2 in chips) 
Seat 5: williams9897819 ($1.19 in chips) 
Seat 6: urka_epu ($2.64 in chips) 
Seat 7: VFK1 ($1.34 in chips) 
Seat 9: <!>E H P ! P ($3.29 in chips) 
urka_epu: posts small blind $0.01
VFK1: posts big blind $0.02
*** HOLE CARDS ***
Dealt to Dorex2007 [Jh Kd]
<!>E H P ! P: folds 
AlekseyAD173 joins the table at seat #8 
dmitriy sakh: folds 
lolKimu: raises $0.02 to $0.04
Brajinn: folds 
Dorex2007: raises $0.08 to $0.12
williams9897819: folds 
urka_epu: folds 
VFK1: folds 
lolKimu: folds 
Uncalled bet ($0.08) returned to Dorex2007
Dorex2007 collected $0.11 from pot
Dorex2007: doesn't show hand 
*** SUMMARY ***
Total pot $0.11 | Rake $0 
Seat 1: dmitriy sakh folded before Flop (didn't bet)
Seat 2: lolKimu folded before Flop
Seat 3: Brajinn folded before Flop (didn't bet)
Seat 4: Dorex2007 collected ($0.11)
Seat 5: williams9897819 (button) folded before Flop (didn't bet)
Seat 6: urka_epu (small blind) folded before Flop
Seat 7: VFK1 (big blind) folded before Flop
Seat 9: <!>E H P ! P folded before Flop (didn't bet)



PokerStars Hand #230720387527:  Hold'em No Limit ($0.01/$0.02 USD) - 2021/10/18 22:41:41 PT [2021/10/19 1:41:41 ET]
Table 'Thessalia IV' 9-max Seat #6 is the button
Seat 1: dmitriy sakh ($3.91 in chips) 
Seat 2: lolKimu ($0.55 in chips) 
Seat 3: Brajinn ($1.13 in chips) 
Seat 4: Dorex2007 ($2.07 in chips) 
Seat 5: williams9897819 ($1.19 in chips) 
Seat 6: urka_epu ($2.63 in chips) 
Seat 7: VFK1 ($1.32 in chips) 
Seat 8: AlekseyAD173 ($0.80 in chips) 
Seat 9: <!>E H P ! P ($3.29 in chips) 
VFK1: posts small blind $0.01
AlekseyAD173: posts big blind $0.02
*** HOLE CARDS ***
Dealt to Dorex2007 [As 2c]
<!>E H P ! P: folds 
dmitriy sakh: folds 
lolKimu: raises $0.04 to $0.06
Brajinn: folds 
Dorex2007: folds 
williams9897819: folds 
urka_epu: folds 
VFK1: folds 
AlekseyAD173: folds 
Uncalled bet ($0.04) returned to lolKimu
lolKimu collected $0.05 from pot
lolKimu: doesn't show hand 
*** SUMMARY ***
Total pot $0.05 | Rake $0 
Seat 1: dmitriy sakh folded before Flop (didn't bet)
Seat 2: lolKimu collected ($0.05)
Seat 3: Brajinn folded before Flop (didn't bet)
Seat 4: Dorex2007 folded before Flop (didn't bet)
Seat 5: williams9897819 folded before Flop (didn't bet)
Seat 6: urka_epu (button) folded before Flop (didn't bet)
Seat 7: VFK1 (small blind) folded before Flop
Seat 8: AlekseyAD173 (big blind) folded before Flop
Seat 9: <!>E H P ! P folded before Flop (didn't bet)



PokerStars Hand #230720390342:  Hold'em No Limit ($0.01/$0.02 USD) - 2021/10/18 22:42:03 PT [2021/10/19 1:42:03 ET]
Table 'Thessalia IV' 9-max Seat #7 is the button
Seat 1: dmitriy sakh ($3.91 in chips) 
Seat 2: lolKimu ($0.58 in chips) 
Seat 3: Brajinn ($1.13 in chips) 
Seat 4: Dorex2007 ($2.07 in chips) 
Seat 5: williams9897819 ($1.19 in chips) 
Seat 6: urka_epu ($2.63 in chips) 
Seat 7: VFK1 ($1.31 in chips) 
Seat 8: AlekseyAD173 ($0.78 in chips) 
Seat 9: <!>E H P ! P ($3.29 in chips) 
AlekseyAD173: posts small blind $0.01
<!>E H P ! P: posts big blind $0.02
*** HOLE CARDS ***
Dealt to Dorex2007 [5d 4s]
dmitriy sakh: folds 
lolKimu: folds 
Brajinn: folds 
Dorex2007: folds 
williams9897819: folds 
urka_epu: folds 
VFK1: folds 
AlekseyAD173: calls $0.01
<!>E H P ! P: checks 
*** FLOP *** [Kd 4h 7s]
AlekseyAD173: checks 
<!>E H P ! P: checks 
*** TURN *** [Kd 4h 7s] [4d]
AlekseyAD173: checks 
<!>E H P ! P: checks 
*** RIVER *** [Kd 4h 7s 4d] [2d]
AlekseyAD173: checks 
<!>E H P ! P: checks 
*** SHOW DOWN ***
AlekseyAD173: shows [9c 8s] (a pair of Fours)
<!>E H P ! P: shows [Td As] (a pair of Fours - Ace kicker)
<!>E H P ! P collected $0.04 from pot
*** SUMMARY ***
Total pot $0.04 | Rake $0 
Board [Kd 4h 7s 4d 2d]
Seat 1: dmitriy sakh folded before Flop (didn't bet)
Seat 2: lolKimu folded before Flop (didn't bet)
Seat 3: Brajinn folded before Flop (didn't bet)
Seat 4: Dorex2007 folded before Flop (didn't bet)
Seat 5: williams9897819 folded before Flop (didn't bet)
Seat 6: urka_epu folded before Flop (didn't bet)
Seat 7: VFK1 (button) folded before Flop (didn't bet)
Seat 8: AlekseyAD173 (small blind) showed [9c 8s] and lost with a pair of Fours
Seat 9: <!>E H P ! P (big blind) showed [Td As] and won ($0.04) with a pair of Fours



PokerStars Hand #230720394406:  Hold'em No Limit ($0.01/$0.02 USD) - 2021/10/18 22:42:36 PT [2021/10/19 1:42:36 ET]
Table 'Thessalia IV' 9-max Seat #8 is the button
Seat 1: dmitriy sakh ($3.91 in chips) 
Seat 2: lolKimu ($0.58 in chips) 
Seat 3: Brajinn ($1.13 in chips) 
Seat 4: Dorex2007 ($2.07 in chips) 
Seat 5: williams9897819 ($1.19 in chips) 
Seat 6: urka_epu ($2.63 in chips) 
Seat 7: VFK1 ($1.31 in chips) 
Seat 8: AlekseyAD173 ($0.76 in chips) 
Seat 9: <!>E H P ! P ($3.31 in chips) 
<!>E H P ! P: posts small blind $0.01
dmitriy sakh: posts big blind $0.02
*** HOLE CARDS ***
Dealt to Dorex2007 [As 9h]
lolKimu: folds 
Brajinn: calls $0.02
Dorex2007: folds 
williams9897819: folds 
urka_epu: folds 
VFK1: raises $0.04 to $0.06
AlekseyAD173: folds 
<!>E H P ! P: folds 
dmitriy sakh: folds 
Brajinn: calls $0.04
*** FLOP *** [Js 8s 5h]
Brajinn: checks 
VFK1: bets $0.06
Brajinn: calls $0.06
*** TURN *** [Js 8s 5h] [2c]
Brajinn: checks 
dmitriy sakh leaves the table
VFK1: bets $0.06
Brajinn: calls $0.06
*** RIVER *** [Js 8s 5h 2c] [3s]
Brajinn: checks 
VFK1: checks 
*** SHOW DOWN ***
Brajinn: shows [7s 7c] (a pair of Sevens)
VFK1: shows [Tc Ts] (a pair of Tens)
VFK1 collected $0.38 from pot
*** SUMMARY ***
Total pot $0.39 | Rake $0.01 
Board [Js 8s 5h 2c 3s]
Seat 1: dmitriy sakh (big blind) folded before Flop
Seat 2: lolKimu folded before Flop (didn't bet)
Seat 3: Brajinn showed [7s 7c] and lost with a pair of Sevens
Seat 4: Dorex2007 folded before Flop (didn't bet)
Seat 5: williams9897819 folded before Flop (didn't bet)
Seat 6: urka_epu folded before Flop (didn't bet)
Seat 7: VFK1 showed [Tc Ts] and won ($0.38) with a pair of Tens
Seat 8: AlekseyAD173 (button) folded before Flop (didn't bet)
Seat 9: <!>E H P ! P (small blind) folded before Flop



PokerStars Hand #230720400333:  Hold'em No Limit ($0.01/$0.02 USD) - 2021/10/18 22:43:24 PT [2021/10/19 1:43:24 ET]
Table 'Thessalia IV' 9-max Seat #9 is the button
Seat 2: lolKimu ($0.58 in chips) 
Seat 3: Brajinn ($0.95 in chips) 
Seat 4: Dorex2007 ($2.07 in chips) 
Seat 5: williams9897819 ($1.19 in chips) 
Seat 6: urka_epu ($2.63 in chips) 
Seat 7: VFK1 ($1.51 in chips) 
Seat 8: AlekseyAD173 ($0.76 in chips) 
Seat 9: <!>E H P ! P ($3.30 in chips) 
lolKimu: posts small blind $0.01
Brajinn: posts big blind $0.02
*** HOLE CARDS ***
Dealt to Dorex2007 [3d Kh]
Dorex2007: folds 
williams9897819: calls $0.02
urka_epu: folds 
VFK1: calls $0.02
AlekseyAD173: calls $0.02
<!>E H P ! P: calls $0.02
kiling1 joins the table at seat #1 
lolKimu: calls $0.01
Brajinn: checks 
*** FLOP *** [Qh Ah 7s]
lolKimu: checks 
Brajinn: checks 
williams9897819: checks 
VFK1: checks 
AlekseyAD173: bets $0.08
<!>E H P ! P: folds 
lolKimu: folds 
Brajinn: folds 
williams9897819: folds 
VFK1: folds 
Uncalled bet ($0.08) returned to AlekseyAD173
AlekseyAD173 collected $0.12 from pot
*** SUMMARY ***
Total pot $0.12 | Rake $0 
Board [Qh Ah 7s]
Seat 2: lolKimu (small blind) folded on the Flop
Seat 3: Brajinn (big blind) folded on the Flop
Seat 4: Dorex2007 folded before Flop (didn't bet)
Seat 5: williams9897819 folded on the Flop
Seat 6: urka_epu folded before Flop (didn't bet)
Seat 7: VFK1 folded on the Flop
Seat 8: AlekseyAD173 collected ($0.12)
Seat 9: <!>E H P ! P (button) folded on the Flop



PokerStars Hand #230720405598:  Hold'em No Limit ($0.01/$0.02 USD) - 2021/10/18 22:44:06 PT [2021/10/19 1:44:06 ET]
Table 'Thessalia IV' 9-max Seat #2 is the button
Seat 2: lolKimu ($0.56 in chips) 
Seat 3: Brajinn ($0.93 in chips) 
Seat 4: Dorex2007 ($2.07 in chips) 
Seat 5: williams9897819 ($1.17 in chips) 
Seat 6: urka_epu ($2.63 in chips) 
Seat 7: VFK1 ($1.49 in chips) 
Seat 8: AlekseyAD173 ($0.86 in chips) 
Seat 9: <!>E H P ! P ($3.28 in chips) 
Brajinn: posts small blind $0.01
Dorex2007: posts big blind $0.02
kiling1: sits out 
*** HOLE CARDS ***
Dealt to Dorex2007 [6s 7s]
williams9897819: folds 
urka_epu: folds 
VFK1: calls $0.02
AlekseyAD173: folds 
<!>E H P ! P: folds 
lolKimu: raises $0.02 to $0.04
Brajinn: calls $0.03
Dorex2007: calls $0.02
VFK1: calls $0.02
*** FLOP *** [2h 2c 3s]
Brajinn: checks 
Dorex2007: checks 
VFK1: bets $0.02
lolKimu: folds 
Brajinn: folds 
Dorex2007: folds 
Uncalled bet ($0.02) returned to VFK1
VFK1 collected $0.15 from pot
VFK1: doesn't show hand 
*** SUMMARY ***
Total pot $0.16 | Rake $0.01 
Board [2h 2c 3s]
Seat 2: lolKimu (button) folded on the Flop
Seat 3: Brajinn (small blind) folded on the Flop
Seat 4: Dorex2007 (big blind) folded on the Flop
Seat 5: williams9897819 folded before Flop (didn't bet)
Seat 6: urka_epu folded before Flop (didn't bet)
Seat 7: VFK1 collected ($0.15)
Seat 8: AlekseyAD173 folded before Flop (didn't bet)
Seat 9: <!>E H P ! P folded before Flop (didn't bet)



PokerStars Hand #230720409630:  Hold'em No Limit ($0.01/$0.02 USD) - 2021/10/18 22:44:39 PT [2021/10/19 1:44:39 ET]
Table 'Thessalia IV' 9-max Seat #3 is the button
Seat 2: lolKimu ($0.52 in chips) 
Seat 3: Brajinn ($0.89 in chips) 
Seat 4: Dorex2007 ($2.03 in chips) 
Seat 5: williams9897819 ($1.17 in chips) 
Seat 6: urka_epu ($2.63 in chips) 
Seat 7: VFK1 ($1.60 in chips) 
Seat 8: AlekseyAD173 ($0.86 in chips) 
Seat 9: <!>E H P ! P ($3.28 in chips) 
Dorex2007: posts small blind $0.01
williams9897819: posts big blind $0.02
kiling1: sits out 
*** HOLE CARDS ***
Dealt to Dorex2007 [5c 8h]
urka_epu: folds 
VFK1: calls $0.02
AlekseyAD173: calls $0.02
<!>E H P ! P: folds 
lolKimu: folds 
Brajinn: folds 
Dorex2007: folds 
williams9897819: checks 
*** FLOP *** [As 8c 9s]
williams9897819: checks 
VFK1: bets $0.04
AlekseyAD173: calls $0.04
williams9897819: folds 
*** TURN *** [As 8c 9s] [Ks]
VFK1: checks 
AlekseyAD173: checks 
*** RIVER *** [As 8c 9s Ks] [8d]
VFK1: bets $0.04
AlekseyAD173: calls $0.04
*** SHOW DOWN ***
VFK1: shows [3h 2h] (a pair of Eights)
AlekseyAD173: shows [Td Tc] (two pair, Tens and Eights)
AlekseyAD173 collected $0.22 from pot
*** SUMMARY ***
Total pot $0.23 | Rake $0.01 
Board [As 8c 9s Ks 8d]
Seat 2: lolKimu folded before Flop (didn't bet)
Seat 3: Brajinn (button) folded before Flop (didn't bet)
Seat 4: Dorex2007 (small blind) folded before Flop
Seat 5: williams9897819 (big blind) folded on the Flop
Seat 6: urka_epu folded before Flop (didn't bet)
Seat 7: VFK1 showed [3h 2h] and lost with a pair of Eights
Seat 8: AlekseyAD173 showed [Td Tc] and won ($0.22) with two pair, Tens and Eights
Seat 9: <!>E H P ! P folded before Flop (didn't bet)



PokerStars Hand #230720414240:  Hold'em No Limit ($0.01/$0.02 USD) - 2021/10/18 22:45:15 PT [2021/10/19 1:45:15 ET]
Table 'Thessalia IV' 9-max Seat #4 is the button
Seat 2: lolKimu ($0.52 in chips) 
Seat 3: Brajinn ($0.89 in chips) 
Seat 4: Dorex2007 ($2.02 in chips) 
Seat 5: williams9897819 ($1.15 in chips) 
Seat 6: urka_epu ($2.63 in chips) 
Seat 7: VFK1 ($1.50 in chips) 
Seat 8: AlekseyAD173 ($0.98 in chips) 
Seat 9: <!>E H P ! P ($3.28 in chips) 
williams9897819: posts small blind $0.01
urka_epu: posts big blind $0.02
kiling1: sits out 
*** HOLE CARDS ***
Dealt to Dorex2007 [7h 9h]
VFK1: folds 
AlekseyAD173: folds 
<!>E H P ! P: folds 
lolKimu: folds 
Brajinn: calls $0.02
Dorex2007: calls $0.02
williams9897819: calls $0.01
urka_epu: checks 
*** FLOP *** [7d Ad 5c]
williams9897819: checks 
urka_epu: checks 
Brajinn: bets $0.04
Dorex2007: calls $0.04
williams9897819: folds 
urka_epu: folds 
*** TURN *** [7d Ad 5c] [7c]
Brajinn: bets $0.04
Dorex2007: raises $0.23 to $0.27
Brajinn: calls $0.23
*** RIVER *** [7d Ad 5c 7c] [6h]
Brajinn: checks 
Dorex2007: bets $0.34
Brajinn: folds 
Uncalled bet ($0.34) returned to Dorex2007
Dorex2007 collected $0.68 from pot
Dorex2007: doesn't show hand 
*** SUMMARY ***
Total pot $0.70 | Rake $0.02 
Board [7d Ad 5c 7c 6h]
Seat 2: lolKimu folded before Flop (didn't bet)
Seat 3: Brajinn folded on the River
Seat 4: Dorex2007 (button) collected ($0.68)
Seat 5: williams9897819 (small blind) folded on the Flop
Seat 6: urka_epu (big blind) folded on the Flop
Seat 7: VFK1 folded before Flop (didn't bet)
Seat 8: AlekseyAD173 folded before Flop (didn't bet)
Seat 9: <!>E H P ! P folded before Flop (didn't bet)



PokerStars Hand #230720423696:  Hold'em No Limit ($0.01/$0.02 USD) - 2021/10/18 22:46:32 PT [2021/10/19 1:46:32 ET]
Table 'Thessalia IV' 9-max Seat #5 is the button
Seat 2: lolKimu ($0.52 in chips) 
Seat 3: Brajinn ($0.56 in chips) 
Seat 4: Dorex2007 ($2.37 in chips) 
Seat 5: williams9897819 ($1.13 in chips) 
Seat 6: urka_epu ($2.61 in chips) 
Seat 7: VFK1 ($1.50 in chips) 
Seat 8: AlekseyAD173 ($0.98 in chips) 
Seat 9: <!>E H P ! P ($3.28 in chips) 
urka_epu: posts small blind $0.01
VFK1: posts big blind $0.02
kiling1: sits out 
*** HOLE CARDS ***
Dealt to Dorex2007 [Jh Kd]
AlekseyAD173: folds 
<!>E H P ! P: folds 
lolKimu: folds 
Brajinn: folds 
Dorex2007: raises $0.02 to $0.04
williams9897819: folds 
urka_epu: folds 
VFK1: calls $0.02
*** FLOP *** [Qd 5h 9c]
VFK1: checks 
Dorex2007: checks 
*** TURN *** [Qd 5h 9c] [Qc]
VFK1: bets $0.04
Dorex2007: calls $0.04
*** RIVER *** [Qd 5h 9c Qc] [6c]
VFK1: checks 
Dorex2007: bets $0.16
VFK1: folds 
Uncalled bet ($0.16) returned to Dorex2007
Dorex2007 collected $0.16 from pot
Dorex2007: doesn't show hand 
*** SUMMARY ***
Total pot $0.17 | Rake $0.01 
Board [Qd 5h 9c Qc 6c]
Seat 2: lolKimu folded before Flop (didn't bet)
Seat 3: Brajinn folded before Flop (didn't bet)
Seat 4: Dorex2007 collected ($0.16)
Seat 5: williams9897819 (button) folded before Flop (didn't bet)
Seat 6: urka_epu (small blind) folded before Flop
Seat 7: VFK1 (big blind) folded on the River
Seat 8: AlekseyAD173 folded before Flop (didn't bet)
Seat 9: <!>E H P ! P folded before Flop (didn't bet)



PokerStars Hand #230720428703:  Hold'em No Limit ($0.01/$0.02 USD) - 2021/10/18 22:47:12 PT [2021/10/19 1:47:12 ET]
Table 'Thessalia IV' 9-max Seat #6 is the button
Seat 2: lolKimu ($0.52 in chips) 
Seat 3: Brajinn ($0.56 in chips) 
Seat 4: Dorex2007 ($2.45 in chips) 
Seat 5: williams9897819 ($1.13 in chips) 
Seat 6: urka_epu ($2.60 in chips) 
Seat 7: VFK1 ($1.42 in chips) 
Seat 8: AlekseyAD173 ($0.98 in chips) 
Seat 9: <!>E H P ! P ($3.28 in chips) 
VFK1: posts small blind $0.01
AlekseyAD173: posts big blind $0.02
kiling1: sits out 
*** HOLE CARDS ***
Dealt to Dorex2007 [6s 9h]
<!>E H P ! P: folds 
lolKimu: folds 
Brajinn: folds 
Dorex2007: folds 
williams9897819: calls $0.02
urka_epu: folds 
VFK1: calls $0.01
AlekseyAD173: checks 
*** FLOP *** [6d Ad 5d]
VFK1: bets $0.02
AlekseyAD173: calls $0.02
williams9897819: folds 
*** TURN *** [6d Ad 5d] [Qc]
VFK1: checks 
AlekseyAD173: checks 
*** RIVER *** [6d Ad 5d Qc] [Kc]
VFK1: checks 
AlekseyAD173: checks 
*** SHOW DOWN ***
VFK1: shows [Jc 3c] (high card Ace)
AlekseyAD173: shows [Kd 4s] (a pair of Kings)
AlekseyAD173 collected $0.10 from pot
*** SUMMARY ***
Total pot $0.10 | Rake $0 
Board [6d Ad 5d Qc Kc]
Seat 2: lolKimu folded before Flop (didn't bet)
Seat 3: Brajinn folded before Flop (didn't bet)
Seat 4: Dorex2007 folded before Flop (didn't bet)
Seat 5: williams9897819 folded on the Flop
Seat 6: urka_epu (button) folded before Flop (didn't bet)
Seat 7: VFK1 (small blind) showed [Jc 3c] and lost with high card Ace
Seat 8: AlekseyAD173 (big blind) showed [Kd 4s] and won ($0.10) with a pair of Kings
Seat 9: <!>E H P ! P folded before Flop (didn't bet)



PokerStars Hand #230720433388:  Hold'em No Limit ($0.01/$0.02 USD) - 2021/10/18 22:47:49 PT [2021/10/19 1:47:49 ET]
Table 'Thessalia IV' 9-max Seat #7 is the button
Seat 2: lolKimu ($0.52 in chips) 
Seat 3: Brajinn ($0.56 in chips) 
Seat 4: Dorex2007 ($2.45 in chips) 
Seat 5: williams9897819 ($1.11 in chips) 
Seat 6: urka_epu ($2.60 in chips) 
Seat 7: VFK1 ($1.38 in chips) 
Seat 8: AlekseyAD173 ($1.04 in chips) 
Seat 9: <!>E H P ! P ($3.28 in chips) 
AlekseyAD173: posts small blind $0.01
<!>E H P ! P: posts big blind $0.02
kiling1: sits out 
*** HOLE CARDS ***
Dealt to Dorex2007 [Qh 6s]
lolKimu: folds 
Brajinn: folds 
Dorex2007: folds 
williams9897819: folds 
urka_epu: raises $0.04 to $0.06
VFK1: calls $0.06
AlekseyAD173: folds 
<!>E H P ! P: folds 
*** FLOP *** [Kd 2h Ks]
urka_epu: bets $0.07
VFK1: raises $0.07 to $0.14
urka_epu: calls $0.07
*** TURN *** [Kd 2h Ks] [4c]
urka_epu: checks 
VFK1: bets $0.12
urka_epu: calls $0.12
*** RIVER *** [Kd 2h Ks 4c] [3s]
urka_epu: checks 
VFK1: checks 
*** SHOW DOWN ***
urka_epu: shows [8d 8s] (two pair, Kings and Eights)
VFK1: mucks hand 
urka_epu collected $0.65 from pot
*** SUMMARY ***
Total pot $0.67 | Rake $0.02 
Board [Kd 2h Ks 4c 3s]
Seat 2: lolKimu folded before Flop (didn't bet)
Seat 3: Brajinn folded before Flop (didn't bet)
Seat 4: Dorex2007 folded before Flop (didn't bet)
Seat 5: williams9897819 folded before Flop (didn't bet)
Seat 6: urka_epu showed [8d 8s] and won ($0.65) with two pair, Kings and Eights
Seat 7: VFK1 (button) mucked [Ad 7s]
Seat 8: AlekseyAD173 (small blind) folded before Flop
Seat 9: <!>E H P ! P (big blind) folded before Flop



PokerStars Hand #230720443652:  Hold'em No Limit ($0.01/$0.02 USD) - 2021/10/18 22:49:11 PT [2021/10/19 1:49:11 ET]
Table 'Thessalia IV' 9-max Seat #8 is the button
Seat 1: kiling1 ($1.60 in chips) 
Seat 2: lolKimu ($0.52 in chips) 
Seat 3: Brajinn ($0.56 in chips) 
Seat 4: Dorex2007 ($2.45 in chips) 
Seat 5: williams9897819 ($1.11 in chips) 
Seat 6: urka_epu ($2.93 in chips) 
Seat 8: AlekseyAD173 ($1.03 in chips) 
Seat 9: <!>E H P ! P ($3.26 in chips) 
<!>E H P ! P: posts small blind $0.01
kiling1: posts big blind $0.02
*** HOLE CARDS ***
Dealt to Dorex2007 [Qh 4s]
VFK1 leaves the table
lolKimu: folds 
Brajinn: calls $0.02
Dorex2007: folds 
williams9897819: folds 
urka_epu: folds 
AlekseyAD173: folds 
<!>E H P ! P: calls $0.01
AlekseyAD173 leaves the table
kiling1: checks 
*** FLOP *** [Ah 2h Kd]
<!>E H P ! P: checks 
kiling1: checks 
Brajinn: checks 
*** TURN *** [Ah 2h Kd] [Js]
<!>E H P ! P: checks 
kiling1: checks 
Brajinn: checks 
*** RIVER *** [Ah 2h Kd Js] [5c]
<!>E H P ! P: checks 
kiling1: checks 
Brajinn: checks 
*** SHOW DOWN ***
<!>E H P ! P: shows [9h Kh] (a pair of Kings)
kiling1: mucks hand 
Brajinn: mucks hand 
<!>E H P ! P collected $0.06 from pot
*** SUMMARY ***
Total pot $0.06 | Rake $0 
Board [Ah 2h Kd Js 5c]
Seat 1: kiling1 (big blind) mucked [7c 6c]
Seat 2: lolKimu folded before Flop (didn't bet)
Seat 3: Brajinn mucked [6d 3d]
Seat 4: Dorex2007 folded before Flop (didn't bet)
Seat 5: williams9897819 folded before Flop (didn't bet)
Seat 6: urka_epu folded before Flop (didn't bet)
Seat 8: AlekseyAD173 (button) folded before Flop (didn't bet)
Seat 9: <!>E H P ! P (small blind) showed [9h Kh] and won ($0.06) with a pair of Kings



PokerStars Hand #230720452845:  Hold'em No Limit ($0.01/$0.02 USD) - 2021/10/18 22:50:26 PT [2021/10/19 1:50:26 ET]
Table 'Thessalia IV' 9-max Seat #9 is the button
Seat 1: kiling1 ($1.58 in chips) 
Seat 2: lolKimu ($0.52 in chips) 
Seat 3: Brajinn ($0.54 in chips) 
Seat 4: Dorex2007 ($2.45 in chips) 
Seat 5: williams9897819 ($1.11 in chips) 
Seat 6: urka_epu ($2.93 in chips) 
Seat 9: <!>E H P ! P ($3.30 in chips) 
kiling1: posts small blind $0.01
lolKimu: posts big blind $0.02
*** HOLE CARDS ***
Dealt to Dorex2007 [9d Qd]
Brajinn: raises $0.04 to $0.06
Dorex2007: folds 
williams9897819: folds 
urka_epu: folds 
<!>E H P ! P: folds 
pruzzer12 joins the table at seat #7 
kiling1: calls $0.05
lolKimu: calls $0.04
*** FLOP *** [8d 8h 7h]
kiling1: checks 
lolKimu: checks 
Brajinn: checks 
*** TURN *** [8d 8h 7h] [Ah]
kiling1: bets $0.08
lolKimu: folds 
Brajinn: calls $0.08
*** RIVER *** [8d 8h 7h Ah] [6d]
c.antonio120 joins the table at seat #8 
kiling1: bets $0.12
Brajinn: calls $0.12
*** SHOW DOWN ***
kiling1: shows [Tc Ac] (two pair, Aces and Eights)
Brajinn: shows [As Kc] (two pair, Aces and Eights - King kicker)
Brajinn collected $0.56 from pot
*** SUMMARY ***
Total pot $0.58 | Rake $0.02 
Board [8d 8h 7h Ah 6d]
Seat 1: kiling1 (small blind) showed [Tc Ac] and lost with two pair, Aces and Eights
Seat 2: lolKimu (big blind) folded on the Turn
Seat 3: Brajinn showed [As Kc] and won ($0.56) with two pair, Aces and Eights
Seat 4: Dorex2007 folded before Flop (didn't bet)
Seat 5: williams9897819 folded before Flop (didn't bet)
Seat 6: urka_epu folded before Flop (didn't bet)
Seat 9: <!>E H P ! P (button) folded before Flop (didn't bet)



PokerStars Hand #230720462179:  Hold'em No Limit ($0.01/$0.02 USD) - 2021/10/18 22:51:40 PT [2021/10/19 1:51:40 ET]
Table 'Thessalia IV' 9-max Seat #1 is the button
Seat 1: kiling1 ($1.32 in chips) 
Seat 2: lolKimu ($0.46 in chips) 
Seat 3: Brajinn ($0.84 in chips) 
Seat 4: Dorex2007 ($2.45 in chips) 
Seat 5: williams9897819 ($1.11 in chips) 
Seat 6: urka_epu ($2.93 in chips) 
Seat 9: <!>E H P ! P ($3.30 in chips) 
lolKimu: posts small blind $0.01
Brajinn: posts big blind $0.02
pruzzer12: sits out 
c.antonio120: sits out 
*** HOLE CARDS ***
Dealt to Dorex2007 [Kd 4h]
Dorex2007: folds 
williams9897819: folds 
urka_epu: raises $0.04 to $0.06
<!>E H P ! P: calls $0.06
kiling1: folds 
lolKimu: folds 
Brajinn: calls $0.04
*** FLOP *** [2c 8d 9c]
Brajinn: checks 
urka_epu: checks 
<!>E H P ! P: checks 
*** TURN *** [2c 8d 9c] [5d]
Brajinn: bets $0.09
urka_epu: folds 
<!>E H P ! P: folds 
Uncalled bet ($0.09) returned to Brajinn
Brajinn collected $0.18 from pot
Brajinn: doesn't show hand 
*** SUMMARY ***
Total pot $0.19 | Rake $0.01 
Board [2c 8d 9c 5d]
Seat 1: kiling1 (button) folded before Flop (didn't bet)
Seat 2: lolKimu (small blind) folded before Flop
Seat 3: Brajinn (big blind) collected ($0.18)
Seat 4: Dorex2007 folded before Flop (didn't bet)
Seat 5: williams9897819 folded before Flop (didn't bet)
Seat 6: urka_epu folded on the Turn
Seat 9: <!>E H P ! P folded on the Turn



PokerStars Hand #230720469871:  Hold'em No Limit ($0.01/$0.02 USD) - 2021/10/18 22:52:41 PT [2021/10/19 1:52:41 ET]
Table 'Thessalia IV' 9-max Seat #2 is the button
Seat 1: kiling1 ($1.32 in chips) 
Seat 2: lolKimu ($0.45 in chips) 
Seat 3: Brajinn ($0.96 in chips) 
Seat 4: Dorex2007 ($2.45 in chips) 
Seat 5: williams9897819 ($1.11 in chips) 
Seat 6: urka_epu ($2.87 in chips) 
Seat 7: pruzzer12 ($2 in chips) 
Seat 8: c.antonio120 ($0.80 in chips) 
Seat 9: <!>E H P ! P ($3.24 in chips) 
Brajinn: posts small blind $0.01
Dorex2007: posts big blind $0.02
pruzzer12: posts big blind $0.02
c.antonio120: posts big blind $0.02
*** HOLE CARDS ***
Dealt to Dorex2007 [Kh Jh]
williams9897819: folds 
urka_epu: folds 
pruzzer12: checks 
c.antonio120: checks 
<!>E H P ! P: folds 
kiling1: folds 
lolKimu: folds 
Brajinn: folds 
Dorex2007: raises $0.10 to $0.12
pruzzer12: folds 
c.antonio120: calls $0.10
*** FLOP *** [7s As Qh]
Dorex2007: bets $0.17
c.antonio120: folds 
Uncalled bet ($0.17) returned to Dorex2007
Dorex2007 collected $0.26 from pot
Dorex2007: doesn't show hand 
*** SUMMARY ***
Total pot $0.27 | Rake $0.01 
Board [7s As Qh]
Seat 1: kiling1 folded before Flop (didn't bet)
Seat 2: lolKimu (button) folded before Flop (didn't bet)
Seat 3: Brajinn (small blind) folded before Flop
Seat 4: Dorex2007 (big blind) collected ($0.26)
Seat 5: williams9897819 folded before Flop (didn't bet)
Seat 6: urka_epu folded before Flop (didn't bet)
Seat 7: pruzzer12 folded before Flop (didn't bet)
Seat 8: c.antonio120 folded on the Flop
Seat 9: <!>E H P ! P folded before Flop (didn't bet)



PokerStars Hand #230720473727:  Hold'em No Limit ($0.01/$0.02 USD) - 2021/10/18 22:53:12 PT [2021/10/19 1:53:12 ET]
Table 'Thessalia IV' 9-max Seat #3 is the button
Seat 1: kiling1 ($1.32 in chips) 
Seat 2: lolKimu ($0.45 in chips) 
Seat 3: Brajinn ($0.95 in chips) 
Seat 4: Dorex2007 ($2.59 in chips) 
Seat 5: williams9897819 ($1.11 in chips) 
Seat 6: urka_epu ($2.87 in chips) 
Seat 7: pruzzer12 ($1.98 in chips) 
Seat 8: c.antonio120 ($0.68 in chips) 
Seat 9: <!>E H P ! P ($3.24 in chips) 
Dorex2007: posts small blind $0.01
williams9897819: posts big blind $0.02
*** HOLE CARDS ***
Dealt to Dorex2007 [4d 3s]
urka_epu: folds 
pruzzer12: calls $0.02
c.antonio120: raises $0.66 to $0.68 and is all-in
<!>E H P ! P: folds 
kiling1: folds 
lolKimu: folds 
Brajinn: folds 
Dorex2007: folds 
williams9897819: calls $0.66
pruzzer12: folds 
*** FLOP *** [4s 6h 7d]
*** TURN *** [4s 6h 7d] [Ts]
*** RIVER *** [4s 6h 7d Ts] [8c]
*** SHOW DOWN ***
williams9897819: shows [Jc Jd] (a pair of Jacks)
c.antonio120: shows [Qd Qc] (a pair of Queens)
c.antonio120 collected $1.34 from pot
williams9897819 cashed out the hand for $0.24
*** SUMMARY ***
Total pot $1.39 | Rake $0.05 
Board [4s 6h 7d Ts 8c]
Seat 1: kiling1 folded before Flop (didn't bet)
Seat 2: lolKimu folded before Flop (didn't bet)
Seat 3: Brajinn (button) folded before Flop (didn't bet)
Seat 4: Dorex2007 (small blind) folded before Flop
Seat 5: williams9897819 (big blind) showed [Jc Jd] and lost with a pair of Jacks (cashed out).
Seat 6: urka_epu folded before Flop (didn't bet)
Seat 7: pruzzer12 folded before Flop
Seat 8: c.antonio120 showed [Qd Qc] and won ($1.34) with a pair of Queens
Seat 9: <!>E H P ! P folded before Flop (didn't bet)



PokerStars Hand #230720478583:  Hold'em No Limit ($0.01/$0.02 USD) - 2021/10/18 22:53:51 PT [2021/10/19 1:53:51 ET]
Table 'Thessalia IV' 9-max Seat #4 is the button
Seat 1: kiling1 ($1.32 in chips) 
Seat 2: lolKimu ($0.45 in chips) 
Seat 3: Brajinn ($0.95 in chips) 
Seat 4: Dorex2007 ($2.58 in chips) 
Seat 5: williams9897819 ($0.67 in chips) 
Seat 6: urka_epu ($2.87 in chips) 
Seat 7: pruzzer12 ($1.96 in chips) 
Seat 8: c.antonio120 ($1.34 in chips) 
Seat 9: <!>E H P ! P ($3.24 in chips) 
williams9897819: posts small blind $0.01
urka_epu: posts big blind $0.02
*** HOLE CARDS ***
Dealt to Dorex2007 [3c 5d]
pruzzer12: folds 
c.antonio120: calls $0.02
<!>E H P ! P: folds 
kiling1: raises $0.06 to $0.08
lolKimu: calls $0.08
Brajinn: folds 
Dorex2007: folds 
williams9897819: folds 
urka_epu: folds 
c.antonio120: calls $0.06
*** FLOP *** [4c 2c Jh]
c.antonio120: bets $0.06
kiling1: calls $0.06
lolKimu: folds 
*** TURN *** [4c 2c Jh] [5h]
c.antonio120: bets $0.04
kiling1: calls $0.04
*** RIVER *** [4c 2c Jh 5h] [7d]
c.antonio120: bets $0.06
kiling1: raises $0.12 to $0.18
c.antonio120: calls $0.12
*** SHOW DOWN ***
kiling1: shows [Kd Qh] (high card King)
c.antonio120: shows [Js Ks] (a pair of Jacks)
c.antonio120 collected $0.80 from pot
*** SUMMARY ***
Total pot $0.83 | Rake $0.03 
Board [4c 2c Jh 5h 7d]
Seat 1: kiling1 showed [Kd Qh] and lost with high card King
Seat 2: lolKimu folded on the Flop
Seat 3: Brajinn folded before Flop (didn't bet)
Seat 4: Dorex2007 (button) folded before Flop (didn't bet)
Seat 5: williams9897819 (small blind) folded before Flop
Seat 6: urka_epu (big blind) folded before Flop
Seat 7: pruzzer12 folded before Flop (didn't bet)
Seat 8: c.antonio120 showed [Js Ks] and won ($0.80) with a pair of Jacks
Seat 9: <!>E H P ! P folded before Flop (didn't bet)



PokerStars Hand #230720487893:  Hold'em No Limit ($0.01/$0.02 USD) - 2021/10/18 22:55:07 PT [2021/10/19 1:55:07 ET]
Table 'Thessalia IV' 9-max Seat #5 is the button
Seat 1: kiling1 ($0.96 in chips) 
Seat 2: lolKimu ($0.37 in chips) 
Seat 3: Brajinn ($0.95 in chips) 
Seat 4: Dorex2007 ($2.58 in chips) 
Seat 5: williams9897819 ($0.66 in chips) 
Seat 6: urka_epu ($2.85 in chips) 
Seat 7: pruzzer12 ($1.96 in chips) 
Seat 8: c.antonio120 ($1.78 in chips) 
Seat 9: <!>E H P ! P ($3.24 in chips) 
urka_epu: posts small blind $0.01
pruzzer12: posts big blind $0.02
*** HOLE CARDS ***
Dealt to Dorex2007 [9h 7d]
c.antonio120: folds 
<!>E H P ! P: folds 
c.antonio120 leaves the table
kiling1: calls $0.02
lolKimu: folds 
Brajinn: folds 
Dorex2007: folds 
williams9897819: folds 
urka_epu: folds 
pruzzer12: checks 
*** FLOP *** [3c 2d Jc]
pruzzer12: checks 
kiling1: checks 
*** TURN *** [3c 2d Jc] [2h]
pruzzer12: checks 
kiling1: checks 
*** RIVER *** [3c 2d Jc 2h] [6c]
tomashovka55 joins the table at seat #8 
pruzzer12: bets $0.06
kiling1: folds 
Uncalled bet ($0.06) returned to pruzzer12
pruzzer12 collected $0.05 from pot
pruzzer12: doesn't show hand 
*** SUMMARY ***
Total pot $0.05 | Rake $0 
Board [3c 2d Jc 2h 6c]
Seat 1: kiling1 folded on the River
Seat 2: lolKimu folded before Flop (didn't bet)
Seat 3: Brajinn folded before Flop (didn't bet)
Seat 4: Dorex2007 folded before Flop (didn't bet)
Seat 5: williams9897819 (button) folded before Flop (didn't bet)
Seat 6: urka_epu (small blind) folded before Flop
Seat 7: pruzzer12 (big blind) collected ($0.05)
Seat 8: c.antonio120 folded before Flop (didn't bet)
Seat 9: <!>E H P ! P folded before Flop (didn't bet)



PokerStars Hand #230720494389:  Hold'em No Limit ($0.01/$0.02 USD) - 2021/10/18 22:56:07 PT [2021/10/19 1:56:07 ET]
Table 'Thessalia IV' 9-max Seat #6 is the button
Seat 1: kiling1 ($0.94 in chips) 
Seat 2: lolKimu ($0.37 in chips) 
Seat 3: Brajinn ($0.95 in chips) 
Seat 4: Dorex2007 ($2.58 in chips) 
Seat 5: williams9897819 ($0.66 in chips) 
Seat 6: urka_epu ($2.84 in chips) 
Seat 7: pruzzer12 ($1.99 in chips) 
Seat 8: tomashovka55 ($2 in chips) 
Seat 9: <!>E H P ! P ($3.24 in chips) 
pruzzer12: posts small blind $0.01
tomashovka55: posts big blind $0.02
*** HOLE CARDS ***
Dealt to Dorex2007 [Ts Kd]
<!>E H P ! P: folds 
kiling1: folds 
lolKimu: raises $0.05 to $0.07
Brajinn: folds 
Dorex2007: folds 
williams9897819: folds 
urka_epu: folds 
pruzzer12: folds 
tomashovka55: folds 
Uncalled bet ($0.05) returned to lolKimu
lolKimu collected $0.05 from pot
lolKimu: doesn't show hand 
*** SUMMARY ***
Total pot $0.05 | Rake $0 
Seat 1: kiling1 folded before Flop (didn't bet)
Seat 2: lolKimu collected ($0.05)
Seat 3: Brajinn folded before Flop (didn't bet)
Seat 4: Dorex2007 folded before Flop (didn't bet)
Seat 5: williams9897819 folded before Flop (didn't bet)
Seat 6: urka_epu (button) folded before Flop (didn't bet)
Seat 7: pruzzer12 (small blind) folded before Flop
Seat 8: tomashovka55 (big blind) folded before Flop
Seat 9: <!>E H P ! P folded before Flop (didn't bet)



PokerStars Hand #230720497198:  Hold'em No Limit ($0.01/$0.02 USD) - 2021/10/18 22:56:33 PT [2021/10/19 1:56:33 ET]
Table 'Thessalia IV' 9-max Seat #7 is the button
Seat 1: kiling1 ($0.94 in chips) 
Seat 2: lolKimu ($0.40 in chips) 
Seat 3: Brajinn ($0.95 in chips) 
Seat 4: Dorex2007 ($2.58 in chips) 
Seat 5: williams9897819 ($0.66 in chips) 
Seat 6: urka_epu ($2.84 in chips) 
Seat 7: pruzzer12 ($1.98 in chips) 
Seat 8: tomashovka55 ($2 in chips) 
Seat 9: <!>E H P ! P ($3.24 in chips) 
tomashovka55: posts small blind $0.01
<!>E H P ! P: posts big blind $0.02
*** HOLE CARDS ***
Dealt to Dorex2007 [3h 5c]
kiling1: folds 
lolKimu: folds 
Brajinn: folds 
Dorex2007: folds 
williams9897819: calls $0.02
urka_epu: folds 
pruzzer12: calls $0.02
tomashovka55: calls $0.01
<!>E H P ! P: checks 
*** FLOP *** [8h 4c Ac]
tomashovka55: checks 
<!>E H P ! P: checks 
williams9897819: checks 
pruzzer12: bets $0.02
tomashovka55: folds 
<!>E H P ! P: calls $0.02
williams9897819: calls $0.02
*** TURN *** [8h 4c Ac] [Tc]
<!>E H P ! P: checks 
williams9897819: checks 
pruzzer12: checks 
*** RIVER *** [8h 4c Ac Tc] [Ks]
<!>E H P ! P: checks 
williams9897819: bets $0.02
pruzzer12: raises $0.04 to $0.06
<!>E H P ! P: folds 
williams9897819: calls $0.04
*** SHOW DOWN ***
pruzzer12: shows [As Qc] (a pair of Aces)
williams9897819: mucks hand 
pruzzer12 collected $0.25 from pot
*** SUMMARY ***
Total pot $0.26 | Rake $0.01 
Board [8h 4c Ac Tc Ks]
Seat 1: kiling1 folded before Flop (didn't bet)
Seat 2: lolKimu folded before Flop (didn't bet)
Seat 3: Brajinn folded before Flop (didn't bet)
Seat 4: Dorex2007 folded before Flop (didn't bet)
Seat 5: williams9897819 mucked [Jd Ah]
Seat 6: urka_epu folded before Flop (didn't bet)
Seat 7: pruzzer12 (button) showed [As Qc] and won ($0.25) with a pair of Aces
Seat 8: tomashovka55 (small blind) folded on the Flop
Seat 9: <!>E H P ! P (big blind) folded on the River



PokerStars Hand #230720503399:  Hold'em No Limit ($0.01/$0.02 USD) - 2021/10/18 22:57:30 PT [2021/10/19 1:57:30 ET]
Table 'Thessalia IV' 9-max Seat #8 is the button
Seat 1: kiling1 ($0.94 in chips) 
Seat 2: lolKimu ($0.40 in chips) 
Seat 3: Brajinn ($0.95 in chips) 
Seat 4: Dorex2007 ($2.58 in chips) 
Seat 5: williams9897819 ($0.56 in chips) 
Seat 6: urka_epu ($2.84 in chips) 
Seat 7: pruzzer12 ($2.13 in chips) 
Seat 8: tomashovka55 ($2 in chips) 
Seat 9: <!>E H P ! P ($3.20 in chips) 
<!>E H P ! P: posts small blind $0.01
kiling1: posts big blind $0.02
*** HOLE CARDS ***
Dealt to Dorex2007 [Qd 4h]
lolKimu: folds 
Brajinn: folds 
Dorex2007: folds 
williams9897819: raises $0.02 to $0.04
urka_epu: folds 
pruzzer12: folds 
tomashovka55: folds 
<!>E H P ! P: folds 
kiling1: folds 
Uncalled bet ($0.02) returned to williams9897819
williams9897819 collected $0.05 from pot
williams9897819: doesn't show hand 
*** SUMMARY ***
Total pot $0.05 | Rake $0 
Seat 1: kiling1 (big blind) folded before Flop
Seat 2: lolKimu folded before Flop (didn't bet)
Seat 3: Brajinn folded before Flop (didn't bet)
Seat 4: Dorex2007 folded before Flop (didn't bet)
Seat 5: williams9897819 collected ($0.05)
Seat 6: urka_epu folded before Flop (didn't bet)
Seat 7: pruzzer12 folded before Flop (didn't bet)
Seat 8: tomashovka55 (button) folded before Flop (didn't bet)
Seat 9: <!>E H P ! P (small blind) folded before Flop



PokerStars Hand #230720507315:  Hold'em No Limit ($0.01/$0.02 USD) - 2021/10/18 22:58:06 PT [2021/10/19 1:58:06 ET]
Table 'Thessalia IV' 9-max Seat #9 is the button
Seat 1: kiling1 ($0.92 in chips) 
Seat 2: lolKimu ($0.40 in chips) 
Seat 3: Brajinn ($0.95 in chips) 
Seat 4: Dorex2007 ($2.58 in chips) 
Seat 5: williams9897819 ($0.59 in chips) 
Seat 6: urka_epu ($2.84 in chips) 
Seat 7: pruzzer12 ($2.13 in chips) 
Seat 8: tomashovka55 ($2 in chips) 
Seat 9: <!>E H P ! P ($3.19 in chips) 
kiling1: posts small blind $0.01
lolKimu: posts big blind $0.02
*** HOLE CARDS ***
Dealt to Dorex2007 [Th Ks]
Brajinn: folds 
Dorex2007: raises $0.02 to $0.04
williams9897819: folds 
urka_epu: folds 
pruzzer12: folds 
tomashovka55: folds 
<!>E H P ! P: folds 
kiling1: folds 
lolKimu: calls $0.02
*** FLOP *** [Jc 4h 4c]
lolKimu: checks 
Dorex2007: checks 
*** TURN *** [Jc 4h 4c] [6s]
lolKimu: bets $0.36 and is all-in
Dorex2007: folds 
Uncalled bet ($0.36) returned to lolKimu
lolKimu collected $0.09 from pot
lolKimu: doesn't show hand 
*** SUMMARY ***
Total pot $0.09 | Rake $0 
Board [Jc 4h 4c 6s]
Seat 1: kiling1 (small blind) folded before Flop
Seat 2: lolKimu (big blind) collected ($0.09)
Seat 3: Brajinn folded before Flop (didn't bet)
Seat 4: Dorex2007 folded on the Turn
Seat 5: williams9897819 folded before Flop (didn't bet)
Seat 6: urka_epu folded before Flop (didn't bet)
Seat 7: pruzzer12 folded before Flop (didn't bet)
Seat 8: tomashovka55 folded before Flop (didn't bet)
Seat 9: <!>E H P ! P (button) folded before Flop (didn't bet)



PokerStars Hand #230720511889:  Hold'em No Limit ($0.01/$0.02 USD) - 2021/10/18 22:58:48 PT [2021/10/19 1:58:48 ET]
Table 'Thessalia IV' 9-max Seat #1 is the button
Seat 1: kiling1 ($0.91 in chips) 
Seat 2: lolKimu ($0.45 in chips) 
Seat 3: Brajinn ($0.95 in chips) 
Seat 4: Dorex2007 ($2.54 in chips) 
Seat 5: williams9897819 ($0.59 in chips) 
Seat 6: urka_epu ($2.84 in chips) 
Seat 7: pruzzer12 ($2.13 in chips) 
Seat 8: tomashovka55 ($2 in chips) 
Seat 9: <!>E H P ! P ($3.19 in chips) 
lolKimu: posts small blind $0.01
Brajinn: posts big blind $0.02
*** HOLE CARDS ***
Dealt to Dorex2007 [Kh Qc]
Dorex2007: raises $0.04 to $0.06
williams9897819: folds 
urka_epu: folds 
pruzzer12: calls $0.06
tomashovka55: folds 
<!>E H P ! P: folds 
kiling1: folds 
lolKimu: raises $0.20 to $0.26
Brajinn: folds 
Dorex2007: folds 
pruzzer12: folds 
Uncalled bet ($0.20) returned to lolKimu
lolKimu collected $0.20 from pot
lolKimu: doesn't show hand 
*** SUMMARY ***
Total pot $0.20 | Rake $0 
Seat 1: kiling1 (button) folded before Flop (didn't bet)
Seat 2: lolKimu (small blind) collected ($0.20)
Seat 3: Brajinn (big blind) folded before Flop
Seat 4: Dorex2007 folded before Flop
Seat 5: williams9897819 folded before Flop (didn't bet)
Seat 6: urka_epu folded before Flop (didn't bet)
Seat 7: pruzzer12 folded before Flop
Seat 8: tomashovka55 folded before Flop (didn't bet)
Seat 9: <!>E H P ! P folded before Flop (didn't bet)



PokerStars Hand #230720516535:  Hold'em No Limit ($0.01/$0.02 USD) - 2021/10/18 22:59:31 PT [2021/10/19 1:59:31 ET]
Table 'Thessalia IV' 9-max Seat #2 is the button
Seat 1: kiling1 ($0.91 in chips) 
Seat 2: lolKimu ($0.59 in chips) 
Seat 3: Brajinn ($0.93 in chips) 
Seat 4: Dorex2007 ($2.48 in chips) 
Seat 5: williams9897819 ($0.59 in chips) 
Seat 6: urka_epu ($2.84 in chips) 
Seat 7: pruzzer12 ($2.07 in chips) 
Seat 8: tomashovka55 ($2 in chips) 
Seat 9: <!>E H P ! P ($3.19 in chips) 
Brajinn: posts small blind $0.01
Dorex2007: posts big blind $0.02
*** HOLE CARDS ***
Dealt to Dorex2007 [Qh Jd]
williams9897819: calls $0.02
urka_epu: folds 
pruzzer12: folds 
tomashovka55: folds 
<!>E H P ! P: calls $0.02
kiling1: folds 
lolKimu: calls $0.02
Brajinn: calls $0.01
Dorex2007: checks 
*** FLOP *** [6h 4h 9d]
Brajinn: bets $0.04
Dorex2007: folds 
williams9897819: folds 
<!>E H P ! P: folds 
lolKimu: calls $0.04
*** TURN *** [6h 4h 9d] [7c]
Brajinn: bets $0.06
lolKimu: folds 
Uncalled bet ($0.06) returned to Brajinn
Brajinn collected $0.17 from pot
Brajinn: doesn't show hand 
*** SUMMARY ***
Total pot $0.18 | Rake $0.01 
Board [6h 4h 9d 7c]
Seat 1: kiling1 folded before Flop (didn't bet)
Seat 2: lolKimu (button) folded on the Turn
Seat 3: Brajinn (small blind) collected ($0.17)
Seat 4: Dorex2007 (big blind) folded on the Flop
Seat 5: williams9897819 folded on the Flop
Seat 6: urka_epu folded before Flop (didn't bet)
Seat 7: pruzzer12 folded before Flop (didn't bet)
Seat 8: tomashovka55 folded before Flop (didn't bet)
Seat 9: <!>E H P ! P folded on the Flop



PokerStars Hand #230720521973:  Hold'em No Limit ($0.01/$0.02 USD) - 2021/10/18 23:00:21 PT [2021/10/19 2:00:21 ET]
Table 'Thessalia IV' 9-max Seat #3 is the button
Seat 1: kiling1 ($0.91 in chips) 
Seat 2: lolKimu ($0.53 in chips) 
Seat 3: Brajinn ($1.04 in chips) 
Seat 4: Dorex2007 ($2.46 in chips) 
Seat 5: williams9897819 ($0.57 in chips) 
Seat 6: urka_epu ($2.84 in chips) 
Seat 7: pruzzer12 ($2.07 in chips) 
Seat 8: tomashovka55 ($2 in chips) 
Seat 9: <!>E H P ! P ($3.17 in chips) 
Dorex2007: posts small blind $0.01
williams9897819: posts big blind $0.02
*** HOLE CARDS ***
Dealt to Dorex2007 [3s Td]
urka_epu: folds 
pruzzer12: folds 
tomashovka55: folds 
<!>E H P ! P: raises $0.04 to $0.06
kiling1: folds 
lolKimu: calls $0.06
Brajinn: folds 
Dorex2007: folds 
williams9897819: calls $0.04
*** FLOP *** [6d 4h 9c]
williams9897819: checks 
<!>E H P ! P: checks 
lolKimu: bets $0.06
williams9897819: folds 
<!>E H P ! P: calls $0.06
*** TURN *** [6d 4h 9c] [Qs]
<!>E H P ! P: checks 
lolKimu: bets $0.41 and is all-in
<!>E H P ! P: calls $0.41
*** RIVER *** [6d 4h 9c Qs] [2s]
*** SHOW DOWN ***
<!>E H P ! P: shows [Ac Qd] (a pair of Queens)
lolKimu: shows [Tc Jh] (high card Queen)
lolKimu cashed out the hand for $0.19
<!>E H P ! P cashed out the hand for $0.89 | Cash Out Fee $0.01
*** SUMMARY ***
Total pot $1.13 | Rake $0.04 
Board [6d 4h 9c Qs 2s]
Seat 1: kiling1 folded before Flop (didn't bet)
Seat 2: lolKimu showed [Tc Jh] and lost with high card Queen (cashed out).
Seat 3: Brajinn (button) folded before Flop (didn't bet)
Seat 4: Dorex2007 (small blind) folded before Flop
Seat 5: williams9897819 (big blind) folded on the Flop
Seat 6: urka_epu folded before Flop (didn't bet)
Seat 7: pruzzer12 folded before Flop (didn't bet)
Seat 8: tomashovka55 folded before Flop (didn't bet)
Seat 9: <!>E H P ! P showed [Ac Qd] and won ($1.09) with a pair of Queens (pot not awarded as player cashed out)



PokerStars Hand #230720528678:  Hold'em No Limit ($0.01/$0.02 USD) - 2021/10/18 23:01:18 PT [2021/10/19 2:01:18 ET]
Table 'Thessalia IV' 9-max Seat #4 is the button
Seat 1: kiling1 ($0.91 in chips) 
Seat 2: lolKimu ($0.19 in chips) 
Seat 3: Brajinn ($1.04 in chips) 
Seat 4: Dorex2007 ($2.45 in chips) 
Seat 5: williams9897819 ($0.51 in chips) 
Seat 6: urka_epu ($2.84 in chips) 
Seat 7: pruzzer12 ($2.07 in chips) 
Seat 8: tomashovka55 ($2 in chips) 
Seat 9: <!>E H P ! P ($3.53 in chips) 
williams9897819: posts small blind $0.01
urka_epu: posts big blind $0.02
*** HOLE CARDS ***
Dealt to Dorex2007 [7d Kc]
pruzzer12: folds 
tomashovka55: raises $0.03 to $0.05
<!>E H P ! P: raises $0.11 to $0.16
kiling1: folds 
lolKimu: folds 
Brajinn: folds 
Dorex2007: folds 
williams9897819: folds 
urka_epu: folds 
tomashovka55: folds 
Uncalled bet ($0.11) returned to <!>E H P ! P
<!>E H P ! P collected $0.13 from pot
<!>E H P ! P: doesn't show hand 
*** SUMMARY ***
Total pot $0.13 | Rake $0 
Seat 1: kiling1 folded before Flop (didn't bet)
Seat 2: lolKimu folded before Flop (didn't bet)
Seat 3: Brajinn folded before Flop (didn't bet)
Seat 4: Dorex2007 (button) folded before Flop (didn't bet)
Seat 5: williams9897819 (small blind) folded before Flop
Seat 6: urka_epu (big blind) folded before Flop
Seat 7: pruzzer12 folded before Flop (didn't bet)
Seat 8: tomashovka55 folded before Flop
Seat 9: <!>E H P ! P collected ($0.13)



PokerStars Hand #230720532353:  Hold'em No Limit ($0.01/$0.02 USD) - 2021/10/18 23:01:48 PT [2021/10/19 2:01:48 ET]
Table 'Thessalia IV' 9-max Seat #5 is the button
Seat 1: kiling1 ($0.91 in chips) 
Seat 2: lolKimu ($0.19 in chips) 
Seat 3: Brajinn ($1.04 in chips) 
Seat 4: Dorex2007 ($2.45 in chips) 
Seat 5: williams9897819 ($0.50 in chips) 
Seat 6: urka_epu ($2.82 in chips) 
Seat 7: pruzzer12 ($2.07 in chips) 
Seat 8: tomashovka55 ($2 in chips) 
Seat 9: <!>E H P ! P ($3.61 in chips) 
urka_epu: posts small blind $0.01
pruzzer12: posts big blind $0.02
*** HOLE CARDS ***
Dealt to Dorex2007 [6h 3h]
tomashovka55: raises $0.04 to $0.06
<!>E H P ! P: folds 
kiling1: folds 
lolKimu: calls $0.06
Brajinn: folds 
Dorex2007: folds 
williams9897819: folds 
urka_epu: calls $0.05
pruzzer12: folds 
*** FLOP *** [Th Jc 8d]
urka_epu: checks 
tomashovka55: bets $0.07
lolKimu: folds 
urka_epu: folds 
Uncalled bet ($0.07) returned to tomashovka55
tomashovka55 collected $0.19 from pot
tomashovka55: doesn't show hand 
*** SUMMARY ***
Total pot $0.20 | Rake $0.01 
Board [Th Jc 8d]
Seat 1: kiling1 folded before Flop (didn't bet)
Seat 2: lolKimu folded on the Flop
Seat 3: Brajinn folded before Flop (didn't bet)
Seat 4: Dorex2007 folded before Flop (didn't bet)
Seat 5: williams9897819 (button) folded before Flop (didn't bet)
Seat 6: urka_epu (small blind) folded on the Flop
Seat 7: pruzzer12 (big blind) folded before Flop
Seat 8: tomashovka55 collected ($0.19)
Seat 9: <!>E H P ! P folded before Flop (didn't bet)



PokerStars Hand #230720535851:  Hold'em No Limit ($0.01/$0.02 USD) - 2021/10/18 23:02:17 PT [2021/10/19 2:02:17 ET]
Table 'Thessalia IV' 9-max Seat #6 is the button
Seat 1: kiling1 ($0.91 in chips) 
Seat 2: lolKimu ($0.13 in chips) 
Seat 3: Brajinn ($1.04 in chips) 
Seat 4: Dorex2007 ($2.45 in chips) 
Seat 5: williams9897819 ($0.50 in chips) 
Seat 6: urka_epu ($2.76 in chips) 
Seat 7: pruzzer12 ($2.05 in chips) 
Seat 8: tomashovka55 ($2.13 in chips) 
Seat 9: <!>E H P ! P ($3.61 in chips) 
pruzzer12: posts small blind $0.01
tomashovka55: posts big blind $0.02
*** HOLE CARDS ***
Dealt to Dorex2007 [8d 8h]
<!>E H P ! P: folds 
<!>E H P ! P leaves the table
kiling1: folds 
lolKimu: folds 
Brajinn: folds 
Metal 61 Rus joins the table at seat #9 
Dorex2007: raises $0.02 to $0.04
williams9897819: folds 
urka_epu: folds 
pruzzer12: raises $0.02 to $0.06
tomashovka55: folds 
Dorex2007: calls $0.02
*** FLOP *** [7s 5h Jc]
pruzzer12: bets $0.02
Dorex2007: calls $0.02
*** TURN *** [7s 5h Jc] [7d]
pruzzer12: bets $0.02
Dorex2007: raises $0.14 to $0.16
pruzzer12: calls $0.14
*** RIVER *** [7s 5h Jc 7d] [5d]
pruzzer12: checks 
Dorex2007: checks 
*** SHOW DOWN ***
pruzzer12: shows [Kh Kd] (two pair, Kings and Sevens)
Dorex2007: mucks hand 
pruzzer12 collected $0.48 from pot
*** SUMMARY ***
Total pot $0.50 | Rake $0.02 
Board [7s 5h Jc 7d 5d]
Seat 1: kiling1 folded before Flop (didn't bet)
Seat 2: lolKimu folded before Flop (didn't bet)
Seat 3: Brajinn folded before Flop (didn't bet)
Seat 4: Dorex2007 mucked [8d 8h]
Seat 5: williams9897819 folded before Flop (didn't bet)
Seat 6: urka_epu (button) folded before Flop (didn't bet)
Seat 7: pruzzer12 (small blind) showed [Kh Kd] and won ($0.48) with two pair, Kings and Sevens
Seat 8: tomashovka55 (big blind) folded before Flop
Seat 9: <!>E H P ! P folded before Flop (didn't bet)



PokerStars Hand #230720541802:  Hold'em No Limit ($0.01/$0.02 USD) - 2021/10/18 23:03:06 PT [2021/10/19 2:03:06 ET]
Table 'Thessalia IV' 9-max Seat #7 is the button
Seat 1: kiling1 ($0.91 in chips) 
Seat 2: lolKimu ($0.13 in chips) 
Seat 3: Brajinn ($1.04 in chips) 
Seat 4: Dorex2007 ($2.21 in chips) 
Seat 5: williams9897819 ($0.50 in chips) 
Seat 6: urka_epu ($2.76 in chips) 
Seat 7: pruzzer12 ($2.29 in chips) 
Seat 8: tomashovka55 ($2.11 in chips) 
Seat 9: Metal 61 Rus ($2 in chips) 
tomashovka55: posts small blind $0.01
Metal 61 Rus: posts big blind $0.02
*** HOLE CARDS ***
Dealt to Dorex2007 [8h Ac]
kiling1 has timed out
kiling1: folds 
lolKimu: raises $0.11 to $0.13 and is all-in
Brajinn: folds 
Dorex2007: folds 
williams9897819: folds 
urka_epu: calls $0.13
pruzzer12: folds 
tomashovka55: folds 
Metal 61 Rus: folds 
*** FLOP *** [3d 5c Ah]
*** TURN *** [3d 5c Ah] [3c]
*** RIVER *** [3d 5c Ah 3c] [As]
*** SHOW DOWN ***
lolKimu: shows [Qh 7h] (two pair, Aces and Threes)
urka_epu: shows [Th Ts] (two pair, Aces and Tens)
urka_epu collected $0.28 from pot
*** SUMMARY ***
Total pot $0.29 | Rake $0.01 
Board [3d 5c Ah 3c As]
Seat 1: kiling1 folded before Flop (didn't bet)
Seat 2: lolKimu showed [Qh 7h] and lost with two pair, Aces and Threes
Seat 3: Brajinn folded before Flop (didn't bet)
Seat 4: Dorex2007 folded before Flop (didn't bet)
Seat 5: williams9897819 folded before Flop (didn't bet)
Seat 6: urka_epu showed [Th Ts] and won ($0.28) with two pair, Aces and Tens
Seat 7: pruzzer12 (button) folded before Flop (didn't bet)
Seat 8: tomashovka55 (small blind) folded before Flop
Seat 9: Metal 61 Rus (big blind) folded before Flop



PokerStars Hand #230720546239:  Hold'em No Limit ($0.01/$0.02 USD) - 2021/10/18 23:03:42 PT [2021/10/19 2:03:42 ET]
Table 'Thessalia IV' 9-max Seat #8 is the button
Seat 1: kiling1 ($0.91 in chips) 
Seat 3: Brajinn ($1.04 in chips) 
Seat 4: Dorex2007 ($2.21 in chips) 
Seat 5: williams9897819 ($0.50 in chips) 
Seat 6: urka_epu ($2.91 in chips) 
Seat 7: pruzzer12 ($2.29 in chips) 
Seat 8: tomashovka55 ($2.10 in chips) 
Seat 9: Metal 61 Rus ($1.98 in chips) 
Metal 61 Rus: posts small blind $0.01
kiling1: posts big blind $0.02
*** HOLE CARDS ***
Dealt to Dorex2007 [Ad 5s]
Brajinn: calls $0.02
Dorex2007: folds 
williams9897819: folds 
urka_epu: folds 
lolKimu leaves the table
pruzzer12: calls $0.02
tomashovka55: raises $0.11 to $0.13
Metal 61 Rus: folds 
kiling1: calls $0.11
Brajinn: folds 
pruzzer12: folds 
*** FLOP *** [As Jh 2c]
kiling1: checks 
tomashovka55: bets $0.12
kiling1: calls $0.12
*** TURN *** [As Jh 2c] [2s]
pruzzer12 leaves the table
kiling1: checks 
tomashovka55: bets $0.23
kiling1: raises $0.43 to $0.66 and is all-in
tomashovka55: calls $0.43
kiling1 has timed out
*** RIVER *** [As Jh 2c 2s] [2d]
*** SHOW DOWN ***
kiling1: shows [Ah Kd] (a full house, Deuces full of Aces)
tomashovka55: shows [Jd Js] (a full house, Jacks full of Deuces)
tomashovka55 cashed out the hand for $1.69 | Cash Out Fee $0.02
*** SUMMARY ***
Total pot $1.87 | Rake $0.07 
Board [As Jh 2c 2s 2d]
Seat 1: kiling1 (big blind) showed [Ah Kd] and lost with a full house, Deuces full of Aces
Seat 3: Brajinn folded before Flop
Seat 4: Dorex2007 folded before Flop (didn't bet)
Seat 5: williams9897819 folded before Flop (didn't bet)
Seat 6: urka_epu folded before Flop (didn't bet)
Seat 7: pruzzer12 folded before Flop
Seat 8: tomashovka55 (button) showed [Jd Js] and won ($1.80) with a full house, Jacks full of Deuces (pot not awarded as player cashed out)
Seat 9: Metal 61 Rus (small blind) folded before Flop



PokerStars Hand #230720555384:  Hold'em No Limit ($0.01/$0.02 USD) - 2021/10/18 23:04:56 PT [2021/10/19 2:04:56 ET]
Table 'Thessalia IV' 9-max Seat #9 is the button
Seat 3: Brajinn ($1.02 in chips) 
Seat 4: Dorex2007 ($2.21 in chips) 
Seat 5: williams9897819 ($0.50 in chips) 
Seat 6: urka_epu ($2.91 in chips) 
Seat 8: tomashovka55 ($2.88 in chips) 
Seat 9: Metal 61 Rus ($1.97 in chips) 
Brajinn: posts small blind $0.01
Dorex2007: posts big blind $0.02
*** HOLE CARDS ***
Dealt to Dorex2007 [Qh 6h]
williams9897819: folds 
urka_epu: folds 
tomashovka55: folds 
Metal 61 Rus: folds 
Brajinn: calls $0.01
Dorex2007: checks 
*** FLOP *** [9c 8h 7h]
Brajinn: checks 
Dorex2007: bets $0.04
Brajinn: calls $0.04
*** TURN *** [9c 8h 7h] [2s]
Brajinn: checks 
Dorex2007: checks 
*** RIVER *** [9c 8h 7h 2s] [7d]
Brajinn: checks 
Dorex2007: bets $0.12
Brajinn: folds 
Uncalled bet ($0.12) returned to Dorex2007
Dorex2007 collected $0.12 from pot
Dorex2007: doesn't show hand 
*** SUMMARY ***
Total pot $0.12 | Rake $0 
Board [9c 8h 7h 2s 7d]
Seat 3: Brajinn (small blind) folded on the River
Seat 4: Dorex2007 (big blind) collected ($0.12)
Seat 5: williams9897819 folded before Flop (didn't bet)
Seat 6: urka_epu folded before Flop (didn't bet)
Seat 8: tomashovka55 folded before Flop (didn't bet)
Seat 9: Metal 61 Rus (button) folded before Flop (didn't bet)



PokerStars Hand #230720560478:  Hold'em No Limit ($0.01/$0.02 USD) - 2021/10/18 23:05:38 PT [2021/10/19 2:05:38 ET]
Table 'Thessalia IV' 9-max Seat #3 is the button
Seat 1: kiling1 ($1.59 in chips) 
Seat 3: Brajinn ($0.96 in chips) 
Seat 4: Dorex2007 ($2.27 in chips) 
Seat 5: williams9897819 ($0.50 in chips) 
Seat 6: urka_epu ($2.91 in chips) 
Seat 8: tomashovka55 ($2.88 in chips) 
Seat 9: Metal 61 Rus ($1.97 in chips) 
Dorex2007: posts small blind $0.01
williams9897819: posts big blind $0.02
kiling1: posts small blind $0.01
*** HOLE CARDS ***
Dealt to Dorex2007 [Th 9s]
urka_epu: folds 
tomashovka55: folds 
Metal 61 Rus: folds 
kiling1: folds 
Brajinn: calls $0.02
Dorex2007: calls $0.01
williams9897819: checks 
*** FLOP *** [9c 4c 6d]
Dorex2007: bets $0.10
williams9897819: folds 
Brajinn: folds 
Uncalled bet ($0.10) returned to Dorex2007
Dorex2007 collected $0.07 from pot
Dorex2007: doesn't show hand 
*** SUMMARY ***
Total pot $0.07 | Rake $0 
Board [9c 4c 6d]
Seat 1: kiling1 folded before Flop (didn't bet)
Seat 3: Brajinn (button) folded on the Flop
Seat 4: Dorex2007 (small blind) collected ($0.07)
Seat 5: williams9897819 (big blind) folded on the Flop
Seat 6: urka_epu folded before Flop (didn't bet)
Seat 8: tomashovka55 folded before Flop (didn't bet)
Seat 9: Metal 61 Rus folded before Flop (didn't bet)



PokerStars Hand #230720563490:  Hold'em No Limit ($0.01/$0.02 USD) - 2021/10/18 23:06:02 PT [2021/10/19 2:06:02 ET]
Table 'Thessalia IV' 9-max Seat #4 is the button
Seat 1: kiling1 ($1.58 in chips) 
Seat 3: Brajinn ($0.94 in chips) 
Seat 4: Dorex2007 ($2.32 in chips) 
Seat 5: williams9897819 ($0.48 in chips) 
Seat 6: urka_epu ($2.91 in chips) 
Seat 8: tomashovka55 ($2.88 in chips) 
Seat 9: Metal 61 Rus ($1.97 in chips) 
williams9897819: posts small blind $0.01
urka_epu: posts big blind $0.02
*** HOLE CARDS ***
Dealt to Dorex2007 [Qc 3c]
tomashovka55: folds 
Metal 61 Rus has timed out
Metal 61 Rus: folds 
kiling1: raises $0.04 to $0.06
Brajinn: folds 
Dorex2007: folds 
williams9897819: folds 
urka_epu: calls $0.04
*** FLOP *** [8d Qs 7s]
urka_epu: checks 
kiling1: bets $0.05
urka_epu: calls $0.05
*** TURN *** [8d Qs 7s] [3s]
urka_epu: checks 
kiling1: bets $0.09
urka_epu: calls $0.09
*** RIVER *** [8d Qs 7s 3s] [5s]
urka_epu: checks 
kiling1: checks 
*** SHOW DOWN ***
urka_epu: shows [6h 7h] (a pair of Sevens)
kiling1: shows [Kh Qh] (a pair of Queens)
kiling1 collected $0.40 from pot
*** SUMMARY ***
Total pot $0.41 | Rake $0.01 
Board [8d Qs 7s 3s 5s]
Seat 1: kiling1 showed [Kh Qh] and won ($0.40) with a pair of Queens
Seat 3: Brajinn folded before Flop (didn't bet)
Seat 4: Dorex2007 (button) folded before Flop (didn't bet)
Seat 5: williams9897819 (small blind) folded before Flop
Seat 6: urka_epu (big blind) showed [6h 7h] and lost with a pair of Sevens
Seat 8: tomashovka55 folded before Flop (didn't bet)
Seat 9: Metal 61 Rus folded before Flop (didn't bet)



PokerStars Hand #230720571097:  Hold'em No Limit ($0.01/$0.02 USD) - 2021/10/18 23:07:05 PT [2021/10/19 2:07:05 ET]
Table 'Thessalia IV' 9-max Seat #5 is the button
Seat 1: kiling1 ($1.78 in chips) 
Seat 3: Brajinn ($0.94 in chips) 
Seat 4: Dorex2007 ($2.32 in chips) 
Seat 5: williams9897819 ($0.47 in chips) 
Seat 6: urka_epu ($2.71 in chips) 
Seat 8: tomashovka55 ($2.88 in chips) 
Seat 9: Metal 61 Rus ($1.97 in chips) 
urka_epu: posts small blind $0.01
tomashovka55: posts big blind $0.02
*** HOLE CARDS ***
Dealt to Dorex2007 [Kc 5c]
Metal 61 Rus: folds 
kiling1: folds 
Brajinn: folds 
Dorex2007: folds 
williams9897819: folds 
urka_epu: folds 
Uncalled bet ($0.01) returned to tomashovka55
tomashovka55 collected $0.02 from pot
tomashovka55: doesn't show hand 
*** SUMMARY ***
Total pot $0.02 | Rake $0 
Seat 1: kiling1 folded before Flop (didn't bet)
Seat 3: Brajinn folded before Flop (didn't bet)
Seat 4: Dorex2007 folded before Flop (didn't bet)
Seat 5: williams9897819 (button) folded before Flop (didn't bet)
Seat 6: urka_epu (small blind) folded before Flop
Seat 8: tomashovka55 (big blind) collected ($0.02)
Seat 9: Metal 61 Rus folded before Flop (didn't bet)



PokerStars Hand #230720573482:  Hold'em No Limit ($0.01/$0.02 USD) - 2021/10/18 23:07:25 PT [2021/10/19 2:07:25 ET]
Table 'Thessalia IV' 9-max Seat #6 is the button
Seat 1: kiling1 ($1.78 in chips) 
Seat 3: Brajinn ($0.94 in chips) 
Seat 4: Dorex2007 ($2.32 in chips) 
Seat 5: williams9897819 ($0.47 in chips) 
Seat 6: urka_epu ($2.70 in chips) 
Seat 8: tomashovka55 ($2.89 in chips) 
Seat 9: Metal 61 Rus ($1.97 in chips) 
tomashovka55: posts small blind $0.01
Metal 61 Rus: posts big blind $0.02
*** HOLE CARDS ***
Dealt to Dorex2007 [6s Qh]
kiling1: folds 
Brajinn: raises $0.04 to $0.06
Dorex2007: folds 
williams9897819: folds 
urka_epu: folds 
tomashovka55: raises $0.21 to $0.27
Metal 61 Rus: folds 
Brajinn: calls $0.21
*** FLOP *** [6h 3s 7d]
tomashovka55: bets $0.90
Brajinn: calls $0.67 and is all-in
Uncalled bet ($0.23) returned to tomashovka55
*** TURN *** [6h 3s 7d] [Qs]
*** RIVER *** [6h 3s 7d Qs] [6c]
*** SHOW DOWN ***
tomashovka55: shows [Kc Kd] (two pair, Kings and Sixes)
Brajinn: shows [Jd Jc] (two pair, Jacks and Sixes)
Brajinn cashed out the hand for $0.16
tomashovka55 cashed out the hand for $1.65 | Cash Out Fee $0.02
*** SUMMARY ***
Total pot $1.90 | Rake $0.07 
Board [6h 3s 7d Qs 6c]
Seat 1: kiling1 folded before Flop (didn't bet)
Seat 3: Brajinn showed [Jd Jc] and lost with two pair, Jacks and Sixes (cashed out).
Seat 4: Dorex2007 folded before Flop (didn't bet)
Seat 5: williams9897819 folded before Flop (didn't bet)
Seat 6: urka_epu (button) folded before Flop (didn't bet)
Seat 8: tomashovka55 (small blind) showed [Kc Kd] and won ($1.83) with two pair, Kings and Sixes (pot not awarded as player cashed out)
Seat 9: Metal 61 Rus (big blind) folded before Flop



PokerStars Hand #230720579310:  Hold'em No Limit ($0.01/$0.02 USD) - 2021/10/18 23:08:13 PT [2021/10/19 2:08:13 ET]
Table 'Thessalia IV' 9-max Seat #8 is the button
Seat 1: kiling1 ($1.78 in chips) 
Seat 3: Brajinn ($0.16 in chips) 
Seat 4: Dorex2007 ($2.32 in chips) 
Seat 5: williams9897819 ($0.47 in chips) 
Seat 6: urka_epu ($2.70 in chips) 
Seat 8: tomashovka55 ($3.60 in chips) 
Metal 61 Rus has timed out
Metal 61 Rus: is sitting out 
kiling1: posts small blind $0.01
Brajinn: posts big blind $0.02
*** HOLE CARDS ***
Dealt to Dorex2007 [Js 7d]
Dorex2007: folds 
williams9897819: folds 
Metal 61 Rus is disconnected 
urka_epu: folds 
tomashovka55: folds 
kiling1: folds 
Uncalled bet ($0.01) returned to Brajinn
urka_epu leaves the table
Brajinn collected $0.02 from pot
Brajinn: doesn't show hand 
*** SUMMARY ***
Total pot $0.02 | Rake $0 
Seat 1: kiling1 (small blind) folded before Flop
Seat 3: Brajinn (big blind) collected ($0.02)
Seat 4: Dorex2007 folded before Flop (didn't bet)
Seat 5: williams9897819 folded before Flop (didn't bet)
Seat 6: urka_epu folded before Flop (didn't bet)
Seat 8: tomashovka55 (button) folded before Flop (didn't bet)



PokerStars Hand #230720584134:  Hold'em No Limit ($0.01/$0.02 USD) - 2021/10/18 23:08:52 PT [2021/10/19 2:08:52 ET]
Table 'Thessalia IV' 9-max Seat #1 is the button
Seat 1: kiling1 ($1.77 in chips) 
Seat 3: Brajinn ($0.17 in chips) 
Seat 4: Dorex2007 ($2.32 in chips) 
Seat 5: williams9897819 ($0.47 in chips) 
Seat 8: tomashovka55 ($3.60 in chips) 
Brajinn: posts small blind $0.01
Dorex2007: posts big blind $0.02
*** HOLE CARDS ***
Dealt to Dorex2007 [Jc Ah]
williams9897819: folds 
tomashovka55: folds 
kiling1: raises $0.04 to $0.06
Brajinn: folds 
Dorex2007: calls $0.04
*** FLOP *** [5d 6d 4c]
Dorex2007: checks 
kiling1: bets $0.13
Dorex2007: calls $0.13
*** TURN *** [5d 6d 4c] [7s]
Dorex2007: checks 
kiling1: checks 
*** RIVER *** [5d 6d 4c 7s] [9s]
Dorex2007: bets $0.38
kiling1: folds 
Uncalled bet ($0.38) returned to Dorex2007
Metal 61 Rus leaves the table
Dorex2007 collected $0.38 from pot
Dorex2007: doesn't show hand 
*** SUMMARY ***
Total pot $0.39 | Rake $0.01 
Board [5d 6d 4c 7s 9s]
Seat 1: kiling1 (button) folded on the River
Seat 3: Brajinn (small blind) folded before Flop
Seat 4: Dorex2007 (big blind) collected ($0.38)
Seat 5: williams9897819 folded before Flop (didn't bet)
Seat 8: tomashovka55 folded before Flop (didn't bet)



