PokerStars Hand #237366967862:  Hold'em No Limit ($0.01/$0.02 USD) - 2022/07/14 21:36:06 PT [2022/07/15 0:36:06 ET]
Table 'Rhodesia IV' 9-max Seat #8 is the button
Seat 1: Slasheri ($2.85 in chips) 
Seat 3: INISHTE ($1.03 in chips) 
Seat 4: cofresinho10 ($1.95 in chips) 
Seat 5: myhousebsb ($1.66 in chips) 
Seat 6: 12AJV9 ($1.67 in chips) 
Seat 7: Dorex2007 ($2 in chips) 
Seat 8: bree161616 ($0.19 in chips) 
Seat 9: o'travolta ($2.74 in chips) 
o'travolta: posts small blind $0.01
Slasheri: posts big blind $0.02
Dorex2007: posts big blind $0.02
*** HOLE CARDS ***
Dealt to Dorex2007 [4d 6s]
INISHTE: raises $0.03 to $0.05
cofresinho10: raises $0.03 to $0.08
myhousebsb: calls $0.08
12AJV9: folds 
Dorex2007: folds 
bree161616 has timed out
bree161616: folds 
o'travolta: calls $0.07
Slasheri: folds 
INISHTE: calls $0.03
*** FLOP *** [5s 4c 6c]
o'travolta: bets $0.04
INISHTE: folds 
cofresinho10: folds 
myhousebsb: calls $0.04
*** TURN *** [5s 4c 6c] [8d]
o'travolta: bets $0.42
myhousebsb: folds 
Uncalled bet ($0.42) returned to o'travolta
o'travolta collected $0.42 from pot
*** SUMMARY ***
Total pot $0.44 | Rake $0.02 
Board [5s 4c 6c 8d]
Seat 1: Slasheri (big blind) folded before Flop
Seat 3: INISHTE folded on the Flop
Seat 4: cofresinho10 folded on the Flop
Seat 5: myhousebsb folded on the Turn
Seat 6: 12AJV9 folded before Flop (didn't bet)
Seat 7: Dorex2007 folded before Flop (didn't bet)
Seat 8: bree161616 (button) folded before Flop (didn't bet)
Seat 9: o'travolta (small blind) collected ($0.42)



PokerStars Hand #237366977783:  Hold'em No Limit ($0.01/$0.02 USD) - 2022/07/14 21:37:25 PT [2022/07/15 0:37:25 ET]
Table 'Rhodesia IV' 9-max Seat #9 is the button
Seat 1: Slasheri ($2.83 in chips) 
Seat 3: INISHTE ($0.95 in chips) 
Seat 4: cofresinho10 ($1.87 in chips) 
Seat 5: myhousebsb ($1.54 in chips) 
Seat 6: 12AJV9 ($1.67 in chips) 
Seat 7: Dorex2007 ($2 in chips) 
Seat 8: bree161616 ($0.19 in chips) 
Seat 9: o'travolta ($3.04 in chips) 
Slasheri: posts small blind $0.01
INISHTE: posts big blind $0.02
*** HOLE CARDS ***
Dealt to Dorex2007 [3d 7h]
cofresinho10: calls $0.02
myhousebsb: raises $0.07 to $0.09
12AJV9: folds 
Dorex2007: folds 
bree161616: folds 
o'travolta: calls $0.09
Slasheri: folds 
INISHTE: folds 
cofresinho10: folds 
*** FLOP *** [6d Ah Qc]
myhousebsb: checks 
cofresinho10 leaves the table
o'travolta: checks 
*** TURN *** [6d Ah Qc] [7c]
myhousebsb: bets $0.22
o'travolta: folds 
Uncalled bet ($0.22) returned to myhousebsb
Virtual GL7 joins the table at seat #4 
myhousebsb collected $0.22 from pot
*** SUMMARY ***
Total pot $0.23 | Rake $0.01 
Board [6d Ah Qc 7c]
Seat 1: Slasheri (small blind) folded before Flop
Seat 3: INISHTE (big blind) folded before Flop
Seat 4: cofresinho10 folded before Flop
Seat 5: myhousebsb collected ($0.22)
Seat 6: 12AJV9 folded before Flop (didn't bet)
Seat 7: Dorex2007 folded before Flop (didn't bet)
Seat 8: bree161616 folded before Flop (didn't bet)
Seat 9: o'travolta (button) folded on the Turn



PokerStars Hand #237366982865:  Hold'em No Limit ($0.01/$0.02 USD) - 2022/07/14 21:38:06 PT [2022/07/15 0:38:06 ET]
Table 'Rhodesia IV' 9-max Seat #1 is the button
Seat 1: Slasheri ($2.82 in chips) 
Seat 3: INISHTE ($0.93 in chips) 
Seat 4: Virtual GL7 ($0.80 in chips) 
Seat 5: myhousebsb ($1.67 in chips) 
Seat 6: 12AJV9 ($1.67 in chips) 
Seat 7: Dorex2007 ($2 in chips) 
Seat 8: bree161616 ($0.19 in chips) 
Seat 9: o'travolta ($2.95 in chips) 
INISHTE: posts small blind $0.01
Virtual GL7: posts big blind $0.02
*** HOLE CARDS ***
Dealt to Dorex2007 [Ah Jh]
myhousebsb: calls $0.02
12AJV9: folds 
Dorex2007: raises $0.04 to $0.06
bree161616: folds 
o'travolta: folds 
Slasheri: folds 
INISHTE: folds 
Virtual GL7: folds 
myhousebsb: calls $0.04
*** FLOP *** [Ts 8s 9d]
myhousebsb: checks 
Dorex2007: checks 
*** TURN *** [Ts 8s 9d] [Js]
myhousebsb: checks 
Dorex2007: bets $0.09
myhousebsb: folds 
Uncalled bet ($0.09) returned to Dorex2007
Dorex2007 collected $0.14 from pot
*** SUMMARY ***
Total pot $0.15 | Rake $0.01 
Board [Ts 8s 9d Js]
Seat 1: Slasheri (button) folded before Flop (didn't bet)
Seat 3: INISHTE (small blind) folded before Flop
Seat 4: Virtual GL7 (big blind) folded before Flop
Seat 5: myhousebsb folded on the Turn
Seat 6: 12AJV9 folded before Flop (didn't bet)
Seat 7: Dorex2007 collected ($0.14)
Seat 8: bree161616 folded before Flop (didn't bet)
Seat 9: o'travolta folded before Flop (didn't bet)



PokerStars Hand #237366987784:  Hold'em No Limit ($0.01/$0.02 USD) - 2022/07/14 21:38:47 PT [2022/07/15 0:38:47 ET]
Table 'Rhodesia IV' 9-max Seat #3 is the button
Seat 1: Slasheri ($2.82 in chips) 
Seat 3: INISHTE ($0.92 in chips) 
Seat 4: Virtual GL7 ($0.78 in chips) 
Seat 5: myhousebsb ($1.61 in chips) 
Seat 6: 12AJV9 ($1.67 in chips) 
Seat 7: Dorex2007 ($2.08 in chips) 
Seat 8: bree161616 ($0.19 in chips) 
Seat 9: o'travolta ($2.95 in chips) 
Virtual GL7: posts small blind $0.01
myhousebsb: posts big blind $0.02
*** HOLE CARDS ***
Dealt to Dorex2007 [4d 9c]
12AJV9: folds 
Dorex2007: folds 
bree161616: folds 
o'travolta: calls $0.02
Slasheri: raises $0.06 to $0.08
INISHTE: folds 
Virtual GL7: calls $0.07
myhousebsb: calls $0.06
o'travolta: calls $0.06
*** FLOP *** [2s Qd 6s]
Virtual GL7: bets $0.08
myhousebsb: calls $0.08
o'travolta: calls $0.08
Slasheri: folds 
*** TURN *** [2s Qd 6s] [3h]
Virtual GL7: bets $0.04
myhousebsb: calls $0.04
o'travolta: calls $0.04
*** RIVER *** [2s Qd 6s 3h] [3d]
Virtual GL7: bets $0.16
myhousebsb: calls $0.16
o'travolta: folds 
*** SHOW DOWN ***
Virtual GL7: shows [Kc Qc] (two pair, Queens and Threes)
myhousebsb: mucks hand 
Virtual GL7 collected $0.96 from pot
*** SUMMARY ***
Total pot $1 | Rake $0.04 
Board [2s Qd 6s 3h 3d]
Seat 1: Slasheri folded on the Flop
Seat 3: INISHTE (button) folded before Flop (didn't bet)
Seat 4: Virtual GL7 (small blind) showed [Kc Qc] and won ($0.96) with two pair, Queens and Threes
Seat 5: myhousebsb (big blind) mucked [6h 9d]
Seat 6: 12AJV9 folded before Flop (didn't bet)
Seat 7: Dorex2007 folded before Flop (didn't bet)
Seat 8: bree161616 folded before Flop (didn't bet)
Seat 9: o'travolta folded on the River



PokerStars Hand #237366997816:  Hold'em No Limit ($0.01/$0.02 USD) - 2022/07/14 21:40:07 PT [2022/07/15 0:40:07 ET]
Table 'Rhodesia IV' 9-max Seat #4 is the button
Seat 1: Slasheri ($2.74 in chips) 
Seat 3: INISHTE ($0.92 in chips) 
Seat 4: Virtual GL7 ($1.38 in chips) 
Seat 5: myhousebsb ($1.25 in chips) 
Seat 6: 12AJV9 ($1.67 in chips) 
Seat 7: Dorex2007 ($2.08 in chips) 
Seat 8: bree161616 ($0.19 in chips) 
Seat 9: o'travolta ($2.75 in chips) 
myhousebsb: posts small blind $0.01
12AJV9: posts big blind $0.02
*** HOLE CARDS ***
Dealt to Dorex2007 [9h 6d]
Dorex2007 has timed out
Dorex2007: folds 
bree161616: folds 
o'travolta: folds 
Slasheri: folds 
INISHTE: folds 
Virtual GL7: folds 
myhousebsb: calls $0.01
12AJV9: checks 
*** FLOP *** [Js 6s Jd]
myhousebsb: bets $0.04
12AJV9: folds 
Uncalled bet ($0.04) returned to myhousebsb
myhousebsb collected $0.04 from pot
*** SUMMARY ***
Total pot $0.04 | Rake $0 
Board [Js 6s Jd]
Seat 1: Slasheri folded before Flop (didn't bet)
Seat 3: INISHTE folded before Flop (didn't bet)
Seat 4: Virtual GL7 (button) folded before Flop (didn't bet)
Seat 5: myhousebsb (small blind) collected ($0.04)
Seat 6: 12AJV9 (big blind) folded on the Flop
Seat 7: Dorex2007 folded before Flop (didn't bet)
Seat 8: bree161616 folded before Flop (didn't bet)
Seat 9: o'travolta folded before Flop (didn't bet)



PokerStars Hand #237367042211:  Hold'em No Limit ($0.01/$0.02 USD) - 2022/07/14 21:44:24 PT [2022/07/15 0:44:24 ET]
Table 'Rhodesia IV' 9-max Seat #8 is the button
Seat 1: Slasheri ($2.74 in chips) 
Seat 3: INISHTE ($0.92 in chips) 
Seat 4: Virtual GL7 ($1.59 in chips) 
Seat 5: myhousebsb ($1.14 in chips) 
Seat 6: 12AJV9 ($1.64 in chips) 
Seat 7: Dorex2007 ($2.08 in chips) 
Seat 8: bree161616 ($0.13 in chips) 
Seat 9: o'travolta ($2.73 in chips) 
o'travolta: posts small blind $0.01
Slasheri: posts big blind $0.02
Dorex2007: posts small & big blinds $0.03
*** HOLE CARDS ***
Dealt to Dorex2007 [7s Kc]
INISHTE: raises $0.03 to $0.05
Virtual GL7: folds 
myhousebsb has timed out
myhousebsb: folds 
12AJV9 has timed out
12AJV9: folds 
Dorex2007: folds 
bree161616: folds 
o'travolta: folds 
Slasheri: folds 
Uncalled bet ($0.03) returned to INISHTE
INISHTE collected $0.08 from pot
*** SUMMARY ***
Total pot $0.08 | Rake $0 
Seat 1: Slasheri (big blind) folded before Flop
Seat 3: INISHTE collected ($0.08)
Seat 4: Virtual GL7 folded before Flop (didn't bet)
Seat 5: myhousebsb folded before Flop (didn't bet)
Seat 6: 12AJV9 folded before Flop (didn't bet)
Seat 7: Dorex2007 folded before Flop (didn't bet)
Seat 8: bree161616 (button) folded before Flop (didn't bet)
Seat 9: o'travolta (small blind) folded before Flop



PokerStars Hand #237367048651:  Hold'em No Limit ($0.01/$0.02 USD) - 2022/07/14 21:45:16 PT [2022/07/15 0:45:16 ET]
Table 'Rhodesia IV' 9-max Seat #9 is the button
Seat 1: Slasheri ($2.72 in chips) 
Seat 3: INISHTE ($0.98 in chips) 
Seat 4: Virtual GL7 ($1.59 in chips) 
Seat 6: 12AJV9 ($1.64 in chips) 
Seat 7: Dorex2007 ($2.05 in chips) 
Seat 8: bree161616 ($0.13 in chips) 
Seat 9: o'travolta ($2.72 in chips) 
Slasheri: posts small blind $0.01
INISHTE: posts big blind $0.02
*** HOLE CARDS ***
Dealt to Dorex2007 [6c Jd]
Virtual GL7: folds 
12AJV9: raises $0.03 to $0.05
Dorex2007: folds 
bree161616: folds 
o'travolta: calls $0.05
Slasheri: folds 
INISHTE: calls $0.03
*** FLOP *** [6s Jh 5s]
INISHTE: checks 
12AJV9: bets $0.05
o'travolta: calls $0.05
INISHTE: calls $0.05
*** TURN *** [6s Jh 5s] [7c]
INISHTE: checks 
12AJV9: checks 
o'travolta: checks 
*** RIVER *** [6s Jh 5s 7c] [Ks]
INISHTE: checks 
12AJV9: checks 
myhousebsb is disconnected 
o'travolta: bets $0.04
INISHTE: folds 
12AJV9: folds 
Uncalled bet ($0.04) returned to o'travolta
o'travolta collected $0.30 from pot
*** SUMMARY ***
Total pot $0.31 | Rake $0.01 
Board [6s Jh 5s 7c Ks]
Seat 1: Slasheri (small blind) folded before Flop
Seat 3: INISHTE (big blind) folded on the River
Seat 4: Virtual GL7 folded before Flop (didn't bet)
Seat 6: 12AJV9 folded on the River
Seat 7: Dorex2007 folded before Flop (didn't bet)
Seat 8: bree161616 folded before Flop (didn't bet)
Seat 9: o'travolta (button) collected ($0.30)



PokerStars Hand #237367058807:  Hold'em No Limit ($0.01/$0.02 USD) - 2022/07/14 21:46:42 PT [2022/07/15 0:46:42 ET]
Table 'Rhodesia IV' 9-max Seat #1 is the button
Seat 1: Slasheri ($2.71 in chips) 
Seat 3: INISHTE ($0.88 in chips) 
Seat 6: 12AJV9 ($1.54 in chips) 
Seat 7: Dorex2007 ($2.05 in chips) 
Seat 8: bree161616 ($0.13 in chips) 
Seat 9: o'travolta ($2.92 in chips) 
INISHTE: posts small blind $0.01
Virtual GL7: is sitting out 
12AJV9: posts big blind $0.02
*** HOLE CARDS ***
Dealt to Dorex2007 [Jh 7s]
Dorex2007: folds 
Virtual GL7 leaves the table
Rastazaurio joins the table at seat #4 
bree161616: raises $0.04 to $0.06
o'travolta: calls $0.06
Slasheri: folds 
INISHTE: folds 
12AJV9: raises $0.12 to $0.18
bree161616: calls $0.07 and is all-in
o'travolta: calls $0.12
*** FLOP *** [9s 8h Js]
12AJV9: bets $0.24
o'travolta: calls $0.24
*** TURN *** [9s 8h Js] [3s]
12AJV9: checks 
o'travolta: checks 
*** RIVER *** [9s 8h Js 3s] [Qs]
12AJV9: bets $0.31
o'travolta: folds 
Uncalled bet ($0.31) returned to 12AJV9
*** SHOW DOWN ***
12AJV9: shows [Tc Ad] (a straight, Eight to Queen)
12AJV9 collected $0.56 from side pot
bree161616: shows [Ks Qh] (a flush, King high)
bree161616 collected $0.39 from main pot
*** SUMMARY ***
Total pot $0.98 Main pot $0.39. Side pot $0.56. | Rake $0.03 
Board [9s 8h Js 3s Qs]
Seat 1: Slasheri (button) folded before Flop (didn't bet)
Seat 3: INISHTE (small blind) folded before Flop
Seat 6: 12AJV9 (big blind) showed [Tc Ad] and won ($0.56) with a straight, Eight to Queen
Seat 7: Dorex2007 folded before Flop (didn't bet)
Seat 8: bree161616 showed [Ks Qh] and won ($0.39) with a flush, King high
Seat 9: o'travolta folded on the River



PokerStars Hand #237367071399:  Hold'em No Limit ($0.01/$0.02 USD) - 2022/07/14 21:48:27 PT [2022/07/15 0:48:27 ET]
Table 'Rhodesia IV' 9-max Seat #3 is the button
Seat 1: Slasheri ($2.71 in chips) 
Seat 3: INISHTE ($0.87 in chips) 
Seat 6: 12AJV9 ($1.68 in chips) 
Seat 7: Dorex2007 ($2.05 in chips) 
Seat 8: bree161616 ($0.39 in chips) 
Seat 9: o'travolta ($2.50 in chips) 
12AJV9: posts small blind $0.01
Dorex2007: posts big blind $0.02
*** HOLE CARDS ***
Dealt to Dorex2007 [Ts 4c]
bree161616: raises $0.37 to $0.39 and is all-in
o'travolta: folds 
Slasheri: folds 
INISHTE: folds 
12AJV9: folds 
Dorex2007: folds 
Uncalled bet ($0.37) returned to bree161616
bree161616 collected $0.05 from pot
*** SUMMARY ***
Total pot $0.05 | Rake $0 
Seat 1: Slasheri folded before Flop (didn't bet)
Seat 3: INISHTE (button) folded before Flop (didn't bet)
Seat 6: 12AJV9 (small blind) folded before Flop
Seat 7: Dorex2007 (big blind) folded before Flop
Seat 8: bree161616 collected ($0.05)
Seat 9: o'travolta folded before Flop (didn't bet)



PokerStars Hand #237367074580:  Hold'em No Limit ($0.01/$0.02 USD) - 2022/07/14 21:48:53 PT [2022/07/15 0:48:53 ET]
Table 'Rhodesia IV' 9-max Seat #6 is the button
Seat 1: Slasheri ($2.71 in chips) 
Seat 3: INISHTE ($0.87 in chips) 
Seat 4: Rastazaurio ($2 in chips) 
Seat 6: 12AJV9 ($1.67 in chips) 
Seat 7: Dorex2007 ($2.03 in chips) 
Seat 8: bree161616 ($0.42 in chips) 
Seat 9: o'travolta ($2.50 in chips) 
Dorex2007: posts small blind $0.01
bree161616: posts big blind $0.02
Rastazaurio: posts big blind $0.02
*** HOLE CARDS ***
Dealt to Dorex2007 [Qs Ks]
o'travolta: folds 
o'travolta leaves the table
Slasheri: folds 
INISHTE: raises $0.02 to $0.04
Rastazaurio: calls $0.02
12AJV9: folds 
Suthy22 joins the table at seat #9 
Dorex2007: calls $0.03
bree161616: calls $0.02
*** FLOP *** [Td Kc Qh]
Dorex2007: bets $0.15
bree161616: calls $0.15
INISHTE: calls $0.15
Rastazaurio: folds 
*** TURN *** [Td Kc Qh] [2s]
Dorex2007: bets $0.39
bree161616: calls $0.23 and is all-in
INISHTE: raises $0.29 to $0.68 and is all-in
Dorex2007: calls $0.29
*** RIVER *** [Td Kc Qh 2s] [4c]
*** SHOW DOWN ***
Dorex2007: shows [Qs Ks] (two pair, Kings and Queens)
INISHTE: shows [Tc Kd] (two pair, Kings and Tens)
bree161616: shows [8s Kh] (a pair of Kings)
Dorex2007 cashed out the hand for $2.01 | Cash Out Fee $0.02
*** SUMMARY ***
Total pot $2.20 Main pot $1.25. Side pot $0.87. | Rake $0.08 
Board [Td Kc Qh 2s 4c]
Seat 1: Slasheri folded before Flop (didn't bet)
Seat 3: INISHTE showed [Tc Kd] and lost with two pair, Kings and Tens
Seat 4: Rastazaurio folded on the Flop
Seat 6: 12AJV9 (button) folded before Flop (didn't bet)
Seat 7: Dorex2007 (small blind) showed [Qs Ks] and won ($2.12) with two pair, Kings and Queens (pot not awarded as player cashed out)
Seat 8: bree161616 (big blind) showed [8s Kh] and lost with a pair of Kings
Seat 9: o'travolta folded before Flop (didn't bet)



PokerStars Hand #237367083286:  Hold'em No Limit ($0.01/$0.02 USD) - 2022/07/14 21:50:06 PT [2022/07/15 0:50:06 ET]
Table 'Rhodesia IV' 9-max Seat #7 is the button
Seat 1: Slasheri ($2.71 in chips) 
Seat 4: Rastazaurio ($1.96 in chips) 
Seat 6: 12AJV9 ($1.67 in chips) 
Seat 7: Dorex2007 ($3.17 in chips) 
Slasheri: posts small blind $0.01
Rastazaurio: posts big blind $0.02
*** HOLE CARDS ***
Dealt to Dorex2007 [Js 2s]
12AJV9: folds 
Dorex2007: folds 
Slasheri: raises $0.06 to $0.08
Rastazaurio: folds 
Uncalled bet ($0.06) returned to Slasheri
INISHTE leaves the table
Slasheri collected $0.04 from pot
*** SUMMARY ***
Total pot $0.04 | Rake $0 
Seat 1: Slasheri (small blind) collected ($0.04)
Seat 4: Rastazaurio (big blind) folded before Flop
Seat 6: 12AJV9 folded before Flop (didn't bet)
Seat 7: Dorex2007 (button) folded before Flop (didn't bet)



PokerStars Hand #237367086387:  Hold'em No Limit ($0.01/$0.02 USD) - 2022/07/14 21:50:31 PT [2022/07/15 0:50:31 ET]
Table 'Rhodesia IV' 9-max Seat #1 is the button
Seat 1: Slasheri ($2.73 in chips) 
Seat 4: Rastazaurio ($1.94 in chips) 
Seat 7: Dorex2007 ($3.17 in chips) 
Seat 9: Suthy22 ($2 in chips) 
Rastazaurio: posts small blind $0.01
12AJV9: is sitting out 
Dorex2007: posts big blind $0.02
bree161616: sits out 
Suthy22: posts big blind $0.02
*** HOLE CARDS ***
Dealt to Dorex2007 [Jh 3d]
Suthy22: checks 
12AJV9 leaves the table
Slasheri: raises $0.06 to $0.08
Rastazaurio: folds 
Dorex2007: folds 
Suthy22: folds 
Uncalled bet ($0.06) returned to Slasheri
Slasheri collected $0.07 from pot
*** SUMMARY ***
Total pot $0.07 | Rake $0 
Seat 1: Slasheri (button) collected ($0.07)
Seat 4: Rastazaurio (small blind) folded before Flop
Seat 7: Dorex2007 (big blind) folded before Flop
Seat 9: Suthy22 folded before Flop (didn't bet)



PokerStars Hand #237367087797:  Hold'em No Limit ($0.01/$0.02 USD) - 2022/07/14 21:50:43 PT [2022/07/15 0:50:43 ET]
Table 'Rhodesia IV' 9-max Seat #4 is the button
Seat 1: Slasheri ($2.78 in chips) 
Seat 4: Rastazaurio ($1.93 in chips) 
Seat 7: Dorex2007 ($3.15 in chips) 
Seat 8: bree161616 ($2 in chips) 
Seat 9: Suthy22 ($1.98 in chips) 
Dorex2007: posts small blind $0.01
bree161616: posts big blind $0.02
*** HOLE CARDS ***
Dealt to Dorex2007 [9d 6c]
Suthy22: folds 
Slasheri: folds 
Rastazaurio: folds 
Dorex2007: folds 
Uncalled bet ($0.01) returned to bree161616
bree161616 collected $0.02 from pot
*** SUMMARY ***
Total pot $0.02 | Rake $0 
Seat 1: Slasheri folded before Flop (didn't bet)
Seat 4: Rastazaurio (button) folded before Flop (didn't bet)
Seat 7: Dorex2007 (small blind) folded before Flop
Seat 8: bree161616 (big blind) collected ($0.02)
Seat 9: Suthy22 folded before Flop (didn't bet)



